2269 3235
171 263 218 290 Λη.
236 264 266 291 C.
286 263 351 293 ¹623

230 1231 359 1253 tnfirmorum

176 1265 233 1281 tui-a.

202 1870 265 1890 Extra
276 1875 365 1891 conten·

182 1899 210 1917 tui
198 1903 223 1917 un
233 1898 309 1922 degere
319 1903 366 1924 pro-

181 1923 272 1944 hibetur

197 2245 241 2265 Non
248 2244 325 2270 ubique
334 2249 369 2265 no-

186 2272 230 2292 vitii
242 2271 366 2297 recipiendi.

204 2456 233 2477 lte
249 2457 370 2477 muneribus

186 2486 204 2503 et
217 2484 368 2510 hospitalitate.
386 2503 391 2508 ,

400 254 466 289 ⁶210

369 313 472 353 cinus,
497 318 551 346 aut
575 313 650 346 alias
675 313 712 345 ad
736 322 937 346 communem
963 322 1055 345 usum
1081 317 1111 346 et

369 367 623 400 commoditatem
649 370 821 399 conventus
847 366 1037 409 redigantur.

414 421 429 464 ἓ
445 419 496 454 28.
522 420 708 462 Singillatim
730 430 786 453 suo
811 419 943 463 quisquc
961 419 1043 452 lecto
1061 429 1111 453 cu-

369 473 432 514 bet,
446 483 547 517 neque
561 472 647 505 ullibi
661 472 724 505 duo
743 472 853 506 eodem
872 473 953 506 lecto
971 472 1110 505 dormire

370 526 501 569 possint,
519 525 571 568 qui
593 535 702 558 omnes
719 525 757 557 ad
778 530 895 558 certam
914 526 1047 558 sormam
1065 536 1111 558 re-

370 579 497 621 ‹ligcndi
522 584 624 611 erunt.

415 633 430 675 ἓ
454 632 505 665 29.
525 633 557 665 ln
571 632 700 676 privatis
716 632 803 666 cellis
818 632 895 665 nulli
914 632 1027 665 camini
1045 643 1112 676 pcr-

373 685 546 726 mittantur‚
564 685 618 718 sed
643 696 754 719 omnes
774 685 977 719 destruantur
997 686 1111 725 statim,

372 737 552 771 cardinibus
575 739 667 772 etiam
693 749 710 771 e
734 739 908 783 parietibus
937 738 1112 779 convulsis,

372 797 406 824 ut
429 802 480 824 res
504 791 556 824 illa
580 802 643 825 non
661 792 698 825 ad
716 797 840 835 tempus
865 792 954 831 facta,
972 791 1026 824 sed
1045 802 1113 835 per-

372 850 468 889 petuo
488 844 638 879 duratura
663 845 814 884 videatur;
832 844 918 877 cellis
937 849 1042 877 tamen
1058 855 1113 887 ge—

372 898 488 932 neralis
512 904 565 931 aut
588 899 717 931 alterius
741 897 914 942 superioris
934 907 970 930 ac
993 898 1114 941 praedi-

373 953 489 987 catoris
513 952 662 995 exceptis.

418 1007 433 1049 ἓ
456 1005 508 1039 30.
534 1006 710 1039 Conventus
730 1004 883 1037 fenestrae
901 1013 1020 1044 omnes,
1034 1014 1113 1048 quae

375 1059 405 1091 in
422 1058 486 1091 vias
510 1058 663 1102 publicas,
689 1062 742 1090 aut
762 1057 792 1089 in
817 1057 1113 1090 vicinas‘laicorum

374 1111 466 1144 aedes
489 1111 700 1155 prospiciunt,
721 1121 813 1143 muro
838 1111 879 1143 ita
899 1111 1115 1151 obstruantur,

374 1171 408 1198 ut
431 1165 560 1199 omnino
585 1165 611 1197 is
632 1170 818 1208 prospectus
843 1165 1043 1208 impediatur.

419 1219 434 1262 ἓ
456 1218 508 1252 31.
535 1218 801 1252 Valetudinarium
827 1218 858 1250 in
884 1218 1016 1261 singulis
1041 1228 1115 1251 con-

374 1272 519 1306 ventibus
539 1277 626 1305 certo
651 1282 687 1304 ac
711 1272 881 1304 salubriori
907 1272 978 1305 loco
1003 1265 1134 1305 consti-¹

374 1330 498 1365 tuatur,
525 1324 610 1368 quod
640 1335 698 1367 pro
723 1325 783 1357 loci
815 1325 897 1365 situ,
922 1335 958 1357 ac
982 1325 1115 1357 fratrum

374 1388 519 1418 numero,
536 1378 640 1421 quoad
661 1378 730 1411 fieri
752 1378 878 1422 poterit,
897 1378 1115 1411 commodissi-

374 1443 461 1465 mum
486 1442 554 1465 esse
578 1433 690 1476 possit,
716 1432 746 1464 in
771 1443 834 1475 quo
858 1432 972 1465 fratres
997 1442 1116 1472 omne&

375 1496 446 1519 cum
468 1486 688 1528 aegrotabunt,
706 1491 867 1525 curentur,
884 1496 942 1518 nec
960 1485 1040 1525 inde,
1058 1486 1116 1519 nisi

375 1542 561 1583 recuperata
586 1539 738 1579 sanitate,
764 1540 851 1572 abire
884 1540 1116 1583 permittantur.

375 1593 433 1632 Qui
447 1603 520 1626 vero
534 1593 733 1625 infirmorum
749 1603 843 1625 curae
854 1592 1026 1637 praepositi
1037 1598 1117 1633 sunt,

377 1646 463 1679 omni
480 1645 644 1678 sedulitate
661 1656 696 1678 ac
712 1646 863 1678 charitate
881 1656 1009 1689 operam
1031 1656 1117 1678 suam

377 1699 583 1743 praestabunt
597 1709 633 1731 ac
648 1699 812 1739 curabunt,
832 1708 871 1731 ne
891 1698 966 1742 quid
983 1698 1119 1741 aegrotis
1135 1716 1137 1749 ζ

380 1752 507 1786 omnino
532 1752 622 1793 desit,
643 1752 727 1796 quod
743 1752 781 1784 ad
802 1752 965 1785 sanitatem
991 1763 1121 1796 recupe-

379 1806 511 1838 randam
535 1805 699 1849 pertineat.

425 1860 440 1902 g
463 1858 514 1892 3⁶2.
540 1860 666 1892 Ineatur
682 1858 772 1899 ratio,
790 1869 861 1902 qua,
880 1859 1009 1891 sublatis
1029 1859 1121 1891 licen-

953 265 1131 289 BULLARIUM
1156 266 1308 289 ROMANUM

1187 314 1202 357 ἓ
1223 313 1275 347 35.
1288 314 1325 348 Ut
1338 313 1441 347 omnis
1454 313 1630 347 officiorum
1645 315 1779 349 ambitus
1796 326 1882 351 occa-

1144 366 1189 399 sio
1209 366 1443 410 praecludatur,
1461 372 1590 400 caveant
1607 377 1716 401 omnes
1729 379 1746 401 a
1762 369 1882 403 directa

1144 420 1191 452 vel
1209 420 1361 453 indirecta
1379 430 1490 453 vocum
1504 430 1559 453 seu
1572 419 1796 463 suffragiorum
1812 433 1884 466 pro-

1144 473 1306 506 curatione
1321 500 1328 514 ,
1354 478 1416 506 tam
1446 484 1505 517 pro
1529 483 1562 506 se
1586 473 1684 517 ipsis,
1709 484 1802 518 quam
1825 485 1883 519 pro

1145 526 1230 566 aliis,
1256 531 1322 559 tum
1348 526 1379 558 in
1404 526 1547 570 capitulis
1574 526 1736 567 locorum,
1761 531 1826 560 tum
1852 527 1885 560 in

1145 579 1267 619 ceteris,
1292 580 1476 623 praesertim
1505 579 1715 622 generalibuS,
1740 580 1886 624 capitulis

1146 636 1199 663 aut
1222 632 1529 675 congregationibus,
1554 643 1609 665 seu
1633 631 1717 665 alibi.
1738 632 1886 672 Quicum-

1146 695 1207 728 que
1231 695 1322 718 secus
1347 685 1492 726 fecerint,
1518 691 1644 730 praeter
1669 685 1744 719 alias
1767 696 1886 731 poenas

1147 743 1177 771 et
1201 749 1350 772 censuras
1382 739 1532 773 hactenus
1563 744 1674 773 contra
1705 739 1886 773 huiusmodi

1147 792 1320 825 ambientes
1353 792 1506 833 inflictas,
1531 803 1609 837 quas
1633 793 1664 826 in
1689 803 1746 827 suo
1770 793 1887 827 robore

1147 855 1333 889 permanere
1357 846 1513 886 volumus,
1529 846 1561 878 in
1580 856 1713 890 poenam
1738 846 1886 891 privatio-

1147 898 1195 930 nis
1214 897 1403 938 officiorum‚
1420 909 1501 942 quae
1523 899 1677 940 obtinent,
1694 910 1731 933 eo
1751 900 1820 945 ipso
1840 900 1887 934 in-

1148 950 1261 989 cidant,
1281 955 1312 983 et
1335 951 1374 983 ad
1398 951 1503 984 futura
1527 962 1746 997 quaecumque
1769 954 1888 997 pariter

1149 1003 1303 1036 inhabiles
1327 1003 1503 1038 habeantur
1526 1005 1635 1048 (super
1658 1016 1721 1048 quo
1745 1016 1818 1039 cum
1842 1007 1887 1040 eis

1149 1057 1323 1100 dispensari
1349 1067 1366 1089 a
1390 1057 1516 1091 nemine
1539 1059 1649 1102 possit,
1665 1058 1725 1092 nisi
1746 1069 1764 1091 a
1787 1059 1888 1102 nobis,

1151 1110 1199 1142 vel
1217 1110 1451 1143 successoribus
1468 1111 1608 1154 nostris),
1622 1116 1652 1144 et
1668 1122 1726 1155 pro
1742 1112 1892 1155 qualitate

1150 1165 1313 1208 culparum
1331 1165 1458 1207 gravius
1475 1165 1570 1197 etiam
1587 1166 1775 1209 plectantur.
1790 1166 1890 1200 Porro

1150 1217 1347 1261 supradictas
1371 1228 1481 1251 omnes
1506 1228 1624 1262 poenas
1643 1219 1682 1251 ad
1707 1219 1890 1263 complices,

1150 1282 1186 1303 ac
1210 1272 1397 1315 simpliciter
1421 1272 1554 1305 scientes
1575 1276 1605 1306 et
1628 1282 1691 1306 non
1715 1273 1890 1306 revelantes

1151 1325 1358 1357 extendimus.

1195 1378 1210 1421 ξ
1233 1377 1285 1410 36.
1304 1378 1338 1410 ln
1358 1378 1559 1422 superiorum
1576 1383 1606 1411 et
1623 1379 1805 1412 officialium
1825 1390 1892 1413 om-

1151 1431 1237 1463 nium
1255 1431 1461 1464 electionibus
1482 1431 1583 1464 forma
1602 1432 1795 1476 praescripta
1813 1442 1830 1465 a
1847 1442 1893 1466 sa-

1151 1495 1206 1517 cro
1222 1484 1361 1517 Concilio
1373 1484 1556 1517 Tridentino
1570 1490 1600 1517 et
1611 1484 1735 1518 Ordinis
1745 1486 1893 1520 constitu-

1152 1538 1288 1571 tionibus
1306 1538 1528 1571 inviolabiliter
1544 1542 1685 1573 servetur
1694 1538 1713 1580 ¹,
1727 1539 1893 1583 iurentque

1153 1592 1321 1632 electores,
1345 1592 1518 1624 secundum
1552 1592 1716 1626 veritatem
1741 1593 1892 1636 cuiusque

1135 1645 1361 1678 vconscientiae
1386 1645 1551 1689 probiores
1575 1656 1611 1679 ac
1636 1646 1738 1688 magis
1763 1645 1894 1680 idoneos

1153 1709 1185 1731 se
1203 1699 1359 1732 electuros
1367 1710 1374 1739 3
1397 1709 1432 1732 ac
1456 1704 1634 1743 propterea,
1650 1699 1834 1743 priusquam
1856 1699 1893 1732 ad

1135 1752 1338 1792 3electionem
1363 1752 1556 1793 deveniatur,
1578 1752 1609 1784 in
1633 1752 1744 1796 primis
1768 1757 1799 1785 et
1823 1757 1894 1786 ante

1136 1797 1138 1851 ᾗ
1154 1805 1259 1837 onmia
1275 1805 1497 1848 praelegantur
1514 1805 1752 1838 constitutiones
1768 1805 1806 1838 de
1823 1816 1895 1849 qua-

1136 1854 1138 1885 l
1154 1858 1238 1890 litate
1252 1863 1281 1890 ct
1296 1858 1455 1901 requisitis
1472 1858 1700 1901 eligendorum.
1719 1858 1765 1891 Ad
1782 1858 1895 1900 officia,

381 1912 432 1945 tiis
456 1923 492 1945 ac
516 1912 713 1946 facultatibus
741 1912 892 1945 hactenus
916 1911 1120 1955 quibuscum·
1136 1904 1271 1959 ι3ι3όιι5
1296 1916 1326 1944 et
1353 1922 1391 1955 pl
1394 1915 1548 1944 aelatuias
1573 1911 1618 1944 illi
1642 1911 1814 1955 praecipue
1839 1912 1895 1945 eli-

381 1976 441 2010 que
465 1966 640 2006 concessis,
665 1965 814 2008 degentes
838 1970 926 1998 extia
950 1963 1139 2020 conventus:
1155 1969 1269 2007 gantur
1272 1964 1350 2008 ,qui
1373 1965 1494 2009 possint
1510 1970 1540 1998 et
1557 1965 1777 1999 consueveiint
1801 1975 1895 2009 legu-

382 2019 516 2052 claustra
540 2018 579 2051 ad
604 2029 638 2051 ea
663 2019 899 2062 quampiimum
924 2004 1199 2070 rexoeentu1,{las
1232 2019 1356 2052 Ordinis
1385 2024 1414 2052 et
1439 2019 1678 2052 constitutiones
1709 2019 1895 2059 obseivare,

381 2083 438 2105 nec
463 2072 501 2105 de
525 2077 646 2112 cetero,
671 2072 731 2105 nisi
756 2083 792 2105 ex
818 2083 855 2115 3·ι
859 2072 1004 2105 artissima
1029 2074 1122 2104 causa
1138 2072 1341 2116 praescltim
1374 2082 1454 2116 quae
1485 2073 1644 2116 pertinent
1670 2071 1709 2104 ad
1734 2071 1895 2104 servitium

383 2137 400 2159 a
424 2126 502 2160 Sede
526 2125 706 2170 Apostolica
734 2125 915 2169 probanda,
940 2124 1122 2158 huiusmodi
1138 2163 1139 2170 ἵ
1156 2125 1256 2165 chori,
1273 2135 1309 2158 ac
1332 2125 1478 2158 vestitum
1500 2130 1530 2158 et
1549 2125 1665 2158 victum
1684 2135 1895 2158 communem.

383 2180 544 2213 facultates
568 2179 697 2212 concedi
718 2179 849 2223 possint.
1138 2212 1140 2217 .
1201 2179 1215 2222 ἓ
1239 2177 1292 2211 37.
1310 2179 1472 2222 Eligantur
1490 2178 1521 2211 in
1538 2178 1675 2222 capitulo
1692 2178 1831 2222 generali
1848 2178 1896 2211 vel

427 2234 443 2278 ἓ
465 2233 517 2266 33.
534 2233 617 2267 Nulli
635 2233 840 2276 imposterum
859 2231 897 2265 ad
912 2231 1052 2265 habitum
1070 2237 1123 2265 aut
1156 2232 1341 2276 provinciali
1360 2233 1479 2277 aliquot
1498 2243 1609 2276 graves
1627 2237 1656 2266 et
1676 2232 1769 2276 periti
1787 2243 1823 2266 ex
1839 2233 1897 2266 sra-

382 2287 610 2332 professionem
634 2286 848 2326 admittantur,
864 2285 924 2318 nisi
941 2285 973 2318 in
993 2295 1124 2318 conven-
1156 2286 1258 2319 tribus
1282 2286 1451 2319 cuiuslibet
1474 2285 1656 2329 provinciae
1680 2287 1790 2319 saltem
1815 2292 1896 2326 tres,

383 2342 466 2375 tibus
490 2352 546 2385 per
570 2340 680 2374 Sedem
705 2339 917 2384 Apostolicam
938 2339 969 2372 in
985 2339 1124 2383 qualibet
1139 2349 1141 2382 ι
1157 2341 1211 2383 qui
1236 2339 1446 2372 admittendos
1463 2339 1502 2372 ad
1519 2339 1785 2383 praedicationem
1807 2340 1896 2373 verbi

383 2395 543 2440 provincia
568 2394 733 2439 deputatis.

429 2450 443 2493 ᾗ
467 2448 518 2481 34.
543 2449 659 2482 Curent
683 2447 874 2492 superiores,
892 2452 925 2481 ut
940 2448 1123 2481 constitutio

385 2503 573 2535 interdicens
589 2502 771 2546 largitiones
792 2512 970 2541 munerum,
988 2506 1015 2534 et
1034 2511 1124 2546 prae-

386 2557 527 2590 scribens
550 2556 771 2600 hospitalitatis
795 2556 940 2596 formam,
958 2556 997 2588 ab
1027 2558 1123 2588 omni-

385 2609 444 2642 bus
461 2609 492 2642 in
510 2610 651 2654 quolibet
667 2614 821 2645 conventu
838 2609 1058 2644 inviolabiliter
1072 2609 1124 2643 ob-

387 2667 537 2696 servetur.

1157 2393 1209 2426 Dei
1224 2393 1271 2425 vel
1287 2392 1456 2425 audiendas
1470 2392 1692 2433 consessiones,
1706 2392 1800 2425 etiam
1818 2393 1898 2436 ipso—

1157 2457 1228 2479 rum
1242 2446 1387 2486 fratrum,
1405 2455 1439 2479 ac
1456 2446 1590 2479 lectores
1608 2446 1752 2490 publicos
1769 2446 1898 2489 diligen-

1158 2506 1204 2534 ter
1218 2500 1311 2533 simul
1325 2499 1512 2538 examinent,
1524 2499 1708 2543 priusquam
1723 2500 1898 2544 probentur

1157 2560 1186 2588 ct
1211 2554 1248 2588 ad
1273 2554 1453 2588 huiusmodi
1477 2554 1652 2587 ministeria
1682 2553 1896 2588 admittantur.

1197 2671 1203 2696 t
1223 2670 1293 2699 Edit.
1310 2670 1391 2698 Maiu.
1407 2669 1490 2698 habet
1504 2672 1655 2698 serventur
1669 2670 1707 2705 (n.
1723 2669 1772 2705 τ.).

1899 268 1947 295 Αιι.
1965 267 1993 295 C.
2012 268 2080 297 1624

1923 330 1953 352 Da
1969 329 2055 351 ambitu.

1933 1389 1963 1409 De
1981 1389 2094 1410 electioni-

1906 1416 1952 1437 bw.

1936 2187 2096 2207 Examinatores

1911 2215 2046 2239 deputentur.
