2269 3235
112 235 162 262 An.
178 234 206 261 c.
227 233 296 261 1626
914 233 1056 257 emmaus
1074 233 1131 257 vni
1151 233 1198 257 pr.
1722 223 1784 255 2305)
1833 232 1883 258 Λη.
1900 232 1927 258 e.
1952 231 2019 259 1626

310 280 536 323 distribuendo,
548 281 693 314 satisfieri
708 281 836 315 omnino
855 286 952 322 curet,
970 292 1049 325 quae
1082 282 1137 314 Dei
1162 281 1395 322 misericordia,
1419 291 1455 313 ac
1479 286 1659 314 sanctorum
1687 280 1768 312 l'ctri
1793 286 1823 312 et

113 348 295 396 deaiffifflfflqgo
311 334 501 367 monasteria
524 335 601 367 nulli
626 335 792 369 missarum
822 335 1027 368 celebrationi
1041 361 1048 375 ,
1084 334 1169 367 Pauli
1187 335 1400 377 apostolorum
1419 334 1485 367 eius
1505 333 1688 366 auctoritate
1703 333 1822 373 contisi,

112 402 170 449 gano
186 407 296 448 ⁵⁰⁰¹⁵i¹a¹¹¹i
310 399 391 432 quae
408 388 637 422 distributionis
653 389 760 431 vigore
778 388 990 432 praesentium
1010 388 1051 419 sa-
1083 387 1265 419 earumdem
1296 391 1403 421 tenore
1433 386 1645 431 praesentium
1679 385 1819 419 concedi-

128 434 193 453 USK'UU
221 433 242 448 ΓΟ
274 433 286 447 a
331 441 336 446 .

112 454 227 476 mansibus.
310 441 438 475 ciendae
455 443 696 486 exequutionem
714 452 777 475 non
794 441 974 484 impediant,
989 440 1050 473 sint
1065 411 1068 446 Ι
1083 450 1162 472 mus.

309 494 465 537 obligata3
497 495 660 538 dictusque
683 494 786 537 prior,
813 498 899 526 sexto
924 503 1049 536 quoque
1128 493 1143 535 ἓ
1167 492 1196 525 8.
1214 493 1433 534 Deccrnentes,
1451 497 1632 537 praesentes
1656 493 1775 527 litteras
1794 498 1824 525 et
1867 507 1985 527 cantune.

310 559 418 581 mense
441 549 582 581 notulam
602 553 746 592 peractae
766 546 996 580 distributionis
1014 557 1050 579 ac
1084 545 1170 578 ineis
1183 549 1328 579 contenta
1341 557 1556 590 quaecumque
1574 558 1699 590 semper
1713 551 1743 578 ct
1758 558 1825 589 per-

308 601 527 635 satisfactionis
551 601 663 634 dilecto
687 600 753 634 filio
777 604 886 634 nostro
912 600 942 632 in
968 600 1050 633 alma
1083 604 1177 642 petuo
1191 599 1301 641 valida,
1317 600 1408 631 firma
1422 604 1452 631 et
1468 600 1605 632 efficacia
1622 610 1688 632 esse
1702 605 1729 631 et
1748 600 1824 639 sore,

310 655 393 688 Urbe
412 654 529 688 vicario
547 655 579 686 in
599 653 816 697 spiritualibus
837 653 987 696 generali,
1002 653 1050 686 vel
1084 662 1220 695 suosque
1236 652 1394 695 plenarios
1415 658 1444 685 et
1460 652 1599 695 integros
1617 655 1744 686 etl'cctus
1758 664 1824 685 sor-

309 707 349 740 ab
375 718 411 741 eo
435 706 612 751 specialiter
636 706 797 750 deputato,
824 706 1005 749 consignet3
1085 705 1136 738 tiri
1161 711 1190 738 et
1215 705 1368 747 obtinere,
1389 716 1425 739 ac
1449 717 1505 750 per
1530 707 1647 738 dictum
1674 707 1823 749 prioiem,

147 773 190 794 Nec
205 776 296 804 manua·
354 761 368 804 §
391 760 421 793 4.
452 759 602 802 Quodque
631 759 669 792 de
698 764 803 792 cetero
834 759 1051 804 eleemosynae
1084 758 1234 802 aliosque,
1252 759 1291 792 ad
1309 770 1387 803 quos
1405 759 1645 803 quomodolibet
1662 764 1776 802 spectat
1797 765 1821 791 et

112 801 296 848 liZeAEiZl‘n'fflffis
310 824 368 857 pro
393 813 495 845 missis
520 813 551 845 in
574 813 685 845 eadem
710 813 841 846 ecelesia
858 813 887 847 S.
905 813 1051 856 Gregorii
1084 812 1116 844 in
1132 813 1273 846 futurum
1288 823 1346 857 pro
1365 818 1506 856 tempore
1524 812 1683 856 spectabit,
1701 812 1826 844 inviola-

1084 865 1190 898 biliter
1214 866 1391 905 obscrvari;
1410 866 1516 909 sicque
1537 871 1567 898 ct
1590 875 1654 898 non
1678 865 1753 897 alias
1770 876 1826 908 per

112 854 129 873 si
140 853 260 873 certioratis
269 851 295 871 de
482 866 487 871 .
646 866 652 872 .
829 867 833 872 .

112 881 206 904 «empore
241 878 295 897 ceie—
310 866 516 906 celebrandis,
541 877 621 910 quae
644 866 726 899 infra
750 867 910 900 modicum
928 871 1051 910 tempus

1084 930 1301 963 quoscumque
1325 919 1444 952 iudices
1461 919 1638 952 ordinarios
1656 923 1685 951 et
1702 918 1826 960 delega-

1084 978 1142 1013 tos,
1163 973 1255 1008 etiam
1282 984 1447 1006 causarum
1467 973 1572 1017 palatii
1590 972 1754 1016 apostolici
1773 982 1826 1004 au-

110 905 351 978 {t{‡¹⁰¹ll⁵s2322⁵r³ilibi
376 919 529 952 celebrari
552 929 617 952 non
641 925 800 963 poterunt,
828 919 892 953 illic
921 920 1050 952 minime

127 964 139 978 u
152 973 157 979 0

1085 1026 1213 1067 ditores,
1227 1026 1344 1071 ubique
1362 1027 1494 1060 iudicari
1511 1030 1540 1060 et
1557 1025 1683 1059 diffiniri
1701 1025 1826 1065 debere,

1085 1090 1120 1113 ac
1145 1080 1270 1113 irritum
1288 1086 1318 1114 et
1343 1081 1443 1123 inane,
1469 1080 1494 1113 si
1515 1090 1604 1113 secus
1628 1090 1724 1123 super
1744 1079 1792 1111 his
1810 1089 1827 1111 a

1084 1144 1254 1177 quoquam,
1279 1134 1387 1178 quavis
1411 1134 1606 1174 auctoritate,
1627 1133 1761 1166 scienter
1780 1133 1825 1165 vel

1085 1187 1279 1230 ignoranter,
1297 1188 1464 1230 contigerit
1484 1187 1639 1220 attentari.

1130 1241 1145 1283 ξ
1169 1241 1198 1274 9.
1224 1242 1292 1274 Non
1324 1240 1519 1275 obstantibus
1550 1240 1825 1274 constitutionibus
1841 1250 2025 1296 1.11iii{{i³¹'¹¹‘¹¹''''

308 973 514 1017 recipiantur,
539 972 599 1005 nisi
620 973 759 1013 sacrista,
783 973 832 1006 rel
856 973 935 1006 alius
963 973 1052 1006 mini—

308 1032 372 1059 ster
394 1026 561 1059 missarum
578 1036 712 1059 numero
730 1026 938 1060 describendo
958 1031 1050 1070 atque

309 1079 520 1112 oblationibus
545 1078 736 1123 recipiendis
760 1079 947 1122 praefectus,
962 1080 1050 1123 prius

308 1132 475 1166 admoneat
500 1132 652 1175 singulos,
676 1132 730 1176 qui
748 1132 963 1177 eleemosynas
979 1132 1052 1166 offe-

309 1191 403 1229 runt,
430 1186 468 1219 de
492 1190 634 1230 tempore
662 1185 743 1218 intra
766 1186 851 1230 quod
875 1186 988 1220 missae
1012 1186 1051 1220 ab

309 1239 346 1272 iis
370 1239 539 1283 requisitae
562 1239 771 1283 probabiliter
788 1239 944 1273 celebrari
963 1244 1048 1284 pote-

308 1298 393 1326 runt.

169 1356 294 1376 Praesentes
354 1346 369 1389 g
393 1346 422 1380 5.
448 1346 635 1387 Praeterea,
659 1346 744 1390 quod
773 1346 946 1390 pecuniae,
971 1357 1050 1390 quae

111 1384 347 1432 {32⁰0Zl3553⁰6‘r'lad
377 1409 526 1443 praesens
550 1400 581 1432 in
606 1399 748 1443 deposito
780 1411 817 1433 ex
846 1401 1051 1445 eleemosynis

110 1437 254 1486 llffjffuffliffr'?
265 1436 295 1456 αι’
309 1453 477 1486 missarum
502 1454 655 1486 conflatae
672 1454 885 1497 reperiuntur,
902 1465 959 1498 per
975 1455 1051 1487 alias

309 1506 450 1539 eiusdem
473 1506 742 1549 Congregationis,
767 1517 821 1539 seu
841 1507 940 1540 almae
958 1507 1050 1540 Urbis

308 1564 436 1593 nostrae
454 1559 611 1600 ecclesias,
631 1559 763 1593 arbitrio
781 1560 902 1593 abbatis
919 1570 1051 1602 genera-

308 1613 346 1645 lis
361 1613 503 1646 eiusdem
516 1613 775 1655 Congregationis
788 1618 818 1646 et
834 1613 908 1647 dicti
924 1613 1050 1647 Ordinis

307 1666 432 1710 prioris,
458 1667 506 1699 vel
531 1666 759 1708 sacerdotibus,
783 1667 860 1699 nulli
877 1667 995 1711 pariter
1011 1668 1051 1700 al-

307 1719 366 1752 teri
380 1719 599 1752 celebrationis
623 1719 792 1753 missarum
806 1720 905 1761 oneri,
916 1726 950 1753 ut
963 1731 1051 1764 prae-

307 1772 417 1815 fertur,
442 1772 597 1814 obnoxiis,
622 1773 750 1816 praevio
776 1784 932 1807 consensu
951 1779 981 1807 et
1000 1785 1051 1818 ap-

307 1825 493 1869 probatione
506 1826 648 1859 eiusdem
662 1826 768 1859 vicarii
786 1827 896 1868 nostri,
915 1828 963 1860 vel
983 1828 1050 1861 eius

309 1878 459 1922 deputati,
483 1890 578 1923 quam
595 1879 734 1923 primum
754 1879 994 1922 distribuantur,
1011 1881 1050 1913 ad

309 1933 370 1966 hoc
394 1938 428 1966 ut
452 1933 583 1967 totidem
608 1934 721 1967 missae
744 1945 802 1977 pro
827 1934 972 1968 fidelibus
997 1935 1050 1967 de-

309 1986 423 2020 functis
440 1987 678 2031 quamprimum
695 1988 904 2028 celebrentur,
924 1995 954 2021 et
971 1989 1051 2021 infra

310 2050 363 2073 sex
387 2051 511 2074 menses
541 2041 705 2085 proximos
729 2041 830 2074 eidem
855 2042 972 2075 vicario
996 2053 1048 2076 no·

309 2099 391 2135 stro,
417 2095 464 2127 vel
489 2094 556 2127 eius
580 2095 738 2139 deputato,
762 2095 880 2136 notula,
902 2100 964 2128 tam
995 2107 1051 2139 pc-

308 2154 413 2181 ractae
437 2148 683 2189 distributionis,
708 2160 802 2193 quam
832 2149 1051 2183 celebrationis

310 2202 497 2244 missarum,
520 2213 577 2247 per
609 2203 756 2236 eumdem
781 2203 921 2247 priorem
947 2204 1050 2237 consi-

312 2260 433 2298 gnetur.

153 2315 248 2342 Ipsisquo
264 2321 297 2336 ec·
356 2309 371 2352 ἓ
395 2308 424 2341 6.
448 2309 578 2354 Insuper
600 2311 739 2344 ecclesiis
763 2322 818 2344 seu
842 2311 1002 2352 altaribus,
1020 2312 1052 2344 in

115 2342 297 2389 ἒιεῖῗῖῑειξοεᾞιιιΐῖῑχῑ
312 2362 343 2394 in
367 2362 480 2406 quibus
503 2364 615 2397 missae
638 2375 696 2409 pro
720 2365 927 2410 eleemosynis
951 2365 1051 2398 dictae

116 2394 211 2420 Gregorii
249 2401 298 2416 can-

115 2426 187 2451 ⁰2⁵⁵÷¹⁵
231 2422 297 2460 indgn-
313 2416 460 2449 ecclesiae
485 2416 514 2450 S.
539 2417 683 2461 Gregorii
708 2419 859 2462 elargitis,
885 2424 918 2452 ut
943 2430 1050 2463 supra,

115 2450 196 2472 gentiiis
223 2454 298 2470 couce-

115 2474 152 2495 dss-
313 2469 565 2514 celebrabuntur,
590 2472 715 2505 easdem
732 2473 952 2515 indulgentias,
972 2484 1051 2517 quae

313 2534 372 2586 Ipsi
397 2523 546 2557 ecelefflae
571 2524 601 2558 S'
626 2525 770 2584 Gltegol'lt
790 2537 808 2559 a
827 2526 1052 2585 sede‚ApOSt⁰'
1121 2554 1134 2580 1
1152 2553 1191 2580 De
1205 2553 1246 2579 his
1262 2552 1387 2580 Eremitis
1402 2552 1651 2580 Camaldulensibus
1667 2554 1828 2589 quamplura

313 2576 373 2610 lica
386 2587 553 2611 concessae
567 2585 780 2622 reperiuntur,
797 2584 983 2613 auctoritate
999 2590 1052 2614 no·
1086 2597 1200 2625 sancivit
1218 2598 1273 2625 Leo
1295 2597 1314 2624 x
1337 2598 1426 2624 Consi.
1447 2605 1475 2631 n,
1498 2601 1564 2625 tom.
1581 2605 1607 2632 v,
1628 2606 1690 2633 pag.
1712 2598 1764 2625 54⁹2
1780 2607 1828 2633 pro

312 2630 361 2665 bis
385 2642 403 2665 a
425 2631 559 2668 Domino
574 2632 699 2677 tradita,
717 2643 753 2669 ac
772 2633 811 2669 de
827 2634 1051 2679 omnipotentis
1086 2643 1157 2672 bono
1171 2642 1305 2679 regimine
1321 2642 1490 2671 eorumdem.

1085 1299 1116 1327 et
1139 1294 1389 1328 ordinationibus
1413 1294 1602 1338 apostolicis,
1621 1305 1656 1327 ac
1673 1301 1826 1338 quatenus

1085 1347 1164 1392 op‘us
1188 1348 1237 1389 sit,
1263 1347 1363 1381 dictae
1387 1348 1655 1391 congregationis,
1680 1348 1826 1392 illiusque

1084 1401 1349 1435 monasteriorum
1374 1402 1481 1445 (etiam
1505 1402 1690 1444 iuramento,
1716 1402 1827 1434 contir-

1085 1456 1222 1489 matione
1233 1455 1415 1499 apostolica,
1426 1455 1472 1488 vel
1486 1455 1595 1499 quavis
1608 1455 1755 1488 firmitate
1765 1455 1823 1487 alia

1084 1509 1255 1552 roboratis)
1266 1509 1387 1541 statutis
1401 1514 1431 1542 et
1444 1509 1734 1549 consuetudinibus,
1749 1514 1827 1542 cete-

1084 1562 1192 1605 risque
1211 1562 1377 1595 contrariis
1394 1562 1655 1606 quibuscumque.

1128 1615 1239 1648 Datum
1250 1616 1377 1655 Romae,
1386 1615 1468 1658 apud
1484 1616 1512 1649 S.
1524 1616 1651 1648 Mariam
1666 1615 1825 1654 Maiorem,

1084 1667 1142 1701 sub
1167 1659 1283 1701 annulo
1308 1668 1494 1708 Piscatoris,
1519 1669 1569 1701 die
1594 1679 1627 1701 lx
1651 1669 1827 1702 decembris

1084 1731 1238 1762 MDcxxw,
1255 1721 1454 1764 pontificatus
1471 1722 1569 1755 nostri
1588 1732 1669 1755 anno
1694 1732 1735 1755 1v.

1119 1784 1181 1812 Dat.
1197 1784 1241 1812 die
1256 1784 1273 1811 9
1288 1784 1440 1812 decembris
1458 1785 1535 1819 1626,
1552 1784 1646 1820 pontif.
1662 1793 1734 1812 anno
1749 1792 1785 1812 tv.

1382 1928 1529 1962 ccxxvi.

1085 2009 1186 2042 Prior
1206 2009 1368 2052 praedicti
1391 2010 1583 2042 monasterii
1610 2009 1642 2043 S.
1677 2009 1826 2053 Gregyoriz'

1132 2062 1398 2106 Conyreqcttiom's
1411 2063 1715 2097 Camaltlzilensium
1728 2074 1827 2096 cense-

1132 2120 1185 2148 tur
1201 2116 1301 2149 ctiam
1317 2121 1511 2159 procurator
1534 2116 1697 2160 yencralis
1721 2117 1826 2160 ipsius

1132 2169 1398 2213 Congiregyali'onz's
1409 2162 1431 2202 ’Ϊ

1287 2249 1424 2277 Urbanus
1445 2250 1523 2284 Papa
1543 2251 1621 2281 VIII,

1210 2293 1247 2320 ad
1265 2297 1440 2328 perpetuam
1460 2294 1504 2321 rei
1524 2294 1704 2321 memoriam.

1130 2365 1225 2398 Felici
1248 2376 1283 2398 ac
1308 2376 1462 2409 prospero
1485 2365 1667 2398 monasterii
1685 2364 1827 2397 abbatiae
1869 2373 1991 2394 morbum.

1086 2424 1282 2462 nuncupatae
1307 2419 1335 2452 S.
1355 2418 1501 2461 Gregorii
1523 2418 1560 2450 de
1579 2418 1661 2451 Urbe
1687 2418 1825 2460 Congre-

1086 2472 1220 2516 gationis
1249 2472 1555 2513 Camaldulensium,
1580 2472 1664 2516 quod
1694 2472 1826 2505 dilectus
