2269 3235
257 310 304 336 An.
322 309 350 336 (ἶ.
374 309 440 336 Ήὶῖὶῧ

280 2074 399 2096 Clausulas.

305 2392 436 2412 minantium

254 2419 370 2443 derogatio.

486 299 549 332 5³2ss

455 357 515 389 dux
542 357 631 389 nobis
656 366 758 398 nuper
791 355 903 398 exponi
935 354 1021 392 tiu-ii,
1046 355 1194 386 nonnulla

455 430 514 462 pro
546 418 625 451 teth-i
659 417 799 449 eiusdem
826 416 950 448 Militiae
986 421 1066 448 statu
1101 420 1194 459 atque

454 472 606 513 gubernio
636 475 747 502 statuta
776 480 878 513 nuper
908 469 1031 502 condita
1056 469 1192 510 suerint,

455 524 576 566 illaque,
589 531 646 566 pro
661 522 829 555 inviolabili
844 534 953 555 eorum
966 521 1192 563 observatione,

454 576 642 619 apostolieae
668 582 793 609 nostrae
814 575 1060 609 confirmationis
1078 575 1193 609 robore

454 629 642 662 ‹fominuniri
669 629 840 672 plurimum
859 629 1029 669 desideret,
1047 640 1114 671 nos,
1135 629 1193 672 piis

454 682 527 715 dicti
551 682 651 715 Caroli
678 683 767 723 votis,
792 687 943 726 quantum
965 694 1035 717 cum
1060 683 1192 716 Domino

454 746 630 779 possumus,
655 746 804 777 annuere,
830 736 980 780 illumque
1006 736 1193 780 specialibus

455 789 612 822 favoribus
636 795 666 822 et
691 789 799 832 gratiis
824 789 971 832 prosequi
1001 789 1148 830 volentes,
1164 794 1191 820 et

453 854 470 875 a
493 843 654 886 quibusvis
679 843 1028 882 excommunicationis‚
1056 852 1191 885 suspen-

453 895 549 928 sionis
573 901 603 928 et
628 896 793 938 interdicti,
818 895 948 938 aliisque
974 894 1193 928 ecelesiasticis

453 948 624 991 sententiis,
642 949 783 981 censuris
814 954 840 980 et
867 948 985 992 poenis,
1010 959 1027 980 a
1052 948 1119 980 iure
1145 948 1191 980 vel

453 1001 490 1033 ab
504 1001 642 1041 homine,
656 1001 764 1044 quavis
775 1000 940 1033 occasione
952 1001 997 1033 vel
1008 1002 1102 1033 causa
1114 1000 1191 1039 latis,

452 1054 477 1086 si
495 1054 608 1097 quibus
633 1055 871 1098 quomodolibet
891 1054 1057 1087 innodatus
1080 1054 1191 1094 existit,

451 1107 488 1139 ad
514 1107 659 1140 effectum
678 1108 889 1151 praesentium
907 1108 1065 1140 dumtaxat
1088 1118 1194 1140 conse-

451 1160 634 1204 quendum,
664 1161 777 1194 harum
812 1161 892 1194 serie
923 1162 1137 1201 absolventes,
1163 1166 1193 1193 et

451 1214 631 1246 absolutum
649 1216 714 1247 l'ore
729 1220 902 1255 censentes,
913 1214 1193 1258 simplicationibus

451 1267 517 1299 eius
543 1267 669 1299 nomine
695 1267 785 1300 nobis
809 1278 905 1311 super
938 1267 997 1299 boc
1030 1266 1192 1299 humiliter

451 1320 605 1363 porrectis
622 1320 771 1361 inclinati,
789 1325 901 1354 statuta
919 1320 1088 1364 praedicta,
1105 1320 1193 1352 dum-

451 1373 545 1406 modo
561 1377 663 1407 tamen
676 1374 759 1407 licita
771 1379 798 1406 et
813 1374 1023 1414 11011esta,nec
1038 1379 1192 1414 revocata,

451 1432 503 1459 aut
518 1427 574 1459 sub
591 1427 748 1470 aliquibus
771 1428 1024 1460 revocationibus
1053 1438 1194 1471 eompre-

451 1480 546 1512 liensa
564 1480 624 1513 sint
644 1481 828 1524 respective,
843 1481 1003 1524 sacrisque
1021 1481 1194 1514 canonibus

451 1539 480 1565 et
497 1533 624 1567 Concilii
642 1534 813 1568 Tridentini
831 1535 975 1575 decretis,
994 1546 1029 1567 ac
1046 1534 1193 1567 constitu-

452 1586 589 1619 tionibus
613 1587 804 1630 apostolieis,
829 1598 930 1631 neque
955 1587 1077 1620 debitae
1103 1588 1193 1620 nobis

452 1645 481 1672 et
505 1640 533 1673 S.
552 1641 585 1673 R.
605 1641 637 1673 E.
659 1640 854 1674 obedientiae
872 1646 901 1674 et
918 1641 1057 1674 fidelitati
1076 1641 1190 1674 adver-

452 1696 568 1734 sentur,
586 1692 668 1726 dicta
694 1694 889 1734 auctoritate,
916 1699 1023 1727 tenore
1048 1704 1194 1737 praesen-

452 1747 540 1787 tium,
557 1752 711 1790 perpetuo
730 1747 945 1791 approbamus
971 1751 999 1781 et
1024 1748 1192 1780 confirma-

452 1810 542 1839 mus,
574 1799 697 1843 illisque
734 1805 905 1844 perpetuae
942 1806 971 1833 et
1006 1801 1193 1833 inviolabilis

452 1852 642 1896 apostolicae
667 1853 823 1885 firmitatis
843 1853 941 1886 robur
965 1853 1139 1894 adiieimus,
1157 1865 1192 1887 ac

451 1916 560 1938 omnes
595 1911 624 1938 et
648 1906 788 1949 singulos
813 1912 874 1939 tam
901 1907 977 1939 iuris
1003 1917 1095 1950 quain
1122 1908 1192 1940 sacti

451 1959 600 2001 desectus,
618 1959 641 1992 si
660 1959 713 2003 qui
733 1960 869 2003 desuper
893 1960 1130 2003 quomodolibet
1151 1960 1194 1993 in-

453 2012 643 2045 tervenerint
661 2013 691 2044 in
712 2012 840 2054 eisdem,
860 2014 1053 2057 supplemus.

495 2066 511 2108 ἓ
534 2064 563 2098 3.
584 2065 792 2099 Decernentes
811 2066 921 2099 eadem
939 2072 1052 2099 statuta
1070 2067 1107 2099 ab
1125 2078 1192 2100 om—

451 2119 553 2160 nibus,
571 2119 609 2152 ad
634 2130 713 2163 quos
731 2125 849 2163 spectat
867 2125 897 2153 et
913 2121 943 2153 in
967 2121 1108 2153 futurum
1127 2131 1193 2164 spe-

453 2172 568 2213 ctabit,
602 2172 824 2205 inviolabiliter
861 2173 1023 2206 observari
1055 2173 1192 2214 debere,

453 2226 639 2270 irritumque
666 2231 695 2260 et
719 2227 829 2267 inane,
855 2228 879 2260 si
911 2239 1000 2261 secus
1025 2238 1119 2272 super
1144 2228 1192 2260 liis

451 2290 468 2312 a
481 2291 650 2324 quoquam,
664 2282 772 2325 quavis
785 2283 981 2323 auctoritate,
995 2282 1130 2315 scienter
1144 2282 1191 2315 vel

452 2334 643 2376 ignoranter,
665 2335 833 2377 eontigerit
856 2336 1010 2368 attentari.

495 2387 509 2429 ,ξ
534 2387 562 2419 fr.
593 2389 660 2422 Non
691 2388 886 2421 obstantibus
918 2388 1192 2422 constitutionibus

452 2446 481 2472 et
513 2441 763 2474 ordinationibus
791 2443 991 2486 apostolicis,
1017 2442 1191 2486 ceterisque

453 2494 617 2526 vonum-iis
637 2495 896 2539 quibuscumque.

500 2548 607 2579 Datum
623 2548 749 2589 Romae,
760 2549 842 2592 apud
860 2549 888 2582 S.
911 2549 1048 2587 Petrum,
1066 2548 1124 2582 sub
1144 2559 1193 2581 an-

454 2600 527 2633 nulo
552 2600 731 2643 piscatoris,
758 2602 808 2634 die
833 2612 907 2635 xxiv
944 2602 1016 2635 maii
1041 2612 1191 2642 nincxxv‚

453 2652 651 2696 pontificatus
675 2655 773 2688 nostri
798 2666 880 2688 anno
906 2666 937 2688 u.

490 2716 547 2743 bat.
564 2716 607 2742 die
621 2717 654 2742 24
671 2717 733 2745 maii
752 2718 827 2752 1625,
845 2718 937 2752 pontis.
955 2726 1025 2745 anno
1043 2725 1071 2746 ti.

1035 305 1213 330 BULLARIUM
1237 304 1392 330 ROMANUM

1528 352 1681 386 cxxxix.

1230 425 1439 467 Confirmatio
1452 423 1570 456 decreti
1581 433 1692 457 sacrae
1706 423 1966 467 Conqreqationis

1274 477 1412 512 concilii
1441 476 1627 510 Tridentini
1646 475 1684 509 de
1708 474 1890 509 obedientia
1907 487 1967 520 pro

1271 530 1430 572 fratribus
1444 529 1579 563 Ordinis
1598 529 1878 573 Cappuccinorum
1892 540 1966 573 pro-

1271 584 1397 616 vinciae
1413 583 1443 617 F
1445 583 1605 624 (andriae,
1625 583 1685 627 qui
1700 582 1742 615 ad
1757 593 1863 616 sacros
1879 583 1966 616 ordi-

1271 646 1326 669 nes
1349 640 1589 680 promoventur,
1617 636 1771 680 episcopis
1796 646 1816 668 a
1837 636 1966 678 provin-

1273 689 1351 723 ciali
1370 700 1436 723 non
1456 688 1681 733 praestancla¹.

1430 761 1565 788 Urbanus
1586 761 1663 794 Papa
1684 761 1760 793 vm,

1345 805 1382 831 ad
1401 807 1578 838 perpetuam
1597 804 1644 832 rei
1663 804 1844 832 memoriam.

1272 866 1286 907 ἓ
1310 866 1339 897 ²l.
1365 866 1497 899 Nomine
1521 866 1624 899 dilecti
1649 866 1705 899 filii
1731 866 1866 898 ministri
1891 875 1965 909 pro-

1227 917 1367 950 vincialis
1389 918 1569 961 provinciae
1586 919 1750 952 Flandriae
1766 919 1890 953 Ordinis
1908 919 1967 951 sra-
1981 905 1994 947 ἓ

1227 975 1310 1002 trum
1321 969 1475 1002 Minorum
1490 970 1518 1003 S.
1530 971 1687 1004 Francisei
1697 971 1967 1015 Cappuecinorum

1226 1028 1478 1067 nuncupatorum
1490 1023 1582 1056 nobis
1595 1034 1696 1067 nuper
1709 1024 1883 1068 expositum
1900 1025 1967 1065 fuit,

1227 1076 1310 1119 quod
1328 1076 1403 1108 alias
1418 1076 1674 1110 avenerabilibus
1685 1076 1835 1110 fratribus
1851 1078 1967 1110 nostris

1227 1134 1351 1162 sanctae
1384 1130 1542 1162 Romanae
1575 1129 1732 1162 Ecclesiae
1756 1130 1967 1163 cardinalibus

1228 1183 1307 1215 sacri
1321 1182 1449 1215 Concilii
1459 1182 1631 1215 Tridentini
1646 1183 1872 1226 interpretibus
1887 1194 1968 1216 eina-

1227 1236 1310 1268 navit
1327 1236 1488 1268 decretum
1508 1236 1625 1268 tenoris
1642 1236 1872 1279 subsequentis,
1887 1237 1967 1269 vide-

1229 1290 1296 1323 lieet
1310 1301 1316 1321 1

1228 1357 1455 1390 [Musti-issima
1483 1361 1511 1389 et
1535 1357 1796 1390 reverendissimi
1821 1358 1964 1397 Domini,

1272 1424 1474 1458 Provincialis
1494 1425 1763 1468 Cappureinortun
1789 1426 1967 1469 provinciae

1228 1478 1390 1511 Flandriae
1416 1478 1521 1518 refert,
1546 1477 1668 1521 aliquos
1692 1478 1858 1523 episcopos
1882 1477 1968 1523 prae-

1227 1530 1371 1571 tendere,
1396 1535 1429 1564 ut
1459 1530 1488 1562 in
1514 1530 1642 1572 litteris,
1669 1530 1782 1574 quibus
1807 1531 1872 1575 ipse
1897 1542 1969 1565 suos

1227 1585 1339 1618 fratres
1369 1584 1560 1618 ordinandos
1592 1576 1795 1626 transmittit,
1825 1585 1966 1619 exhibeat

1227 1639 1437 1672 reverentiam
1463 1644 1492 1671 et
1517 1638 1726 1672 obedientiam
1753 1639 1921 1683 episcopis,
1938 1646 1965 1673 et

1226 1692 1361 1736 amplius
1385 1687 1521 1736 praestet
1543 1691 1708 1725 iuridieam
1734 1692 1967 1726 fideiussionem

1227 1745 1484 1778 subministrandi
1516 1745 1633 1779 victum
1671 1751 1701 1778 et
1731 1745 1877 1778 vestitum
1912 1746 1966 1788 iis,

1226 1809 1305 1842 quos
1329 1799 1508 1843 apostatari,
1533 1802 1586 1832 aut
1608 1799 1684 1831 alias
1708 1809 1725 1831 a
1749 1799 1902 1842 religione
1926 1799 1969 1832 di-

1227 1853 1306 1885 mitti
1332 1853 1501 1895 continget.
1526 1852 1610 1891 Quae
1642 1864 1713 1885 cum
1743 1863 1823 1885 nova
1855 1853 1915 1887 sint
1939 1858 1969 1885 et

1226 1906 1374 1946 inaudita,
1399 1917 1437 1939 ne
1462 1906 1545 1950 quod
1571 1906 1715 1949 religioni
1740 1906 1968 1950 praeiudicium

1226 1959 1387 1999 inseratur,
1413 1959 1576 2003 supplicat,
1594 1964 1627 1991 ut
1644 1959 1831 2000 declaretur,
1846 1969 1883 1992 an
1901 1960 1968 2003 ipse

1226 2013 1324 2057 possit
1345 2013 1383 2045 ad
1408 2013 1468 2046 lioe
1492 2013 1648 2056 compelli,
1672 2023 1730 2046 nee
1754 2014 1814 2047 ne?

1271 2068 1365 2100 Sacra
1385 2067 1593 2110 Congregatio
1611 2067 1818 2100 cardinalium
1838 2067 1967 2100 Coneilii

1226 2121 1398 2154 Tridentini
1416 2121 1624 2165 interpretum
1649 2121 1778 2162 censuit,
1795 2121 1968 2165 provincia-

1226 2174 1287 2206 lem
1304 2174 1574 2218 Cappuccinorum
1592 2174 1623 2207 in
1641 2174 1753 2207 litteris
1769 2174 1967 2215 dimissoriis,

1226 2238 1303 2270 quas
1335 2228 1398 2260 suis
1429 2228 1579 2260 fratribus
1611 2228 1754 2261 coneedit
1778 2228 1816 2260 ad
1841 2228 1967 2261 ordines

1226 2281 1463 2325 suscipiendos,
1488 2292 1685 2325 nequaquam
1710 2281 1781 2324 cogi
1805 2292 1896 2324 posse
1927 2280 1965 2314 ab

1226 2335 1382 2378 episcopis
1406 2334 1444 2367 ad
1468 2335 1676 2368 reverentiam
1702 2340 1732 2367 et
1757 2334 1966 2368 obedientiam

1226 2388 1287 2421 illis
1312 2388 1528 2431 exhibendam,
1554 2393 1606 2421 aut
1630 2389 1668 2421 ad
1688 2389 1869 2422 huiusmodi
1895 2388 1967 2421 lide-

1226 2441 1396 2475 iussionem
1410 2442 1640 2485 praestandam,
1654 2452 1756 2485 neque
1768 2442 1867 2474 ullum
1880 2441 1966 2485 pium

1226 2494 1396 2528 antistitem
1428 2495 1544 2528 debere
1584 2499 1637 2529 aut
1675 2497 1738 2529 tuta
1775 2495 1966 2528 conscientia

1225 2559 1317 2591 posse
1342 2548 1380 2581 ab
1405 2549 1589 2582 eorumdem
1611 2550 1742 2582 fratrum
1763 2548 1967 2582 ordinationi-

1225 2601 1283 2634 bus
1308 2602 1367 2635 hoc
1392 2603 1459 2636 solo
1484 2608 1648 2646 praetextu
1677 2602 1835 2636 abstinere
1850 2629 1857 2643 ‚
1882 2603 1964 2646 quod

1225 2666 1260 2688 ea
1286 2655 1419 2689 formula
1444 2655 1610 2689 exhibendi
1644 2656 1792 2700 episcopo
1825 2666 1966 2688 reveren-

1265 2720 1272 2745 1
1293 2717 1328 2744 Ex
1346 2717 1452 2753 Regest.
1469 2717 1494 2744 in
1515 2717 1615 2746 Seeret.
1634 2717 1768 2745 Brevium.

1984 304 2031 332 Αη.
2049 304 2076 331 C.
2094 303 2163 331 1625

2029 873 2101 895 Refert
2115 878 2165 894 cou-

1995 902 2055 926 regat
2076 899 2165 921 concilii

1996 929 2097 948 eci-etum.
