2269 3235
332 521 444 545 Deruentio

262 550 422 568 contram-irum.

292 1425 430 1445 Prooemium.

310 2279 350 2300 Pro
371 2278 454 2303 regimi-

270 2312 295 2326 ne
312 2307 455 2326 universitatis

271 2334 387 2353 Perusinae
423 2338 454 2350 sn-

272 2360 359 2384 quentia
399 2358 456 2378 edita

272 2388 318 2406 sunt
335 2387 422 2405 statuta.

295 2597 411 2624 Episcopus
421 2595 457 2617 l'e-

461 309 521 338 res,
542 298 658 341 ultique
680 297 810 330 iudicari
827 302 857 329 et
874 297 997 329 definiri
1021 297 1145 338 debere,
1163 309 1198 331 ac

462 351 584 383 irritum
602 356 630 382 et
648 350 748 389 inane,
769 350 793 381 si
811 360 900 382 secus
917 359 1011 393 super
1028 349 1076 382 his
1093 360 1109 382 a
1126 361 1200 393 quo-

461 413 572 447 quam,
601 403 709 446 quavis
737 402 939 442 auctoritate,
960 403 1094 436 scienter
1111 403 1158 436 vel
1175 403 1199 435 i—

463 459 642 497 gnoranter,
668 455 836 497 contigerit
856 455 1011 488 attentari.

505 510 519 551 ᾗ
544 509 572 541 ὓ.
606 509 673 541 Non
704 509 902 541 obstantibus
935 509 1095 552 praedicta
1130 509 1199 542 Iulii

462 561 721 604 praedecessoris,
747 572 782 594 ac
806 562 967 605 quibusvis
991 562 1059 595 aliis
1077 572 1200 596 eonces-

462 614 611 655 sionibus,
637 615 701 647 sive
727 615 854 647 indultis
870 615 1061 655 huiusmodi,
1078 625 1199 648 necnon

461 668 737 701 constitutionibus
757 673 787 701 et
811 668 1063 702 ordinationibus
1080 674 1201 712 aposto-

461 720 538 761 licis,
557 721 730 765 ceterisque
748 722 915 755 contrariis
939 722 1199 765 quibuscumque.

506 774 614 808 Datum
634 775 768 815 Rornae,
790 774 873 818 apud
899 774 927 807 S.
953 774 1080 807 Mariam
1106 774 1200 807 Maio-

462 838 539 868 rem,
553 827 610 860 sub
624 828 740 861 annulo
758 827 942 867 piscatoris,
963 826 1013 859 die
1034 836 1044 859 1
1061 826 1200 859 octobris

462 880 819 924 mncxxv‚pontis1catus
843 879 943 912 nostri
967 889 1048 911 anno
1072 889 1106 912 111
1120 879 1138 911 ¹.

498 943 555 970 Dat.
573 943 616 970 die
635 945 643 970 l
663 942 781 970 octobris
799 942 876 975 1625,
893 941 987 977 pontif.
1005 949 1075 968 anno
1090 947 1128 968 ιιι.

464 1129 676 1172 Confirmatio
687 1128 925 1162 nonnullorum
935 1132 1133 1160 statutorum
1143 1137 1202 1170 pro

505 1183 607 1216 studii
623 1181 786 1225 qeneralis
806 1181 949 1214 civitatis
963 1181 1145 1213 Perusinae
1158 1179 1204 1212 di-

507 1236 645 1269 rectione
654 1234 672 1267 ¹.

665 1307 802 1334 Urbanus
823 1307 901 1340 Papa
920 1306 999 1337 vm,

587 1354 622 1379 ad
643 1356 818 1386 perpetuam
840 1352 885 1378 rei
904 1351 1084 1378 memoriam.

507 1415 540 1447 ln
561 1414 808 1458 supereminenti
824 1413 1023 1456 Apostolicae
1039 1411 1127 1444 Sedis
1140 1421 1206 1454 spe-

463 1469 544 1509 cula,
570 1469 691 1501 meritis
714 1469 787 1501 licet
812 1467 999 1511 imparibus,
1021 1466 1205 1509 disponente

464 1522 597 1555 Domino
611 1521 781 1563 constituti,
800 1526 830 1553 et
847 1521 928 1552 intra
948 1520 1061 1552 mentis
1077 1523 1204 1552 nostrae
1222 1533 1223 1549 l

463 1585 575 1608 arcana
589 1574 794 1613 revolventes,
809 1578 959 1617 quantum
974 1583 1010 1605 ex
1028 1572 1204 1604 litterarum
1222 1576 1224 1602 t

463 1627 573 1660 studiis
598 1627 753 1660 catholiea
769 1626 856 1666 sides,
873 1626 1041 1658 tenebrosa
1061 1624 1206 1667 ignoran-

464 1682 523 1714 tiae
544 1682 678 1724 caligine
702 1692 737 1713 ac
762 1681 928 1713 haeresum
949 1684 1035 1723 peste
1064 1678 1205 1722 expulsa,

465 1740 627 1778 augeatur,
645 1734 741 1767 divini
760 1733 898 1766 numinis
916 1734 1017 1766 cultus
1037 1732 1206 1775 protenda-

466 1794 526 1831 tur,
550 1789 665 1821 veritas
689 1792 894 1831 agnoscatur,
926 1787 1042 1819 iustitia
1076 1787 1205 1826 colatur,

466 1841 605 1885 reliquae
623 1841 754 1873 virtutes
771 1840 978 1879 illustrentur,
988 1850 1022 1872 ac
1039 1838 1119 1871 bene
1137 1839 1207 1871 bea-
1222 1855 1224 1858 ·

468 1900 559 1938 teque
579 1893 701 1927 vivendi
719 1894 768 1925 via
786 1898 923 1936 paretur,
938 1892 977 1924 ad
993 1903 1038 1933 ea,
1055 1902 1111 1935 per
1128 1902 1207 1934 quae

467 1948 568 1982 studia
589 1947 657 1991 ipsa
674 1947 805 1979 ubilibet
825 1951 853 1978 et
870 1946 1055 1989 praesertin]
1076 1946 1106 1978 in
1122 1946 1208 1979 Statu

467 2005 576 2034 nostro
609 2000 827 2033 Ecclesiastico
859 1999 990 2032 excitata
1018 1999 1148 2031 feliciter
1179 2004 1209 2030 et

468 2064 621 2098 prospere
643 2054 837 2096 dirigantur,
861 2053 993 2085 libenter
1008 2052 1208 2091 intendimus,

468 2114 497 2141 et
515 2109 546 2141 in
566 2108 614 2141 his
639 2113 765 2141 nostrae
782 2106 1000 2139 sollicitudinis
1018 2111 1121 2149 partes
1138 2116 1210 2149 pro·
1225 2099 1227 2120 ³

468 2161 596 2205 pensius
628 2160 849 2204 impartimur,
882 2165 975 2203 prout
1011 2159 1042 2191 in
1076 2158 1209 2191 Domino
1225 2175 1226 2178 =

469 2214 680 2257 conspicimus
701 2213 870 2246 salubriter
894 2212 1051 2255 expedire.

514 2269 529 2311 g
553 2268 578 2300 1.
603 2268 679 2301 Cum
710 2267 814 2310 itaque
838 2277 955 2310 nuper,
984 2276 1042 2309 pro
1076 2265 1156 2298 felici
1182 2270 1208 2297 et

470 2323 623 2365 prospera
647 2321 859 2354 universitatis
882 2320 976 2353 studii
1001 2320 1156 2363 generalis
1173 2319 1212 2352 ci-

471 2375 572 2409 vitatis
597 2375 765 2408 Perusinae
795 2374 967 2407 directione
992 2378 1022 2406 et
1047 2373 1210 2415 gubernio,

471 2429 622 2463 nonnulla
645 2434 779 2469 statuta,
810 2428 847 2461 de
876 2427 986 2460 ordine
1012 2432 1041 2459 et
1066 2426 1211 2459 mandato

472 2482 596 2524 nostris,
622 2482 703 2515 edita
719 2482 835 2515 fuerint
853 2481 969 2514 tenoris
985 2479 1211 2523 subsequentis,

473 2535 616 2568 videlicet
631 2547 636 2567 :

517 2589 619 2632 §⁶2.-
628 2589 649 2621 1.
663 2590 834 2634 Episcopus
849 2599 908 2633 pro
919 2594 1062 2633 ternpore
1075 2587 1113 2620 sit
1126 2597 1212 2631 prae-

511 2652 520 2678 1
543 2651 580 2678 Ex
600 2651 707 2687 Regcst.
728 2652 754 2678 in
774 2652 874 2680 Secret.
895 2651 970 2680 Brev-

1041 249 1221 274 nULLARmM
1245 249 1401 275 noMANUM

1982 250 2032 278 Αιι.
2048 250 2078 278 C.
2096 251 2166 279 1625

1233 308 1281 331 ses
1295 298 1397 337 studii,
1412 296 1503 330 sicuti
1519 301 1566 330 est
1582 297 1795 338 cancellarius,
1813 302 1843 330 et
1859 296 1967 331 sedulo
1983 311 2065 341 rusiam
2083 311 2167 332 univor-

1233 351 1372 393 invigilet
1385 360 1442 394 pro
1452 349 1536 383 bono
1550 349 1633 383 illius
1641 349 1804 392 regimine,
1815 355 1908 394 atque
1916 350 1970 383 ob·
1982 340 2051 359 ‘⁸²²¹’
2065 342 2158 364 ''³⁰¹⁶''

1233 404 1389 437 servantia
1413 402 1627 447 praesentium
1640 402 1882 443 ordinationum;
1901 413 1971 447 pos-

1233 457 1334 501 sitque
1359 461 1526 501 propterea
1549 466 1630 489 nova
1654 455 1747 489 etiam
1772 459 1886 490 statuta
1901 466 1972 491 con-

1233 511 1317 550 dere,
1344 521 1423 555 quae
1448 514 1552 544 tamen
1576 519 1638 543 non
1661 509 1750 554 prius
1774 509 1971 553 exequutioni

1233 564 1473 606 demandentur,
1499 573 1593 607 quam
1614 562 1730 596 fuerint
1753 572 1771 595 a
1794 562 1873 596 Sede
1889 563 1973 606 Apo-

1234 617 1343 650 stolica
1369 617 1531 660 recognita
1555 621 1648 660 atque
1671 614 1854 659 approbata.

1278 670 1313 702 ll.
1346 670 1439 703 Curet
1473 669 1556 702 idem
1588 678 1731 713 praeses,
1755 673 1790 701 ut
1819 667 1851 700 in
1873 678 1972 701 unum

1233 722 1417 765 redigantur
1441 721 1678 756 constitutiones
1695 720 1893 765 apostolicae,
1911 725 1973 753 sta-

1234 781 1300 808 tuta
1324 781 1354 809 et
1374 777 1549 820 scripturae
1566 785 1676 810 omnes
1693 775 1732 808 ad
1749 774 1887 808 studium
1905 783 1975 818 per-

1234 828 1377 868 tinentes,
1402 834 1433 862 et
1452 829 1484 861 in
1504 834 1625 862 certum
1644 828 1748 861 locum
1766 832 1926 870 tamquam
1943 826 1976 858 in

1235 881 1409 914 archivium
1433 881 1632 921 deserantur;
1664 886 1695 914 et
1725 881 1854 922 interea,
1875 879 1975 913 donec

1235 938 1436 966 construatur
1455 933 1610 967 eiusmodi
1632 934 1731 974 locus,
1755 943 1852 977 penes
1875 932 1977 966 archi-

1235 987 1346 1019 vistam
1364 987 1459 1019 studii
1476 987 1700 1020 custodiantur.
1718 987 1845 1020 Scribae
1861 990 1975 1028 autem,

1236 1049 1292 1072 seu
1315 1039 1430 1072 notarii
1455 1039 1549 1072 studii
1574 1049 1630 1072 sua
1652 1049 1716 1072 non
1747 1041 1977 1082 consequantur

1236 1093 1460 1134 emolumenta,
1484 1092 1544 1126 nisi
1568 1103 1625 1137 per
1648 1092 1754 1134 fidem,
1779 1091 1929 1125 revisoris
1948 1096 1978 1123 et

1238 1146 1425 1179 archivistae
1441 1156 1537 1179 manu
1556 1145 1783 1189 subsignatam,
1803 1143 1977 1185 docuerint,

1236 1200 1412 1243 scripturas
1436 1199 1474 1232 ab
1498 1199 1575 1243 ipsis
1594 1204 1721 1242 rogatas
1743 1209 1762 1231 a
1787 1197 1979 1231 revisoribus

1239 1253 1416 1296 recognitas
1428 1257 1458 1285 ct
1474 1253 1514 1285 ab
1531 1252 1700 1286 archivista
1716 1256 1858 1295 receptas
1874 1250 1979 1284 fuisse.

1283 1306 1332 1339 ΙΙΙ.
1347 1306 1381 1339 ln
1397 1306 1551 1339 lectorum
1569 1305 1732 1339 conductis
1747 1305 1808 1338 hoc
1824 1313 1906 1337 anno
1919 1313 1982 1337 ser-

1241 1365 1331 1393 vetur
1342 1360 1472 1393 omnino
1486 1359 1608 1394 rotulus
1624 1358 1675 1392 SS.
1693 1359 1726 1392 D.
1745 1358 1780 1391 N.
1798 1356 1981 1391 auctoritate

1240 1412 1408 1454 consectus,
1434 1412 1488 1456 qui
1512 1421 1596 1444 nunc
1615 1411 1846 1445 transmittitur:
1872 1409 1911 1443 de
1935 1420 1982 1443 ce-

1240 1471 1307 1498 tero
1343 1470 1446 1498 autem
1480 1465 1614 1498 lectores
1647 1463 1863 1497 conducantur
1897 1463 1983 1495 iuxta

1242 1520 1375 1552 sormam
1399 1518 1531 1563 interius
1554 1517 1807 1562 praescriptam,
1822 1515 1982 1549 videlicet:

1241 1571 1379 1614 Singulis
1410 1571 1499 1604 annis
1530 1571 1579 1604 die
1610 1570 1714 1614 prima
1739 1570 1827 1610 iulii,
1851 1569 1901 1602 vel
1924 1568 1984 1601 alia

1241 1625 1463 1665 commodiori,
1479 1624 1632 1669 praesidis
1656 1623 1787 1657 arbitrio
1807 1632 1984 1666 congrege-

1242 1685 1292 1712 tur
1309 1678 1341 1711 in
1357 1678 1429 1711 aula
1446 1677 1615 1721 episcopali
1632 1677 1801 1719 collegium
1817 1675 1984 1719 utriusque

1243 1732 1321 1764 iuris
1337 1731 1504 1765 doctorum
1522 1741 1629 1764 coram
1645 1730 1804 1774 episcopo,
1824 1739 1880 1762 seu
1901 1729 1985 1761 illius

1243 1785 1383 1829 generali
1407 1785 1535 1826 vicario,
1565 1789 1595 1817 et
1625 1783 1755 1817 secretis
1783 1783 1924 1816 omnium
1955 1787 1986 1815 et

1243 1839 1442 1882 singulorum
1459 1838 1626 1872 doctorum
1642 1837 1855 1881 praesentium
1873 1835 1986 1869 suffra-

1243 1893 1303 1936 giis
1336 1893 1492 1935 eligantur
1523 1896 1594 1925 octo
1623 1890 1768 1924 doctores
1790 1900 1827 1923 ex
1851 1898 1986 1933 corpore

1243 1946 1341 1990 ipsius
1359 1945 1493 1988 collegii,
1517 1944 1576 1977 hac
1600 1943 1738 1976 ratione:
1763 1942 1878 1985 singuli
1897 1941 1987 1975 colle-

1243 1999 1350 2041 giales,
1376 2003 1411 2031 ut
1434 2007 1531 2041 supra
1555 1995 1749 2039 congregati,
1771 1995 1910 2028 scribant
1932 2004 1988 2027 no-

1244 2063 1316 2085 men
1349 2056 1379 2086 et
1410 2061 1585 2094 cognomen
1617 2049 1755 2084 doctoris
1789 2048 1924 2091 eligendi
1955 2048 1987 2080 in

1245 2105 1403 2145 schedula,
1428 2114 1560 2147 eamque
1584 2114 1658 2136 mox
1682 2102 1901 2146 complicatam
1920 2100 1988 2133 inii-

1243 2158 1326 2190 ciant
1350 2158 1381 2190 in
1406 2168 1518 2190 urnam
1544 2156 1582 2189 ad
1601 2156 1662 2189 hoc
1689 2160 1840 2199 paratam.
1865 2153 1984 2187 Deinde

1245 2221 1302 2254 per
1322 2210 1478 2244 notarium
1503 2209 1626 2249 studii¹,
1644 2219 1661 2241 a
1680 2208 1813 2249 civitate,
1837 2212 1872 2240 ut
1887 2207 1985 2240 moris

1245 2269 1310 2305 est,
1336 2264 1481 2304 electum,
1501 2262 1667 2296 schedulae
1692 2271 1802 2295 omnes
1827 2260 1988 2303 sigillatim

1245 2317 1283 2349 ab
1306 2318 1387 2350 urna
1407 2316 1621 2356 extrahantur,
1638 2320 1730 2359 atque
1748 2315 1810 2347 alta
1823 2324 1899 2347 voce
1915 2324 1987 2358 per-

1245 2373 1400 2415 legantur,
1419 2376 1448 2404 et
1462 2371 1542 2404 sacta
1561 2369 1704 2404 omnium
1724 2368 1901 2409 collatione,
1920 2372 1990 2401 octo

1247 2426 1291 2458 illi
1316 2425 1472 2465 doctores,
1490 2425 1544 2469 qui
1560 2424 1712 2457 maiorem
1729 2427 1852 2466 partem
1879 2421 1992 2454 suffra-

1247 2479 1372 2522 giorum
1396 2478 1535 2519 tulerint,
1560 2477 1655 2510 etiam
1672 2476 1753 2509 infra
1769 2475 1932 2508 dimidiam
1949 2478 1992 2508 to·
2260 2482 2262 2498 ν

1246 2533 1307 2566 tius
1325 2531 1460 2574 collegii,
1474 2531 1563 2564 electi
1580 2534 1774 2564 censeantur.
1787 2528 1876 2568 Quod
1892 2528 1918 2561 si
1933 2528 1989 2571 qui

1246 2597 1283 2619 ex
1306 2585 1344 2618 iis
1366 2595 1476 2629 parem
1497 2594 1667 2618 numerum
1685 2581 1854 2616 habuerint
1877 2581 1992 2615 suffra-

1283 2650 1294 2677 1
1313 2648 1458 2684 Perperam
1471 2647 1536 2676 edit.
1551 2646 1631 2675 Μαίη.
1647 2646 1712 2682 legit
1726 2645 1830 2674 studiis
1846 2647 1883 2680 (n.
1895 2645 1943 2679 r.)e

2003 711 2006 715 ,
2039 684 2103 714 Quae,
2129 685 2162 705 siu

1988 716 2033 733 eius
2047 716 2119 732 munia

2017 1320 2048 1342 Ds
2057 1319 2173 1342 lectoribus
