2269 3235
109 248 163 275 An.
179 246 209 274 C.
225 245 295 275 1625

136 309 255 331 clausula..

158 1158 291 1180 obstantium

108 1186 226 1212 derogatio.

914 246 1056 271 URBANUS
1081 246 1138 270 VIII
1162 247 1209 271 ΙΨ.

350 292 406 337 ἓῧ.
425 293 608 327 Praesentes
620 305 746 338 quoquc
762 293 882 327 litteras
894 297 1046 337 perpetuo

307 346 433 388 validas,
448 347 557 380 firmas
574 353 604 380 et
621 348 762 381 efficaces
778 347 911 380 existere
925 351 955 379 et
968 346 1045 387 forc,

306 410 442 444 suosque
459 400 617 444 plenarios
634 406 665 434 ct
682 401 820 443 integros
833 399 963 433 effectus
984 409 1047 432 sor-

306 453 357 486 tiri
374 458 405 486 ct
422 453 573 495 obtinere,
590 464 714 487 necnon
734 454 819 486 clero
836 452 997 496 praedicto
1016 452 1047 485 in

306 506 452 540 omnibus
477 511 506 540 et
530 517 587 551 per
611 506 716 540 omnia
741 505 919 549 suffragari,
940 505 1047 549 sicque

305 570 362 604 per
387 570 603 604 quoscumque
619 559 737 593 iudices
756 559 932 593 ordinarios
953 565 983 592 ct
999 559 1049 592 de-

306 613 436 657 legatos,
462 613 553 646 etiam
571 623 737 646 causarum
758 612 866 656 palatii
882 612 1047 656 apostolici

305 665 474 707 auditores,
499 676 534 699 ac
551 665 690 699 eiusdem
708 665 738 698 S.
756 665 790 698 R.
809 665 841 698 E.
863 664 1047 706 cardinales,

306 720 400 753 etiam
424 719 462 753 de
486 720 582 752 latere
606 719 735 762 legatos,
761 723 791 751 et
812 718 900 752 Sedis
919 719 1048 762 Aposto-

306 773 384 806 licae
396 772 537 814 nuncios,
551 771 660 815 quavis
674 771 859 805 auctoritate
871 771 1046 814 fungentes,

306 825 437 859 iudicari
461 829 492 858 ct
514 824 640 858 definiri
661 825 785 865 debere;
810 835 846 858 ac
871 824 996 858 irritum
1017 829 1047 858 et

305 879 406 919 inane,
417 878 443 911 si
456 888 546 911 secus
560 888 655 922 super
669 878 718 911 his
729 888 746 911 a
756 888 925 922 quoquam,
939 878 1047 922 quavis

305 932 502 973 auctoritate,
522 932 657 966 scienter
674 932 722 965 vel
742 931 936 976 ignoranter,
953 932 1049 965 conti-

305 985 387 1030 gerit
410 985 566 1026 attentari‚
587 985 761 1030 apostolica
785 986 980 1027 auctoritate,
1008 990 1049 1021 te-

306 1049 383 1073 nore
406 1039 635 1084 praesentium,
669 1039 867 1073 decernimus
892 1044 922 1072 et
946 1039 1047 1073 decla-

305 1103 423 1126 ramus.

351 1147 366 1190 ‘g'
381 1146 411 1179 4.
429 1147 497 1180 Non
514 1145 711 1179 obstantibus
727 1145 1001 1179 constitutionibus
1019 1150 1048 1179 et

306 1199 557 1233 ordinationibus
570 1199 760 1243 apostolicis,
769 1209 892 1232 necnon
906 1199 1049 1232 ecclesia-

306 1264 378 1286 rum
401 1253 582 1286 huiusmodi
607 1253 714 1295 (etiam
732 1253 920 1293 iuramento,
937 1253 1049 1286 contir-

306 1306 444 1340 matione
452 1306 634 1351 apostolica,
646 1307 693 1339 vel
704 1306 812 1349 quavis
826 1305 974 1339 firmitate
987 1307 1048 1339 alia

305 1360 475 1403 roboratis)
498 1359 620 1392 statutis
633 1364 662 1392 et
677 1359 965 1400 consuetudinibus,
983 1360 1048 1403 pri-

306 1413 428 1456 vilegiis
452 1423 588 1456 quoque,
606 1413 734 1446 indultis
750 1418 779 1445 et
798 1412 910 1446 litteris
927 1419 1049 1457 aposto-

305 1466 374 1500 licis
390 1467 423 1499 in
438 1466 633 1499 contrarium
653 1466 904 1510 praemissorum
919 1477 1048 1510 quomo-

305 1520 423 1554 dolibet
439 1520 607 1561 concessis,
625 1519 819 1553 confirmatis
836 1525 866 1552 et
882 1520 1046 1553 innovatis.

305 1574 423 1614 Quibus
447 1573 594 1607 omnibus
610 1578 640 1606 et
657 1573 798 1616 singulis,
819 1573 945 1606 illorum
964 1577 1065 1607 temo-¹

305 1637 356 1660 res
380 1626 598 1671 praesentibus
622 1637 680 1670 pro
699 1627 789 1670 plene
810 1631 840 1659 et
857 1625 1048 1659 sufficienter

306 1679 462 1724 expressis
481 1690 517 1713 ac
535 1679 574 1712 ad
587 1679 718 1712 verbum
736 1679 862 1712 insertis
886 1679 1046 1720 habentes,

305 1734 367 1767 illis
390 1733 466 1766 alias
491 1732 522 1765 in
547 1743 604 1765 suo
628 1732 744 1766 robore
763 1732 991 1776 permansuris,
1009 1733 1047 1765 ad

306 1786 555 1831 praemissorum
567 1785 712 1819 effectum
727 1786 786 1819 hac
803 1785 870 1819 vice
887 1785 1047 1819 dumtaxat

307 1840 485 1885 specialiter
509 1845 539 1873 et
563 1850 712 1884 expresse
736 1840 937 1883 derogamus,
963 1846 1046 1874 cete-

306 1893 413 1937 risque
432 1893 598 1927 contrariis
621 1893 883 1937 quibuscumque.

350 1948 464 1981 Datum
487 1947 623 1988 Romae,
651 1946 734 1991 apud
759 1946 788 1980 S.
812 1948 939 1980 Petrum
954 1975 961 1989 ‚
990 1947 1047 1981 sub

306 2002 422 2034 annulo
441 2001 618 2042 piscatoris,
643 2001 693 2034 die
717 2012 759 2035 xx
782 2001 887 2035 martii
904 2011 1045 2044 Mocxxv,

306 2055 504 2099 pontificatus
527 2055 627 2089 nostri
650 2065 731 2089 anno
748 2065 780 2089 11.

343 2117 402 2146 Dat.
419 2117 463 2146 die
482 2117 516 2145 20
535 2117 625 2145 martii
647 2118 725 2152 1625,
746 2118 840 2154 pontif.
862 2126 906 2146 an.
927 2126 957 2146 11.

598 2252 752 2286 CXXVIII.

312 2322 505 2358 Adhortatio
529 2324 571 2358 ad
589 2324 812 2369 patriarchas,
835 2324 1048 2368 archiepisco-

354 2386 411 2420 pos
427 2381 456 2409 et
472 2377 641 2421 episcopos,
654 2382 690 2411 ut
704 2378 769 2421 ipsi
782 2381 809 2410 et
824 2377 1048 2420 christifideles

357 2440 474 2470 omnes,
501 2430 590 2463 bonis
614 2432 763 2476 operibus
788 2432 917 2471 mimici,
945 2432 1047 2464 Deum

354 2493 414 2527 pro
430 2493 509 2526 pace
525 2487 554 2516 et
566 2484 734 2517 concordia
751 2485 837 2517 inter
853 2485 1049 2517 christianos

353 2535 518 2580 principes
538 2535 733 2578 inducenda,
753 2541 781 2570 et
801 2538 978 2570 christiani
991 2548 1048 2581 po-

356 2588 432 2633 puli
454 2588 678 2622 incolumitate
697 2590 895 2634 assequenda
917 2591 1050 2633 efficaci-

359 2642 416 2674 bus
436 2641 583 2685 precibus
608 2647 747 2675 eoeorent.

396 2703 476 2732 Bull.
496 2703 579 2732 Rom.
600 2719 633 2725 -
652 2705 710 2732 Vol.
726 2705 808 2733 XIII.
954 2705 987 2732 39

1726 236 1791 271 305
1837 246 2020 274 An.c.1625

1277 295 1413 322 Urbanus
1443 295 1521 329 Papa
1540 294 1617 329 vm,

1286 343 1477 371 venerabiles
1490 344 1614 378 tratres,

1119 388 1249 415 salutem
1270 391 1301 415 et
1321 389 1516 422 apostolicam
1535 387 1785 416 benedictionem.

1126 454 1141 496 g
1166 454 1194 486 ’1.
1219 454 1368 487 Tonitrua
1385 455 1511 488 ultionis
1528 455 1757 499 Omnipotentis
1774 465 1824 488 cx·
1863 466 1966 487 Bonorum
1987 468 2022 487 ω-

1082 510 1201 538 tcrrent
1218 506 1388 550 Europam,
1402 513 1432 540 et
1448 508 1572 541 furente
1592 508 1821 542 discordiarum
1837 494 1965 546 {Z'ffffipe‘
1980 492 2022 514 Eu'

1081 558 1205 592 turbine
1217 560 1649 595 concutiunturfundamenta
1664 561 1751 595 orbis
1764 566 1824 594 ter-

1082 622 1199 644 rarum.
1225 611 1423 655 Consurgunt
1447 613 1605 657 principes
1623 614 1822 657 indignantes

1081 665 1119 697 de
1146 665 1232 698 soliis
1257 666 1331 705 suis,
1357 671 1386 698 et
1410 666 1553 699 nationes
1578 667 1723 700 ardentes
1748 667 1822 702 odio

1081 718 1189 751 sitiunt
1213 719 1399 762 sanguinem
1424 725 1454 752 et
1477 720 1516 752 ad
1535 731 1623 753 arma
1640 726 1820 764 properant.

1081 773 1208 805 Armata
1229 772 1378 815 haeresis,
1397 772 1578 806 existimans
1595 773 1746 807 abscondi
1760 785 1823 807 non

1080 836 1171 869 posse
1181 831 1382 870 acceptarum
1397 826 1532 859 cladium
1545 827 1750 870 ignominiam
1764 828 1824 860 nisi

1081 878 1112 911 in
1138 879 1329 923 templorum
1353 879 1526 920 incendiis,
1558 890 1621 913 non
1651 880 1768 924 patitur
1791 880 1824 912 in

1081 932 1248 965 Germania
1261 932 1485 977 conquiescere
1505 932 1701 976 religionem,
1715 943 1824 977 quam-

1082 985 1127 1018 vis
1152 985 1335 1019 clarissimis
1361 986 1435 1019 viris
1459 986 1716 1031 triumphantem,
1736 986 1824 1030 quin-

1082 1039 1179 1073 immo
1197 1045 1356 1074 ostentans
1372 1041 1455 1074 saces
1473 1041 1623 1083 exitiales,
1648 1045 1677 1073 et
1701 1045 1823 1074 remota

1082 1103 1245 1127 accersens
1269 1094 1403 1137 auxilia,
1435 1099 1634 1138 tempestates
1659 1094 1824 1127 saevientis

1082 1147 1190 1180 oceani
1214 1146 1382 1181 Romano¹
1405 1147 1540 1191 Imperio
1558 1147 1729 1181 minitatur.
1755 1147 1824 1180 Bel-

1082 1200 1168 1243 gium
1183 1200 1340 1234 diuturnis
1352 1201 1442 1234 bellis
1456 1205 1611 1242 vexatum,
1628 1206 1661 1234 ut
1678 1201 1823 1234 intestina

1082 1253 1210 1286 dissidia
1234 1255 1389 1295 coerceat,
1412 1264 1475 1287 non
1499 1258 1601 1298 potest
1624 1254 1755 1298 propria
1779 1254 1824 1286 vi-

1082 1318 1170 1340 scera
1194 1317 1257 1340 non
1281 1308 1408 1350 laniare,
1435 1318 1608 1352 eorumque
1632 1308 1824 1351 populorum

1082 1361 1338 1402 internecionem,
1363 1372 1442 1405 quos
1460 1362 1552 1395 vellet
1575 1366 1706 1405 paterno
1722 1365 1824 1405 patro-

1082 1414 1164 1448 cinio
1189 1415 1291 1455 tueri,
1317 1415 1441 1458 cogitur
1465 1415 1623 1459 appellare
1647 1415 1821 1448 victoriam.

1126 1468 1140 1511 g
1166 1468 1194 1500 2.
1220 1469 1303 1501 Haec
1326 1468 1415 1512 regio
1439 1468 1525 1512 pacis
1542 1473 1571 1501 et
1588 1468 1750 1511 religionis
1767 1478 1823 1501 arx

1082 1521 1177 1560 ltalia⁷
1195 1532 1275 1564 quae
1291 1527 1470 1554 exterarum
1490 1521 1725 1565 provinciarum
1742 1521 1823 1554 cala-

1082 1574 1206 1607 mitates
1230 1574 1412 1607 misericors
1437 1575 1605 1618 spectatrix
1630 1574 1824 1607 lamentaba-

1081 1630 1141 1667 tur,
1160 1627 1195 1659 fit
1211 1628 1268 1659 hac
1283 1631 1465 1671 tempestate
1480 1638 1609 1671 campus
1623 1627 1822 1669 seditionum,

1081 1686 1111 1713 et
1127 1691 1163 1713 ea
1180 1680 1336 1714 bellorum
1358 1680 1501 1713 incendia
1518 1681 1549 1713 in
1566 1680 1741 1720 Valtellina,
1758 1680 1825 1712 tini-

1082 1734 1228 1777 timisque
1245 1734 1430 1777 regionibus
1458 1734 1546 1767 timet
1571 1733 1717 1776 excitari,
1743 1744 1824 1776 quae

1080 1788 1205 1821 nonnisi
1229 1788 1370 1831 gentium
1388 1788 1515 1831 sanguis
1532 1793 1562 1820 et
1590 1787 1823 1831 principatuum

1081 1851 1170 1874 casus
1194 1841 1364 1884 extinguat.

1126 1896 1140 1938 ἓ
1163 1894 1193 1928 3.
1219 1895 1397 1928 Periculum
1422 1900 1527 1927 autem
1552 1900 1607 1935 cst,
1627 1905 1676 1937 nc,
1694 1894 1752 1928 hac
1772 1905 1822 1927 ar-

1080 1949 1170 1992 repta
1182 1948 1355 1988 occasione,
1366 1947 1551 1992 pestiferum
1561 1947 1728 1980 haeresum
1737 1947 1822 1980 virus

1081 2002 1172 2034 latius
1189 2012 1221 2034 se
1239 2001 1401 2042 diffundat,
1419 2005 1449 2034 et
1465 2001 1644 2034 animorum
1658 2000 1824 2033 sanitatem

1081 2060 1265 2099 corrumpat
1276 2055 1463 2098 contagione
1477 2054 1655 2099 impietatis.
1670 2054 1824 2094 Quocum-

1081 2119 1142 2153 que
1166 2108 1249 2142 enim
1274 2108 1380 2142 animo
1400 2108 1519 2141 bellum
1539 2107 1620 2141 inter
1637 2106 1824 2141 christianos

1910 696 1924 714 0

1857 1476 1886 1495 Ac
1895 1481 1932 1501 per
1941 1475 2022 1495 ltaliam

1838 1502 1941 1528 deplorat.

1864 1901 1924 1922 Unde
1940 1901 2023 1926 pericu-

1837 1929 1879 1949 lum
1888 1931 1926 1950 est,
1935 1934 1959 1948 ns
1971 1928 2022 1948 hae-

1838 1956 1891 2003 {st-is
1919 1955 2022 1975 diffunda-

1063 2162 1240 2206 iprincipes
1265 2166 1403 2205 geratur,
1427 2171 1490 2194 non
1513 2165 1617 2204 potest
1643 2161 1731 2193 tanta
1755 2171 1823 2194 mo-

1082 2216 1242 2249 deratione
1270 2214 1498 2255 administrari,
1530 2214 1605 2258 quin
1636 2214 1824 2258 plerumque

1082 2268 1259 2312 triumphos
1284 2267 1396 2301 sceleri
1420 2268 1507 2308 ferat,
1527 2271 1556 2300 et
1572 2266 1737 2309 naufragia
1754 2266 1825 2299 reli-

1082 2321 1177 2365 gioni.
1194 2322 1259 2354 Iam
1272 2331 1346 2354 vero
1360 2320 1494 2354 audaces
1508 2320 1579 2353 illae
1591 2319 1825 2353 haereticorum

1084 2374 1294 2408 minitantium
1320 2384 1412 2407 voces
1437 2372 1538 2406 audiri
1564 2373 1630 2405 sinc
1654 2372 1825 2417 lachrymis

1082 2439 1144 2462 non
1169 2432 1315 2472 possunt.
1342 2427 1395 2471 qui
1420 2427 1549 2471 impiam
1573 2437 1699 2459 causam
1724 2426 1826 2460 desen-

1083 2482 1157 2515 derc
1182 2492 1213 2513 se
1238 2491 1330 2525 posse
1355 2480 1532 2523 gloriantur
1548 2480 1669 2513 framea
1690 2480 1745 2513 Dei
1770 2490 1826 2513 no-

1083 2535 1150 2575 stri,
1175 2535 1263 2576 idest⁷
1289 2534 1429 2578 potentia
1452 2533 1630 2577 principum
1655 2534 1825 2568 catholico-

1083 2600 1163 2622 rum.
1188 2589 1295 2631 Neque
1313 2588 1413 2621 solum
1439 2587 1516 2620 haec
1537 2587 1729 2621 aestimanda
1754 2593 1823 2620 sunt

1120 2653 1130 2678 1
1150 2650 1220 2678 Edit.
1237 2649 1315 2678 Μαίη,
1333 2649 1397 2685 legit
1412 2650 1535 2679 Romani
1548 2651 1586 2685 (R.
1602 2650 1651 2684 τ.).
