2269 3235
227 311 275 338 An.
293 311 322 337 c.
343 309 413 337 1625
458 301 523 334 ΒΜ

424 359 508 391 ilices
533 357 707 391 ordinarios
732 362 758 389 ct
785 355 959 397 delegatos,
981 356 1073 388 etiam
1094 366 1166 388 cau-

425 422 529 444 sarum
546 410 650 455 palatii
668 409 830 453 apostolici
848 409 1016 450 auditoreS,
1033 409 1165 442 iudicari

425 470 453 496 et
473 464 596 497 deliniri
621 463 753 505 debere,
785 474 820 495 ac
852 462 976 495 irritum
1002 467 1031 495 et
1062 463 1164 504 inane,

425 517 449 549 si
467 528 556 549 secus
576 527 670 560 super
691 517 740 549 liis
759 528 776 549 a
797 527 968 560 quoquam,
986 516 1095 560 quavis
1114 527 1165 549 au-

425 570 577 610 ctoritate,
603 570 738 603 scienter
770 570 817 603 vel
843 570 1040 613 ignoranter,
1066 570 1163 604 conti-

425 623 505 666 g‘erit
522 623 675 657 attentari.

469 677 483 719 ἓ
516 676 544 709 5.
583 678 649 710 Non
679 677 875 710 obstantibus
906 677 1104 720 praemissis,
1129 687 1164 709 ac

425 729 572 762 omnibus
598 730 668 771 illis,
693 740 772 774 quae
793 730 824 762 in
847 730 959 763 litteris
984 730 1164 763 huiusmodi

425 793 573 816 concessa
586 788 657 816 sunt
673 793 735 816 non
749 784 883 826 obstare,
902 784 1076 827 ceterisque
1095 793 1166 816 con-

425 836 529 869 trariis
554 836 813 881 quibuscumque.

468 891 579 923 Datum
598 891 724 931 Romae,
738 891 819 934 apud
837 892 865 923 S.
884 891 1021 931 Petrum,
1039 891 1097 922 sub
1115 900 1166 922 an-

423 944 499 977 nulo
513 944 690 986 piscatoris,
704 944 753 977 die
767 954 831 977 xvu
846 944 919 976 maii
937 953 1075 983 uncxxV,
1092 953 1167 986 pon-

426 998 560 1032 tificatus
580 1000 677 1033 nostri
703 1009 784 1032 anno
809 1010 840 1032 11.

461 1060 518 1088 Dat.
536 1061 580 1088 die
602 1062 632 1088 17
650 1061 712 1088 maii
728 1061 806 1095 1625,
823 1062 920 1097 pontif.
937 1070 1007 1090 anno
1026 1068 1055 1088 ιι.

295 691 409 721 Derogatio

226 721 388 740 contrariorum.

717 1178 881 1212 CXXXVII.

426 1250 593 1283 Statuitur
613 1249 812 1293 presbyteros
845 1250 1112 1293 Conqreyatiom's
1136 1250 1165 1283 S.

471 1302 608 1335 Ioannis
632 1303 691 1335 Dei
711 1313 777 1335 non
790 1313 882 1346 posse
898 1303 1076 1336 missarum
1089 1303 1167 1336 clee-

469 1367 639 1410 mosynam
661 1357 834 1400 percipere,
862 1367 918 1389 nec
942 1356 985 1390 ad
1002 1357 1167 1400 praelatu-

469 1420 523 1443 ras
545 1410 738 1454 promoveri,
761 1410 969 1453 praemiisque
989 1414 1115 1443 tantum
1135 1421 1166 1444 e-

469 1463 718 1496 xaminatorum
744 1463 861 1496 litteris
895 1463 1167 1496 testimonialibus

469 1516 512 1549 ad
524 1527 642 1563 ‘sacros
661 1516 799 1550 Ordines
818 1527 882 1550 esse
904 1516 1163 1561 promovendos¹.

630 1589 765 1616 Urbanus
786 1589 864 1623 Papa
883 1589 961 1623 VIII,

476 1605 511 1634 λ
546 1635 581 1660 ad
597 1636 770 1667 perpetuam
789 1633 833 1661 rei
853 1632 1036 1660 memoriam.

257 1706 397 1726 Prooemium.

471 1695 703 1739 Circumspecta
728 1696 859 1729 Romani
884 1695 1043 1729 Pontificis
1067 1696 1169 1740 provi-

428 1748 532 1782 dentia
560 1759 596 1781 ea
616 1749 784 1790 interdum,
809 1760 889 1793 quae
908 1760 925 1782 a
945 1750 1024 1783 Sede
1040 1750 1169 1793 Aposto-

428 1801 488 1835 lica
513 1812 660 1835 concessa
676 1808 705 1835 ct
722 1803 838 1835 sancita
855 1808 936 1843 sunt,
954 1803 1020 1847 ipsa
1037 1803 1168 1835 subinde

429 1865 536 1888 rerum
561 1856 753 1899 experientia
786 1856 956 1897 suadente,
981 1857 1168 1900 praesertim

429 1919 499 1941 cum
524 1909 606 1942 felici
630 1920 837 1953 personarum
863 1910 920 1942 sub
936 1910 1022 1942 suavi
1040 1909 1168 1952 religio-

428 1962 476 1995 nis
501 1962 574 2006 iugo
598 1963 758 1996 Altissimo
787 1963 1027 2004 famulantium,
1053 1963 1167 2004 statui,

428 2016 645 2059 regularisque
670 2016 887 2050 observantiae
905 2017 1099 2049 incremento
1117 2027 1168 2060 op-

426 2075 561 2112 portune
573 2069 756 2112 consulitur,
772 2075 865 2113 atque
878 2069 1168 2103 inconvenientibus

428 2122 552 2157 obviam
578 2123 650 2164 itur,
675 2124 785 2156 alterat
809 2128 839 2156 et
863 2124 1024 2165 immutat,
1049 2123 1080 2156 in
1105 2124 1168 2157 his-

428 2187 488 2220 que
513 2176 731 2225 sollicitudinis
744 2182 774 2210 et
788 2177 1004 2221 providentiae
1018 2188 1092 2210 suae
1109 2182 1170 2210 stu-

428 2230 513 2263 dium
539 2230 751 2263 favorabiliter
776 2231 958 2275 interponit,
981 2235 1078 2275 prout
1102 2241 1171 2264 con-

430 2284 519 2327 spicit
543 2284 574 2316 in
599 2284 730 2318 Domino
755 2284 925 2317 salubriter
949 2284 1105 2328 expedire.

239 2348 415 2393 ‚.,1'⁰1‘¹¹¹⁰‘35†¹¹3
475 2338 498 2381 ἓ.
524 2338 553 2371 «l.
579 2338 654 2372 Cum
680 2338 798 2382 itaque,
824 2338 904 2372 sicut
928 2338 1060 2372 dilectus
1087 2339 1170 2371 filius

232 2380 326 2420 ἶ-ἕὲἷυῗηθ
349 2379 417 2419 τιιῗνὲι
431 2392 559 2424 Cosmus
594 2392 705 2425 Garzia
740 2392 873 2425 fratrum
911 2392 1171 2436 Congregationis

233 2427 360 2452 prosu—»tori«
387 2433 416 2446 in·

233 2445 554 2505 ὲιὲιὲιιιιὲιθρωιέᾷῖΙοᾶηῃίε
584 2445 637 2478 Dei
669 2445 725 2479 sub
756 2446 866 2489 regula
892 2446 921 2479 S.
951 2446 1116 2489 Augustini
1140 2445 1171 2478 in

233 2505 323 2553 fissffiai'i'}
335 2506 417 2558 11:333
431 2500 537 2542 regnis
562 2500 785 2545 Hispaniarum
803 2506 992 2544 procurator
1009 2499 1100 2533 nobis
1119 2510 1171 2532 nu-

233 2560 302 2583 wenm
433 2563 488 2596 per
512 2554 625 2597 exponi
643 2554 723 2594 fecit,
737 2554 768 2586 in
786 2554 922 2598 quodam
940 2553 1079 2587 eiusdem
1096 2553 1173 2588 Con-

432 2607 624 2650 gregationis
648 2608 783 2652 capitulo
809 2608 989 2642 ordinatum
1014 2607 1117 2649 suerit,
1138 2612 1172 2640 ut

432 2660 562 2703 quilibet
587 2661 727 2694 eiusdem
744 2662 1005 2705 Congregationis
1026 2660 1172 2694 sacerdos

468 2726 478 2751 t
502 2723 538 2752 Ex
560 2724 666 2760 Regest.
688 2725 714 2752 in
734 2724 835 2752 Secret.
857 2724 932 2753 Brevi

1009 308 1187 332 BULLARIUM
1212 307 1364 332 ROMANUM

1952 303 2001 333 A'n.
2018 305 2047 333 C.
2068 301 2135 334 1625

1198 356 1275 388 duas
1300 355 1409 387 missas
1433 354 1470 386 ad
1496 353 1544 387 sui
1568 353 1690 387 libitum
1709 353 1839 396 singulis
1863 354 1938 387 heb-

1198 408 1340 442 domadis
1365 407 1534 449 celebrare,
1561 406 1855 451 eleemosynamque
1879 406 1937 440 sibi

1199 467 1367 506 propterea
1392 461 1495 494 datam
1521 461 1702 504 percipere,
1727 464 1757 493 et
1780 459 1818 492 de
1847 462 1883 494 ea
1907 460 1938 492 in

1199 526 1271 549 suos
1295 526 1370 548 usus
1394 515 1561 559 disponere
1586 514 1694 555 valcat,
1712 512 1868 547 ordinatio
1888 523 1939 546 au-

1200 574 1260 602 tem
1286 568 1443 613 praedicta
1463 579 1525 601 non
1551 578 1662 611 parum
1687 566 1788 600 eidem
1806 566 1939 609 Congre-

1198 622 1315 665 gationi
1340 622 1449 655 obesse
1466 621 1684 664 dignoscatur:
1705 620 1797 653 nobis
1813 624 1939 664 propte·
1987 659 1990 662 ⁴
2014 632 2136 666 quod-cum

1198 687 1252 709 rea
1276 676 1376 710 dietus
1390 676 1520 709 Cosmus
1533 674 1718 708 eorumdem
1738 674 1869 706 fratrum
1887 683 1939 706 no·
1954 659 2135 706 iffi-..iofflifflit

1199 729 1283 762 mine
1304 729 1466 762 humiliter
1491 728 1660 773 supplicari
1681 727 1761 768 fecit,
1786 731 1821 760 ut
1845 738 1938 771 super

1198 782 1379 826 praemissis
1404 786 1433 816 ct
1457 782 1532 815 alias
1556 792 1710 826 prospero
1738 781 1836 825 ipsius
1860 780 1939 814 Con—

1199 836 1392 878 greg-ationis
1417 835 1563 878 regimini
1597 834 1763 879 providere
1788 834 1825 867 de
1849 833 1938 867 beni-

1199 888 1315 931 gnitate
1339 888 1508 931 aposlolica
1533 888 1747 931 dignaremur.

1244 942 1258 983 ἓ
1283 941 1311 973 ⁶2.
1338 941 1400 974 Nos
1418 941 1523 983 igitur,
1544 941 1604 985 piis
1624 941 1728 975 Cosmi
1752 946 1782 974 et
1806 941 1939 974 fratrum

1199 994 1434 1038 praedictorum
1450 994 1539 1036 votis,
1553 999 1705 1037 quantum
1718 1005 1790 1027 cum
1806 993 1939 1027 Domino

1200 1057 1388 1090 possumus,
1413 1057 1569 1087 annuere,
1595 1047 1728 1091 illosque
1752 1040 1940 1091 specialibus

1200 1101 1360 1134 favoribus
1385 1106 1415 1133 ct
1438 1100 1547 1144 gratiis
1571 1100 1721 1144 prosequi
1745 1100 1894 1142 volentes,
1912 1104 1941 1133 et

1199 1164 1217 1186 a
1241 1153 1402 1197 quibusvis
1433 1153 1780 1194 excommunicationis,
1805 1162 1938 1197 suspen-

1200 1207 1295 1242 sionis
1320 1211 1349 1242 ct
1373 1208 1542 1249 interdicti,
1567 1208 1698 1252 aliisque
1723 1206 1942 1242 ecclesiasticis

1200 1262 1371 1303 sententiis,
1397 1263 1538 1295 censuris
1562 1267 1592 1296 et
1615 1262 1735 1306 poenis,
1759 1271 1777 1294 a
1801 1260 1870 1294 iure
1893 1261 1940 1294 vel

1200 1316 1238 1348 ab
1262 1316 1406 1358 homine,
1436 1316 1545 1360 quavis
1577 1315 1742 1349 occasione
1775 1315 1823 1348 vel
1848 1316 1941 1348 causa

1200 1370 1279 1412 latis,
1306 1370 1330 1403 si
1355 1370 1469 1414 quibus
1490 1369 1727 1414 quomodolibet
1750 1368 1889 1402 innodati
1913 1379 1941 1401 e-

1201 1424 1328 1464 xistunt,
1353 1423 1391 1456 ad
1417 1423 1562 1457 effectum
1586 1422 1799 1467 praesentium
1824 1421 1942 1455 dumta-

1202 1483 1252 1510 xat
1276 1477 1553 1520 consequendum,
1586 1477 1699 1510 harum
1730 1475 1811 1509 serie
1839 1475 1941 1508 absol-

1201 1534 1307 1565 ventes
1331 1535 1362 1563 et
1385 1530 1545 1564 absolutos
1562 1530 1629 1563 fore
1645 1534 1817 1570 censentes,
1838 1528 1943 1562 huius-

1202 1583 1287 1616 modi
1320 1583 1601 1628 supplicationibus
1634 1583 1790 1625 inclinati‚
1816 1581 1942 1616 ordina-

1201 1638 1319 1671 tionem
1343 1637 1547 1681 praedictam,
1572 1648 1617 1680 ac,
1643 1642 1738 1681 prout
1761 1636 1847 1669 illam
1872 1645 1944 1669 con-

1202 1697 1352 1733 cernunt,
1385 1691 1490 1725 omnia
1515 1696 1544 1724 et
1569 1691 1692 1734 singula
1722 1690 1753 1723 in
1778 1689 1943 1734 scripturis

1202 1745 1338 1789 desuper
1363 1745 1513 1778 confectis
1531 1748 1685 1784 contenta,
1703 1743 1876 1788 apostolica
1893 1754 1944 1776 au-

1202 1798 1355 1839 ctoritate,
1371 1802 1477 1832 tenore
1491 1798 1715 1841 praesentium,
1731 1801 1886 1841 perpetuo
1900 1807 1945 1829 re-

1203 1863 1360 1893 vocamus,
1385 1862 1552 1893 cassamus,
1578 1851 1770 1894 abrogamus
1790 1855 1820 1883 et
1839 1850 1945 1883 annul-

1202 1907 1314 1947 lamus,
1340 1906 1523 1949 viribusque
1541 1911 1570 1939 et
1596 1905 1708 1939 effectu
1724 1915 1856 1948 prorsus
1873 1914 1944 1937 eva-

1203 1970 1341 1993 cuamus.

1248 2014 1262 2056 §
1286 2012 1315 2045 3.
1342 2013 1474 2058 Insuper
1506 2013 1669 2054 volumus,
1693 2023 1728 2045 ac
1760 2011 1944 2045 auctoritate
1960 2016 2143 2070 magsffiffiffmffi

1203 2072 1233 2099 et
1256 2072 1365 2099 tenore
1382 2066 1550 2110 praedictis
1573 2066 1747 2106 statuimus,
1765 2064 1849 2108 quod
1866 2064 1945 2097 eius·
1966 2067 2135 2090 ordinationibus

1203 2119 1274 2151 dem
1299 2119 1559 2162 Congregationis
1584 2118 1762 2152 sacerdotes
1786 2117 1943 2161 praelatu·
1959 2094 2144 2149 'ggffflssffi‘ffffffi

1204 2184 1254 2206 ras
1279 2173 1310 2205 in
1340 2173 1422 2206 dieta
1453 2173 1702 2216 Congregatione
1733 2171 1819 2204 nullo
1851 2170 1945 2204 modo
1961 2150 2058 2172 'amum'

1204 2227 1346 2260 obtinere
1371 2227 1501 2271 possint,
1519 2232 1549 2260 et
1569 2227 1613 2259 illi
1638 2226 1700 2259 duo
1725 2236 1784 2269 pro
1809 2224 1945 2269 qualibet

1204 2281 1342 2324 regulari
1359 2281 1454 2314 domo
1472 2291 1507 2314 ex
1527 2280 1679 2313 fructibus
1696 2279 1796 2313 dictae
1812 2279 1947 2322 Congre-

1205 2335 1355 2379 gationis,
1381 2335 1434 2379 qui
1459 2345 1518 2379 pro
1550 2332 1821 2367 sacramentorum
1846 2333 1945 2366 eccle-

1205 2389 1403 2422 siasticorum
1428 2388 1699 2421 administratione
1725 2387 1762 2420 ad
1787 2397 1893 2420 sacros
1918 2398 1947 2420 e-

1205 2442 1278 2475 tiam
1300 2442 1538 2486 presbyteratus
1555 2441 1681 2474 ordines
1702 2440 1810 2483 vigore
1827 2440 1946 2472 littera-

1205 2506 1276 2528 rum
1301 2495 1398 2528 felicis
1429 2494 1656 2528 recordationis
1688 2493 1774 2527 Pauli
1799 2494 1899 2537 Papae
1925 2492 1946 2524 V

1206 2548 1460 2593 praedecessoris
1470 2548 1568 2582 nostri
1579 2548 1714 2592 desuper
1731 2551 1946 2580 emanatarum

1207 2603 1417 2648 promovendi
1442 2603 1541 2644 sunt⁴,
1567 2602 1604 2636 ad
1622 2603 1748 2636 eosdem
1766 2600 1892 2635 ordines
1909 2600 1946 2633 de

1967 978 1970 981 Ι
2000 950 2096 971 Urbanus
2112 951 2138 971 ir-

1955 980 2010 999 ruat

1243 2678 1252 2703 1
1272 2677 1344 2709 Quas
1359 2675 1444 2704 habes
1455 2676 1481 2703 in
1494 2680 1557 2705 toni.
1570 2682 1616 2710 xu,
1633 2683 1692 2710 pag.
1706 2675 1721 2702 3
1732 2682 1820 2709 seqq.;
1835 2673 1894 2700 vide
1908 2672 1947 2708 §9

1206 2724 1242 2757 (n.
1264 2723 1310 2757 T.).
