2269 3235
923 303 1022 330 INDEX
1042 302 1194 327 INITIALIS

291 360 436 395 Eximius
455 361 630 394 maiestatis
645 362 717 393 tuae
733 357 940 399 orthodoxae,
955 357 1029 390 493.

291 413 435 447 Eximius
453 414 626 446 maiestatis
647 416 718 446 tuae
735 410 938 452 orthodoxae,
956 410 1030 443 496.

291 466 338 500 Ex
353 468 486 500 iniuncti
504 465 594 499 nobis
608 465 773 509 apostolici
787 465 938 505 muneris,
956 463 1030 495 669.

292 520 337 553 Ex
362 521 496 553 iniuncti
521 519 612 552 nohis
636 518 785 562 desuper,
811 517 885 550 393.

290 572 337 606 Ex
361 574 502 606 inluncto
527 571 619 605 nohis
643 571 794 615 desuper,
820 570 873 603 53.

291 624 339 658 Ex
364 626 507 659 iniuncto
532 624 622 658 nobis
647 624 801 667 desuper,
827 623 879 656 80.

291 678 339 712 Ex
363 680 505 712 inluneto
525 678 616 712 nobis
638 678 787 721 desuper,
812 677 886 710 461.

291 731 416 775 Exponi
441 731 532 765 nobis
557 740 659 774 nuper
683 731 842 771 fecerunt,
868 729 942 763 386.

292 784 417 828 Exponi
441 784 533 818 nobis
557 793 659 827 nuper
683 784 842 825 iecerunt,
869 782 942 815 420.

290 836 416 880 Exponi
440 836 532 870 nobis
556 846 660 880 nuper
683 837 843 878 fecerunt,
869 835 943 869 466.

290 889 415 933 Exponi
439 889 532 924 nobis
558 899 661 934 nuper
685 890 842 931 fecerunt,
868 888 942 922 467.

289 942 415 987 Exponi
439 944 531 978 nobis
556 954 659 988 nuper
683 945 841 985 fecerunt,
868 943 942 976 568.

290 996 415 1041 Exponi
439 997 530 1031 nobis
550 1004 652 1041 nuper
675 998 827 1038 fecerunt,
851 996 925 1030 642.

290 1051 416 1094 Exponi
440 1050 533 1086 nobis
558 1061 660 1095 nuper
683 1052 843 1092 fecerunt,
869 1051 943 1082 677.

290 1104 415 1147 Exponi
440 1104 530 1139 nobis
555 1114 658 1148 nuper
681 1105 796 1143 fecisti,
824 1103 898 1137 240.

291 1156 417 1200 Exponi
431 1157 523 1191 nobis
531 1167 634 1200 nuper
643 1157 942 1197 fecitcharissimus,
955 1155 1029 1188 182.

289 1209 415 1254 Exponi
439 1210 531 1244 nobis
551 1220 653 1254 nuper
677 1211 752 1244 fecit
776 1209 930 1251 dilectus,
956 1208 1030 1242 142.

290 1263 415 1307 Exponi
440 1263 532 1298 nohis
556 1273 659 1308 nuper
680 1264 764 1305 feeit,
790 1263 864 1296 233.

289 1316 416 1360 Exponi
440 1317 532 1351 nobis
557 1327 659 1361 nuper
683 1317 775 1358 fecit,
793 1317 868 1350 363.

290 1370 415 1414 Exponi
440 1370 531 1405 nobis
557 1381 661 1415 nuper
684 1371 774 1413 feeit,
801 1371 875 1404 383.

290 1423 414 1467 Exponi
438 1423 530 1457 nobis
555 1434 658 1468 nuper
683 1424 775 1465 feeit,
801 1424 876 1457 457.

289 1476 413 1520 Exponi
428 1477 519 1512 nobis
533 1487 635 1521 nuper
648 1478 722 1511 fecit
734 1476 938 1518 venerabilis,
956 1476 1030 1510 537.

289 1530 414 1574 Exponi
429 1529 520 1564 nobis
533 1540 636 1575 nuper
650 1531 724 1564 fecit
738 1529 941 1572 venerabilis,
957 1529 1030 1563 591.

290 1582 476 1627 Expositum
497 1582 588 1617 nobis
613 1593 716 1628 nuper
739 1583 807 1626 suit,
833 1583 906 1616 523.

646 1688 669 1723 F

289 1796 386 1831 Felici
409 1806 446 1831 ae
469 1806 622 1842 prospero
647 1797 842 1839 monasterii,
868 1797 942 1830 509.

646 1903 675 1937 H

288 2009 391 2044 Hodie
417 2019 472 2053 pro
490 2013 578 2053 parte
595 2009 782 2043 dilectorum
796 2009 943 2052 filiorum,
955 2010 1029 2043 570.

289 2063 454 2097 Humanae
478 2063 588 2097 salutis
613 2067 732 2104 auctor,
754 2063 828 2096 379.

288 2116 507 2151 Humanarum
531 2126 639 2152 rerum
666 2126 703 2151 ea
728 2120 776 2150 est
800 2118 933 2159 ineerta,
955 2118 1030 2150 507.

665 2223 677 2258 1

289 2330 484 2365 Immortales
508 2331 700 2365 christianae
726 2331 934 2373 fortitudinis,
958 2331 1030 2365 277.

290 2385 478 2418 Immortalis
500 2385 561 2418 Dei
584 2385 681 2419 Filius
706 2389 853 2427 nostram,
879 2386 953 2419 574.

290 2438 577 2482 Imperscrutabilis
592 2438 727 2472 divinor.
741 2440 943 2481 iudiciorum,
959 2439 1031 2472 114.

289 2490 324 2524 In
349 2491 497 2525 cathedra
521 2492 677 2536 PrincipiS
701 2491 935 2536 apostolorum,
959 2493 1032 2526 455.

289 2544 324 2577 In
343 2546 381 2578 iis
400 2546 591 2589 praecipuae
612 2545 846 2587 sollicitudinis,
868 2546 943 2580 517.

288 2598 425 2632 Iniuncti
450 2598 541 2632 nobis
566 2599 731 2643 apostolici
755 2601 907 2641 muneris,
934 2599 1008 2632 177.

287 2651 424 2686 Iniuncti
448 2652 539 2686 nobis
564 2654 727 2696 apostolici
752 2654 908 2695 muneris,
935 2653 1008 2686 409.

287 2705 424 2741 lniuncti
448 2705 541 2741 nobis
565 2706 731 2751 apostolici
754 2708 906 2750 muneriS,
932 2706 1006 2742 477.

1717 291 1780 325 709

1082 355 1219 389 lniuncti
1244 354 1336 388 nobis
1361 353 1527 397 apostolici
1551 353 1702 394 muneris,
1728 353 1802 387 623.

1084 408 1117 441 ln
1142 408 1226 441 Sede
1252 407 1408 450 Principis
1433 405 1657 450 apostolorum,
1676 406 1751 439 192.

1084 461 1117 493 ln
1143 460 1226 494 Sede
1252 460 1408 503 Principis
1434 459 1658 504 apostolorum,
1677 459 1751 492 255.

1083 512 1117 545 In
1142 513 1224 546 Sede
1250 513 1406 556 Principis
1432 513 1655 556 apostolorum,
1678 512 1752 546 331.

1082 566 1117 599 ln
1142 566 1226 599 Sede
1251 567 1408 610 Principis
1432 566 1656 609 apostolorum,
1676 566 1749 598 456.

1083 618 1117 651 ln
1144 619 1227 652 Sede
1253 619 1409 662 Prineiffiis
1433 619 1657 662 apostolorum,
1676 620 1750 652 565.

1083 671 1117 704 In
1142 671 1270 715 specula
1295 672 1457 705 militantis
1482 672 1652 713 Ecclesiae,
1678 672 1730 704 82.

1083 724 1117 758 Ιι]
1142 724 1272 768 specula
1296 724 1459 758 militantis
1484 725 1656 766 Ecclesiae,
1682 725 1756 758 372.

1083 778 1117 811 In
1142 778 1271 822 specula
1296 778 1460 812 militantis
1485 777 1659 818 Ecclesiae,
1684 778 1758 811 672.

1084 832 1118 865 In
1144 834 1338 876 superemin.
1365 832 1497 876 apostol.
1519 832 1692 875 dignitatis,
1718 832 1792 865 624.

1083 886 1118 919 ln
1142 888 1413 930 supereminentis
1424 886 1516 920 Sedis
1529 885 1741 929 Apostolicae,
1753 886 1825 919 266.

1084 939 1118 973 In
1143 941 1395 984 supereminenti
1420 939 1510 973 Sedis
1528 938 1739 983 Apostolicae,
1752 939 1826 972 358.

1084 992 1117 1026 In
1143 994 1395 1037 supereminenti
1421 992 1513 1026 Sedis
1529 992 1740 1036 Apostolicae,
1751 992 1825 1025 374.

1084 1046 1118 1079 In
1142 1048 1395 1090 supereminenti
1420 1047 1511 1080 Sedis
1527 1046 1739 1090 Apostolicae,
1753 1046 1826 1080 491.

1083 1099 1118 1133 In
1142 1098 1291 1143 suprema
1316 1100 1480 1134 militantis
1504 1100 1677 1142 Ecclesiae,
1695 1101 1769 1133 606.

1083 1152 1118 1185 In
1141 1152 1291 1196 suprema
1317 1153 1466 1196 pastorali
1491 1152 1637 1197 specula,
1663 1153 1737 1186 614.

1083 1205 1117 1239 In
1142 1216 1290 1249 supremo
1314 1206 1507 1250 apostolatus
1531 1206 1620 1249 solio,
1639 1208 1691 1239 97.

1083 1259 1118 1293 In
1143 1270 1291 1304 supremo
1316 1260 1511 1304 apostolatus
1535 1260 1624 1302 solio,
1651 1260 1724 1293 393.

1083 1313 1117 1347 In
1142 1324 1292 1358 supremo
1316 1314 1510 1358 apostolatus
1535 1314 1623 1356 solio,
1643 1314 1716 1347 400.

1083 1367 1117 1401 In
1132 1378 1282 1412 supremo
1295 1368 1489 1412 apostolatus
1503 1368 1592 1410 solio,
1619 1368 1693 1401 538.

1082 1421 1117 1468 In
1142 1431 1292 1465 supremo
1316 1421 1509 1466 apostolatus
1534 1420 1622 1458 solio,
1648 1420 1722 1453 603.

1083 1474 1117 1508 In
1142 1485 1292 1519 supremo
1316 1474 1509 1518 apostolieae
1535 1474 1708 1517 dignitatis,
1735 1474 1808 1507 464.

1083 1528 1117 1561 In
1141 1537 1291 1572 supremo
1316 1528 1479 1561 militantis
1504 1527 1676 1569 Ecclesiae,
1702 1527 1755 1559 50.

1083 1582 1168 1616 Inter
1192 1587 1298 1616 cetera
1323 1583 1426 1616 cordis
1451 1584 1567 1616 nostris
1593 1582 1666 1615 257.

1083 1635 1168 1670 Inter
1191 1640 1299 1670 cetera
1323 1637 1449 1680 pietatis
1471 1645 1578 1680 opera,
1604 1636 1679 1669 604.

1439 1742 1461 1776 L

1084 1848 1172 1883 Licet
1196 1849 1301 1883 nullus
1325 1850 1561 1893 episcoporum,
1587 1849 1662 1883 490.

1431 1955 1461 1989 M

1083 2061 1269 2096 Militantem
1293 2062 1477 2103 Ecclesiam,
1503 2071 1597 2106 quae,
1625 2062 1699 2095 125.

1082 2115 1227 2149 Militanti
1252 2116 1424 2158 Ecclesiae,
1445 2118 1519 2149 lleet
1544 2117 1702 2158 immeriti,
1727 2116 1812 2156 469„

1082 2169 1243 2203 Militantis
1268 2169 1430 2203 Ecclesiae
1455 2171 1613 2213 regimini,
1641 2170 1691 2202 92.

1082 2223 1244 2257 Militantis
1268 2223 1429 2257 Ecclesiae
1454 2223 1613 2267 regimini,
1639 2223 1714 2257 186.

1082 2277 1244 2311 Militantis
1268 2278 1430 2311 Ecclesiae
1454 2279 1612 2321 regimini,
1634 2279 1709 2310 657.

1083 2331 1246 2365 Militantis
1256 2331 1420 2365 Ecclesiae
1436 2332 1595 2374 regimini,
1618 2331 1692 2364 663.

1083 2385 1207 2419 Muneri
1232 2389 1338 2419 nostro
1363 2384 1536 2429 apostolico
1562 2383 1725 2426 incumbit,
1752 2384 1826 2417 495.

1437 2491 1464 2526 N

1083 2598 1180 2632 Nobis
1205 2608 1309 2642 nuper
1329 2608 1386 2642 pro
1411 2600 1500 2642 parte
1526 2598 1732 2642 dilectorum,
1751 2599 1825 2633 304.

1082 2652 1215 2685 Nomine
1237 2652 1345 2686 dilecti
1370 2651 1436 2694 filii,
1463 2652 1535 2686 326.

1081 2704 1190 2750 Nuper
1213 2707 1405 2750 accepimus,
1430 2706 1514 2751 quod
1538 2706 1624 2748 licet,
1652 2708 1725 2741 265.
