<?xml version="1.0" encoding="UTF-8"?>
<!DOCTYPE html PUBLIC "-//W3C//DTD XHTML 1.0 Transitional//EN"
    "http://www.w3.org/TR/xhtml1/DTD/xhtml1-transitional.dtd">
<html xmlns="http://www.w3.org/1999/xhtml" xml:lang="en" lang="en">
 <head>
  <title>
</title>
<meta http-equiv="Content-Type" content="text/html;charset=utf-8" />
  <meta name='ocr-system' content='tesseract 3.04.00' />
  <meta name='ocr-capabilities' content='ocr_page ocr_carea ocr_par ocr_line ocrx_word'/>
</head>
<body>
  <div class='ocr_page' id='page_1' title='image "./bullarumdiplomat13cath_0759.png"; bbox 0 0 2269 3235; ppageno 0'>
   <div class='ocr_carea' id='block_1_1' title="bbox 0 1030 5 2208">
    <p class='ocr_par' dir='ltr' id='par_1_1' title="bbox 0 1030 5 2208">
     <span class='ocr_line' id='line_1_1' title="bbox 0 1030 5 2208; baseline 0 0"><span class='ocrx_word' id='word_1_1' title='bbox 0 1030 5 2208; x_wconf 95' lang='lat' dir='ltr'> </span> 
     </span>
    </p>
   </div>
   <div class='ocr_carea' id='block_1_2' title="bbox 901 240 1222 267">
    <p class='ocr_par' dir='ltr' id='par_1_2' title="bbox 901 240 1222 267">
     <span class='ocr_line' id='line_1_2' title="bbox 901 240 1222 267; baseline -0.006 0"><span class='ocrx_word' id='word_1_2' title='bbox 901 242 998 267; x_wconf 72' lang='lat' dir='ltr'>INDEX</span> <span class='ocrx_word' id='word_1_3' title='bbox 1023 240 1222 267; x_wconf 65' lang='lat' dir='ltr'>nummum!</span> 
     </span>
    </p>
   </div>
   <div class='ocr_carea' id='block_1_3' title="bbox 294 294 1041 1671">
    <p class='ocr_par' dir='ltr' id='par_1_3' title="bbox 379 294 1040 604">
     <span class='ocr_line' id='line_1_3' title="bbox 381 294 1039 339; baseline -0.008 -6"><span class='ocrx_word' id='word_1_4' title='bbox 381 297 607 333; x_wconf 79' lang='lat' dir='ltr'>christifideles</span> <span class='ocrx_word' id='word_1_5' title='bbox 632 305 742 331; x_wconf 87' lang='lat' dir='ltr'>omnes</span> <span class='ocrx_word' id='word_1_6' title='bbox 761 295 854 330; x_wconf 91' lang='lat' dir='ltr'>bonis</span> <span class='ocrx_word' id='word_1_7' title='bbox 887 294 1039 339; x_wconf 81' lang='lat' dir='ltr'>operibus</span> 
     </span>
     <span class='ocr_line' id='line_1_4' title="bbox 379 349 1037 395; baseline -0.008 -9"><span class='ocrx_word' id='word_1_8' title='bbox 379 353 503 393; x_wconf 92' lang='lat' dir='ltr'>muniti,</span> <span class='ocrx_word' id='word_1_9' title='bbox 523 351 625 385; x_wconf 87' lang='lat' dir='ltr'>Deum</span> <span class='ocrx_word' id='word_1_10' title='bbox 644 361 699 395; x_wconf 90' lang='lat' dir='ltr'>pro</span> <span class='ocrx_word' id='word_1_11' title='bbox 724 359 803 394; x_wconf 87' lang='lat' dir='ltr'>pace</span> <span class='ocrx_word' id='word_1_12' title='bbox 821 353 852 384; x_wconf 89' lang='lat' dir='ltr'>et</span> <span class='ocrx_word' id='word_1_13' title='bbox 868 349 1037 383; x_wconf 80' lang='lat' dir='ltr'>concordia</span> 
     </span>
     <span class='ocr_line' id='line_1_5' title="bbox 382 403 1040 448; baseline -0.008 -8"><span class='ocrx_word' id='word_1_14' title='bbox 382 407 465 440; x_wconf 88' lang='lat' dir='ltr'>inter</span> <span class='ocrx_word' id='word_1_15' title='bbox 489 405 679 439; x_wconf 86' lang='lat' dir='ltr'>christianos</span> <span class='ocrx_word' id='word_1_16' title='bbox 704 405 867 448; x_wconf 82' lang='lat' dir='ltr'>principes</span> <span class='ocrx_word' id='word_1_17' title='bbox 884 403 1040 436; x_wconf 88' lang='lat' dir='ltr'>inducen-</span> 
     </span>
     <span class='ocr_line' id='line_1_6' title="bbox 383 456 1039 502; baseline -0.006 -9"><span class='ocrx_word' id='word_1_18' title='bbox 383 459 423 493; x_wconf 80' lang='lat' dir='ltr'>da</span> <span class='ocrx_word' id='word_1_19' title='bbox 448 463 478 493; x_wconf 90' lang='lat' dir='ltr'>et</span> <span class='ocrx_word' id='word_1_20' title='bbox 502 458 667 492; x_wconf 88' lang='lat' dir='ltr'>christiani</span> <span class='ocrx_word' id='word_1_21' title='bbox 691 457 801 502; x_wconf 89' lang='lat' dir='ltr'>populi</span> <span class='ocrx_word' id='word_1_22' title='bbox 822 456 1039 490; x_wconf 78' lang='lat' dir='ltr'>incolumitate</span> 
     </span>
     <span class='ocr_line' id='line_1_7' title="bbox 382 509 1040 557; baseline -0.006 -11"><span class='ocrx_word' id='word_1_23' title='bbox 382 511 584 557; x_wconf 77' lang='lat' dir='ltr'>assequenda</span> <span class='ocrx_word' id='word_1_24' title='bbox 610 510 794 545; x_wconf 75' lang='lat' dir='ltr'>efficacibus</span> <span class='ocrx_word' id='word_1_25' title='bbox 820 509 970 553; x_wconf 88' lang='lat' dir='ltr'>precibus</span> <span class='ocrx_word' id='word_1_26' title='bbox 984 519 1040 542; x_wconf 85' lang='lat' dir='ltr'>ex-</span> 
     </span>
     <span class='ocr_line' id='line_1_8' title="bbox 384 565 575 604; baseline -0.005 -5"><span class='ocrx_word' id='word_1_27' title='bbox 384 569 485 604; x_wconf 83' lang='lat' dir='ltr'>orent,</span> <span class='ocrx_word' id='word_1_28' title='bbox 500 565 575 598; x_wconf 79' lang='lat'>305.</span> 
     </span>
    </p>

    <p class='ocr_par' dir='ltr' id='par_1_4' title="bbox 294 615 1039 769">
     <span class='ocr_line' id='line_1_9' title="bbox 294 615 1039 661; baseline -0.008 -7"><span class='ocrx_word' id='word_1_29' title='bbox 294 619 429 654; x_wconf 88' lang='lat' dir='ltr'>CXXIX.</span> <span class='ocrx_word' id='word_1_30' title='bbox 453 618 645 659; x_wconf 86' lang='lat' dir='ltr'>Declaratio,</span> <span class='ocrx_word' id='word_1_31' title='bbox 671 616 754 661; x_wconf 92' lang='lat' dir='ltr'>quod</span> <span class='ocrx_word' id='word_1_32' title='bbox 780 625 915 658; x_wconf 86' lang='lat' dir='ltr'>regnum</span> <span class='ocrx_word' id='word_1_33' title='bbox 932 615 1039 649; x_wconf 91' lang='lat' dir='ltr'>Portu-</span> 
     </span>
     <span class='ocr_line' id='line_1_10' title="bbox 383 669 1039 716; baseline -0.008 -10"><span class='ocrx_word' id='word_1_34' title='bbox 383 671 499 716; x_wconf 87' lang='lat' dir='ltr'>galliae</span> <span class='ocrx_word' id='word_1_35' title='bbox 542 674 574 704; x_wconf 92' lang='lat' dir='ltr'>in</span> <span class='ocrx_word' id='word_1_36' title='bbox 613 670 773 713; x_wconf 84' lang='lat' dir='ltr'>legatione</span> <span class='ocrx_word' id='word_1_37' title='bbox 814 669 1039 712; x_wconf 82' lang='lat' dir='ltr'>Hispaniarum</span> 
     </span>
     <span class='ocr_line' id='line_1_11' title="bbox 382 722 785 769; baseline -0.012 -10"><span class='ocrx_word' id='word_1_38' title='bbox 382 723 685 769; x_wconf 82' lang='lat' dir='ltr'>comprehendatur,</span> <span class='ocrx_word' id='word_1_39' title='bbox 711 722 785 754; x_wconf 83' lang='lat'>307.</span> 
     </span>
    </p>

    <p class='ocr_par' dir='ltr' id='par_1_5' title="bbox 294 775 1040 1130">
     <span class='ocr_line' id='line_1_12' title="bbox 294 775 1040 821; baseline -0.008 -8"><span class='ocrx_word' id='word_1_40' title='bbox 294 778 415 813; x_wconf 87' lang='lat' dir='ltr'>CXXX.</span> <span class='ocrx_word' id='word_1_41' title='bbox 427 777 587 817; x_wconf 84' lang='lat' dir='ltr'>Prohibet,</span> <span class='ocrx_word' id='word_1_42' title='bbox 600 776 770 821; x_wconf 88' lang='lat' dir='ltr'>quominus</span> <span class='ocrx_word' id='word_1_43' title='bbox 791 775 948 818; x_wconf 83' lang='lat' dir='ltr'>imagines</span> <span class='ocrx_word' id='word_1_44' title='bbox 962 784 1040 807; x_wconf 91' lang='lat' dir='ltr'>non-</span> 
     </span>
     <span class='ocr_line' id='line_1_13' title="bbox 383 827 1040 871; baseline -0.008 -6"><span class='ocrx_word' id='word_1_45' title='bbox 383 831 460 865; x_wconf 88' lang='lat' dir='ltr'>dum</span> <span class='ocrx_word' id='word_1_46' title='bbox 483 839 501 864; x_wconf 85' lang='lat' dir='ltr'>a</span> <span class='ocrx_word' id='word_1_47' title='bbox 525 829 608 863; x_wconf 84' lang='lat' dir='ltr'>Sede</span> <span class='ocrx_word' id='word_1_48' title='bbox 634 827 816 871; x_wconf 76' lang='lat' dir='ltr'>Apostottca</span> <span class='ocrx_word' id='word_1_49' title='bbox 841 828 1040 861; x_wconf 89' lang='lat' dir='ltr'>canonizato-</span> 
     </span>
     <span class='ocr_line' id='line_1_14' title="bbox 381 879 1039 922; baseline -0.008 -5"><span class='ocrx_word' id='word_1_50' title='bbox 381 893 453 917; x_wconf 90' lang='lat' dir='ltr'>rum</span> <span class='ocrx_word' id='word_1_51' title='bbox 476 882 526 915; x_wconf 74' lang='lat' dir='ltr'>vel</span> <span class='ocrx_word' id='word_1_52' title='bbox 553 881 807 915; x_wconf 83' lang='lat' dir='ltr'>beatificatorum</span> <span class='ocrx_word' id='word_1_53' title='bbox 835 890 907 914; x_wconf 91' lang='lat' dir='ltr'>cum</span> <span class='ocrx_word' id='word_1_54' title='bbox 932 879 1039 922; x_wconf 86' lang='lat' dir='ltr'>radiis,</span> 
     </span>
     <span class='ocr_line' id='line_1_15' title="bbox 382 933 1037 980; baseline -0.006 -10"><span class='ocrx_word' id='word_1_55' title='bbox 382 935 610 980; x_wconf 87' lang='lat' dir='ltr'>splendoribus</span> <span class='ocrx_word' id='word_1_56' title='bbox 658 938 689 968; x_wconf 91' lang='lat' dir='ltr'>et</span> <span class='ocrx_word' id='word_1_57' title='bbox 727 933 876 967; x_wconf 90' lang='lat' dir='ltr'>laureolis</span> <span class='ocrx_word' id='word_1_58' title='bbox 919 943 1037 977; x_wconf 92' lang='lat' dir='ltr'>propo-</span> 
     </span>
     <span class='ocr_line' id='line_1_16' title="bbox 382 986 1040 1031; baseline -0.006 -8"><span class='ocrx_word' id='word_1_59' title='bbox 382 993 507 1031; x_wconf 88' lang='lat' dir='ltr'>nantur,</span> <span class='ocrx_word' id='word_1_60' title='bbox 532 988 582 1022; x_wconf 87' lang='lat' dir='ltr'>vel</span> <span class='ocrx_word' id='word_1_61' title='bbox 606 987 743 1023; x_wconf 87' lang='lat' dir='ltr'>tabellae</span> <span class='ocrx_word' id='word_1_62' title='bbox 769 991 799 1021; x_wconf 91' lang='lat' dir='ltr'>et</span> <span class='ocrx_word' id='word_1_63' title='bbox 819 987 987 1021; x_wconf 88' lang='lat' dir='ltr'>luminaria</span> <span class='ocrx_word' id='word_1_64' title='bbox 1000 986 1040 1020; x_wconf 88' lang='lat' dir='ltr'>ad</span> 
     </span>
     <span class='ocr_line' id='line_1_17' title="bbox 384 1042 1039 1086; baseline -0.006 -9"><span class='ocrx_word' id='word_1_65' title='bbox 384 1053 496 1077; x_wconf 92' lang='lat' dir='ltr'>eorum</span> <span class='ocrx_word' id='word_1_66' title='bbox 529 1042 698 1086; x_wconf 87' lang='lat' dir='ltr'>sepulchra</span> <span class='ocrx_word' id='word_1_67' title='bbox 723 1045 943 1085; x_wconf 90' lang='lat' dir='ltr'>apponantur,</span> <span class='ocrx_word' id='word_1_68' title='bbox 969 1044 1039 1081; x_wconf 61' lang='lat' dir='ltr'>etc„</span> 
     </span>
     <span class='ocr_line' id='line_1_18' title="bbox 386 1096 460 1130; baseline -0.014 -1"><span class='ocrx_word' id='word_1_69' title='bbox 386 1096 460 1130; x_wconf 86' lang='lat'>308.</span> 
     </span>
    </p>

    <p class='ocr_par' dir='ltr' id='par_1_6' title="bbox 296 1147 1041 1244">
     <span class='ocr_line' id='line_1_19' title="bbox 296 1147 1041 1195; baseline -0.007 -10"><span class='ocrx_word' id='word_1_70' title='bbox 296 1150 445 1195; x_wconf 87' lang='lat' dir='ltr'>Sequitur</span> <span class='ocrx_word' id='word_1_71' title='bbox 469 1148 643 1183; x_wconf 82' lang='lat' dir='ltr'>declaratio</span> <span class='ocrx_word' id='word_1_72' title='bbox 664 1149 882 1192; x_wconf 87' lang='lat' dir='ltr'>praeinsertae</span> <span class='ocrx_word' id='word_1_73' title='bbox 899 1147 1041 1191; x_wconf 88' lang='lat' dir='ltr'>prohibi-</span> 
     </span>
     <span class='ocr_line' id='line_1_20' title="bbox 382 1201 577 1244; baseline -0.01 -7"><span class='ocrx_word' id='word_1_74' title='bbox 382 1204 488 1244; x_wconf 79' lang='lat' dir='ltr'>tionis,</span> <span class='ocrx_word' id='word_1_75' title='bbox 502 1201 577 1235; x_wconf 85' lang='lat'>310.</span> 
     </span>
    </p>

    <p class='ocr_par' dir='ltr' id='par_1_7' title="bbox 295 1254 1040 1512">
     <span class='ocr_line' id='line_1_21' title="bbox 295 1254 1040 1291; baseline -0.003 0"><span class='ocrx_word' id='word_1_76' title='bbox 295 1255 426 1291; x_wconf 82' lang='lat' dir='ltr'>CXXXI.</span> <span class='ocrx_word' id='word_1_77' title='bbox 451 1255 654 1290; x_wconf 84' lang='lat' dir='ltr'>Confirmatio</span> <span class='ocrx_word' id='word_1_78' title='bbox 675 1255 851 1289; x_wconf 89' lang='lat' dir='ltr'>litterarum</span> <span class='ocrx_word' id='word_1_79' title='bbox 867 1254 1040 1289; x_wconf 82' lang='lat' dir='ltr'>Clementis</span> 
     </span>
     <span class='ocr_line' id='line_1_22' title="bbox 383 1307 1040 1343; baseline -0.003 0"><span class='ocrx_word' id='word_1_80' title='bbox 383 1309 453 1343; x_wconf 91' lang='lat' dir='ltr'>VIII</span> <span class='ocrx_word' id='word_1_81' title='bbox 479 1309 519 1342; x_wconf 90' lang='lat' dir='ltr'>de</span> <span class='ocrx_word' id='word_1_82' title='bbox 544 1307 643 1342; x_wconf 78' lang='lat' dir='ltr'>fornia</span> <span class='ocrx_word' id='word_1_83' title='bbox 657 1308 816 1342; x_wconf 74' lang='lat' dir='ltr'>servanda</span> <span class='ocrx_word' id='word_1_84' title='bbox 834 1310 865 1341; x_wconf 89' lang='lat' dir='ltr'>in</span> <span class='ocrx_word' id='word_1_85' title='bbox 886 1308 1040 1342; x_wconf 72' lang='lat' dir='ltr'>electione</span> 
     </span>
     <span class='ocr_line' id='line_1_23' title="bbox 382 1361 1039 1407; baseline -0.002 -11"><span class='ocrx_word' id='word_1_86' title='bbox 382 1362 554 1407; x_wconf 84' lang='lat' dir='ltr'>generalis,</span> <span class='ocrx_word' id='word_1_87' title='bbox 573 1362 795 1405; x_wconf 87' lang='lat' dir='ltr'>praesidentis,</span> <span class='ocrx_word' id='word_1_88' title='bbox 814 1366 884 1402; x_wconf 64' lang='lat' dir='ltr'>ete„</span> <span class='ocrx_word' id='word_1_89' title='bbox 899 1361 1039 1405; x_wconf 85' lang='lat' dir='ltr'>Congre-</span> 
     </span>
     <span class='ocr_line' id='line_1_24' title="bbox 382 1415 1040 1460; baseline -0.002 -10"><span class='ocrx_word' id='word_1_90' title='bbox 382 1418 520 1460; x_wconf 83' lang='lat' dir='ltr'>gationis</span> <span class='ocrx_word' id='word_1_91' title='bbox 543 1416 573 1449; x_wconf 88' lang='lat' dir='ltr'>S.</span> <span class='ocrx_word' id='word_1_92' title='bbox 599 1416 725 1449; x_wconf 91' lang='lat' dir='ltr'>Ioannis</span> <span class='ocrx_word' id='word_1_93' title='bbox 750 1415 976 1459; x_wconf 86' lang='lat' dir='ltr'>Evangelistae</span> <span class='ocrx_word' id='word_1_94' title='bbox 1008 1417 1040 1450; x_wconf 91' lang='lat' dir='ltr'>in</span> 
     </span>
     <span class='ocr_line' id='line_1_25' title="bbox 384 1469 673 1512; baseline -0.007 -9"><span class='ocrx_word' id='word_1_95' title='bbox 384 1469 585 1512; x_wconf 81' lang='lat' dir='ltr'>Pei-tugallia,</span> <span class='ocrx_word' id='word_1_96' title='bbox 600 1469 673 1502; x_wconf 84' lang='lat'>311.</span> 
     </span>
    </p>

    <p class='ocr_par' dir='ltr' id='par_1_8' title="bbox 294 1522 1041 1671">
     <span class='ocr_line' id='line_1_26' title="bbox 294 1522 1040 1566; baseline -0.004 -8"><span class='ocrx_word' id='word_1_97' title='bbox 294 1522 443 1558; x_wconf 84' lang='lat' dir='ltr'>CXXXII.</span> <span class='ocrx_word' id='word_1_98' title='bbox 464 1522 666 1566; x_wconf 88' lang='lat' dir='ltr'>Indulgentia</span> <span class='ocrx_word' id='word_1_99' title='bbox 684 1522 826 1566; x_wconf 89' lang='lat' dir='ltr'>plenaria</span> <span class='ocrx_word' id='word_1_100' title='bbox 844 1522 946 1556; x_wconf 82' lang='lat' dir='ltr'>Deum</span> <span class='ocrx_word' id='word_1_101' title='bbox 967 1533 1040 1566; x_wconf 90' lang='lat' dir='ltr'>pre-</span> 
     </span>
     <span class='ocr_line' id='line_1_27' title="bbox 385 1576 1041 1620; baseline 0 -9"><span class='ocrx_word' id='word_1_102' title='bbox 385 1576 531 1611; x_wconf 83' lang='lat' dir='ltr'>cantibus</span> <span class='ocrx_word' id='word_1_103' title='bbox 556 1587 613 1620; x_wconf 93' lang='lat' dir='ltr'>pro</span> <span class='ocrx_word' id='word_1_104' title='bbox 639 1576 862 1620; x_wconf 88' lang='lat' dir='ltr'>praesentibus</span> <span class='ocrx_word' id='word_1_105' title='bbox 878 1576 1041 1611; x_wconf 78' lang='lat' dir='ltr'>Ecclesiae</span> 
     </span>
     <span class='ocr_line' id='line_1_28' title="bbox 385 1630 730 1671; baseline -0.006 -7"><span class='ocrx_word' id='word_1_106' title='bbox 385 1630 640 1671; x_wconf 87' lang='lat' dir='ltr'>necessitatibus,</span> <span class='ocrx_word' id='word_1_107' title='bbox 656 1630 730 1663; x_wconf 76' lang='lat'>315.</span> 
     </span>
    </p>
   </div>
   <div class='ocr_carea' id='block_1_4' title="bbox 295 1678 1081 1729">
    <p class='ocr_par' dir='ltr' id='par_1_9' title="bbox 295 1678 1081 1729">
     <span class='ocr_line' id='line_1_29' title="bbox 295 1678 1081 1729; baseline -0.003 -10"><span class='ocrx_word' id='word_1_108' title='bbox 295 1684 454 1719; x_wconf 86' lang='lat' dir='ltr'>CXXXIII.</span> <span class='ocrx_word' id='word_1_109' title='bbox 472 1685 656 1729; x_wconf 86' lang='lat' dir='ltr'>Inquisitori</span> <span class='ocrx_word' id='word_1_110' title='bbox 674 1684 888 1727; x_wconf 88' lang='lat' dir='ltr'>Portugalliae</span> <span class='ocrx_word' id='word_1_111' title='bbox 909 1684 1042 1718; x_wconf 83' lang='lat' dir='ltr'>facultas</span> <span class='ocrx_word' id='word_1_112' title='bbox 1074 1678 1081 1684; x_wconf 80' lang='grc'><strong>’</strong></span> 
     </span>
    </p>
   </div>
   <div class='ocr_carea' id='block_1_5' title="bbox 297 1737 1044 2739">
    <p class='ocr_par' dir='ltr' id='par_1_10' title="bbox 384 1737 1043 1943">
     <span class='ocr_line' id='line_1_30' title="bbox 385 1737 1043 1782; baseline -0.003 -10"><span class='ocrx_word' id='word_1_113' title='bbox 385 1738 571 1772; x_wconf 87' lang='lat' dir='ltr'>conceditur</span> <span class='ocrx_word' id='word_1_114' title='bbox 594 1737 634 1771; x_wconf 90' lang='lat' dir='ltr'>ad</span> <span class='ocrx_word' id='word_1_115' title='bbox 659 1739 914 1782; x_wconf 87' lang='lat' dir='ltr'>quinquennium</span> <span class='ocrx_word' id='word_1_116' title='bbox 939 1737 1043 1771; x_wconf 87' lang='lat' dir='ltr'>absol-</span> 
     </span>
     <span class='ocr_line' id='line_1_31' title="bbox 384 1791 1039 1835; baseline 0.002 -11"><span class='ocrx_word' id='word_1_117' title='bbox 384 1791 482 1825; x_wconf 91' lang='lat' dir='ltr'>vendi</span> <span class='ocrx_word' id='word_1_118' title='bbox 514 1791 693 1835; x_wconf 78' lang='lat' dir='ltr'>neohpytos</span> <span class='ocrx_word' id='word_1_119' title='bbox 724 1793 866 1835; x_wconf 88' lang='lat' dir='ltr'>relapsos</span> <span class='ocrx_word' id='word_1_120' title='bbox 907 1793 1039 1835; x_wconf 86' lang='lat' dir='ltr'>provin-</span> 
     </span>
     <span class='ocr_line' id='line_1_32' title="bbox 386 1845 1041 1879; baseline 0.002 -1"><span class='ocrx_word' id='word_1_121' title='bbox 386 1847 506 1879; x_wconf 86' lang='lat' dir='ltr'>ciarum</span> <span class='ocrx_word' id='word_1_122' title='bbox 522 1849 553 1879; x_wconf 88' lang='lat' dir='ltr'>et</span> <span class='ocrx_word' id='word_1_123' title='bbox 569 1845 743 1879; x_wconf 88' lang='lat' dir='ltr'>insularum</span> <span class='ocrx_word' id='word_1_124' title='bbox 758 1847 1041 1879; x_wconf 88' lang='lat' dir='ltr'>transmarinarum</span> 
     </span>
     <span class='ocr_line' id='line_1_33' title="bbox 386 1899 1041 1943; baseline -0.002 -10"><span class='ocrx_word' id='word_1_125' title='bbox 386 1901 456 1943; x_wconf 86' lang='lat' dir='ltr'>regi</span> <span class='ocrx_word' id='word_1_126' title='bbox 481 1899 694 1943; x_wconf 85' lang='lat' dir='ltr'>Portugalliae</span> <span class='ocrx_word' id='word_1_127' title='bbox 720 1899 948 1940; x_wconf 80' lang='lat' dir='ltr'>subiectarum,</span> <span class='ocrx_word' id='word_1_128' title='bbox 968 1900 1041 1933; x_wconf 84' lang='lat'>317.</span> 
     </span>
    </p>

    <p class='ocr_par' dir='ltr' id='par_1_11' title="bbox 297 1953 1043 2153">
     <span class='ocr_line' id='line_1_34' title="bbox 297 1953 1041 1999; baseline -0.001 -11"><span class='ocrx_word' id='word_1_129' title='bbox 297 1953 447 1999; x_wconf 85' lang='lat' dir='ltr'>Sequitur</span> <span class='ocrx_word' id='word_1_130' title='bbox 471 1953 655 1996; x_wconf 86' lang='lat' dir='ltr'>declaratio,</span> <span class='ocrx_word' id='word_1_131' title='bbox 682 1954 765 1998; x_wconf 93' lang='lat' dir='ltr'>quod</span> <span class='ocrx_word' id='word_1_132' title='bbox 788 1956 1041 1999; x_wconf 85' lang='lat' dir='ltr'>quinquennium</span> 
     </span>
     <span class='ocr_line' id='line_1_35' title="bbox 386 2007 1043 2051; baseline 0 -11"><span class='ocrx_word' id='word_1_133' title='bbox 386 2015 516 2040; x_wconf 85' lang='lat' dir='ltr'>currere</span> <span class='ocrx_word' id='word_1_134' title='bbox 542 2008 674 2051; x_wconf 86' lang='lat' dir='ltr'>incipiat</span> <span class='ocrx_word' id='word_1_135' title='bbox 699 2016 716 2040; x_wconf 88' lang='lat' dir='ltr'>a</span> <span class='ocrx_word' id='word_1_136' title='bbox 740 2007 792 2040; x_wconf 93' lang='lat' dir='ltr'>die</span> <span class='ocrx_word' id='word_1_137' title='bbox 818 2007 1043 2050; x_wconf 83' lang='lat' dir='ltr'>publicationis</span> 
     </span>
     <span class='ocr_line' id='line_1_36' title="bbox 386 2060 1040 2104; baseline 0 -10"><span class='ocrx_word' id='word_1_138' title='bbox 386 2061 601 2104; x_wconf 85' lang='lat' dir='ltr'>praelatarum</span> <span class='ocrx_word' id='word_1_139' title='bbox 639 2060 817 2094; x_wconf 86' lang='lat' dir='ltr'>litterarum</span> <span class='ocrx_word' id='word_1_140' title='bbox 848 2061 1040 2104; x_wconf 84' lang='lat' dir='ltr'>apostolica-</span> 
     </span>
     <span class='ocr_line' id='line_1_37' title="bbox 385 2114 561 2153; baseline 0 -6"><span class='ocrx_word' id='word_1_141' title='bbox 385 2123 468 2153; x_wconf 87' lang='lat' dir='ltr'>rum,</span> <span class='ocrx_word' id='word_1_142' title='bbox 487 2114 561 2147; x_wconf 83' lang='lat'>319.</span> 
     </span>
    </p>

    <p class='ocr_par' dir='ltr' id='par_1_12' title="bbox 297 2165 1044 2637">
     <span class='ocr_line' id='line_1_38' title="bbox 297 2165 1043 2208; baseline -0.001 -7"><span class='ocrx_word' id='word_1_143' title='bbox 297 2165 462 2201; x_wconf 86' lang='lat' dir='ltr'>CXXXIV.</span> <span class='ocrx_word' id='word_1_144' title='bbox 488 2166 581 2208; x_wconf 87' lang='lat' dir='ltr'>Quod</span> <span class='ocrx_word' id='word_1_145' title='bbox 607 2167 720 2201; x_wconf 86' lang='lat' dir='ltr'>fratres</span> <span class='ocrx_word' id='word_1_146' title='bbox 734 2166 866 2202; x_wconf 82' lang='lat' dir='ltr'>Ordinis</span> <span class='ocrx_word' id='word_1_147' title='bbox 888 2166 1043 2200; x_wconf 82' lang='lat' dir='ltr'>EremIta-</span> 
     </span>
     <span class='ocr_line' id='line_1_39' title="bbox 385 2220 1044 2263; baseline -0.002 -9"><span class='ocrx_word' id='word_1_148' title='bbox 385 2231 456 2254; x_wconf 89' lang='lat' dir='ltr'>rum</span> <span class='ocrx_word' id='word_1_149' title='bbox 470 2220 500 2254; x_wconf 82' lang='lat' dir='ltr'>S.</span> <span class='ocrx_word' id='word_1_150' title='bbox 517 2220 687 2263; x_wconf 83' lang='lat' dir='ltr'>Augustini</span> <span class='ocrx_word' id='word_1_151' title='bbox 712 2222 743 2254; x_wconf 91' lang='lat' dir='ltr'>in</span> <span class='ocrx_word' id='word_1_152' title='bbox 769 2220 924 2263; x_wconf 89' lang='lat' dir='ltr'>Hispania</span> <span class='ocrx_word' id='word_1_153' title='bbox 943 2224 973 2253; x_wconf 92' lang='lat' dir='ltr'>et</span> <span class='ocrx_word' id='word_1_154' title='bbox 998 2220 1044 2253; x_wconf 92' lang='lat' dir='ltr'>In-</span> 
     </span>
     <span class='ocr_line' id='line_1_40' title="bbox 386 2274 1042 2317; baseline 0.002 -10"><span class='ocrx_word' id='word_1_155' title='bbox 386 2275 458 2315; x_wconf 88' lang='lat' dir='ltr'>diis‚</span> <span class='ocrx_word' id='word_1_156' title='bbox 473 2274 512 2307; x_wconf 90' lang='lat' dir='ltr'>ad</span> <span class='ocrx_word' id='word_1_157' title='bbox 534 2274 714 2308; x_wconf 87' lang='lat' dir='ltr'>doctoratus</span> <span class='ocrx_word' id='word_1_158' title='bbox 739 2284 797 2308; x_wconf 89' lang='lat' dir='ltr'>seu</span> <span class='ocrx_word' id='word_1_159' title='bbox 817 2275 993 2317; x_wconf 78' lang='lat' dir='ltr'>magisterii</span> <span class='ocrx_word' id='word_1_160' title='bbox 1011 2276 1042 2308; x_wconf 91' lang='lat' dir='ltr'>in</span> 
     </span>
     <span class='ocr_line' id='line_1_41' title="bbox 387 2327 1041 2372; baseline 0 -12"><span class='ocrx_word' id='word_1_161' title='bbox 387 2327 477 2360; x_wconf 71' lang='lat' dir='ltr'>sacra</span> <span class='ocrx_word' id='word_1_162' title='bbox 501 2328 662 2371; x_wconf 71' lang='lat' dir='ltr'>theologia</span> <span class='ocrx_word' id='word_1_163' title='bbox 686 2328 805 2372; x_wconf 86' lang='lat' dir='ltr'>gradus</span> <span class='ocrx_word' id='word_1_164' title='bbox 824 2328 1041 2371; x_wconf 80' lang='lat' dir='ltr'>promovendi,</span> 
     </span>
     <span class='ocr_line' id='line_1_42' title="bbox 386 2381 1043 2426; baseline -0.002 -11"><span class='ocrx_word' id='word_1_165' title='bbox 386 2381 426 2415; x_wconf 86' lang='lat' dir='ltr'>ab</span> <span class='ocrx_word' id='word_1_166' title='bbox 451 2382 723 2416; x_wconf 79' lang='lat' dir='ltr'>examinatoribus</span> <span class='ocrx_word' id='word_1_167' title='bbox 743 2384 774 2415; x_wconf 89' lang='lat' dir='ltr'>in</span> <span class='ocrx_word' id='word_1_168' title='bbox 793 2383 931 2426; x_wconf 87' lang='lat' dir='ltr'>capitulo</span> <span class='ocrx_word' id='word_1_169' title='bbox 944 2391 1043 2425; x_wconf 83' lang='lat' dir='ltr'>gene-</span> 
     </span>
     <span class='ocr_line' id='line_1_43' title="bbox 386 2434 1043 2479; baseline 0.003 -12"><span class='ocrx_word' id='word_1_170' title='bbox 386 2434 444 2468; x_wconf 88' lang='lat' dir='ltr'>rali</span> <span class='ocrx_word' id='word_1_171' title='bbox 482 2444 501 2468; x_wconf 84' lang='lat' dir='ltr'>a</span> <span class='ocrx_word' id='word_1_172' title='bbox 532 2437 637 2478; x_wconf 90' lang='lat' dir='ltr'>priore</span> <span class='ocrx_word' id='word_1_173' title='bbox 668 2435 812 2479; x_wconf 87' lang='lat' dir='ltr'>generali</span> <span class='ocrx_word' id='word_1_174' title='bbox 851 2436 1043 2479; x_wconf 83' lang='lat' dir='ltr'>deputandis</span> 
     </span>
     <span class='ocr_line' id='line_1_44' title="bbox 389 2489 1042 2532; baseline 0.003 -12"><span class='ocrx_word' id='word_1_175' title='bbox 389 2490 621 2531; x_wconf 83' lang='lat' dir='ltr'>examinentur,</span> <span class='ocrx_word' id='word_1_176' title='bbox 654 2493 688 2523; x_wconf 93' lang='lat' dir='ltr'>ut</span> <span class='ocrx_word' id='word_1_177' title='bbox 711 2489 948 2532; x_wconf 84' lang='lat' dir='ltr'>magistralibus</span> <span class='ocrx_word' id='word_1_178' title='bbox 985 2499 1042 2522; x_wconf 83' lang='lat' dir='ltr'>ex-</span> 
     </span>
     <span class='ocr_line' id='line_1_45' title="bbox 389 2541 1041 2586; baseline 0.003 -12"><span class='ocrx_word' id='word_1_179' title='bbox 389 2541 604 2584; x_wconf 89' lang='lat' dir='ltr'>emptionibus</span> <span class='ocrx_word' id='word_1_180' title='bbox 640 2546 671 2576; x_wconf 88' lang='lat' dir='ltr'>et</span> <span class='ocrx_word' id='word_1_181' title='bbox 708 2543 863 2586; x_wconf 84' lang='lat' dir='ltr'>dignitate</span> <span class='ocrx_word' id='word_1_182' title='bbox 900 2542 1041 2585; x_wconf 87' lang='lat' dir='ltr'>gaudere</span> 
     </span>
     <span class='ocr_line' id='line_1_46' title="bbox 390 2595 630 2637; baseline 0 -9"><span class='ocrx_word' id='word_1_183' title='bbox 390 2596 529 2637; x_wconf 82' lang='lat' dir='ltr'>possint,</span> <span class='ocrx_word' id='word_1_184' title='bbox 556 2595 630 2628; x_wconf 76' lang='lat'>320.</span> 
     </span>
    </p>

    <p class='ocr_par' dir='ltr' id='par_1_13' title="bbox 298 2646 1040 2692">
     <span class='ocr_line' id='line_1_47' title="bbox 298 2646 1040 2692; baseline -0.001 -9"><span class='ocrx_word' id='word_1_185' title='bbox 298 2646 441 2683; x_wconf 83' lang='lat' dir='ltr'>CXXXV.</span> <span class='ocrx_word' id='word_1_186' title='bbox 470 2647 655 2691; x_wconf 84' lang='lat' dir='ltr'>Prorogatio</span> <span class='ocrx_word' id='word_1_187' title='bbox 679 2650 817 2692; x_wconf 83' lang='lat' dir='ltr'>proximi</span> <span class='ocrx_word' id='word_1_188' title='bbox 838 2648 968 2692; x_wconf 89' lang='lat' dir='ltr'>capituli</span> <span class='ocrx_word' id='word_1_189' title='bbox 985 2659 1040 2692; x_wconf 85' lang='lat' dir='ltr'>ge-</span> 
     </span>
    </p>

    <p class='ocr_par' dir='ltr' id='par_1_14' title="bbox 509 2709 914 2739">
     <span class='ocr_line' id='line_1_48' title="bbox 509 2709 914 2739; baseline 0.002 -2"><span class='ocrx_word' id='word_1_190' title='bbox 509 2709 590 2737; x_wconf 71' lang='lat' dir='ltr'>Ball.</span> <span class='ocrx_word' id='word_1_191' title='bbox 605 2710 689 2739; x_wconf 82' lang='lat' dir='ltr'>Rom.</span> <span class='ocrx_word' id='word_1_192' title='bbox 705 2726 740 2731; x_wconf 98' lang='lat'><strong>—</strong></span> <span class='ocrx_word' id='word_1_193' title='bbox 758 2711 816 2739; x_wconf 88' lang='lat' dir='ltr'>Vol.</span> <span class='ocrx_word' id='word_1_194' title='bbox 832 2710 914 2738; x_wconf 81' lang='lat' dir='ltr'>XIII.</span> 
     </span>
    </p>
   </div>
   <div class='ocr_carea' id='block_1_6' title="bbox 1066 1856 1072 2581">
    <p class='ocr_par' dir='ltr' id='par_1_15' title="bbox 1066 1856 1072 2581">
     <span class='ocr_line' id='line_1_49' title="bbox 1066 1856 1072 2581; baseline 0 0"><span class='ocrx_word' id='word_1_195' title='bbox 1066 1856 1072 2581; x_wconf 95' lang='lat' dir='ltr'> </span> 
     </span>
    </p>
   </div>
   <div class='ocr_carea' id='block_1_7' title="bbox 1724 230 1786 265">
    <p class='ocr_par' dir='ltr' id='par_1_16' title="bbox 1724 230 1786 265">
     <span class='ocr_line' id='line_1_50' title="bbox 1724 230 1786 265; baseline -0.016 0"><span class='ocrx_word' id='word_1_196' title='bbox 1724 230 1786 265; x_wconf 71' lang='lat'>721</span> 
     </span>
    </p>
   </div>
   <div class='ocr_carea' id='block_1_8' title="bbox 1092 291 1843 2738">
    <p class='ocr_par' dir='ltr' id='par_1_17' title="bbox 1179 291 1834 388">
     <span class='ocr_line' id='line_1_51' title="bbox 1179 291 1834 327; baseline -0.002 0"><span class='ocrx_word' id='word_1_197' title='bbox 1179 292 1297 327; x_wconf 88' lang='lat' dir='ltr'>neralis</span> <span class='ocrx_word' id='word_1_198' title='bbox 1329 292 1459 327; x_wconf 87' lang='lat' dir='ltr'>Militiae</span> <span class='ocrx_word' id='word_1_199' title='bbox 1484 291 1681 326; x_wconf 88' lang='lat' dir='ltr'>Christianae</span> <span class='ocrx_word' id='word_1_200' title='bbox 1712 292 1751 325; x_wconf 86' lang='lat' dir='ltr'>ad</span> <span class='ocrx_word' id='word_1_201' title='bbox 1780 301 1834 326; x_wconf 89' lang='lat' dir='ltr'>an-</span> 
     </span>
     <span class='ocr_line' id='line_1_52' title="bbox 1180 346 1359 388; baseline 0 -9"><span class='ocrx_word' id='word_1_202' title='bbox 1180 357 1268 388; x_wconf 87' lang='lat' dir='ltr'>num,</span> <span class='ocrx_word' id='word_1_203' title='bbox 1286 346 1359 379; x_wconf 74' lang='lat'>321.</span> 
     </span>
    </p>

    <p class='ocr_par' dir='ltr' id='par_1_18' title="bbox 1092 399 1835 545">
     <span class='ocr_line' id='line_1_53' title="bbox 1092 399 1835 442; baseline -0.005 -8"><span class='ocrx_word' id='word_1_204' title='bbox 1092 399 1255 434; x_wconf 81' lang='lat' dir='ltr'>CXXXVI.</span> <span class='ocrx_word' id='word_1_205' title='bbox 1280 399 1474 432; x_wconf 83' lang='lat' dir='ltr'>Nannetcnsi</span> <span class='ocrx_word' id='word_1_206' title='bbox 1498 400 1649 442; x_wconf 81' lang='lat' dir='ltr'>episcopo</span> <span class='ocrx_word' id='word_1_207' title='bbox 1664 399 1835 431; x_wconf 81' lang='lat' dir='ltr'>committi-</span> 
     </span>
     <span class='ocr_line' id='line_1_54' title="bbox 1181 452 1833 487; baseline -0.008 0"><span class='ocrx_word' id='word_1_208' title='bbox 1181 456 1230 487; x_wconf 87' lang='lat' dir='ltr'>tur</span> <span class='ocrx_word' id='word_1_209' title='bbox 1265 462 1339 486; x_wconf 86' lang='lat' dir='ltr'>cura</span> <span class='ocrx_word' id='word_1_210' title='bbox 1373 453 1557 485; x_wconf 72' lang='lat' dir='ltr'>inonitiliuni</span> <span class='ocrx_word' id='word_1_211' title='bbox 1591 452 1833 484; x_wconf 77' lang='lat' dir='ltr'>rcl&#39;orniataruni</span> 
     </span>
     <span class='ocr_line' id='line_1_55' title="bbox 1181 504 1833 545; baseline -0.005 -6"><span class='ocrx_word' id='word_1_212' title='bbox 1181 506 1313 541; x_wconf 80' lang='lat' dir='ltr'>Ordinis</span> <span class='ocrx_word' id='word_1_213' title='bbox 1339 506 1369 538; x_wconf 88' lang='lat' dir='ltr'>S.</span> <span class='ocrx_word' id='word_1_214' title='bbox 1395 505 1559 538; x_wconf 81' lang='lat' dir='ltr'>Benedicti</span> <span class='ocrx_word' id='word_1_215' title='bbox 1579 507 1608 537; x_wconf 94' lang='lat' dir='ltr'>in</span> <span class='ocrx_word' id='word_1_216' title='bbox 1624 504 1745 545; x_wconf 72' lang='lat' dir='ltr'>Galliis,</span> <span class='ocrx_word' id='word_1_217' title='bbox 1760 504 1833 536; x_wconf 68' lang='lat'>322.</span> 
     </span>
    </p>

    <p class='ocr_par' dir='ltr' id='par_1_19' title="bbox 1092 557 1837 922">
     <span class='ocr_line' id='line_1_56' title="bbox 1092 557 1836 602; baseline -0.004 -9"><span class='ocrx_word' id='word_1_218' title='bbox 1092 559 1269 594; x_wconf 82' lang='lat' dir='ltr'>CXXXVII.</span> <span class='ocrx_word' id='word_1_219' title='bbox 1305 560 1458 593; x_wconf 69' lang='lat' dir='ltr'>Statuitur</span> <span class='ocrx_word' id='word_1_220' title='bbox 1505 558 1711 602; x_wconf 58' lang='lat' dir='ltr'>presbyteros</span> <span class='ocrx_word' id='word_1_221' title='bbox 1755 557 1836 590; x_wconf 87' lang='lat' dir='ltr'>Con-</span> 
     </span>
     <span class='ocr_line' id='line_1_57' title="bbox 1180 611 1836 656; baseline -0.003 -11"><span class='ocrx_word' id='word_1_222' title='bbox 1180 614 1375 656; x_wconf 83' lang='lat' dir='ltr'>gregationis</span> <span class='ocrx_word' id='word_1_223' title='bbox 1407 612 1533 645; x_wconf 88' lang='lat' dir='ltr'>Ioannis</span> <span class='ocrx_word' id='word_1_224' title='bbox 1564 611 1622 644; x_wconf 85' lang='lat' dir='ltr'>Dei</span> <span class='ocrx_word' id='word_1_225' title='bbox 1648 621 1708 644; x_wconf 92' lang='lat' dir='ltr'>non</span> <span class='ocrx_word' id='word_1_226' title='bbox 1743 619 1836 654; x_wconf 83' lang='lat' dir='ltr'>posse</span> 
     </span>
     <span class='ocr_line' id='line_1_58' title="bbox 1179 665 1834 708; baseline -0.003 -10"><span class='ocrx_word' id='word_1_227' title='bbox 1179 667 1347 698; x_wconf 88' lang='lat' dir='ltr'>missarum</span> <span class='ocrx_word' id='word_1_228' title='bbox 1379 665 1614 708; x_wconf 74' lang='lat' dir='ltr'>eleemosynam</span> <span class='ocrx_word' id='word_1_229' title='bbox 1648 666 1834 708; x_wconf 76' lang='lat' dir='ltr'>percipere,</span> 
     </span>
     <span class='ocr_line' id='line_1_59' title="bbox 1181 718 1836 761; baseline -0.005 -9"><span class='ocrx_word' id='word_1_230' title='bbox 1181 728 1240 752; x_wconf 88' lang='lat' dir='ltr'>nec</span> <span class='ocrx_word' id='word_1_231' title='bbox 1264 718 1303 751; x_wconf 90' lang='lat' dir='ltr'>ad</span> <span class='ocrx_word' id='word_1_232' title='bbox 1322 718 1518 761; x_wconf 81' lang='lat' dir='ltr'>praelaturas</span> <span class='ocrx_word' id='word_1_233' title='bbox 1534 720 1724 761; x_wconf 74' lang='lat' dir='ltr'>prmnoreri,</span> <span class='ocrx_word' id='word_1_234' title='bbox 1745 726 1836 760; x_wconf 88' lang='lat' dir='ltr'>prae-</span> 
     </span>
     <span class='ocr_line' id='line_1_60' title="bbox 1182 769 1836 816; baseline -0.006 -11"><span class='ocrx_word' id='word_1_235' title='bbox 1182 773 1308 816; x_wconf 77' lang='lat' dir='ltr'>viisque</span> <span class='ocrx_word' id='word_1_236' title='bbox 1323 774 1443 804; x_wconf 87' lang='lat' dir='ltr'>tantum</span> <span class='ocrx_word' id='word_1_237' title='bbox 1458 773 1710 803; x_wconf 81' lang='lat' dir='ltr'>examinatorum</span> <span class='ocrx_word' id='word_1_238' title='bbox 1725 769 1836 802; x_wconf 75' lang='lat' dir='ltr'>litteris</span> 
     </span>
     <span class='ocr_line' id='line_1_61' title="bbox 1181 823 1837 859; baseline -0.005 -1"><span class='ocrx_word' id='word_1_239' title='bbox 1181 823 1450 859; x_wconf 84' lang='lat' dir='ltr'>testimonialibus</span> <span class='ocrx_word' id='word_1_240' title='bbox 1491 823 1529 856; x_wconf 90' lang='lat' dir='ltr'>ad</span> <span class='ocrx_word' id='word_1_241' title='bbox 1567 832 1673 856; x_wconf 85' lang='lat' dir='ltr'>sacros</span> <span class='ocrx_word' id='word_1_242' title='bbox 1709 823 1837 855; x_wconf 82' lang='lat' dir='ltr'>ordines</span> 
     </span>
     <span class='ocr_line' id='line_1_62' title="bbox 1182 877 1612 922; baseline -0.007 -10"><span class='ocrx_word' id='word_1_243' title='bbox 1182 888 1252 912; x_wconf 89' lang='lat' dir='ltr'>esse</span> <span class='ocrx_word' id='word_1_244' title='bbox 1278 877 1522 922; x_wconf 79' lang='lat' dir='ltr'>promovendos,</span> <span class='ocrx_word' id='word_1_245' title='bbox 1538 877 1612 910; x_wconf 68' lang='lat'>324.</span> 
     </span>
    </p>

    <p class='ocr_par' dir='ltr' id='par_1_20' title="bbox 1093 929 1838 1081">
     <span class='ocr_line' id='line_1_63' title="bbox 1093 929 1837 968; baseline -0.008 -1"><span class='ocrx_word' id='word_1_246' title='bbox 1093 932 1501 968; x_wconf 76' lang='lat' dir='ltr'>CXXXVIIIConlirmatio</span> <span class='ocrx_word' id='word_1_247' title='bbox 1512 934 1698 963; x_wconf 86' lang='lat' dir='ltr'>statutorum</span> <span class='ocrx_word' id='word_1_248' title='bbox 1710 929 1837 962; x_wconf 84' lang='lat' dir='ltr'>Militiae</span> 
     </span>
     <span class='ocr_line' id='line_1_64' title="bbox 1182 982 1838 1025; baseline -0.008 -6"><span class='ocrx_word' id='word_1_249' title='bbox 1182 985 1378 1019; x_wconf 77' lang='lat' dir='ltr'>Christianae</span> <span class='ocrx_word' id='word_1_250' title='bbox 1414 984 1473 1017; x_wconf 88' lang='lat' dir='ltr'>sub</span> <span class='ocrx_word' id='word_1_251' title='bbox 1500 984 1588 1017; x_wconf 90' lang='lat' dir='ltr'>titulo</span> <span class='ocrx_word' id='word_1_252' title='bbox 1613 982 1838 1025; x_wconf 81' lang='lat' dir='ltr'>Conceptionis</span> 
     </span>
     <span class='ocr_line' id='line_1_65' title="bbox 1181 1036 1814 1081; baseline -0.006 -9"><span class='ocrx_word' id='word_1_253' title='bbox 1181 1039 1214 1072; x_wconf 90' lang='grc' dir='ltr'>Β.</span> <span class='ocrx_word' id='word_1_254' title='bbox 1240 1038 1356 1072; x_wconf 88' lang='lat' dir='ltr'>Mariae</span> <span class='ocrx_word' id='word_1_255' title='bbox 1378 1039 1519 1081; x_wconf 76' lang='lat' dir='ltr'>Virginis</span> <span class='ocrx_word' id='word_1_256' title='bbox 1544 1039 1714 1077; x_wconf 80' lang='lat' dir='ltr'>institutae,</span> <span class='ocrx_word' id='word_1_257' title='bbox 1740 1036 1814 1068; x_wconf 76' lang='grc'>325,</span> 
     </span>
    </p>

    <p class='ocr_par' dir='ltr' id='par_1_21' title="bbox 1093 1088 1841 1457">
     <span class='ocr_line' id='line_1_66' title="bbox 1093 1088 1838 1128; baseline -0.009 0"><span class='ocrx_word' id='word_1_258' title='bbox 1093 1093 1246 1128; x_wconf 80' lang='lat' dir='ltr'>CXXXIX.</span> <span class='ocrx_word' id='word_1_259' title='bbox 1273 1092 1475 1126; x_wconf 77' lang='lat' dir='ltr'>Confirmatio</span> <span class='ocrx_word' id='word_1_260' title='bbox 1493 1091 1614 1124; x_wconf 85' lang='lat' dir='ltr'>decreti</span> <span class='ocrx_word' id='word_1_261' title='bbox 1631 1099 1740 1122; x_wconf 86' lang='lat' dir='ltr'>sacrae</span> <span class='ocrx_word' id='word_1_262' title='bbox 1755 1088 1838 1122; x_wconf 84' lang='lat' dir='ltr'>Con-</span> 
     </span>
     <span class='ocr_line' id='line_1_67' title="bbox 1181 1142 1837 1191; baseline -0.009 -11"><span class='ocrx_word' id='word_1_263' title='bbox 1181 1147 1379 1191; x_wconf 76' lang='lat' dir='ltr'>gregationis</span> <span class='ocrx_word' id='word_1_264' title='bbox 1412 1144 1544 1178; x_wconf 86' lang='lat' dir='ltr'>Concilii</span> <span class='ocrx_word' id='word_1_265' title='bbox 1584 1143 1761 1176; x_wconf 83' lang='lat' dir='ltr'>Tridentini</span> <span class='ocrx_word' id='word_1_266' title='bbox 1798 1142 1837 1174; x_wconf 91' lang='lat' dir='ltr'>de</span> 
     </span>
     <span class='ocr_line' id='line_1_68' title="bbox 1183 1196 1841 1243; baseline -0.011 -8"><span class='ocrx_word' id='word_1_267' title='bbox 1183 1198 1366 1235; x_wconf 79' lang='lat' dir='ltr'>obedientia</span> <span class='ocrx_word' id='word_1_268' title='bbox 1379 1210 1434 1243; x_wconf 91' lang='lat' dir='ltr'>pro</span> <span class='ocrx_word' id='word_1_269' title='bbox 1449 1197 1598 1232; x_wconf 80' lang='lat' dir='ltr'>fratribus</span> <span class='ocrx_word' id='word_1_270' title='bbox 1616 1196 1746 1231; x_wconf 80' lang='lat' dir='ltr'>Ordinis</span> <span class='ocrx_word' id='word_1_271' title='bbox 1764 1196 1841 1239; x_wconf 84' lang='lat' dir='ltr'>Cap-</span> 
     </span>
     <span class='ocr_line' id='line_1_69' title="bbox 1183 1251 1838 1299; baseline -0.011 -10"><span class='ocrx_word' id='word_1_272' title='bbox 1183 1257 1392 1299; x_wconf 85' lang='lat' dir='ltr'>pucciuorum</span> <span class='ocrx_word' id='word_1_273' title='bbox 1429 1254 1614 1297; x_wconf 73' lang='lat' dir='ltr'>provinciae</span> <span class='ocrx_word' id='word_1_274' title='bbox 1648 1251 1838 1292; x_wconf 88' lang='lat' dir='ltr'>Flandriae‚</span> 
     </span>
     <span class='ocr_line' id='line_1_70' title="bbox 1183 1306 1839 1353; baseline -0.009 -11"><span class='ocrx_word' id='word_1_275' title='bbox 1183 1310 1238 1353; x_wconf 88' lang='lat' dir='ltr'>qui</span> <span class='ocrx_word' id='word_1_276' title='bbox 1270 1308 1308 1341; x_wconf 88' lang='lat' dir='ltr'>ad</span> <span class='ocrx_word' id='word_1_277' title='bbox 1334 1317 1442 1341; x_wconf 86' lang='lat' dir='ltr'>sacros</span> <span class='ocrx_word' id='word_1_278' title='bbox 1480 1306 1608 1339; x_wconf 84' lang='lat' dir='ltr'>ordines</span> <span class='ocrx_word' id='word_1_279' title='bbox 1641 1314 1839 1349; x_wconf 70' lang='lat' dir='ltr'>promoxen-</span> 
     </span>
     <span class='ocr_line' id='line_1_71' title="bbox 1182 1361 1840 1405; baseline -0.009 -8"><span class='ocrx_word' id='word_1_280' title='bbox 1182 1367 1245 1398; x_wconf 80' lang='lat' dir='ltr'>tur.</span> <span class='ocrx_word' id='word_1_281' title='bbox 1265 1363 1427 1405; x_wconf 86' lang='lat' dir='ltr'>episcopis</span> <span class='ocrx_word' id='word_1_282' title='bbox 1441 1371 1458 1394; x_wconf 89' lang='lat' dir='ltr'>a</span> <span class='ocrx_word' id='word_1_283' title='bbox 1471 1361 1659 1404; x_wconf 62' lang='lat' dir='ltr'>provinciali</span> <span class='ocrx_word' id='word_1_284' title='bbox 1673 1369 1735 1392; x_wconf 89' lang='lat' dir='ltr'>uon</span> <span class='ocrx_word' id='word_1_285' title='bbox 1752 1367 1840 1402; x_wconf 89' lang='lat' dir='ltr'>prae-</span> 
     </span>
     <span class='ocr_line' id='line_1_72' title="bbox 1184 1415 1406 1457; baseline -0.014 -7"><span class='ocrx_word' id='word_1_286' title='bbox 1184 1416 1306 1457; x_wconf 81' lang='lat' dir='ltr'>standa,</span> <span class='ocrx_word' id='word_1_287' title='bbox 1333 1415 1406 1448; x_wconf 72' lang='lat'>326.</span> 
     </span>
    </p>

    <p class='ocr_par' dir='ltr' id='par_1_22' title="bbox 1094 1465 1840 1886">
     <span class='ocr_line' id='line_1_73' title="bbox 1094 1465 1839 1505; baseline -0.007 -1"><span class='ocrx_word' id='word_1_288' title='bbox 1094 1470 1182 1505; x_wconf 85' lang='lat' dir='ltr'>CXL.</span> <span class='ocrx_word' id='word_1_289' title='bbox 1214 1470 1363 1504; x_wconf 87' lang='lat' dir='ltr'>Declarat</span> <span class='ocrx_word' id='word_1_290' title='bbox 1391 1468 1557 1502; x_wconf 80' lang='lat' dir='ltr'>facultates</span> <span class='ocrx_word' id='word_1_291' title='bbox 1589 1466 1775 1500; x_wconf 69' lang='lat' dir='ltr'>absolxendi</span> <span class='ocrx_word' id='word_1_292' title='bbox 1800 1465 1839 1499; x_wconf 86' lang='lat' dir='ltr'>ab</span> 
     </span>
     <span class='ocr_line' id='line_1_74' title="bbox 1182 1520 1839 1564; baseline -0.008 -7"><span class='ocrx_word' id='word_1_293' title='bbox 1182 1525 1308 1558; x_wconf 87' lang='lat' dir='ltr'>haeresi</span> <span class='ocrx_word' id='word_1_294' title='bbox 1333 1527 1365 1557; x_wconf 86' lang='lat' dir='ltr'>et</span> <span class='ocrx_word' id='word_1_295' title='bbox 1384 1523 1511 1556; x_wconf 79' lang='lat' dir='ltr'>castbus</span> <span class='ocrx_word' id='word_1_296' title='bbox 1536 1522 1610 1555; x_wconf 79' lang='lat' dir='ltr'>Sedi</span> <span class='ocrx_word' id='word_1_297' title='bbox 1637 1520 1839 1564; x_wconf 79' lang='lat' dir='ltr'>Apostolieae</span> 
     </span>
     <span class='ocr_line' id='line_1_75' title="bbox 1183 1573 1835 1612; baseline -0.011 0"><span class='ocrx_word' id='word_1_298' title='bbox 1183 1580 1354 1612; x_wconf 84' lang='lat' dir='ltr'>reservatis</span> <span class='ocrx_word' id='word_1_299' title='bbox 1388 1581 1418 1610; x_wconf 91' lang='lat' dir='ltr'>et</span> <span class='ocrx_word' id='word_1_300' title='bbox 1444 1578 1473 1609; x_wconf 79' lang='lat' dir='ltr'>ln</span> <span class='ocrx_word' id='word_1_301' title='bbox 1501 1576 1588 1609; x_wconf 83' lang='lat' dir='ltr'>Bulla</span> <span class='ocrx_word' id='word_1_302' title='bbox 1614 1574 1737 1608; x_wconf 84' lang='lat' dir='ltr'>Coenae</span> <span class='ocrx_word' id='word_1_303' title='bbox 1769 1573 1835 1606; x_wconf 92' lang='lat' dir='ltr'>Do-</span> 
     </span>
     <span class='ocr_line' id='line_1_76' title="bbox 1182 1627 1840 1674; baseline -0.009 -9"><span class='ocrx_word' id='word_1_304' title='bbox 1182 1633 1259 1665; x_wconf 88' lang='lat' dir='ltr'>mini</span> <span class='ocrx_word' id='word_1_305' title='bbox 1296 1629 1541 1674; x_wconf 83' lang='lat' dir='ltr'>particularibus</span> <span class='ocrx_word' id='word_1_306' title='bbox 1581 1629 1724 1672; x_wconf 79' lang='lat' dir='ltr'>persoois</span> <span class='ocrx_word' id='word_1_307' title='bbox 1762 1627 1840 1660; x_wconf 91' lang='lat' dir='ltr'>ultra</span> 
     </span>
     <span class='ocr_line' id='line_1_77' title="bbox 1183 1680 1839 1727; baseline -0.011 -10"><span class='ocrx_word' id='word_1_308' title='bbox 1183 1688 1307 1717; x_wconf 90' lang='lat' dir='ltr'>montes</span> <span class='ocrx_word' id='word_1_309' title='bbox 1333 1693 1390 1727; x_wconf 91' lang='lat' dir='ltr'>per</span> <span class='ocrx_word' id='word_1_310' title='bbox 1410 1683 1439 1715; x_wconf 78' lang='lat' dir='ltr'>S.</span> <span class='ocrx_word' id='word_1_311' title='bbox 1461 1683 1490 1715; x_wconf 68' lang='grc' dir='ltr'>ὃ.</span> <span class='ocrx_word' id='word_1_312' title='bbox 1519 1692 1576 1715; x_wconf 90' lang='lat' dir='ltr'>seu</span> <span class='ocrx_word' id='word_1_313' title='bbox 1594 1685 1736 1714; x_wconf 78' lang='lat' dir='ltr'>sanctum</span> <span class='ocrx_word' id='word_1_314' title='bbox 1759 1680 1839 1714; x_wconf 83' lang='lat' dir='ltr'>Offi-</span> 
     </span>
     <span class='ocr_line' id='line_1_78' title="bbox 1183 1734 1838 1778; baseline -0.008 -7"><span class='ocrx_word' id='word_1_315' title='bbox 1183 1739 1267 1771; x_wconf 79' lang='lat' dir='ltr'>cIum</span> <span class='ocrx_word' id='word_1_316' title='bbox 1304 1746 1473 1770; x_wconf 71' lang='lat' dir='ltr'>concessas</span> <span class='ocrx_word' id='word_1_317' title='bbox 1511 1746 1571 1768; x_wconf 85' lang='lat' dir='ltr'>non</span> <span class='ocrx_word' id='word_1_318' title='bbox 1608 1734 1838 1778; x_wconf 86' lang='lat' dir='ltr'>comprehendi</span> 
     </span>
     <span class='ocr_line' id='line_1_79' title="bbox 1183 1790 1839 1834; baseline -0.008 -9"><span class='ocrx_word' id='word_1_319' title='bbox 1183 1792 1243 1825; x_wconf 89' lang='lat' dir='ltr'>sub</span> <span class='ocrx_word' id='word_1_320' title='bbox 1260 1791 1403 1834; x_wconf 83' lang='lat' dir='ltr'>generali</span> <span class='ocrx_word' id='word_1_321' title='bbox 1428 1791 1638 1833; x_wconf 84' lang='lat' dir='ltr'>suspensione</span> <span class='ocrx_word' id='word_1_322' title='bbox 1670 1790 1839 1821; x_wconf 86' lang='lat' dir='ltr'>occasione</span> 
     </span>
     <span class='ocr_line' id='line_1_80' title="bbox 1185 1845 1501 1886; baseline -0.009 -7"><span class='ocrx_word' id='word_1_323' title='bbox 1185 1847 1258 1879; x_wconf 89' lang='lat' dir='ltr'>anni</span> <span class='ocrx_word' id='word_1_324' title='bbox 1288 1847 1400 1886; x_wconf 86' lang='lat' dir='ltr'>sancti,</span> <span class='ocrx_word' id='word_1_325' title='bbox 1427 1845 1501 1877; x_wconf 64' lang='grc'>327.</span> 
     </span>
    </p>

    <p class='ocr_par' dir='ltr' id='par_1_23' title="bbox 1095 1896 1843 2153">
     <span class='ocr_line' id='line_1_81' title="bbox 1095 1896 1841 1934; baseline -0.008 0"><span class='ocrx_word' id='word_1_326' title='bbox 1095 1899 1192 1934; x_wconf 82' lang='lat' dir='ltr'>CXLI.</span> <span class='ocrx_word' id='word_1_327' title='bbox 1229 1898 1431 1932; x_wconf 86' lang='lat' dir='ltr'>Contirmatio</span> <span class='ocrx_word' id='word_1_328' title='bbox 1460 1898 1635 1930; x_wconf 67' lang='lat' dir='ltr'>litterarum</span> <span class='ocrx_word' id='word_1_329' title='bbox 1670 1896 1757 1930; x_wconf 87' lang='lat' dir='ltr'>Pauli</span> <span class='ocrx_word' id='word_1_330' title='bbox 1788 1896 1841 1929; x_wconf 83' lang='lat' dir='ltr'>Pa—</span> 
     </span>
     <span class='ocr_line' id='line_1_82' title="bbox 1184 1951 1843 1997; baseline -0.005 -12"><span class='ocrx_word' id='word_1_331' title='bbox 1184 1962 1242 1997; x_wconf 87' lang='lat' dir='ltr'>pae</span> <span class='ocrx_word' id='word_1_332' title='bbox 1272 1951 1296 1984; x_wconf 91' lang='lat' dir='ltr'>V</span> <span class='ocrx_word' id='word_1_333' title='bbox 1322 1951 1438 1996; x_wconf 87' lang='lat' dir='ltr'>quibus</span> <span class='ocrx_word' id='word_1_334' title='bbox 1464 1951 1681 1984; x_wconf 84' lang='lat' dir='ltr'>communitati</span> <span class='ocrx_word' id='word_1_335' title='bbox 1708 1952 1843 1983; x_wconf 85' lang='lat' dir='ltr'>Anconi-</span> 
     </span>
     <span class='ocr_line' id='line_1_83' title="bbox 1183 2006 1842 2048; baseline -0.008 -7"><span class='ocrx_word' id='word_1_336' title='bbox 1183 2012 1275 2042; x_wconf 87' lang='lat' dir='ltr'>tanae</span> <span class='ocrx_word' id='word_1_337' title='bbox 1301 2007 1382 2040; x_wconf 89' lang='lat' dir='ltr'>duae</span> <span class='ocrx_word' id='word_1_338' title='bbox 1410 2010 1520 2039; x_wconf 81' lang='lat' dir='ltr'>tertiae</span> <span class='ocrx_word' id='word_1_339' title='bbox 1548 2009 1652 2048; x_wconf 73' lang='lat' dir='ltr'>partes</span> <span class='ocrx_word' id='word_1_340' title='bbox 1690 2006 1842 2047; x_wconf 52' lang='lat' dir='ltr'>pecunia-</span> 
     </span>
     <span class='ocr_line' id='line_1_84' title="bbox 1183 2059 1838 2102; baseline -0.008 -7"><span class='ocrx_word' id='word_1_341' title='bbox 1183 2072 1254 2095; x_wconf 88' lang='lat' dir='ltr'>rum</span> <span class='ocrx_word' id='word_1_342' title='bbox 1280 2070 1318 2093; x_wconf 76' lang='lat' dir='ltr'>ex</span> <span class='ocrx_word' id='word_1_343' title='bbox 1345 2059 1519 2099; x_wconf 72' lang='lat' dir='ltr'>matericit&lt;‚</span> <span class='ocrx_word' id='word_1_344' title='bbox 1547 2059 1736 2102; x_wconf 61' lang='lat' dir='ltr'>niulclisque</span> <span class='ocrx_word' id='word_1_345' title='bbox 1763 2068 1838 2102; x_wconf 89' lang='lat' dir='ltr'>pro-</span> 
     </span>
     <span class='ocr_line' id='line_1_85' title="bbox 1183 2112 1728 2153; baseline -0.009 -5"><span class='ocrx_word' id='word_1_346' title='bbox 1183 2116 1381 2148; x_wconf 83' lang='lat' dir='ltr'>venientium</span> <span class='ocrx_word' id='word_1_347' title='bbox 1406 2113 1635 2153; x_wconf 78' lang='lat' dir='ltr'>coneedunlur,</span> <span class='ocrx_word' id='word_1_348' title='bbox 1655 2112 1728 2144; x_wconf 64' lang='lat'>398.</span> 
     </span>
    </p>

    <p class='ocr_par' dir='ltr' id='par_1_24' title="bbox 1095 2165 1843 2580">
     <span class='ocr_line' id='line_1_86' title="bbox 1095 2165 1842 2203; baseline -0.009 0"><span class='ocrx_word' id='word_1_349' title='bbox 1095 2168 1210 2203; x_wconf 81' lang='lat' dir='ltr'>CXLII.</span> <span class='ocrx_word' id='word_1_350' title='bbox 1227 2168 1424 2201; x_wconf 82' lang='lat' dir='ltr'>Beatifieatio</span> <span class='ocrx_word' id='word_1_351' title='bbox 1456 2166 1647 2199; x_wconf 66' lang='lat' dir='ltr'>venerabilis</span> <span class='ocrx_word' id='word_1_352' title='bbox 1677 2167 1762 2197; x_wconf 66' lang='lat' dir='ltr'>serti</span> <span class='ocrx_word' id='word_1_353' title='bbox 1782 2165 1842 2197; x_wconf 89' lang='lat' dir='ltr'>Dei</span> 
     </span>
     <span class='ocr_line' id='line_1_87' title="bbox 1184 2218 1841 2256; baseline -0.006 -1"><span class='ocrx_word' id='word_1_354' title='bbox 1184 2222 1330 2256; x_wconf 88' lang='lat' dir='ltr'>Andreae</span> <span class='ocrx_word' id='word_1_355' title='bbox 1346 2222 1384 2254; x_wconf 90' lang='lat' dir='ltr'>de</span> <span class='ocrx_word' id='word_1_356' title='bbox 1400 2220 1545 2254; x_wconf 67' lang='lat' dir='ltr'>Avellino</span> <span class='ocrx_word' id='word_1_357' title='bbox 1556 2220 1749 2252; x_wconf 72' lang='lat' dir='ltr'>Clerieoruni</span> <span class='ocrx_word' id='word_1_358' title='bbox 1765 2218 1841 2252; x_wconf 85' lang='lat' dir='ltr'>Con-</span> 
     </span>
     <span class='ocr_line' id='line_1_88' title="bbox 1183 2274 1839 2320; baseline -0.006 -11"><span class='ocrx_word' id='word_1_359' title='bbox 1183 2277 1380 2320; x_wconf 81' lang='lat' dir='ltr'>gregationis</span> <span class='ocrx_word' id='word_1_360' title='bbox 1393 2275 1585 2317; x_wconf 80' lang='lat' dir='ltr'>regularium</span> <span class='ocrx_word' id='word_1_361' title='bbox 1601 2274 1686 2307; x_wconf 84' lang='lat' dir='ltr'>Tiiea</span> <span class='ocrx_word' id='word_1_362' title='bbox 1705 2275 1839 2314; x_wconf 84' lang='lat' dir='ltr'>inoruin,</span> 
     </span>
     <span class='ocr_line' id='line_1_89' title="bbox 1184 2326 1841 2363; baseline -0.008 0"><span class='ocrx_word' id='word_1_363' title='bbox 1184 2339 1255 2363; x_wconf 80' lang='lat' dir='ltr'>cun]</span> <span class='ocrx_word' id='word_1_364' title='bbox 1274 2330 1480 2362; x_wconf 73' lang='lat' dir='ltr'>concessione</span> <span class='ocrx_word' id='word_1_365' title='bbox 1498 2327 1624 2360; x_wconf 72' lang='lat' dir='ltr'>clericis</span> <span class='ocrx_word' id='word_1_366' title='bbox 1641 2328 1745 2360; x_wconf 65' lang='lat' dir='ltr'>dietae</span> <span class='ocrx_word' id='word_1_367' title='bbox 1765 2326 1841 2359; x_wconf 87' lang='lat' dir='ltr'>Con-</span> 
     </span>
     <span class='ocr_line' id='line_1_90' title="bbox 1183 2381 1843 2426; baseline -0.006 -11"><span class='ocrx_word' id='word_1_368' title='bbox 1183 2383 1378 2426; x_wconf 81' lang='lat' dir='ltr'>gregationis</span> <span class='ocrx_word' id='word_1_369' title='bbox 1397 2381 1515 2425; x_wconf 84' lang='lat' dir='ltr'>ubique</span> <span class='ocrx_word' id='word_1_370' title='bbox 1534 2381 1746 2413; x_wconf 75' lang='lat' dir='ltr'>existentibus</span> <span class='ocrx_word' id='word_1_371' title='bbox 1769 2390 1843 2424; x_wconf 86' lang='lat' dir='ltr'>quo-</span> 
     </span>
     <span class='ocr_line' id='line_1_91' title="bbox 1185 2434 1841 2470; baseline -0.006 -1"><span class='ocrx_word' id='word_1_372' title='bbox 1185 2437 1289 2470; x_wconf 86' lang='lat' dir='ltr'>tannis</span> <span class='ocrx_word' id='word_1_373' title='bbox 1321 2437 1351 2468; x_wconf 81' lang='lat' dir='ltr'>ii]</span> <span class='ocrx_word' id='word_1_374' title='bbox 1383 2435 1434 2467; x_wconf 85' lang='lat' dir='ltr'>(lie</span> <span class='ocrx_word' id='word_1_375' title='bbox 1461 2434 1545 2467; x_wconf 86' lang='lat' dir='ltr'>illius</span> <span class='ocrx_word' id='word_1_376' title='bbox 1569 2434 1672 2467; x_wconf 85' lang='lat' dir='ltr'>obitus</span> <span class='ocrx_word' id='word_1_377' title='bbox 1711 2434 1841 2465; x_wconf 69' lang='lat' dir='ltr'>mis-am</span> 
     </span>
     <span class='ocr_line' id='line_1_92' title="bbox 1187 2487 1839 2523; baseline -0.005 -1"><span class='ocrx_word' id='word_1_378' title='bbox 1187 2493 1218 2523; x_wconf 85' lang='lat' dir='ltr'>et</span> <span class='ocrx_word' id='word_1_379' title='bbox 1236 2490 1372 2522; x_wconf 77' lang='lat' dir='ltr'>officium</span> <span class='ocrx_word' id='word_1_380' title='bbox 1388 2488 1426 2521; x_wconf 90' lang='lat' dir='ltr'>de</span> <span class='ocrx_word' id='word_1_381' title='bbox 1446 2490 1603 2521; x_wconf 82' lang='lat' dir='ltr'>communi</span> <span class='ocrx_word' id='word_1_382' title='bbox 1619 2487 1839 2520; x_wconf 79' lang='lat' dir='ltr'>Conlessoiun]</span> 
     </span>
     <span class='ocr_line' id='line_1_93' title="bbox 1184 2540 1773 2580; baseline -0.005 -5"><span class='ocrx_word' id='word_1_383' title='bbox 1184 2552 1246 2575; x_wconf 92' lang='lat' dir='ltr'>non</span> <span class='ocrx_word' id='word_1_384' title='bbox 1272 2542 1459 2575; x_wconf 71' lang='lat' dir='ltr'>Pontificum</span> <span class='ocrx_word' id='word_1_385' title='bbox 1484 2540 1677 2580; x_wconf 80' lang='lat' dir='ltr'>celebrandi,</span> <span class='ocrx_word' id='word_1_386' title='bbox 1700 2540 1773 2573; x_wconf 75' lang='lat'>3:31.</span> 
     </span>
    </p>

    <p class='ocr_par' dir='ltr' id='par_1_25' title="bbox 1093 2595 1838 2683">
     <span class='ocr_line' id='line_1_94' title="bbox 1093 2595 1835 2639; baseline -0.004 -10"><span class='ocrx_word' id='word_1_387' title='bbox 1093 2595 1224 2629; x_wconf 75' lang='lat' dir='ltr'>chtlt.</span> <span class='ocrx_word' id='word_1_388' title='bbox 1239 2596 1415 2629; x_wconf 81' lang='lat' dir='ltr'>lubilaeum</span> <span class='ocrx_word' id='word_1_389' title='bbox 1435 2606 1489 2639; x_wconf 88' lang='lat' dir='ltr'>pro</span> <span class='ocrx_word' id='word_1_390' title='bbox 1507 2596 1653 2629; x_wconf 84' lang='lat' dir='ltr'>omnibus</span> <span class='ocrx_word' id='word_1_391' title='bbox 1672 2597 1835 2638; x_wconf 72' lang='lat' dir='ltr'>utriusque</span> 
     </span>
     <span class='ocr_line' id='line_1_95' title="bbox 1181 2649 1838 2683; baseline -0.002 -1"><span class='ocrx_word' id='word_1_392' title='bbox 1181 2659 1278 2683; x_wconf 81' lang='lat' dir='ltr'>sexus</span> <span class='ocrx_word' id='word_1_393' title='bbox 1302 2649 1560 2683; x_wconf 79' lang='lat' dir='ltr'>christifidelibus</span> <span class='ocrx_word' id='word_1_394' title='bbox 1585 2651 1617 2683; x_wconf 93' lang='lat' dir='ltr'>in</span> <span class='ocrx_word' id='word_1_395' title='bbox 1642 2651 1770 2682; x_wconf 83' lang='lat' dir='ltr'>civitate</span> <span class='ocrx_word' id='word_1_396' title='bbox 1806 2652 1838 2681; x_wconf 87' lang='lat' dir='ltr'>et</span> 
     </span>
    </p>

    <p class='ocr_par' dir='ltr' id='par_1_26' title="bbox 1094 2711 1126 2738">
     <span class='ocr_line' id='line_1_96' title="bbox 1094 2711 1126 2738; baseline -0.031 0"><span class='ocrx_word' id='word_1_397' title='bbox 1094 2711 1126 2738; x_wconf 87' lang='lat'>91</span> 
     </span>
    </p>
   </div>
  </div>
 </body>
</html>
