2269 3235
228 254 275 281 An.
294 253 322 281 c.
343 253 412 280 1626
458 243 521 277 468

426 302 600 334 constiterit
617 329 624 342 ‚
660 301 861 333 ecclesiarum
877 325 884 338 ,
921 298 1165 341 carmndeinque

427 365 633 398 personarum
666 352 946 385 ecclesiasticarum
980 351 1161 383 immunita-

427 414 487 439 tem
513 418 549 440 cx
575 406 779 440 conventione
812 410 841 437 et
871 404 1037 437 concordia
1063 404 1163 436 fienda

428 461 605 494 liuiusmodi
620 460 796 492 nullatcnus
811 458 901 499 laedi,
915 469 969 491 scu
981 459 1025 491 cis
1039 458 1163 501 aliquod

426 515 575 546 damnum
601 514 646 546 vel
673 512 899 556 praeiudicium
926 512 1043 554 inl'erri,
1070 522 1164 555 super

426 577 487 608 quo
507 565 730 598 conscientiam
756 570 840 597 tuam
865 575 1043 607 oneramus,
1061 575 1165 608 perso-

425 618 472 650 nis
506 618 724 651 ecclesiasticis
757 617 945 661 praedietis,
971 629 1025 650 seu
1060 617 1098 650 ab
1120 617 1164 650 eis

425 672 463 704 ad
488 672 546 704 lioc
567 672 744 715 specialiter
765 671 961 715 deputandis,
979 671 1017 704 ad
1034 680 1165 704 conven-

426 725 541 758 tionem
579 729 608 758 et
643 724 843 758 concordiam
877 730 939 757 tam
972 723 1163 757 coniunctim

425 788 518 821 quam
539 778 673 818 divisim,
692 777 785 810 modo
803 783 832 810 et
854 778 953 810 forma
973 776 1163 820 praemissis,

426 842 497 864 cum
522 831 653 864 antianis
674 836 703 864 et
725 831 896 864 vexillifero
922 830 1089 873 praedictis
1117 830 1166 862 de-

427 884 569 918 veniendi
588 884 647 926 (ita
672 889 784 923 tamen,
803 887 836 916 ut
856 883 879 915 si
905 883 1045 925 gabellas
1062 881 1166 914 huius-

426 937 510 970 modi
535 937 644 980 augeri
662 937 708 968 vel
731 936 828 969 minui
850 935 1026 978 contigerit,
1043 945 1166 967 summa

426 990 519 1022 ctiam
544 990 625 1023 inter
656 989 882 1022 ecclesiasticos
913 998 1036 1021 necnon
1067 987 1165 1020 antia-

425 1053 481 1075 nos
499 1048 528 1075 et
547 1043 753 1075 vexilliferum
779 1042 956 1085 praedictos
977 1041 1166 1074 concordata

426 1095 738 1139 proportionabiliter
761 1100 913 1138 augeatur
937 1100 967 1127 et
991 1094 1166 1135 minuatur,

425 1160 460 1182 ac
485 1160 577 1182 omne
602 1149 632 1181 id
652 1154 682 1181 et
707 1153 816 1187 totum,
842 1148 924 1191 quod
942 1148 1059 1181 antiani
1075 1152 1105 1182 et
1121 1159 1168 1181 ve-

426 1202 539 1235 xillifer
564 1202 736 1245 praedicti,
767 1212 821 1234 seu
845 1202 884 1234 ab
909 1202 953 1234 eis
977 1201 1124 1245 deputati,
1151 1211 1168 1233 a

425 1255 568 1299 personis
599 1255 817 1288 ecclesiasticis
846 1255 1026 1287 huiusmodi
1059 1264 1169 1297 exege-

426 1309 489 1341 rint
513 1314 543 1341 et
567 1309 784 1353 perceperint,
805 1308 921 1341 eisdem
947 1309 1090 1352 personis
1114 1318 1169 1341 seu

427 1362 518 1395 etiam
544 1362 582 1395 ab
608 1362 651 1395 eis
676 1360 999 1405 dt·piitalis*integ1‘e,
1024 1361 1168 1401 realiter,

427 1420 455 1447 ct
470 1426 540 1448 cum
559 1414 672 1448 effectu
689 1415 819 1457 singulis
837 1425 889 1447 sex
907 1414 1068 1447 mensibus
1085 1414 1168 1446 iuxta

428 1469 629 1503 concordiam
653 1468 833 1501 huiusmodi
863 1468 1046 1511 restituant)
1071 1468 1168 1501 libere

427 1527 457 1554 et
489 1522 572 1555 licite
604 1526 634 1554 et
666 1522 784 1565 absque
813 1520 1168 1562 excon‘imunicationis,

427 1576 623 1618 aliarumque
648 1585 853 1608 censurarum
878 1580 907 1607 ct
926 1585 1098 1618 poenarum
1123 1585 1170 1608 ec-

429 1629 670 1661 clesiasticarum
697 1633 805 1661 contra
829 1628 970 1670 gabellas
987 1628 1168 1660 huiusmodi

428 1693 445 1714 a
464 1683 608 1726 personis
626 1682 843 1715 ecclesiasticis
860 1681 1018 1724 exigentes
1034 1682 1168 1713 latarum

430 1740 459 1769 et
490 1736 679 1769 inflictarum
715 1735 864 1775 incursu3
888 1740 1050 1779 praeterea
1075 1735 1168 1777 (facta

430 1789 519 1833 prius
544 1800 600 1833 per
620 1789 761 1822 antianos
778 1794 808 1822 et
828 1789 1033 1821 vexilliferum
1050 1789 1169 1832 praedi-

431 1848 517 1883 ctos,
539 1853 594 1875 seu
617 1854 674 1886 per
699 1843 908 1876 camerarium
942 1843 989 1875 vel
1014 1842 1170 1886 deposita-

430 1896 524 1936 rium,
542 1896 579 1928 de
596 1896 712 1929 eisdem
730 1896 872 1940 personis
890 1896 1109 1928 ecclesiasticis
1126 1906 1171 1928 re-

431 1948 598 1989 stituendo,
612 1954 645 1981 ut
657 1950 844 1992 praefertur,
857 1948 1072 1991 obligatione),
1087 1948 1171 1980 iuxta

432 2002 653 2035 conventiones
678 2003 758 2035 inter
782 2013 835 2035 eos
854 2002 932 2034 infra
957 2012 1068 2035 novem
1088 2012 1172 2035 men-

432 2067 480 2089 ses
504 2056 665 2100 proximos
695 2055 873 2095 faciendas,
903 2056 995 2088 etiam
1028 2066 1064 2088 ex
1088 2066 1172 2089 nnnc

432 2109 575 2153 exigendi
596 2114 626 2142 et
648 2109 859 2153 percipiendi,
880 2114 1042 2152 praeterea
1067 2119 1174 2153 perso-

431 2165 479 2197 nis
497 2164 713 2197 ecclesiasticis
730 2163 908 2207 praedictis,
926 2174 981 2197 seu
998 2163 1035 2196 ab
1053 2163 1097 2196 eis
1114 2174 1172 2207 pro

433 2222 573 2261 tempore
605 2218 780 2262 deputatis,
809 2228 1026 2261 quaecumque
1056 2217 1173 2250 instru-

433 2277 537 2304 menta
568 2271 703 2315 desuper
737 2271 914 2304 necessaria
942 2276 973 2303 et
996 2276 1173 2314 opportuna

433 2336 504 2358 cum
522 2325 679 2365 clausulis,
693 2325 846 2369 capitulis,
862 2325 960 2368 pactis
978 2330 1008 2357 et
1025 2324 1174 2358 conditio-

432 2378 524 2411 nibus
553 2379 607 2410 tibi
633 2379 798 2419 bencvisis,
818 2378 912 2412 licitis
938 2383 1041 2411 tamen
1066 2382 1095 2411 et
1120 2377 1175 2410 ho-

433 2432 538 2471 nestis,
555 2443 612 2464 nee
637 2433 825 2466 immunitati
846 2432 1084 2474 ecclesiasticae,
1101 2442 1176 2476 quo-

434 2486 479 2517 vis
504 2486 596 2519 medo
622 2487 796 2529 contrariis,
822 2497 893 2519 eum
917 2486 1050 2519 antianis
1075 2491 1105 2519 et
1128 2496 1176 2519 ve-

435 2539 568 2571 xillis-«ro
592 2540 760 2583 praedictis
793 2541 889 2573 semel
914 2546 943 2573 et
966 2531 1108 2584 pluries,
1139 2550 1175 2573 ac

437 2592 524 2625 toties
542 2593 663 2636 quoties
683 2604 760 2637 opus
789 2593 893 2634 suerit,
914 2593 1092 2627 celebrandi
1120 2604 1176 2627 seu

435 2646 598 2688 celebrari,
622 2647 745 2691 aliaque
769 2658 863 2691 super
886 2647 935 2682 his
951 2647 1129 2683 necessaria
1145 2653 1176 2682 et

1010 249 1187 273 numanum
1213 248 1366 273 ROMANUM

1199 302 1380 341 opportuna
1404 296 1551 338 faciendi,
1581 296 1719 336 dicendi,
1747 296 1876 339 gerendi
1907 301 1937 329 et

1199 348 1381 392 exequendi,
1399 348 1557 380 licentiam
1583 351 1613 380 et
1636 347 1814 381 facultatem
1834 352 1938 381 aucto-

1198 402 1288 434 ritate
1316 406 1422 435 nostra
1455 400 1624 440 conccdas;
1650 410 1863 444 personasque
1891 411 1938 434 ec-

1199 454 1386 488 clesiasticas
1419 459 1449 487 et
1482 454 1623 486 antianos
1658 464 1694 486 ac
1719 453 1937 487 vexilliferum

1198 508 1374 551 praedictos
1399 507 1436 540 ad
1462 506 1676 540 conventionis
1701 511 1731 540 et
1751 506 1938 541 wncordiae

1198 561 1306 604 vigore
1330 554 1541 604 praesentium
1568 559 1732 599 ineundae,
1760 563 1936 603 postquam,

1198 619 1231 646 ut
1254 614 1441 658 praefertur,
1463 613 1537 645 inita
1562 612 1667 653 fuerit,
1688 611 1936 646 observationem

1198 667 1325 700 omnino
1350 667 1449 700 teneri
1474 672 1503 700 et
1528 667 1681 710 obligatos
1713 666 1800 706 sore,
1828 665 1938 699 eadem

1198 720 1381 754 auctoritate
1406 719 1566 753 decernas.

1243 773 1257 815 ἓ
1282 773 1309 806 3.
1336 774 1403 807 Non
1428 773 1624 806 obstantibus
1648 773 1839 816 apostolicis,
1856 772 1940 805 acin

1199 825 1445 868 universalibus,
1470 826 1777 870 provincialibusque
1801 826 1940 860 conciliis

1200 877 1290 910 editis
1320 878 1520 920 generalibus
1545 879 1592 911 vel
1616 879 1803 922 specialibus
1827 879 1941 913 eonsti-

1201 931 1373 964 tutionibus
1397 936 1427 964 et
1450 931 1715 974 ordinationibus,
1740 943 1776 966 ac
1800 933 1943 965 ecclesia-

1201 994 1282 1024 rum,
1309 984 1571 1018 monasteriorum
1605 990 1635 1017 et
1662 985 1797 1018 aliorum
1822 986 1942 1028 regula-

1201 1037 1283 1069 rium
1309 1037 1451 1070 locorum
1484 1042 1514 1070 et
1537 1037 1700 1079 ordinum,
1729 1048 1865 1081 quorum
1891 1038 1943 1070 illa

1201 1090 1333 1131 suerint,
1361 1090 1454 1123 etiam
1480 1091 1675 1133 iuramento,
1702 1091 1943 1125 confirmatione

1201 1144 1384 1188 apostolica,
1405 1145 1452 1177 vel
1473 1145 1582 1188 quavis
1599 1145 1747 1178 firmitate
1773 1145 1833 1177 alia
1853 1145 1944 1178 robo-

1201 1197 1288 1238 ratis,
1313 1197 1434 1231 statutis
1459 1203 1489 1230 et
1513 1198 1805 1240 consuetudinibus,
1821 1198 1945 1242 privile-

1201 1251 1261 1294 giis
1278 1262 1414 1295 quoque,
1431 1251 1559 1285 indultis
1576 1257 1607 1285 et
1622 1252 1734 1285 litteris
1753 1252 1944 1296 apostolicis,

1202 1305 1260 1338 sub
1284 1305 1536 1349 quibuscumque
1567 1305 1729 1338 tenoribus
1759 1310 1789 1338 et
1812 1305 1922 1339 formis
1937 1333 1944 1346 ,

1202 1369 1238 1392 ac
1262 1369 1333 1392 cum
1359 1359 1522 1402 quibusvis
1553 1359 1645 1392 etiam
1671 1359 1944 1402 derogatoriarum

1203 1410 1422 1454 derogatoriis,
1440 1412 1572 1456 aliisque
1596 1412 1825 1454 efficacioribus
1849 1417 1879 1446 et
1902 1413 1946 1445 in-

1203 1465 1302 1498 solitis
1334 1465 1503 1507 clausulis,
1527 1476 1650 1499 necnon
1685 1466 1881 1499 irritantibus
1915 1472 1945 1499 et

1203 1518 1271 1551 aliis
1299 1519 1451 1559 decretis,
1478 1519 1509 1552 in
1533 1519 1728 1553 contrarium
1752 1519 1944 1563 praemisso-

1203 1583 1274 1605 rum
1298 1572 1537 1616 quomodolibet
1555 1573 1722 1615 concessis,
1752 1573 1945 1606 confirmatis

1203 1631 1233 1659 et
1255 1626 1417 1659 innovatis.
1438 1626 1556 1665 Quibus
1581 1627 1727 1660 omnibus
1747 1632 1777 1660 et
1804 1627 1944 1670 singulis,

1203 1680 1325 1714 etiamsi
1339 1690 1397 1723 pro
1418 1680 1583 1713 sufficienti
1600 1681 1726 1713 illorum
1743 1681 1946 1724 derogatione

1203 1732 1241 1765 de
1255 1733 1326 1773 illis,
1341 1743 1515 1776 eorumque
1534 1733 1604 1767 totis
1617 1734 1779 1767 tenoribus
1793 1734 1945 1778 specialis,

1204 1786 1358 1830 specifica,
1368 1797 1515 1830 expressa
1529 1792 1559 1820 et
1568 1786 1737 1830 individua,
1748 1798 1784 1821 ac
1797 1787 1835 1820 de
1848 1787 1946 1820 verbo

1204 1839 1242 1871 ad
1262 1840 1404 1882 verbum,
1426 1851 1489 1873 non
1506 1845 1610 1873 autem
1634 1851 1690 1885 per
1712 1841 1868 1874 clausulas
1892 1851 1946 1884 ge-

1205 1893 1326 1926 nerales
1338 1893 1421 1926 idem
1431 1894 1648 1937 importantes‚
1660 1894 1778 1927 mentio
1788 1905 1843 1927 seu
1856 1904 1949 1937 quae-

1205 1946 1250 1978 vis
1267 1946 1327 1978 alia
1347 1947 1506 1990 expressio
1521 1947 1676 1990 habenda,
1691 1952 1743 1980 aut
1766 1947 1870 1991 aliqua
1887 1947 1947 1980 alia

1206 2000 1357 2043 exquisita
1380 2000 1482 2033 forma
1506 2000 1544 2033 ad
1573 2001 1634 2034 hoc
1669 2001 1820 2034 servanda
1844 2001 1924 2034 foret
1939 2028 1946 2042 ,

1206 2057 1330 2086 tenores
1362 2053 1566 2095 huiusmodi,
1596 2064 1632 2087 ae
1660 2054 1685 2087 si
1716 2054 1754 2087 de
1787 2054 1884 2087 verbo
1909 2054 1947 2087 ad

1207 2107 1338 2139 verbum
1370 2107 1605 2148 insererentur,
1636 2107 1854 2151 praesentibus
1889 2118 1948 2151 pro

1207 2159 1398 2192 sufficienter
1410 2161 1566 2204 expressis
1580 2166 1610 2193 et
1624 2160 1662 2193 ad
1675 2161 1807 2194 verbum
1825 2161 1948 2195 insertis

1208 2213 1366 2255 habentes,
1385 2213 1446 2246 illis
1466 2214 1541 2247 alias
1557 2215 1589 2246 in
1605 2225 1662 2247 suo
1677 2215 1792 2248 robore
1805 2225 1949 2258 perman-

1208 2267 1300 2308 suris,
1320 2267 1379 2300 hac
1396 2267 1462 2300 vice
1480 2267 1641 2301 dumtaxat
1657 2268 1834 2312 specialiter
1850 2273 1880 2302 et
1896 2278 1950 2302 ex-

1207 2330 1315 2364 presse
1340 2321 1562 2364 derogamus,
1584 2321 1759 2366 ceterisque
1784 2322 1950 2357 contrariis

1208 2373 1468 2418 quibuscumque.

1253 2428 1364 2461 Datum
1390 2429 1516 2472 Romae,
1542 2429 1625 2473 apud
1649 2429 1678 2463 S.
1705 2430 1833 2463 Mariam
1858 2430 1952 2464 Maio-

1209 2492 1286 2524 rem,
1309 2482 1366 2515 suh
1391 2484 1506 2517 annulo
1537 2483 1724 2526 piscatoris,
1749 2484 1799 2518 die
1823 2494 1855 2518 ιν
1882 2484 1950 2518 iulii

1209 2545 1360 2577 MDcxxvl,
1384 2537 1585 2580 pontificatus
1609 2537 1708 2571 nostri
1733 2548 1814 2572 anno
1840 2548 1882 2571 111.

1244 2599 1304 2628 Dat.
1322 2599 1365 2627 die
1381 2599 1397 2627 4
1411 2599 1469 2627 iulii
1487 2600 1565 2636 1626,
1581 2601 1677 2637 pontif.
1695 2609 1765 2629 anno
1781 2608 1822 2628 111.

1953 247 2001 274 An.
2017 247 2046 276 C.
2065 247 2136 276 162⁶

1956 788 2066 808 Contraria
2078 788 2137 808 toltit.
