2269 3235
110 320 159 346 An.
177 319 205 345 C.
232 318 299 346 1625

139 1095 169 1117 De
181 1098 248 1118 morte
261 1101 295 1123 ge-

110 1123 196 1153 neralis.
210 1126 232 1144 et
248 1124 296 1153 quis

111 1152 152 1170 erit
170 1155 216 1171 eius
239 1155 296 1171 Vica-

110 1176 155 1197 rius
178 1182 245 1203 usque
268 1176 296 1198 ad

112 1203 244 1225 electionem.

152 1466 181 1487 De
211 1472 295 1487 monen-

112 1493 144 1513 nis
151 1494 295 1519 superioribus

112 1520 196 1540 Ordinis
205 1520 230 1540 de
243 1526 295 1540 mor-

112 1548 132 1566 te
148 1547 258 1572 generalis.

140 1892 170 1913 De
191 1895 297 1919 potestate

113 1919 240 1945 collegarum
264 1926 297 1941 se<

113 1945 139 1966 de
148 1947 251 1972 generatis
263 1953 297 1969 va-

113 1976 183 1994 caute.

189 2507 224 2528 lv.

144 2533 173 2554 De
202 2535 300 2556 electori-

117 2559 155 2580 bus
168 2562 279 2586 generalis.

918 317 1059 342 nantinus

308 366 479 399 electorum
506 366 566 399 iam
590 367 628 399 ab
652 367 720 399 aliis
744 365 887 410 capitulis
915 366 1045 409 deputa·
1065 391 1066 394 ,

308 425 430 460 torum,
455 430 493 453 an
529 421 632 464 potius
667 420 749 453 idem
783 429 934 452 numerus
965 424 1042 451 esset

307 473 490 515 augendus:
516 479 562 514 et,
589 474 681 506 variis
709 473 781 506 hinc
806 473 876 505 inde
901 472 1047 505 discussis

308 527 492 567 rationibus,
522 527 646 560 tandem
672 527 832 569 negotium
858 525 1065 558 remiserunt¹

308 580 390 622 patri
402 580 551 623 generali,
566 580 619 624 qui
636 581 697 612 una
722 589 793 612 cum
819 579 884 612 suis
908 579 1047 621 collegis,

308 633 450 666 consulto
481 633 574 666 etiam
607 632 818 666 illustrissimo
850 637 1048 676 protectore,

308 685 554 719 determinarent
577 685 652 730 quid
677 691 757 719 esset
777 685 944 729 agendum.
972 685 1049 724 Qua—

308 745 448 783 propter,
464 740 545 773 facta
565 739 648 773 circa
672 739 732 773 hoc
758 741 880 773 matura
905 739 1049 773 conside-

307 793 444 834 ratione,
469 797 564 837 prout
587 794 668 827 infra
691 794 892 828 statuendum
922 803 1050 827 consen-

307 849 435 880 taneum
458 846 613 880 duximus.

591 926 768 971 Dispositio

361 981 448 1014 cirea
471 979 656 1014 electionem
680 980 799 1013 vicarii
822 981 995 1024 generalis.

353 1061 444 1094 Patre
467 1061 606 1104 generali
639 1061 803 1094 claudente
834 1060 918 1094 diem
943 1066 1048 1094 extre-

311 1125 408 1156 mum,
426 1115 574 1149 continuo
598 1115 757 1158 antiquior
780 1125 818 1148 ex
842 1115 980 1157 collegis,
997 1115 1051 1158 qui

311 1174 384 1202 tunc
407 1173 588 1213 praesentes
611 1168 757 1208 aderunt,
780 1168 911 1212 accipiat
933 1172 1052 1202 utrum-

311 1232 371 1266 que
382 1222 519 1265 sigillum
537 1221 671 1262 Ordinis,
685 1226 716 1254 et
737 1221 962 1263 vicegeneralis
985 1221 1052 1254 sun-

311 1281 404 1319 gatur
428 1276 532 1309 officio
555 1275 718 1318 tantisper,
735 1275 835 1308 donec
859 1285 931 1308 eum
956 1275 1051 1319 patri-

310 1328 369 1361 bus
393 1328 581 1362 electoribus
604 1328 643 1360 ad
667 1327 852 1361 electionem
869 1328 977 1361 vicarii
1002 1339 1052 1372 ge-

310 1381 425 1414 neralis
448 1381 648 1426 procedatur.

355 1434 515 1468 Praefatus
551 1440 641 1478 pater
676 1435 799 1478 collega
831 1435 862 1467 in
899 1434 1050 1468 vicarium

311 1488 480 1529 institutus,
500 1494 535 1522 ut
550 1488 688 1532 primum
707 1499 794 1522 mors
811 1489 908 1533 patris
925 1499 1052 1532 gencra-

310 1542 348 1575 lis
371 1541 530 1581 acciderit,
548 1547 655 1575 notam
680 1542 763 1575 illam
790 1542 881 1576 saciat
905 1543 1052 1576 omnibus

310 1595 555 1639 provincialibus
586 1595 732 1636 Ordinis,
762 1601 828 1628 tum
864 1600 896 1629 ut
929 1596 1052 1629 debitae

311 1649 469 1682 orationes
493 1654 523 1682 et
548 1649 703 1682 sacrificia
719 1659 777 1693 pro
795 1649 898 1681 anima
916 1649 1052 1683 defuncti

310 1703 495 1744 offerantur,
513 1707 579 1737 tum
596 1708 630 1736 ut
647 1703 799 1736 electores
822 1703 920 1735 futuri
945 1704 1053 1736 vicarii

311 1756 467 1800 generalis
490 1760 677 1801 praeparent
695 1767 727 1789 se
744 1756 782 1789 ad
807 1756 992 1790 electionem
1013 1758 1054 1789 sa-

311 1810 463 1843 ciendam.

355 1863 509 1903 Quamdiu
537 1863 625 1897 sedes
655 1864 810 1906 generalis
842 1863 962 1898 vacabit
991 1874 1053 1897 non

312 1922 460 1961 poterunt
484 1918 623 1961 collegae
652 1918 748 1951 ullam
773 1918 981 1952 visitationem
1014 1918 1055 1951 sa-

313 1980 394 2012 cere,
418 1981 521 2015 neque
544 1971 707 2005 instituere
730 1971 811 2005 ullos
834 1971 1052 2015 provinciales,

313 2030 366 2057 aut
381 2024 458 2058 alios
472 2024 664 2068 superiores,
677 2035 779 2068 neque
796 2025 866 2057 illos
883 2024 1051 2068 deponere.

312 2079 381 2112 Non
405 2082 554 2122 poterunt
570 2078 663 2111 etiam
683 2079 746 2111 ulla
771 2083 883 2113 statuta
907 2079 1053 2119 condere,

312 2132 361 2164 vel
385 2132 521 2176 aliquem
545 2132 675 2165 fratrem
701 2132 837 2176 privare,
852 2138 904 2165 aut
927 2132 1053 2165 rehabi-

313 2187 412 2230 litare,
433 2197 535 2231 neque
559 2188 655 2220 ullam
680 2198 747 2221 rem
771 2188 876 2231 magni
903 2188 1052 2222 momenti

313 2240 471 2284 expedire,
485 2240 539 2273 sed
556 2241 662 2274 omnia
676 2241 922 2274 reservabuntur
935 2241 1052 2275 vicario

313 2294 453 2336 generali
476 2294 591 2328 futuro.
610 2295 761 2328 Poterunt
780 2300 884 2328 autem
910 2296 1052 2338 urgentia

313 2347 460 2390 negotia,
484 2351 514 2382 et
543 2358 623 2392 quae
659 2348 793 2381 celerem
827 2349 1052 2382 resolutionem

314 2400 489 2443 requirunt,
514 2400 671 2444 expedire,
691 2401 866 2445 fratresque
891 2401 1054 2435 scandalo—

315 2463 366 2487 sos
391 2453 512 2497 punire.

361 2509 402 2541 Ex
429 2509 567 2552 qualibet
590 2510 715 2543 natione
740 2510 859 2549 Italiae,
885 2509 1001 2543 Galliae
1026 2515 1053 2542 et

314 2562 482 2606 Hispaniae
505 2568 640 2606 quatuor
671 2568 776 2607 patres
808 2563 993 2597 convenient
1017 2563 1055 2595 ad

315 2616 420 2650 locum
452 2616 640 2649 destinatum
673 2628 744 2649 cum
779 2617 880 2649 tribus
912 2616 1054 2660 patribus

316 2671 444 2714 collegis
469 2671 625 2715 generalis
642 2671 867 2714 praedefuncti,
887 2676 922 2703 ut
938 2671 1054 2713 eligant

316 2725 408 2758 simul
438 2725 588 2758 vicarium
622 2725 823 2767 generalem,
848 2734 959 2767 nempe
991 2723 1071 2763 duo,

1085 318 1139 341 vin
1164 318 1211 342 rr.
1724 305 1788 338 457

1082 365 1289 409 provinciales
1313 370 1342 398 et
1367 365 1429 398 duo
1447 363 1606 398 commissi
1631 373 1667 396 ex
1685 363 1823 406 qualibet

1083 419 1216 451 natione.

1127 473 1225 505 Porro
1251 472 1458 516 provinciales
1489 476 1688 506 assumentur
1714 479 1824 503 secun-

1083 524 1157 557 dum
1190 525 1333 558 ordinem
1365 526 1556 569 antiquitatis
1588 524 1822 569 provinciarum

1084 578 1232 612 mutando
1253 578 1291 611 de
1315 579 1463 612 sexennio
1481 579 1518 611 ad
1532 578 1716 612 sexennium
1740 577 1825 610 iuxta

1083 632 1197 665 seriem
1233 631 1388 665 dictarum
1413 632 1666 675 provinciarum,
1691 630 1825 674 exempli

1083 686 1200 729 gratia:
1222 687 1253 719 in
1270 686 1330 719 lioc
1353 687 1502 719 sexennio
1518 685 1678 719 habebunt
1703 686 1750 718 ius
1767 685 1826 718 ele-

1084 739 1207 780 ctionis‚
1224 749 1283 783 pro
1305 739 1408 778 Italia,
1434 743 1539 782 patres
1564 738 1771 782 provinciales
1795 737 1824 769 S.

1084 792 1243 825 Francisci
1264 797 1294 825 et
1320 792 1488 834 Mellanae,
1512 802 1570 835 pro
1595 791 1704 831 Gallia,
1727 791 1826 823 Turo-

1084 846 1189 879 nensis
1206 851 1236 879 et
1254 845 1420 879 Franciae:
1446 856 1505 890 pro
1523 844 1682 889 Hispania,
1707 843 1826 877 Grana-

1085 899 1181 932 tensis
1206 904 1236 932 et
1260 899 1426 939 Castellae;
1451 899 1483 932 in
1512 899 1618 932 futuro
1649 902 1753 930 autem
1778 907 1825 929 se-

1085 952 1208 993 xennio,
1223 952 1285 986 duo
1299 953 1350 985 alii
1364 952 1572 997 provinciales
1590 951 1826 996 provinciarum

1084 1006 1229 1050 proxime
1246 1006 1480 1040 succedentium
1501 1007 1532 1039 in
1549 1005 1687 1050 qualibet
1702 1004 1827 1037 natione

1085 1060 1258 1093 secundum
1276 1060 1491 1104 antiquitatem
1501 1071 1508 1100 ;
1525 1065 1556 1093 et
1569 1059 1610 1092 ita
1626 1059 1773 1102 deinceps
1789 1057 1827 1090 de

1085 1113 1235 1146 sexennio
1260 1113 1290 1145 in
1316 1113 1510 1154 sexennium,
1535 1113 1635 1146 donec
1659 1111 1827 1155 impleatur

1084 1175 1235 1199 numerus
1249 1166 1484 1210 provinciarum
1502 1165 1669 1200 cuiuslibet
1681 1164 1826 1198 nationis.

1086 1219 1236 1252 Poterunt
1260 1225 1362 1252 autem
1388 1220 1607 1263 provinciales,
1623 1219 1738 1263 quibus
1755 1228 1828 1251 con-

1086 1273 1182 1315 tinget
1206 1273 1238 1305 in
1262 1284 1319 1306 suo
1355 1273 1466 1306 ordine
1501 1274 1652 1306 interesse
1684 1271 1827 1305 electioni

1086 1325 1194 1358 vicarii
1218 1326 1384 1368 generalis,
1410 1328 1504 1359 causa
1524 1326 1675 1360 evidentis
1699 1325 1829 1358 infirmi-

1086 1379 1156 1411 tatis
1180 1379 1354 1413 subtituere
1369 1379 1532 1421 vicarium,
1552 1384 1647 1423 prout
1671 1378 1705 1411 fit
1729 1378 1760 1411 in
1780 1389 1829 1411 ca-

1086 1432 1186 1475 pitulo
1210 1433 1359 1475 generali.

1130 1486 1281 1519 Similiter
1305 1487 1329 1519 si
1354 1492 1459 1530 patres
1484 1487 1623 1529 collegae
1648 1486 1804 1529 generalis
1819 1512 1826 1525 ,

1086 1540 1133 1571 vel
1159 1539 1284 1573 illorum
1310 1540 1398 1579 alter,
1416 1539 1528 1573 morbo
1553 1539 1658 1582 aliquo
1683 1539 1726 1571 ita
1749 1538 1826 1572 deli-

1086 1599 1236 1633 neantur,
1261 1598 1297 1627 ut
1318 1604 1380 1626 non
1405 1594 1523 1637 possint
1549 1593 1634 1626 adire
1660 1593 1764 1625 locum
1789 1592 1827 1624 ad

1087 1647 1271 1679 electionem
1300 1646 1511 1687 destinatum,
1539 1651 1687 1690 poterunt
1715 1645 1828 1678 substi-

1087 1706 1177 1733 tuere
1207 1700 1344 1743 aliquem
1376 1705 1499 1743 patrem
1531 1700 1678 1733 idoneum
1711 1710 1746 1732 ex
1776 1699 1829 1731 illat

1087 1754 1227 1795 natione,
1253 1754 1342 1787 cuius
1367 1759 1438 1786 sunt
1461 1754 1614 1796 collegae,
1636 1752 1700 1797 qui,
1716 1752 1829 1785 litteris

1087 1807 1275 1841 authenticis
1305 1807 1462 1848 munitus,
1488 1807 1536 1839 ius
1561 1806 1687 1839 habebit
1711 1806 1743 1838 in
1767 1806 1829 1839 ele—

1087 1862 1199 1894 ctione.

1131 1915 1297 1949 Commissi
1318 1925 1392 1948 vero
1408 1924 1472 1948 non
1488 1919 1688 1948 assumentur
1704 1924 1740 1947 ex
1760 1924 1829 1957 pro-

1089 1969 1197 2002 vinciis
1232 1969 1371 2009 eisdem,
1403 1979 1439 2001 ex
1471 1969 1585 2012 quibus
1621 1968 1829 2012 provinciales

1087 2023 1215 2056 veniunt
1247 2023 1285 2055 ad
1317 2022 1519 2063 electionem,
1551 2021 1605 2054 sed
1636 2031 1673 2054 ex
1708 2021 1829 2054 duabus

1087 2076 1258 2121 provinciis
1275 2076 1418 2120 proxime
1443 2075 1694 2115 suceedentibus,
1711 2075 1748 2107 ad
1769 2075 1828 2108 hoc

1086 2136 1120 2164 ut
1151 2131 1257 2174 plures
1288 2130 1468 2174 provinciae
1500 2129 1666 2163 cuiuslibet
1695 2129 1829 2162 nationis

1087 2189 1278 2218 concurrant
1290 2183 1328 2216 ad
1341 2183 1527 2216 electionem
1541 2182 1648 2216 vicarii
1662 2182 1828 2225 generalis.

1131 2239 1191 2282 Ipsi
1211 2248 1286 2271 vero
1303 2237 1464 2270 commissi
1481 2237 1637 2280 eligantur
1656 2237 1828 2280 respective

1088 2292 1117 2325 in
1143 2292 1207 2325 suis
1230 2291 1402 2336 provinciis
1426 2302 1443 2324 a
1467 2290 1673 2335 provinciali,
1699 2290 1828 2333 collegis

1087 2350 1116 2380 et
1136 2345 1354 2378 definitoribus
1373 2344 1562 2389 provinciae,
1583 2344 1770 2387 veniantque
1789 2343 1827 2376 ad

1087 2400 1192 2432 locum
1217 2399 1401 2443 deputatum
1426 2398 1537 2431 muniti
1563 2397 1674 2430 litteris
1698 2397 1828 2429 authen-

1088 2454 1156 2486 ticis
1182 2463 1255 2486 suae
1279 2452 1499 2496 deputationis.

1132 2508 1286 2548 Ceterum,
1305 2506 1330 2538 si
1350 2510 1440 2549 pater
1464 2504 1620 2547 generalis
1644 2503 1773 2537 decedet
1796 2503 1828 2535 in

1088 2561 1193 2604 aliquo
1218 2563 1392 2599 conventu,
1418 2557 1563 2601 superior
1587 2557 1670 2590 illius
1694 2567 1829 2590 conven-

1088 2621 1136 2647 tus
1157 2614 1259 2646 veniet.
1281 2612 1319 2645 ad
1344 2612 1528 2644 electionem
1546 2610 1653 2644 vicarii
1671 2610 1827 2654 generalis

1087 2668 1198 2706 futuri:
1216 2672 1245 2699 et
1263 2672 1334 2699 tunc
1351 2676 1409 2709 pro
1427 2665 1480 2698 illa
1499 2665 1634 2705 natione,
1652 2665 1682 2697 in
1703 2674 1765 2708 qua
1781 2668 1826 2696 cst

1087 2723 1153 2765 ipsc
1185 2726 1367 2760 corrector,
1397 2731 1460 2753 non
1494 2720 1628 2763 eligatur
1656 2719 1714 2752 nisi
1747 2728 1827 2751 unus

1836 315 1885 341 An.
1903 314 1931 341 C.
1952 314 2020 341 162⁵

1867 508 1896 529 De
1905 482 2022 534 pil-{vincia-

1839 536 1893 556 tinus
1904 538 1924 556 et
1938 536 2022 561 quando

1839 562 2023 583 assum-temam.

1882 1524 1911 1545 ne
1920 1496 1930 1515 ἢ
1939 1496 2026 1546 [chum

1843 1552 1908 1575 patri«
1921 1551 2026 1574 generatis

1843 1583 1867 1597 m·
1877 1577 1914 1597 rim
1927 1575 2025 1596 detentis.

1916 1921 1961 1943 vit.

1858 1949 1887 1970 De
1903 1948 2026 1970 commissis.

1872 2269 1887 2288 Α
1896 2242 1972 2295 qiiitiiis
1982 2268 2028 2289 fieri

1845 2294 1923 2315 debeat
1952 2296 2028 2316 electio

1845 2327 2010 2343 commissorum.

1918 2508 1952 2529 l(.

1867 2535 1897 2556 De
1906 2537 2026 2556 correctore

1844 2565 1972 2592 conventus.
1990 2562 2026 2582 ubi

1843 2592 1931 2636 piantur
1940 2594 2026 2613 genera·

1851 2622 1874 2636 ts.
