2269 3235
128 265 177 295 Αη.
197 265 227 293 C.
247 265 315 295 1625

158 1447 187 1468 De
200 1446 314 1477 obtinenda

132 1475 203 1500 Papae
240 1475 314 1494 contir-

131 1503 230 1522 matrone.

940 264 1082 289 URBANUS
1103 264 1158 288 vn!
1179 264 1227 288 1’1‘.

324 312 417 347 officii
451 323 505 347 seu
536 313 700 347 ministerii
732 318 762 347 et
796 312 952 357 possessio
988 312 1059 344 inde

325 369 454 411 sequuta
473 367 588 400 nullius
609 366 670 399 sint
692 365 817 400 roboris
842 370 871 398 et
895 364 1059 405 momenti,

324 423 355 452 et
370 429 408 453 eo
425 419 494 465 ipso
520 420 588 453 talis
611 419 757 464 provisus
774 424 804 452 et
822 418 985 462 possidens
1000 418 1061 461 pri-

325 476 414 505 vatus
437 477 610 514 censeatur,
632 477 662 505 et
686 472 745 505 tale
769 471 907 505 officium
932 481 986 504 scu
1007 470 1061 503 mi-

324 525 490 559 nisterium
514 525 603 560 alteri
627 525 839 559 committatur
855 528 885 557 et
902 524 1062 568 providea-

325 583 376 611 tur
393 583 540 623 tanquam
557 588 679 618 vacans,
703 588 760 611 nec
777 577 830 621 qui
848 577 1060 621 provisionem

326 635 355 666 et
377 631 607 676 possessionem
633 631 822 671 obtinuerat,
846 630 944 675 possit
969 641 1001 663 se
1021 630 1063 663 di-

326 695 397 719 cere
420 685 597 729 spoliatum,
617 694 675 718 nec
695 684 776 718 actio
796 684 834 717 de
854 683 923 717 iure
939 694 1064 728 compe-

326 743 393 771 tens
416 738 555 782 spoliatis
574 738 602 771 ei
628 738 692 771 ullo
716 737 810 771 modo
835 736 1034 781 suffragetur.

368 791 457 832 Quod
481 795 543 824 tam
575 791 850 836 archiepiscopus,
878 801 973 835 quam
998 790 1064 824 eius

326 844 532 878 commissarii
563 854 621 889 per
650 845 754 889 ipsum
785 845 936 878 nominati
961 845 1000 878 ad
1020 846 1064 878 sa-

326 898 451 932 ciendas
475 898 710 933 informationes
734 899 773 943 (si
787 899 837 933 SS.
855 899 888 932 D.
906 899 941 933 N.
956 899 1066 943 Papae,

326 957 513 997 sanctaeque
530 952 601 987 Sedi
618 953 814 997 Apostolicae
831 953 997 997 placuerit)
1015 953 1067 985 ha-

325 1005 419 1038 beant
434 1016 561 1039 omnem
578 1006 829 1040 iurisdictionem
846 1006 1066 1047 necessariam,

327 1058 460 1103 quando,
479 1059 611 1103 quoties,
625 1064 655 1094 et
671 1059 724 1092 ubi
738 1070 818 1103 opus
830 1059 933 1100 fucrit,
950 1064 984 1092 ut
999 1070 1068 1104 pos-

327 1113 390 1145 sint
413 1123 526 1156 cogere
544 1118 574 1146 et
594 1114 785 1158 compellere
802 1118 897 1147 testes
915 1113 952 1146 ad
970 1113 1068 1146 feren-

328 1166 403 1199 dum
427 1166 641 1201 testimonium
660 1172 689 1200 et
710 1177 764 1200 eos
781 1167 820 1200 ad
848 1167 878 1199 id
899 1177 1021 1208 vocare,
1039 1171 1069 1201 et

327 1220 431 1253 facere
448 1220 553 1254 onmia
569 1220 607 1253 ad
623 1221 683 1254 hoc
700 1220 866 1263 negocium
880 1221 1068 1261 necessaria,

328 1278 358 1307 et
378 1284 471 1318 super
490 1284 528 1307 eo
544 1274 717 1318 procedere
741 1284 798 1317 per
822 1284 981 1314 censuras,
998 1284 1069 1318 poe-

328 1337 383 1359 nas
406 1327 614 1371 pecuniarias,
635 1332 665 1360 et
685 1338 742 1371 per
766 1327 826 1360 alia
850 1327 927 1360 iuris
945 1332 975 1360 et
995 1328 1068 1361 sacti

330 1380 476 1413 remedia.

374 1433 462 1473 Quod
486 1434 681 1478 supplicetur
705 1444 722 1466 a
747 1434 797 1468 SS.
814 1434 848 1467 D.
866 1434 901 1468 N.
919 1433 1015 1478 Papa,
1041 1438 1070 1466 et

329 1499 347 1521 a
363 1489 470 1521 sancta
487 1487 565 1522 Sede
578 1487 767 1531 Apostolica‚
784 1493 827 1530 ut,
848 1497 911 1521 non
928 1487 1070 1520 obstante

329 1541 452 1575 defectu
462 1551 633 1575 consensus
645 1541 784 1585 capituli,
796 1541 884 1573 illum
895 1540 961 1573 sine
975 1541 1068 1573 eausa

329 1596 410 1629 iusta
435 1595 594 1629 multoties
619 1595 802 1638 denegantis
826 1598 856 1628 et
879 1594 1069 1634 differentis,

329 1648 509 1682 huiusmodi
533 1653 697 1689 statutum,
721 1653 815 1692 prout
839 1648 870 1680 in
895 1648 948 1680 illo
973 1647 1071 1680 conti-

329 1708 437 1744 netur,
462 1702 610 1746 dignetur
640 1702 834 1746 approbare,
864 1700 1070 1741 confirmare,

331 1756 421 1801 eique
438 1756 536 1790 robur
551 1755 709 1789 firmitatis
726 1754 918 1799 apostolicae
935 1754 1071 1787 adiicere

331 1821 403 1844 cum
428 1810 576 1844 clausulis
607 1809 795 1843 necessariis
826 1814 856 1842 et
884 1808 1071 1853 opportunis

331 1864 370 1897 ad
394 1863 478 1897 illius
501 1864 627 1908 plenam
651 1862 883 1896 observantiam
912 1867 942 1895 et
961 1872 1072 1905 exequ—

331 1916 480 1950 utionem.
503 1917 587 1956 Quae
618 1916 725 1950 onmia
758 1926 816 1949 nos
849 1915 1007 1959 praefatus
1037 1915 1070 1947 D.

333 1971 483 2015 Iosephus
503 1980 520 2003 a
536 1970 628 2003 Mello
652 1961 909 2013 archiepiscopus
933 1969 1072 2002 Eboren-

333 2024 375 2056 sis
398 2023 564 2057 statuimus
589 2028 619 2056 et
637 2023 830 2063 ordinamus,
855 2027 889 2055 ut
914 2022 1073 2066 perpetuis

333 2077 446 2111 suturis
472 2077 669 2121 temporibus
689 2077 895 2110 observentur
914 2076 947 2109 in
966 2078 1073 2110 nostra

334 2132 465 2165 ecclesia
496 2142 553 2176 per
581 2141 639 2164 nos
671 2136 701 2164 et
729 2140 787 2174 per
818 2129 1074 2174 archiepiscopos

334 2186 510 2219 Eborenses
539 2196 599 2230 pro
624 2190 767 2229 tempore
792 2184 958 2218 existentes
979 2189 1009 2217 et
1033 2184 1075 2217 di-

338 2243 404 2271 ctae
427 2239 576 2273 eeclesiae
600 2238 798 2283 capitulares
818 2238 876 2272 sub
894 2248 948 2282 spe
969 2243 1074 2271 tamen

339 2291 522 2336 beneplaciti
545 2292 596 2326 SS.
621 2292 656 2325 D.
682 2293 716 2326 N.
742 2292 864 2336 Papae,
889 2297 1076 2336 sanctaeque

339 2344 426 2378 Sedis
438 2345 642 2389 Apostolicae‚
653 2350 683 2378 et
699 2345 938 2390 approbationis
959 2349 989 2378 et
1006 2355 1077 2378 con-

339 2398 525 2432 firmationis
541 2399 578 2432 ab
592 2410 628 2434 eo
650 2404 680 2433 et
696 2402 733 2434 ea
747 2399 974 2440 concedendae,
992 2399 1076 2443 quod

340 2451 571 2497 beneplacitum
587 2458 617 2487 et
640 2454 901 2499 approbationem
918 2458 949 2487 et
966 2453 1078 2487 confir-

341 2506 512 2540 mationem
537 2507 716 2551 suppliciter
740 2512 770 2541 et
792 2506 969 2541 humillime
992 2507 1074 2550 peti-

341 2569 422 2592 mus.
432 2559 544 2592 Datum
558 2559 677 2593 Madriti
690 2561 747 2594 sub
757 2560 855 2594 nostri
865 2560 1001 2593 nominis
1010 2560 1080 2593 sub-

343 2612 523 2656 scriptione,
551 2611 707 2657 sigillique
734 2614 833 2647 nostri
862 2613 1077 2657 impressione,

1733 253 1798 287 303
1844 263 1893 290 Αη.
1914 263 1941 290 c.
1965 263 2032 292 1625

1094 312 1214 345 tivitate
1227 311 1351 345 Domini
1365 310 1464 344 nostri
1478 310 1546 344 Iesu
1555 310 1667 345 Christi
1679 320 1832 345 nncxxni.

1093 365 1244 398 Antonius
1253 365 1424 405 Gomctius‚
1435 369 1542 398 noster
1552 364 1739 398 secretarius
1756 364 1833 398 scri·

1092 418 1123 450 bi
1141 418 1285 451 fecithoc
1303 423 1461 458 statutum,
1476 421 1506 451 et
1528 418 1721 462 subscripsit.
1750 418 1832 451 Iose-

1093 470 1174 514 phus
1194 470 1449 514 archiepiscopus
1473 471 1651 505 Eborensis.

1138 524 1152 567 ἓ
1175 523 1205 556 3.
1230 524 1306 557 Cum
1330 528 1434 557 autem
1460 525 1560 557 dictus
1585 524 1747 569 Philippus
1766 535 1833 567 rex,
1911 536 2033 558 uniusmod-

1094 587 1152 621 pro
1177 576 1288 609 maiori
1320 581 1509 610 statutorum
1540 583 1569 610 et
1601 578 1835 613 ordinationum
1851 563 2034 616 ffissii¹ie¹⁰ffi¹1i['

1096 630 1276 663 huiusmodi
1300 630 1464 670 firmitate,
1490 630 1541 663 illa
1566 641 1583 663 a
1608 631 1699 665 nobis
1724 642 1837 676 appro-

1095 683 1163 716 bari
1188 688 1218 716 et
1234 682 1415 716 confirmari
1439 694 1641 727 summopere
1658 685 1834 718 desideret:

1142 736 1157 780 ᾗ
1173 736 1202 769 4.
1220 737 1293 777 Nos,
1310 736 1363 780 pio
1381 736 1520 770 eiusdem
1535 737 1669 781 Philippi
1686 738 1770 781 regis
1783 738 1836 771 de·
1874 749 2036 770 cenomant-

1099 789 1225 831 siderio,
1243 794 1394 834 quantum
1415 801 1486 824 cum
1507 790 1640 824 Domino
1660 801 1838 835 possumus,
1852 777 1925 798 ''³¹¹⁰''

1098 853 1237 877 annuere
1274 844 1432 886 volentes,
1461 843 1741 888 supplicationibus
1773 845 1839 878 eius

1099 896 1225 930 nomine
1257 896 1347 930 nobis
1372 907 1466 941 super
1490 897 1550 930 hoc
1579 897 1741 931 humiliter
1764 908 1839 942 por-

1100 950 1194 983 rectis
1214 950 1364 991 inclinati,
1379 950 1416 983 de
1433 950 1616 983 eorumdem
1634 950 1840 984 cardinalium

1101 1003 1242 1043 consilio,
1266 1003 1462 1047 praeinserta
1487 1008 1599 1036 statuta
1618 1007 1649 1037 et
1672 1003 1840 1037 ordinatio-

1101 1067 1173 1098 nes,
1195 1056 1368 1100 apostolica
1393 1057 1594 1099 auctoritate,
1622 1062 1729 1090 tenore
1753 1068 1841 1101 prae-

1102 1110 1247 1152 sentium,
1271 1115 1425 1155 perpetuo
1449 1111 1662 1156 approbamus
1680 1117 1710 1144 et
1729 1112 1840 1145 confir-

1102 1175 1241 1205 mamus,
1273 1164 1398 1209 illisque
1428 1165 1617 1199 inviolabilis
1649 1167 1840 1210 apostolicae

1102 1217 1259 1250 firmitatis
1284 1217 1383 1251 robur
1413 1218 1593 1259 a'diicimus;
1619 1229 1654 1252 ac
1678 1229 1788 1252 omnes
1811 1224 1842 1253 et

1103 1271 1244 1314 singulos
1269 1275 1331 1305 tam
1356 1271 1434 1304 iuris
1467 1282 1562 1315 quarn
1587 1272 1658 1306 facti
1682 1273 1841 1313 defectus,

1103 1324 1127 1357 si
1140 1324 1194 1368 qui
1203 1324 1338 1368 desuper
1351 1325 1589 1369 quomodolibet
1608 1325 1842 1366 intervenerint,

1103 1379 1294 1422 supplemus.

1147 1433 1162 1475 ἓ
1186 1432 1215 1466 5.
1241 1432 1449 1465 Decernentes
1474 1436 1587 1466 statuta
1617 1438 1647 1465 et
1671 1432 1842 1467 ordinatio·
1884 1445 2042 1475 ciansuiaaap-

1103 1495 1167 1526 nes,
1183 1490 1428 1529 praesentesque
1445 1486 1564 1519 litteras
1581 1496 1709 1530 semper
1729 1492 1759 1519 et
1776 1498 1844 1531 per·
1858 1475 1924 1499 ‘’⁰¹¹¹'‘

1103 1544 1198 1582 petuo
1223 1539 1344 1580 valida,
1374 1539 1466 1572 firma
1497 1543 1526 1573 et
1554 1540 1693 1573 efficacia
1722 1551 1790 1573 esse
1814 1546 1843 1573 et

1104 1593 1181 1634 sore,
1199 1603 1336 1636 suosque
1349 1592 1508 1636 plenarios
1521 1598 1551 1626 et
1564 1593 1704 1636 integros
1717 1593 1845 1627 effectus

1105 1646 1212 1679 sortiri
1236 1651 1266 1679 et
1289 1646 1443 1686 obtinere,
1468 1656 1504 1679 ac
1527 1646 1565 1679 ab
1590 1647 1747 1688 omnibus,
1768 1658 1847 1690 quos

1104 1699 1156 1732 illa
1181 1699 1419 1743 quomodolibet
1443 1705 1637 1733 concernunt
1665 1705 1696 1733 et
1719 1711 1847 1734 concer-

1104 1763 1180 1786 nere
1211 1758 1343 1797 possunt
1371 1753 1403 1786 in
1432 1753 1594 1795 futurum,
1623 1754 1847 1787 inviolabiliter

1105 1807 1283 1847 observari,
1298 1806 1405 1851 sicque
1424 1817 1481 1851 per
1494 1817 1709 1851 quoscumque
1727 1807 1847 1841 iudices

1106 1860 1283 1894 ordinarios
1307 1866 1337 1893 et
1360 1860 1535 1903 delegatos,
1561 1861 1653 1893 etiam
1679 1872 1846 1894 causarum

1106 1913 1213 1957 palatii
1231 1913 1395 1957 apostolici
1415 1913 1584 1954 auditores,
1602 1914 1734 1947 iudicari
1751 1919 1781 1948 et
1798 1915 1849 1948 de-

1106 1967 1191 2000 finiri
1215 1967 1345 2007 debere,
1370 1977 1405 2001 ac
1429 1967 1555 2001 irritum
1585 1972 1615 2000 et
1634 1968 1741 2009 inane,
1761 1968 1787 2001 si
1805 1978 1850 2001 se—

1107 2032 1162 2054 cus
1186 2031 1280 2065 super
1304 2020 1353 2054 his
1376 2031 1394 2054 a
1417 2032 1588 2065 quoquam,
1613 2021 1723 2065 quavis
1747 2026 1851 2056 aucto-

1107 2075 1208 2117 ritate,
1233 2074 1368 2108 scienter
1392 2075 1440 2108 vel
1465 2075 1658 2118 ignoranter,
1683 2075 1851 2119 contigerit

1108 2128 1263 2162 attentari.

1154 2183 1169 2226 g
1192 2182 1222 2215 6.
1254 2182 1323 2216 Non
1352 2181 1549 2215 obstantibus
1575 2181 1850 2217 constitutionibus
1865 2191 1976 2213 Contrar‘m
1986 2191 2045 2212 101112

1109 2241 1139 2270 et
1155 2235 1406 2270 ordinationibus
1423 2235 1613 2281 apostolicis,
1627 2246 1662 2269 ac
1679 2236 1780 2271 dictae
1805 2248 1851 2271 ec-

1109 2290 1222 2324 clesiae
1246 2289 1416 2323 Eborensis
1436 2289 1543 2328 (etiam
1568 2289 1756 2333 iuramento,
1782 2301 1853 2324 con-

1110 2343 1288 2377 firmatione
1304 2343 1487 2388 apostolica,
1505 2344 1552 2377 vel
1572 2344 1681 2388 quavis
1703 2344 1852 2379 firmitate

1111 2398 1171 2431 alia
1183 2397 1353 2445 roborffs)
1372 2397 1494 2431 statutis
1517 2402 1546 2431 et
1564 2397 1850 2441 consuetudinibus,

1110 2451 1284 2496 privilegiis
1307 2461 1444 2495 quoque,
1462 2450 1590 2484 indultis
1607 2456 1637 2484 ct
1652 2451 1764 2485 litteris
1782 2462 1853 2497 apo-

1111 2505 1228 2539 stolicis
1247 2505 1279 2538 in
1297 2505 1491 2539 contrarium
1508 2504 1758 2549 praemissorum
1779 2517 1853 2550 quo-

1111 2559 1283 2593 modolibet
1307 2558 1474 2599 concessis,
1492 2559 1686 2592 confirmatis
1703 2564 1733 2592 et
1757 2559 1850 2593 inno-

1112 2612 1198 2645 vatis.
1215 2611 1334 2651 Quibus
1349 2611 1495 2645 omnibus
1520 2616 1549 2645 et
1574 2611 1716 2656 singulis,
1740 2622 1853 2646 eorum

341 2664 503 2709 trigesimo
528 2664 577 2698 die
602 2666 716 2699 mensis
741 2667 863 2711 augusti
884 2676 965 2700 anno
985 2677 1002 2699 a
1021 2667 1079 2701 Na·
1114 2665 1255 2699 omnium
1280 2670 1406 2699 tenores
1430 2665 1648 2710 praesentibus
1671 2677 1729 2711 pro
1760 2665 1851 2710 plene
