2269 3235
113 227 162 256 An.
182 227 212 255 C.
229 226 295 254 1627

138 978 272 1008 Appellamus
283 984 295 999 a

112 1011 240 1030 gravamine,
258 1012 296 1026 sen

112 1033 181 1053 futura
205 1039 295 1059 exequu-

112 1059 169 1080 tione
180 1059 296 1080 litterarum

112 1086 276 1111 apostolicarum
292 1103 296 1111 ,

113 1113 176 1133 etiam
192 1113 212 1133 in
232 1113 296 1134 forma

111 1139 185 1159 Brevis
210 1140 237 1159 ad
262 1146 296 1160 cu-

112 1166 154 1186 rias
170 1166 283 1188 seculares.

932 225 1075 250 URBANUS
1100 225 1157 249 vm
1180 225 1228 249 1³1³.

310 279 374 317 tes,
391 284 426 307 ac
450 273 502 306 illa
519 273 549 306 in
574 273 683 307 eadem
709 274 794 307 curia
818 279 1047 317 prosequentes

310 332 363 360 aut
378 333 594 371 procuranteS,
611 328 875 371 negotiorumque
899 331 1049 369 gestorcs,

310 380 497 421 advocatos,
522 386 746 424 procuratores
770 383 799 413 et
822 383 970 421 agentes,
995 390 1049 411 seu

311 432 403 465 etiam
429 433 588 466 auditores
614 434 660 466 vel
686 432 803 465 iudices
833 442 929 475 super
960 430 1050 463 dictis

311 486 413 519 causis
442 487 491 519 vel
515 486 649 529 negotiis
673 485 854 528 deputatos,
886 484 1069 517 occasione*

312 551 477 574 causarum
503 540 550 573 vel
570 538 770 582 negotiorum
795 537 976 570 huiusmodi
1002 547 1051 570 oc-

311 594 429 635 cidunt,
447 592 736 637 seu'quoquomodo
752 591 942 635 percutiunt,
959 591 1050 624 bonis
1067 613 1069 620 ,

312 647 458 691 spoliant,
482 657 537 679 seu
561 645 613 688 qui
639 655 696 688 per
715 655 746 677 se
766 644 811 677 vel
836 644 913 677 alios
931 643 1050 677 directe

312 701 359 733 vel
384 700 534 733 indirecte
558 698 671 731 delicta
697 697 878 731 huiusmodi
910 697 1051 731 commit-

312 759 388 794 tere,
412 753 523 796 exequi
546 753 593 785 vel
618 762 801 796 procurare,
815 751 912 784 autin
932 751 1049 784 eisdem

311 806 472 846 auxilium,
489 805 655 838 consilium
674 805 720 837 vel
739 805 876 838 savorem
889 809 1051 848 praestare

310 870 374 892 non
398 864 556 900 verentur,
578 858 803 902 cuiuscumque
831 858 1049 903 praeeminen-

310 912 370 945 tiae
395 917 425 945 et
449 912 609 955 dignitatis
634 912 760 946 fuerint.

355 965 370 1008 ξ
387 964 438 998 13.
457 966 534 998 Item
552 966 864 999 excommunicamus
881 969 911 998 et
927 965 1052 998 anathe-

312 1019 496 1053 matizamus
511 1030 620 1052 omnes
635 1024 697 1052 tam
712 1019 940 1065 ecclesiasticos
956 1029 1050 1062 quam
1068 1033 1069 1040 ¹

312 1069 469 1107 seculares
483 1101 490 1115 ,
521 1073 746 1117 cuiuscumque
781 1072 941 1116 dignitatis
954 1100 961 1114 ,
998 1072 1051 1115 qui

311 1131 527 1170 praetexentes
558 1126 703 1159 frivolam
735 1126 891 1170 quandam
916 1125 1051 1169 appella-

311 1180 429 1213 tionem
441 1191 459 1213 a
472 1180 653 1223 gravamine
667 1180 714 1212 vel
724 1180 827 1212 sutura
842 1178 1050 1223 exequutione

311 1233 489 1267 litterarum
506 1233 751 1278 apostolicarum
776 1232 870 1266 etiam
893 1232 924 1264 in
949 1232 1051 1265 forma

311 1287 428 1328 Brevis,
455 1292 517 1320 tam
540 1287 673 1330 gratiam
691 1297 785 1330 quam
806 1285 956 1319 iustitiam
977 1295 1051 1319 con-

312 1340 507 1374 cernentium
522 1367 530 1381 ,
557 1350 682 1373 necnon
707 1339 911 1380 citationum,
936 1339 1052 1371 inhibi-

311 1394 442 1435 tionum‚
456 1399 704 1437 sequestrorum,
719 1393 973 1433 monitoriorum,
984 1403 1053 1436 pro-

312 1459 467 1489 cessuum,
485 1448 766 1492 exequutorialium
791 1453 821 1480 et
845 1447 978 1480 aliorum
1004 1447 1053 1479 de-

312 1507 471 1535 cretorum
489 1512 506 1534 a
521 1501 612 1535 nobis
633 1507 663 1534 et
682 1512 699 1534 a
716 1501 794 1534 Sede
812 1500 983 1544 praedicta,
997 1510 1053 1532 seu

310 1555 421 1598 legatis
435 1582 442 1596 ,
472 1554 589 1588 nuntiis
603 1581 610 1595 ,
641 1554 893 1598 praesidentibus
907 1580 914 1594 ,
946 1553 1052 1597 palatii

311 1609 410 1642 nostri
427 1612 456 1642 et
473 1618 615 1641 camerae
635 1608 824 1652 apostolicae
845 1607 1052 1648 auditoribus,

311 1662 546 1703 commissariis,
555 1662 685 1706 aliisque
697 1661 852 1694 iudicibus
862 1665 891 1693 et
901 1660 1052 1703 delegatis

312 1716 492 1760 apostolicis
509 1721 739 1759 emanatorum,
754 1720 783 1748 et
800 1725 879 1759 quae
895 1725 953 1758 pro
978 1719 1054 1747 tem-

264 1775 267 1779 ’
311 1780 389 1813 pore
413 1770 646 1810 emanaverint,
676 1774 729 1802 aut
760 1769 836 1801 alias
848 1795 855 1809 ,
881 1768 921 1801 ad
950 1768 1053 1801 curias

313 1824 470 1857 seculares
494 1829 524 1857 et
542 1824 653 1856 laicam
671 1827 857 1867 potestatem
874 1826 1052 1863 recurrunt,
1069 1849 1071 1853 .

313 1878 352 1910 ab
377 1878 415 1910 ab
433 1880 479 1919 ea,
500 1878 633 1911 instante
650 1877 742 1911 etiam
760 1877 827 1910 fisci
846 1880 1053 1920 procuratore
1069 1918 1071 1930 1

313 1931 361 1964 vel
378 1931 538 1974 advocato,
559 1930 785 1975 appellationes
804 1930 987 1963 huiusmodi
1004 1929 1055 1962 ad-

313 1984 405 2025 mitti,
429 1995 464 2018 ac
489 1985 620 2025 litteras,
645 1984 817 2025 citationes,
838 1983 1052 2023 inhibitiones,

314 2043 494 2082 sequestra,
520 2037 689 2071 monitoria
720 2042 750 2070 et
781 2037 841 2069 alia
870 2036 1052 2080 praedicta,

314 2092 384 2136 capi
409 2097 439 2125 et
463 2091 593 2124 retineri
610 2091 737 2131 faciunt,
754 2090 845 2134 quive
864 2090 915 2122 illa
938 2090 1053 2134 simpli-

314 2209 407 2232 sensu
419 2199 466 2232 vel
481 2198 634 2239 examine,
644 2198 844 2242 exequutioni
859 2197 1052 2238 demandari,

315 2467 469 2509 debeant,
501 2468 676 2512 impediunt
709 2469 759 2502 vel
791 2468 983 2512 prohibent,
1018 2478 1053 2500 ac

315 2521 408 2554 etiam
425 2527 539 2566 partes,
560 2532 615 2555 seu
632 2533 741 2555 eorum
761 2527 899 2566 agentes,
926 2531 1054 2554 consan-

315 2576 456 2619 guineos,
474 2575 591 2617 affines,
608 2576 787 2618 familiares,
808 2575 957 2618 notarios,
984 2585 1054 2608 exe-

313 2635 464 2674 quutores
495 2635 525 2664 et
555 2630 823 2675 subexequutores
856 2630 1053 2673 litterarum,

1727 215 1790 248 533
1837 225 1885 250 An.
1907 224 1934 251 c.
1954 225 2019 251 1627

1085 274 1277 313 citationum,
1290 272 1531 306 monitoriorum
1547 276 1576 305 et
1589 272 1722 305 aliorum
1738 284 1825 315 prae-

1085 326 1241 359 dictorum
1268 326 1405 370 capiunt,
1430 325 1622 370 percutiunt,
1648 326 1824 365 vulnerant,

1085 384 1268 419 carcerant,
1301 379 1452 419 detinent,
1478 390 1513 411 ex
1532 378 1726 420 civitatibuS,
1748 378 1824 411 locis

1085 435 1114 464 ct
1127 432 1233 474 regnis
1248 432 1385 472 eiiciunt,
1399 432 1488 465 bonis
1509 432 1652 476 spoliant,
1670 437 1826 475 perterre-

1086 484 1212 526 faciunt,
1232 485 1424 525 concutiunt,
1446 485 1689 525 comminantur,
1707 496 1761 528 per
1782 495 1824 525 se,

1087 537 1131 570 vel
1151 538 1258 578 alium,
1285 549 1339 570 seu
1364 539 1451 577 alios,
1472 539 1595 582 publice
1622 539 1666 571 vel
1693 538 1824 578 occulte,

1085 589 1177 633 quive
1197 590 1271 623 alias
1296 591 1546 634 quilmsem‘nque
1564 592 1706 635 personis
1725 592 1754 624 in
1776 602 1826 633 ge-

1085 653 1159 675 nere
1180 644 1227 676 vel
1252 643 1284 675 in
1309 644 1421 687 specie,
1446 655 1484 677 ue
1509 656 1566 688 pro
1591 645 1753 687 quibusvis
1777 655 1826 677 co-

1085 706 1156 728 rum
1173 696 1308 738 negotiis
1325 698 1563 740 prosequendis,
1580 708 1634 730 seu
1649 698 1758 739 gratiis
1779 698 1824 730 vel

1085 750 1196 783 litteris
1217 750 1431 793 impetrandis,
1449 751 1486 783 ad
1508 751 1679 784 Romanam
1705 751 1823 784 curiam

1086 803 1244 845 accedant,
1261 809 1314 837 aut
1330 815 1495 837 recursum
1521 805 1664 846 habeant,
1684 816 1737 837 seu
1759 816 1827 847 gra-

1085 857 1142 890 tias
1167 858 1250 901 ipsas
1273 858 1321 891 vel
1344 858 1464 891 litteras
1482 869 1498 891 a
1517 858 1601 891 dicta
1624 858 1702 892 Sede
1725 858 1825 902 impc-

1086 916 1178 951 trent,
1200 922 1255 945 seu
1273 912 1446 956 impetratis
1471 917 1615 954 utantur,
1637 912 1754 945 directe
1780 913 1827 945 vel

1086 964 1237 999 indirecte
1249 965 1428 1009 prohibere,
1443 970 1580 998 statuere
1598 976 1652 998 seu
1668 965 1826 1003 mandare,

1087 1019 1134 1051 vel
1159 1029 1211 1052 eas
1235 1019 1317 1063 apud
1342 1030 1391 1060 se,
1417 1024 1468 1052 aut
1491 1019 1631 1053 notarios
1655 1030 1709 1052 seu
1734 1019 1829 1052 tabel-

1086 1072 1205 1113 liones,
1231 1073 1279 1106 vel
1310 1073 1401 1114 alias,
1427 1073 1664 1118 quomodolibet
1691 1073 1827 1106 retinere

1086 1131 1299 1170 praesumunt.

1130 1181 1145 1224 ἓ
1162 1180 1214 1213 14.
1232 1181 1308 1214 Item
1329 1181 1639 1215 excommunicamus
1656 1186 1686 1214 et
1703 1182 1828 1215 anathe-

1087 1233 1238 1266 mizamus
1263 1244 1373 1267 omnes
1398 1239 1427 1267 et
1452 1234 1609 1277 singulos,
1637 1235 1689 1278 qui
1714 1245 1770 1278 per
1795 1245 1827 1267 se

1086 1288 1134 1321 vel
1159 1288 1247 1329 alios,
1271 1288 1456 1322 auctoritate
1481 1289 1611 1332 propria
1629 1300 1664 1322 ac
1681 1289 1719 1321 de
1735 1289 1826 1328 facte,

1087 1351 1359 1385 quarumcumque
1376 1342 1680 1385 exemptionuni,vel
1694 1341 1826 1374 aliarum
1843 1360 1854 1381 s·
1865 1358 1882 1370 ω

1087 1395 1261 1437 gratiarum
1300 1401 1330 1428 et
1366 1395 1543 1429 litterarum
1582 1395 1826 1439 apostolicarum
1843 1385 1885 1424 ¹·:'

1908 1191 2026 1216 Impedien-

1843 1220 1873 1238 tos
1903 1218 2027 1243 exequutio-

1843 1251 1887 1265 nem
1910 1246 2027 1264 litterarum

1842 1272 2006 1296 apostolicarum
2023 1286 2027 1293 .

1843 1299 1873 1317 tet
1890 1299 1978 1317 aliarum
1993 1303 2027 1317 cx-

1086 1453 1268 1491 praetextu,
1297 1449 1496 1482 beneficiales
1518 1454 1548 1482 et
1571 1449 1767 1482 decimarum
1793 1459 1828 1481 ac
1843 1436 2028 1511 ῗὲἷξιιὲεῃῆἓξῖἷιῖἓὲῑ

1087 1502 1162 1534 alias
1187 1513 1296 1535 causas
1321 1503 1500 1546 spirituales
1529 1508 1582 1536 aut
1612 1503 1828 1546 spiritualibus
1844 1519 1865 1541 ‚se
1883 1512 1977 1546 injur<
2007 1512 2027 1530 ut

1086 1565 1221 1589 annexas
1251 1556 1290 1589 ab
1321 1556 1517 1589 auditoribus
1541 1562 1571 1589 et
1602 1538 2029 1590 eommissariisl‘Ll‘lliltss’.¹⁰'‘⁹“³⁰‘

1086 1609 1223 1650 nostris,
1256 1609 1389 1653 aliisque
1424 1609 1580 1642 iudicibus
1610 1608 1828 1642 ecclesiasticis

1086 1667 1227 1703 avocant,
1252 1662 1419 1695 illorumve
1434 1673 1561 1695 cursum
1578 1668 1609 1696 et
1625 1662 1826 1704 audientiam,

1086 1725 1121 1748 ac
1144 1726 1307 1759 personas,
1324 1715 1468 1759 capitula,
1487 1721 1668 1757 conventus,
1687 1716 1828 1758 collegia,

1087 1779 1196 1801 causas
1220 1769 1302 1812 ipsas
1320 1769 1470 1813 prosequi
1488 1769 1625 1802 volentes
1643 1769 1828 1812 impediunt,

1087 1832 1122 1855 ac
1147 1833 1180 1855 se
1204 1822 1243 1855 de
1267 1822 1392 1855 illarum
1417 1822 1596 1865 cognitione
1613 1827 1773 1866 tamquam
1787 1822 1830 1855 iu-

1087 1876 1171 1909 dices
1196 1876 1418 1920 interponunt,
1445 1876 1537 1920 quive
1556 1881 1661 1920 partes
1686 1877 1828 1917 actrices‚

1087 1941 1166 1974 quae
1190 1930 1259 1963 illas
1284 1930 1439 1963 committi
1473 1931 1613 1963 fecerunt
1637 1935 1667 1963 et
1692 1930 1828 1970 faciunt,

1069 1984 1125 2021 {ad
1148 1983 1359 2017 revocandum
1377 1987 1407 2018 ct
1430 1983 1571 2016 revocari
1594 1984 1772 2017 laciendum
1791 1983 1830 2016 ci-

1088 2037 1219 2071 tationes
1240 2038 1287 2070 vel
1311 2037 1523 2079 inhibitiones,
1543 2043 1595 2070 aut
1615 2037 1690 2069 alias
1712 2037 1830 2069 litteras

1069 2091 1117 2136 lin
1142 2091 1186 2124 cis
1210 2091 1360 2131 decretas,
1386 2095 1415 2125 et
1439 2091 1477 2123 ad
1497 2091 1673 2123 faciendum
1691 2091 1739 2122 vel
1760 2101 1831 2123 con-

314 2145 401 2186 citer,
425 2145 474 2178 vel
498 2144 565 2180 sine
589 2154 700 2177 eorum
723 2143 921 2186 beneplacito
936 2148 965 2176 et
983 2153 1070 2190 con-,2

1087 2145 1283 2178 sentiendum
1311 2156 1364 2178 eos
1379 2172 1386 2185 ,
1412 2151 1520 2178 contra
1544 2156 1622 2188 quos
1648 2145 1724 2177 tales
1748 2144 1830 2177 inhi-

1069 2199 1220 2233 bitiones
1240 2204 1435 2241 emanarunt,
1465 2210 1482 2231 a
1503 2199 1643 2232 censuris
1668 2204 1697 2231 et
1720 2198 1830 2242 poenis

314 2257 368 2285 aut
390 2263 429 2285 ne
452 2253 634 2286 tabelliones
659 2257 688 2285 ct
712 2251 826 2284 notarii
843 2262 937 2295 super
949 2251 1070 2284 huius-3

315 2305 401 2339 modi
424 2306 600 2340 litterarum
628 2310 658 2340 et
683 2316 890 2350 processuum
916 2308 1070 2350 exequie*

315 2360 399 2395 tione
422 2360 629 2394 instrumenta
648 2361 697 2394 vel
714 2366 782 2394 acta
806 2360 972 2400 conficere,
1001 2365 1071 2392 aut¹

316 2415 457 2448 confecta
486 2415 588 2458 parti,
619 2415 709 2448 cuius
742 2415 893 2455 interest,
930 2414 1071 2448 tradere1

1087 2252 1118 2285 in
1135 2253 1196 2285 illis
1217 2253 1371 2286 contentis
1389 2252 1518 2292 absolvi,
1537 2263 1592 2295 per
1609 2257 1761 2284 statutum
1782 2252 1830 2304 gel

1087 2306 1162 2338 alias
1174 2306 1375 2349 compellunt,
1390 2306 1437 2338 vel
1455 2305 1697 2348 exequutionem
1713 2305 1831 2338 littera-

1088 2370 1157 2392 rum
1179 2358 1423 2402 apostolicarum
1452 2369 1507 2391 seu
1536 2357 1829 2402 exequutorialium,

1088 2423 1295 2457 processuum
1320 2423 1356 2446 ac
1375 2412 1572 2446 decretorum
1594 2412 1829 2456 praedictorum

1088 2466 1325 2510 quomodolibet
1342 2466 1527 2509 impediunt,
1548 2466 1595 2498 vel
1621 2477 1711 2498 suum
1737 2466 1775 2498 ad
1799 2465 1830 2498 id

1087 2522 1226 2554 savorem
1241 2520 1405 2554 consilium
1419 2525 1471 2553 aut
1487 2531 1648 2553 assensum
1660 2524 1829 2564 praestant,

1088 2574 1180 2607 etiam
1200 2578 1364 2618 praetextu
1377 2573 1540 2606 violentiae
1553 2573 1767 2617 prohibendae
1780 2572 1828 2605 vel

1087 2628 1220 2662 aliarum
1240 2627 1507 2672 praetensionum,
1532 2638 1588 2661 seu
1612 2627 1703 2662 etiam
1730 2627 1830 2660 donee
