2269 3235
109 260 157 286 An.
178 259 206 286 C.
225 259 291 286 ¹624

135 479 244 499 Clausal-w
255 479 289 500 de-

108 508 236 530 rogaturi-ie.

130 1381 287 1408 Exequuiorum

103 1408 221 1434 deputatio.

913 260 1056 283 UllBANUS
1081 260 1136 282 Vlll
1161 261 1208 283 Pr.

304 306 599 351 archipresbytero,
633 307 686 340 sed
721 306 870 340 Vicentini
908 306 1045 350 episcopi

306 365 426 394 tantum
451 360 630 402 visitationi,
650 360 848 400 correctioni,
865 364 957 403 atque
982 370 1046 392 orn-

306 413 452 447 nimodae
477 414 684 448 iurisdictioni
708 413 865 447 subiectos
890 423 966 445 csse.

350 467 364 511 ξ,
388 466 418 500 lt.
444 468 626 501 Praesentes
646 478 721 500 vero
744 467 863 500 litteras
887 466 974 499 nullo
994 476 1046 498 un-

305 531 398 564 quam
419 525 563 565 tempore
587 521 625 554 de
649 520 870 564 subreptionis,
887 519 934 552 vel
959 519 1046 552 obre-

305 574 421 617 ptionis
450 574 524 608 vitio
557 585 612 607 seu
636 573 817 606 intentionis
846 577 971 606 nostrae
998 573 1045 605 vel

304 626 365 660 alio
390 627 539 671 quopiam
563 626 696 666 defectu,
722 626 814 659 etiam
840 637 874 659 ex
900 636 937 659 eo
962 625 1046 669 quod

304 680 495 724 quicumque
513 680 544 713 in
560 678 742 723 praemissis
760 679 911 712 interesse
929 678 1046 711 liaben-

305 738 350 765 tes
374 744 429 767 seu
452 732 570 766 habere
593 732 833 777 praetendentes
858 732 959 765 vocati
983 742 1047 765 non

304 787 429 829 suerint,
454 786 568 826 notari,
593 786 784 830 impugnari,
810 785 971 818 invalidari
993 789 1047 818 aut

304 839 342 872 ad
367 839 517 872 terminos
542 839 619 872 iuris
644 839 765 879 reduci,
792 849 846 872 seu
872 838 902 871 in
927 838 974 871 ius
999 838 1046 870 vel

304 892 551 926 controversiam
575 892 717 926 revocari
742 903 847 936 posse;
865 892 971 935 sicque
991 902 1047 935 per

303 957 520 990 quoscumque
538 946 656 979 iudices
674 951 703 979 et
720 945 953 979 commissarios
970 956 1046 988 qua-

303 1000 348 1033 vis
365 1000 550 1034 auctoritate
575 1000 752 1043 fungentes,
770 999 862 1032 etiam
880 1009 1045 1032 causarum

303 1053 408 1097 palatii
443 1053 607 1097 apostolici
641 1053 821 1093 auditores,
853 1063 888 1085 ac
924 1057 1046 1085 sanctae

303 1108 462 1140 Romanae
485 1106 643 1139 Ecclesiae
668 1106 851 1146 cardinales,
869 1105 1000 1138 iudicari
1018 1110 1047 1138 et

304 1160 428 1193 definiri
454 1159 578 1202 debere,
597 1170 633 1192 ac
652 1159 777 1192 irritum
803 1165 833 1192 et
856 1159 947 1192 inane
964 1159 1047 1202 quic-

303 1213 378 1257 quid
403 1223 492 1246 secus
516 1223 610 1256 super
634 1212 683 1245 his
707 1223 723 1244 a
748 1222 916 1256 quoquam,
938 1212 1046 1255 quavis

303 1266 504 1305 auctoritate,
530 1265 665 1298 scienter
689 1266 736 1298 vel
762 1265 959 1308 ignoranter,
976 1275 1047 1298 con-

304 1319 408 1362 tigerit
433 1319 588 1352 attentari.

347 1373 362 1415 §
389 1371 418 1405 5.
447 1371 601 1411 Quocirca
634 1371 865 1405 venerabilibus
896 1371 1045 1405 fratribus

301 1425 543 1470 archiepiscopo
574 1425 801 1458 Tarraconensi
834 1430 864 1458 et
895 1425 1044 1469 episcopo

302 1479 517 1520 Gerundensi,
534 1489 570 1512 ac
586 1478 700 1512 dilecto
720 1479 784 1512 silio
809 1490 975 1513 causarum
996 1491 1046 1513 cu-

302 1533 367 1566 riae
399 1543 542 1566 camerae
574 1533 764 1577 apostolicae
790 1532 929 1575 generali
957 1533 1045 1566 audi-

303 1586 363 1620 tori
388 1597 445 1631 per
469 1591 651 1631 praesentes
671 1586 899 1620 committimus
915 1591 945 1619 et
961 1597 1045 1619 man-

303 1640 424 1682 damus,
444 1645 597 1684 quatenus
622 1640 691 1684 ipsi,
716 1640 764 1672 vel
789 1640 862 1679 duo,
888 1645 941 1673 aut
963 1651 1045 1673 unus

303 1704 423 1734 eorum,
441 1705 497 1738 per
519 1704 561 1734 se,
576 1694 624 1727 vel
648 1694 755 1734 alium,
773 1705 829 1727 seu
853 1695 940 1735 alios,
959 1706 1046 1738 prae—

302 1752 404 1780 sentes
424 1747 543 1780 litteras
560 1753 589 1780 et
606 1747 637 1780 in
655 1747 700 1780 eis
717 1752 862 1781 contenta
879 1758 1046 1791 quaecum-

302 1811 373 1844 que,
392 1800 447 1833 uhi
465 1805 495 1833 et
511 1800 637 1844 quando
653 1810 731 1844 opus
748 1800 852 1841 fuerit,
870 1811 906 1833 ac
923 1801 1045 1844 quoties

302 1864 359 1897 pro
379 1858 467 1897 parte
491 1854 589 1898 ipsius
615 1854 757 1887 moderni
779 1860 808 1886 et
824 1865 882 1898 pro
903 1859 1044 1898 tempore

302 1906 462 1940 existentis
495 1907 634 1951 episcopi
659 1906 811 1940 Vicentini
843 1907 959 1940 fuerint
988 1918 1041 1941 re-

302 1960 417 2004 quisiti,
442 1960 624 1994 solemniter
648 1960 855 2004 publicantes,
881 1961 989 2005 eisque
1013 1961 1044 1994 in

302 2014 485 2057 praemissis
513 2013 648 2047 efficacis
672 2014 861 2047 defensionis
885 2014 1044 2058 praesidio

301 2067 490 2108 assistentes,
508 2067 622 2100 saciant
644 2067 830 2100 auctoritate
849 2069 958 2101 nostra
983 2078 1046 2101 eas-

301 2120 372 2153 dem
396 2125 577 2164 praesentes
601 2125 631 2153 et
654 2120 686 2153 in
710 2121 755 2154 eis
779 2126 924 2156 contenta
941 2121 1045 2155 huius-

302 2174 387 2207 modi
411 2175 449 2207 ah
474 2174 630 2215 omnibus,
655 2175 693 2207 ad
718 2186 797 2218 quos
822 2179 940 2219 spectat
960 2181 989 2209 et
1013 2177 1044 2209 in

301 2228 442 2260 futurum
466 2228 703 2271 quomodolibet
727 2228 889 2272 spectabit,
910 2229 1044 2263 firmiter

302 2285 332 2313 et
355 2280 577 2314 inviolabiliter
598 2281 775 2314 observari:
797 2282 1043 2317 contradictores

292 2333 459 2378 'quoslibet
482 2337 512 2368 et
535 2334 669 2368 rebelles
694 2346 750 2379 per
775 2336 953 2377 sententias,
974 2348 1044 2370 cen-

301 2397 391 2420 suras
414 2392 445 2420 et
467 2398 583 2431 poenas
600 2389 836 2430 ecclesiasticas,
853 2390 975 2434 aliaque
993 2402 1044 2435 op-

301 2445 435 2484 portuna
452 2440 529 2473 iuris
542 2446 572 2474 et
583 2441 654 2474 facti
672 2443 821 2484 remedia,
835 2444 1042 2487 appellatione

300 2493 485 2538 postposita,
502 2495 742 2538 compescendo,
758 2496 969 2540 legitimisque
994 2509 1043 2531 su-

301 2558 359 2591 per
390 2546 438 2580 his
470 2547 621 2580 habendis
656 2549 786 2581 servatis
820 2550 1019 2593 processibus
1033 2578 1040 2592 ,

301 2600 479 2641 sententias,
499 2610 647 2634 censuras
662 2606 692 2634 et
707 2612 823 2646 poenas
847 2603 930 2646 ipsas
946 2603 1040 2637 etiam

300 2654 419 2688 iteratis
433 2654 554 2687 vicibus
566 2655 776 2699 aggravando,
789 2656 932 2692 invocato
945 2658 1038 2692 etiam

1721 248 1785 281 103
1832 258 1883 286 An,
1905 258 1931 284 c.
1952 259 2017 285 1024

1079 306 1117 339 ad
1141 308 1221 348 hoc,
1247 308 1271 340 si
1303 317 1381 351 opus
1414 306 1528 347 suerit,
1553 305 1669 339 auxilio
1700 306 1819 339 brachii

1079 360 1257 394 saecularis

1123 414 1138 455 ξ
1167 412 1195 446 6.
1221 415 1289 448 Non
1322 413 1518 448 obstantibus
1550 412 1753 457 praemissis,
1785 423 1820 445 ac

1079 466 1354 500 constitutionibus
1379 471 1408 499 et
1432 466 1683 499 ordinationibus·
1700 460 1839 509 aposto-¹

1078 518 1156 559 licis,
1173 530 1231 552 nec
1248 529 1310 552 non
1328 520 1475 552 omnibus
1494 520 1564 559 illis,
1579 530 1658 563 quae
1675 519 1705 552 in
1724 519 1820 562 ipsius

1079 572 1245 605 Clementis
1280 572 1532 615 praedecessoris
1569 572 1679 606 litteris
1713 572 1820 604 huius-

1080 625 1164 657 modi
1190 635 1337 658 concessa
1362 628 1433 658 sunt
1457 635 1518 657 non
1543 625 1678 665 obstare,
1698 625 1821 658 ceteris-

1079 687 1140 720 que
1164 677 1330 710 contrariis
1354 677 1614 721 quibuscumque.

1124 731 1139 775 ἓ
1165 731 1192 764 7.
1211 732 1362 765 Volumus
1379 734 1494 771 autem,
1512 730 1596 774 quod
1610 732 1819 774 praesentium
1837 771 1840 773 v
1863 744 1966 775 E¹.0'‘¹¹›¹¹³
1981 744 2019 764 hue

1080 785 1295 829 transumptis,
1316 785 1408 817 etiam
1427 784 1599 828 impressis,
1614 795 1709 817 manu
1729 785 1821 818 alicu·
1836 776 1868 817 {1⁰1}
1878 772 2018 818 {iiiii'iiiiiii'j

1080 838 1128 871 ius
1151 838 1265 872 notarii
1292 838 1407 882 publici
1437 838 1638 881 subscriptis,
1663 841 1694 872 et
1717 838 1820 881 sigillo

1080 901 1233 935 personae
1253 891 1285 924 in
1304 891 1455 934 dignitate
1475 891 1692 924 ecclesiastica
1711 892 1822 924 consti-

1081 950 1164 978 tutae
1189 945 1327 986 munitis,
1345 945 1455 978 eadem
1475 956 1606 989 prorsus
1626 945 1703 978 fides
1727 946 1758 978 in
1779 946 1821 978 iu-

1080 998 1161 1032 dicio
1186 1004 1216 1032 et
1240 1004 1327 1032 extra
1344 999 1540 1039 adhibeatur,
1560 1010 1640 1043 quae
1653 1000 1821 1043 praesenti-

1079 1052 1138 1085 bus
1148 1052 1265 1085 eisdem
1283 1052 1496 1093 adhiberetur,
1507 1052 1531 1084 si
1545 1053 1647 1085 forent
1664 1052 1820 1085 exhibitae

1080 1106 1127 1138 vel
1145 1110 1298 1139 ostensae.

1123 1159 1236 1192 Datum
1249 1160 1367 1193 Romae
1378 1187 1385 1199 ,
1402 1159 1484 1203 apud
1498 1160 1526 1193 S.
1542 1160 1668 1193 Petrum
1679 1187 1686 1201 ,
1701 1160 1758 1192 sub
1771 1170 1821 1192 an-

1079 1213 1154 1246 nulo
1173 1213 1351 1253 Piscatoris,
1363 1213 1413 1247 die
1426 1223 1505 1247 xv111
1520 1213 1651 1247 ianuarii
1667 1224 1819 1251 iincxxw,

1078 1267 1279 1310 pontificatus
1303 1268 1401 1302 nostri
1427 1278 1509 1301 anno
1533 1278 1552 1301 1.

1114 1329 1171 1357 Dat.
1187 1330 1230 1358 die
1252 1330 1284 1357 18
1304 1330 1418 1358 ianuarii
1440 1331 1520 1365 1624,
1543 1331 1639 1366 pontif.
1656 1339 1727 1358 anno
1743 1338 1761 1358 ι,

1886 425 2017 445 (mutantium

1843 452 1952 475 inrogatum.

1398 1473 1499 1506 XXVI.

1080 1542 1290 1585 Confirmatio
1315 1544 1433 1577 decreti
1452 1545 1717 1588 Conqreyatiom's
1739 1546 1819 1580 Con—

1122 1596 1204 1637 cilii,
1224 1607 1286 1639 quo
1310 1596 1499 1630 declaratum·
1522 1598 1663 1638 clericos,
1687 1600 1746 1642 qui
1770 1600 1820 1632 in—

1123 1649 1239 1682 cedunt
1264 1650 1300 1683 in
1326 1650 1442 1683 habitu
1459 1655 1488 1683 et
1510 1653 1653 1692 tonsuret,
1670 1654 1820 1695 quamvis

1122 1703 1254 1736 servitio
1276 1704 1456 1747 peculiaris
1481 1704 1629 1737 ecclesiae
1659 1715 1724 1738 non
1754 1706 1820 1738 sint

1123 1757 1163 1789 ab
1188 1757 1331 1800 episcopo
1357 1757 1493 1797 addicti,
1520 1757 1661 1800 paudere
1682 1757 1819 1803 privile-

1122 1810 1175 1853 9²70
1188 1810 1254 1853 fori
1270 1810 1365 1843 iuxta
1383 1810 1501 1844 Concil.
1524 1811 1667 1844 Trident.
1692 1821 1760 1855 cap.
1779 1822 1820 1852 w,

1122 1873 1195 1896 sess.
1220 1862 1326 1896 xx111¹.

1206 1935 1221 1951 ⁶
1272 1944 1409 1971 Urbanus
1431 1944 1509 1978 Papa
1529 1945 1609 1979 vm,

1219 1998 1256 2025 ad
1275 1998 1410 2025 futuram
1434 1998 1478 2026 rei
1498 1999 1678 2027 memoriam.

1122 2070 1136 2113 ξ
1162 2069 1189 2102 1.
1210 2069 1297 2110 Cum,
1315 2069 1395 2103 sicut
1415 2070 1547 2103 dilectus
1567 2070 1650 2104 filius
1674 2071 1819 2116 Aloysius
1848 2082 2018 2112 [ia-›remmom-

1077 2122 1114 2156 de
1132 2123 1176 2155 las
1192 2123 1329 2156 Infantas
1349 2128 1379 2156 et
1392 2123 1557 2164 Saavedra,
1576 2123 1818 2159 archidiaconus
1834 2107 2018 2156 &famaue-mr

1077 2181 1107 2210 et
1120 2176 1289 2210 canonicus
1303 2177 1452 2210 ecclesiae
1469 2177 1679 2219 Malacitanae,
1694 2189 1729 2212 ac
1742 2180 1818 2213 cleri

1076 2241 1247 2274 regnorum
1276 2231 1425 2264 Castellae
1454 2236 1484 2264 et
1512 2232 1677 2275 Legionis²
1701 2233 1732 2266 in
1756 2234 1817 2268 Ro-

1076 2296 1167 2318 mana
1185 2285 1273 2318 curia
1289 2290 1406 2328 gestor,
1424 2285 1515 2319 nobis
1535 2297 1630 2330 super
1647 2288 1761 2331 exponi
1778 2288 1818 2321 fe-

1077 2338 1127 2379 cit,
1144 2349 1245 2382 nuper
1259 2349 1276 2371 a
1292 2339 1523 2372 venerabilibus
1536 2340 1686 2373 fratribus
1702 2342 1818 2374 nostris

1076 2394 1105 2427 S.
1130 2393 1164 2426 R.
1190 2393 1222 2426 E.
1249 2393 1461 2426 cardinalibus
1491 2393 1619 2427 Concilii
1644 2394 1817 2428 Tridentini

1078 2446 1301 2491 interpretibus
1315 2447 1507 2480 emanaverit
1517 2447 1680 2481 decretum
1697 2448 1816 2482 tenoris

1076 2500 1295 2544 subsequentis
1315 2500 1459 2534 videlicet
1473 2511 1479 2533 :

1112 2580 1124 2606 1
1143 2579 1180 2606 Ex
1196 2579 1303 2614 Regest.
1320 2579 1346 2606 in
1363 2579 1464 2607 Secret.
1481 2579 1558 2607 Brev.

1109 2623 1124 2649 2
1140 2624 1239 2650 Vocem
1255 2632 1412 2658 reynerum
1427 2624 1559 2653 inutiliter
1573 2625 1715 2662 repetitam
1739 2625 1815 2654 dele-

1073 2676 1133 2696 mus
1147 2669 1185 2704 (Β.
1203 2668 1252 2704 Τ.).
