2269 3235
210 245 261 271 An.
284 244 312 270 Cr
330 244 398 270 loen

238 939 365 960 Alisolvenili
380 944 393 960 a

208 968 293 987 casibus
326 972 393 987 reer-

209 996 279 1018 vatis;

240 1366 266 1387 Et
282 1372 390 1392 expressa<

206 1393 241 1414 hle
274 1394 391 1419 elargiendi

206 1420 355 1446 indulgentias.

445 236 508 268 Νὴ·

410 293 501 325 nibus
515 292 654 325 eiusdem
670 291 884 335 procuratoris
897 290 1149 333 congregationis

411 346 587 389 praedictae
605 345 730 378 nomine
753 344 843 377 nobis
860 354 955 387 super
972 344 1031 376 hoe
1050 343 1148 376 humi-

411 400 480 431 liter
498 398 650 443 porrectis
676 397 823 437 inclinati,
850 397 1005 439 religiosis
1026 397 1149 429 mitten-

209 496 233 510 ω
265 463 394 516 1¹³'.'¹''‚''2'‘;lll'.¹³
410 453 457 484 ‹lis
475 452 666 491 huiusmodi,
684 451 767 494 quod
786 452 884 484 altare
908 450 1053 494 portatile
1078 462 1147 484 cum

236 497 272 516 ste*
296 497 341 509 ω·-
390 507 393 512 ,

410 506 511 537 debita
538 505 713 538 reu-niniia
731 510 760 537 et
777 505 908 545 honore,
927 514 1020 548 super
1037 514 1100 548 quo
1119 504 1148 536 in

410 558 485 590 locis
506 557 627 590 Africae
647 558 817 599 dumtaxat,
835 558 974 591 honestis
999 563 1102 590 tamen
1120 562 1150 590 ct

410 611 569 653 congruis,
595 611 688 643 etiam
707 622 769 644 non
786 612 925 652 sacratis,
944 616 1056 644 etcum
1076 616 1150 644 tem-

411 665 496 708 poris
511 665 643 708 qualitas
659 665 689 697 id
704 665 855 708 exegerit,
873 665 965 698 etiam
980 671 1148 709 antequam

409 718 567 751 illucescat
593 718 675 759 (lies,
700 719 784 752 circa
810 723 912 753 tamen
937 719 1080 751 diurnam
1102 718 1149 750 lu-

409 782 488 811 cem,
503 771 533 803 in
546 771 701 804 dictorum
717 771 912 815 captivorum
927 776 956 804 ct
970 771 1104 804 aliorum
1117 771 1150 803 si-

409 823 525 856 (lelium
551 824 582 856 in
607 824 697 858 (lictis
714 825 792 858 locis
809 825 989 867 degentium
1005 834 1150 867 praesen-

409 877 451 910 tia
470 878 579 911 missas
597 883 626 911 et
644 879 703 911 alia
724 879 827 911 (lirina
845 878 946 911 officia
972 878 1148 918 celebrarc3

453 932 467 973 ξ
491 931 519 963 2.
546 932 722 974 Omnesque
747 935 777 965 et
800 931 940 973 singulos
964 931 1149 963 eorumdem

408 984 552 1017 locorum
588 984 753 1027 utriusque
785 994 878 1017 sexus
910 984 1149 1025 christifideles,

408 1037 549 1081 ipsorum
571 1037 819 1071 confessionibus
839 1037 1006 1081 diligenter
1026 1037 1149 1080 auditis,

407 1101 423 1122 a
444 1090 697 1134 quilniscumque
722 1090 903 1124 excessibus
927 1096 957 1124 et
977 1090 1098 1124 delictis
1119 1101 1149 1123 c-

408 1144 481 1176 tiam
508 1144 539 1176 in
564 1145 651 1177 Bulla
676 1145 706 1177 in
729 1144 778 1177 die
795 1145 915 1178 Coenae
940 1145 1064 1177 Domini
1088 1145 1149 1188 legi

407 1197 497 1230 solita
516 1197 678 1238 contentis,
696 1208 731 1230 ac
750 1208 809 1241 pro
826 1197 1003 1231 commissis
1023 1208 1081 1242 per
1097 1207 1150 1231 eos

407 1256 436 1283 et
453 1262 563 1283 eorum
583 1251 754 1294 quemlibet
768 1252 994 1295 poenitentiam
1009 1251 1150 1294 iniunge-

407 1315 441 1337 re
458 1305 643 1345 salutarem;

450 1359 465 1401 g
489 1358 518 1391 3.
544 1360 671 1392 Necnon
696 1359 755 1400 his,
773 1359 825 1403 qui
847 1363 975 1404 peccata
1000 1369 1055 1392 sua
1079 1369 1150 1393 con-

406 1411 478 1445 l‘cssi
503 1418 533 1445 et
557 1412 595 1445 de
620 1412 681 1445 illis
707 1413 802 1446 corde
827 1413 953 1446 contriti
970 1413 1097 1454 fuerint,
1115 1424 1150 1446 ac

407 1465 638 1499 sanctissimum
672 1467 887 1499 Eucharistiae
919 1472 1149 1500 sacramentum

407 1519 611 1563 sumpserint,
627 1520 749 1563 quoties
766 1520 797 1553 id
817 1520 957 1561 fecerint,
980 1521 1069 1555 toties
1084 1521 1150 1564 ple-

407 1574 527 1607 nariam
553 1575 695 1608 omnium
721 1580 751 1607 et
775 1575 973 1617 singulorum
1005 1579 1150 1618 peecato-

406 1636 478 1658 rum
493 1636 624 1659 suorum
645 1626 872 1668 indulgentiam
886 1631 915 1659 et
934 1626 1150 1659 remissionem

407 1679 656 1712 misericorditer
681 1680 712 1711 in
732 1679 864 1713 Domino
886 1679 1023 1722 elargiri7
1050 1679 1150 1712 libere

407 1737 438 1765 et
456 1732 539 1766 licite
558 1733 688 1773 valeant,
706 1733 877 1776 apostolica
894 1733 1088 1776 auctoritate⁷
1109 1737 1152 1767 te-

406 1796 485 1819 nore
499 1787 722 1830 praesentium,
741 1787 919 1820 facultatem
936 1786 1149 1830 impartimur.

451 1840 466 1883 ξ
490 1840 519 1872 4.
545 1841 672 1873 Necnon
696 1840 833 1881 eosdem,
851 1841 905 1884 qui
922 1840 1001 1873 dura
1018 1841 1150 1873 servitu-

407 1898 437 1926 te
454 1893 515 1925 illis
532 1894 563 1925 in
584 1894 724 1937 partibus
750 1894 893 1937 oppressi
920 1904 979 1937 pro
1007 1898 1151 1937 tempore

407 1946 543 1987 suerint,
567 1947 827 1991 quotiescumque
852 1946 890 1979 ab
920 1946 1060 1980 Ecclesia
1088 1947 1151 1980 Ro-

407 2002 500 2033 mana
513 2000 598 2034 illius
615 2001 780 2034 thesauros
793 2001 929 2034 reserari
943 2006 973 2033 et
988 2001 1151 2044 generales

408 2059 610 2098 peccatorum
620 2055 822 2088 remissiones
835 2066 892 2099 per
906 2055 1063 2088 Romanos
1075 2055 1151 2088 Pon-

409 2108 518 2150 tifices,
537 2108 630 2141 etiam
652 2108 847 2153 praescripta
864 2108 1009 2142 fidelibus
1025 2108 1063 2141 ad
1083 2109 1151 2142 illas

408 2163 618 2206 assequendas
638 2163 739 2196 sorni-:1
757 2166 786 2197 et
810 2166 924 2196 statuto
949 2167 1092 2207 tempore
1119 2163 1151 2195 in

409 2216 526 2249 eisdem
555 2217 686 2259 adiecto,
707 2217 843 2261 proponi
867 2217 1055 2260 contigerit,
1079 2228 1151 2251 cum

408 2267 550 2311 primum
570 2268 696 2301 illarum
719 2268 758 2301 ad
782 2268 910 2301 eosdem
935 2269 1073 2312 captivos
1097 2279 1152 2302 no-

408 2321 476 2354 titia
500 2322 690 2366 pervenerit,
715 2321 819 2366 aliqua
843 2322 975 2366 agendo,
1001 2333 1081 2366 quae
1097 2333 1151 2356 na-

411 2376 504 2408 turali
533 2376 677 2410 libertate
711 2377 871 2420 privatum
903 2377 1073 2410 verisimile
1106 2381 1153 2410 est

410 2430 522 2470 facere,
548 2441 637 2473 posse
661 2430 730 2463 illas
755 2441 864 2464 omnes
888 2431 1048 2475 consequi,
1073 2441 1152 2474 quae

411 2483 462 2515 alii
488 2484 604 2525 tide-les,
630 2488 753 2528 tempus
778 2489 808 2517 ct
832 2485 966 2518 sormam
991 2489 1098 2518 exacte
1120 2484 1153 2517 in

411 2536 536 2569 illarum
569 2538 771 2571 concessione
794 2538 909 2571 tradita
934 2538 1152 2579 observantes,

412 2596 688 2636 e(insequerentur,
715 2593 831 2627 eisdem
862 2594 1047 2629 auctoritate
1072 2604 1150 2638 apo-

412 2646 522 2681 stolica
547 2651 576 2681 et
600 2652 708 2682 tenore
732 2648 877 2684 volumus
897 2652 927 2686 et
945 2648 1151 2685 declaramus.

980 242 1157 267 nt'tmxnttln

1185 241 1337 264 noMANUM

1226 291 1241 332 {i
1265 289 1294 322 5.
1315 289 1533 329 Decernentes,
1558 293 1738 332 praesentes
1754 288 1873 322 litteras
1893 293 1922 321 ct

1183 343 1213 375 in
1228 343 1271 376 eis
1285 347 1430 376 contenta
1444 352 1660 386 quaecumque
1673 352 1799 385 semper
1810 342 1920 384 valida,

1182 396 1273 429 firma
1302 401 1332 428 et
1356 395 1492 428 elticacia
1517 395 1650 428 existere
1674 398 1704 429 et
1728 395 1803 437 sore,
1820 405 1856 428 ac
1875 395 1929 433 dir

1183 455 1250 482 ctae
1267 449 1516 492 congregationi,
1532 448 1678 492 illiusque
1694 447 1850 490 religiosis
1869 448 1924 481 hu-

1183 502 1316 536 iusmodi
1334 502 1365 534 in
1381 501 1527 535 omnibus
1544 507 1574 534 et
1587 512 1644 545 per
1660 501 1766 533 omnia
1782 500 1924 544 plenissi-

1183 566 1232 588 n'ic
1250 555 1426 598 sull'ragari,
1440 566 1476 587 ac
1493 554 1618 587 irritum
1636 559 1666 586 et
1679 554 1779 596 inane,
1793 554 1818 587 si
1834 563 1923 586 secus

1183 620 1280 653 super
1303 609 1351 641 liis
1368 620 1385 641 a
1406 618 1576 654 quoquam,
1595 607 1704 651 quavis
1728 607 1922 649 auctoritate,

1183 662 1316 696 scienter
1328 662 1373 695 vel
1385 662 1576 705 ignoranter,
1590 661 1759 703 contigerit
1768 660 1923 702 attentari,

1183 715 1213 746 in
1231 715 1425 748 contrarium
1442 714 1626 748 facientibus
1646 723 1708 747 non
1729 713 1924 747 obstantibus

1183 768 1445 812 quibuscumque.

1227 822 1338 854 Datum
1357 823 1483 863 Romae,
1497 821 1579 865 apud
1596 822 1625 854 S.
1643 822 1781 863 Petrum,
1799 821 1856 854 sub
1874 831 1925 854 an—

1183 875 1257 908 nulo
1284 875 1460 918 Piscatoris,
1483 875 1533 908 die
1557 885 1598 908 xx
1624 875 1756 908 ianuarii
1773 885 1924 917 MDcxxvl,

1183 929 1382 973 pontificatus
1402 931 1501 963 nostri
1518 940 1599 963 anno
1615 940 1659 963 111.

1219 992 1278 1019 Dat.
1295 992 1339 1019 die
1353 991 1388 1020 20
1402 992 1519 1019 ianuarii
1535 992 1613 1027 1626,
1629 992 1725 1027 pontif.
1744 1001 1815 1021 anno
1831 999 1869 1020 111.

1493 1108 1615 1142 CXCIII.

1186 1178 1397 1221 Confirmatio
1414 1183 1443 1212 ει
1459 1179 1650 1223 approbatio
1677 1180 1925 1215 constitutionis

1230 1232 1380 1276 Greqorii
1400 1232 1463 1266 XV
1474 1232 1512 1266 de
1530 1232 1680 1266 electione
1703 1234 1926 1267 Romanorum

1227 1286 1438 1328 Pontificum,
1452 1297 1488 1319 ac
1505 1287 1751 1320 caeremom’alis
1764 1287 1926 1321 continen-

1230 1338 1270 1372 tis
1287 1338 1382 1372 illius
1398 1338 1493 1373 ritus.

1387 1396 1524 1439 UrBanus
1543 1412 1720 1446 Episcopus,

1362 1463 1467 1484 servus
1494 1463 1648 1484 servorum
1674 1457 1742 1492 Dei,

1308 1500 1344 1527 ad
1364 1503 1543 1535 perpetuam
1557 1501 1603 1529 rei
1619 1501 1802 1529 memoriam.

1238 1570 1284 1604 Ad
1327 1572 1460 1605 Romani
1503 1572 1663 1606 Pontificis
1697 1572 1926 1617 providentiam

1185 1630 1328 1669 spectare
1353 1626 1559 1668 dignoscitur,
1578 1632 1611 1659 ut
1627 1637 1673 1668 ea,
1690 1638 1769 1671 quae
1795 1627 1926 1660 salubri-

1186 1683 1233 1710 ter
1257 1689 1273 1710 a
1302 1679 1599 1722 praedecessoribus
1632 1680 1715 1721 suis,
1740 1680 1926 1724 praesertim

1185 1731 1272 1765 Sedis
1289 1732 1488 1776 Apostolicae
1513 1738 1543 1766 et
1567 1734 1754 1767 universalis
1771 1734 1928 1768 Ecclesiae

1185 1785 1293 1819 decori
1329 1792 1359 1819 et
1394 1787 1520 1820 utilitati
1554 1788 1781 1830 conducentia,
1814 1792 1928 1822 statuta

1186 1845 1267 1881 sunt,
1284 1841 1376 1874 firma
1390 1847 1420 1874 et
1432 1842 1627 1884 inconcussa⁷
1642 1847 1794 1887 quantum
1811 1853 1849 1876 ex
1866 1843 1928 1876 alto

1186 1895 1377 1937 conceditur,
1399 1901 1611 1939 perseverent.

1229 1948 1244 1991 ἓ
1269 1948 1297 1980 1.
1323 1948 1399 1982 Cum
1431 1948 1528 1991 igitur
1560 1949 1693 1982 sormam
1724 1950 1757 1982 in
1787 1949 1926 1983 eiusdem

1186 2001 1345 2035 Pontificis
1370 2002 1522 2035 electione
1547 2003 1733 2036 servandam
1765 2013 1926 2036 sacrorum

1186 2055 1395 2089 conciliorum
1420 2050 1554 2091 decretis
1578 2062 1608 2090 et
1627 2057 1722 2090 variis
1748 2057 1928 2101 apostolicis

1186 2109 1460 2142 constitutionilms
1485 2110 1608 2153 saepius
1637 2110 1865 2153 praescriptam
1887 2110 1928 2143 fe-

1186 2163 1253 2196 licis
1290 2162 1519 2196 recordationis
1557 2163 1729 2206 Gregorius
1762 2162 1845 2206 Papa
1877 2163 1929 2196 XV

1185 2217 1410 2260 praedecessor
1427 2222 1534 2250 noster
1550 2217 1701 2261 pastorali
1718 2217 1929 2250 sollicitudine

1185 2275 1357 2314 permotus,
1382 2276 1417 2303 ut
1440 2281 1490 2304 res
1516 2270 1593 2303 tanti
1617 2270 1766 2315 ponderis
1789 2271 1929 2315 postula-

1186 2325 1249 2366 bat,
1275 2325 1445 2368 perfectius
1470 2325 1668 2368 dirigendam
1692 2325 1818 2358 duxerit
1849 2334 1927 2358 con-

1187 2378 1347 2411 stitutione
1371 2378 1508 2422 desuper
1528 2378 1637 2426 edita*
1657 2378 1746 2411 cuius
1769 2383 1861 2411 tenor
1885 2383 1931 2411 est

1185 2432 1276 2465 talis:
1299 2432 1474 2476 Gresyorius
1491 2432 1680 2476 Episcopus,
1697 2443 1806 2466 servus
1831 2442 1931 2465 servo-

1186 2496 1262 2518 rum
1286 2486 1358 2526 Dei,
1381 2486 1424 2518 acl
1445 2490 1638 2529 perpetuam
1654 2487 1702 2519 ‘ret'
1726 2486 1929 2519 memoriam.

1185 2540 1317 2574 AEterm'
1332 2540 1446 2574 Patris
1462 2540 1564 2582 filius,
1585 2541 1741 2584 mayister
1757 2545 1786 2573 et
1804 2539 1931 2583 leqisla-

1189 2599 1236 2628 tor
1252 2594 1400 2629 Christus
1413 2593 1584 2637 Dominus,
1602 2599 1660 2629 etc.
1677 2594 1864 2639 (Omittitur
1880 2604 1930 2628 re-

1186 2647 1318 2686 siduum
1330 2647 1418 2694 quod
1435 2648 1566 2694 leoitur,
1586 2653 1661 2685 tom.
1679 2658 1735 2691 ΧΠ,
1753 2658 1824 2693 pag.
1839 2647 1928 2692 619).

1931 239 1983 266 An.
2005 239 2033 266 C.
2052 239 2119 266 1626

1964 301 2081 323 clamatae.

1969 1583 2109 1605 Prooemium.

1970 1956 2081 1983 Gregorius
2090 1956 2127 1977 XV

1949 1984 2123 2005 Constitutionem

1943 2011 1987 2032 edit
2002 2011 2027 2031 do
2041 2011 2128 2031 electio-

1943 2044 1968 2059 ne
1984 2037 2099 2059 Pontificis.
