2269 3235
959 247 1052 272 merx
1078 247 1183 271 ninum
1726 239 1788 271 6833

301 300 432 336 Carolus
462 300 617 335 archidux
652 301 796 335 Austriae
828 300 1036 334 ecclesiarum
1069 300 1245 333 Brixiensis
1277 304 1307 334 et
1337 299 1618 338 wratislaviensis,
1645 299 1718 332 dnm
1746 301 1833 343 vixit,

387 355 628 396 administrator,
655 355 717 389 49⁶2
743 366 781 393 a;
806 354 974 397 collegium
1000 355 1164 387 Societatis
1189 354 1260 388 lesu
1293 356 1323 387 in
1356 353 1474 398 oppido
1510 353 1620 387 Nissae
1652 363 1724 386 cnm
1758 356 1831 387 uni-

388 410 536 443 versitate
561 409 656 442 studii
681 409 841 451 generalis
867 409 970 449 erigit,
996 407 1058 439 492
1085 417 1113 439 (ι.

297 462 425 497 Carolus
451 461 641 495 Barberinus
666 461 782 495 Urbani
810 460 877 494 Vlll
916 462 1011 494 frater
1035 469 1223 502 germanus,
1249 460 1313 493 tto
1337 471 1376 495 α,-
1409 462 1637 503 pontiliriarnm
1673 462 1833 503 copiarum

385 516 579 559 gubernator
604 516 762 558 generalis
791 518 821 548 et
851 516 970 547 areium
1003 514 1175 547 Perusinae
1200 517 1230 546 et
1255 514 1470 547 Anconitanae
1497 515 1691 557 praefectus,
1720 515 1778 548 141
1807 515 1833 547 b.

390 570 479 610 ltem,
506 569 566 603 4⁶24
593 580 612 601 α
638 572 668 602 01
694 569 755 601 483
781 567 807 599 b.

300 622 430 656 Carolus
455 621 641 656 Emmanuel
667 620 836 654 cardinalis
862 620 944 661 Pius,
971 620 1030 653 404
1060 620 1086 651 b.

295 676 424 710 Carolus
448 676 595 718 Gonzaga
619 674 683 707 dux
705 673 912 706 Nivernensis
935 672 1069 716 postulat
1087 682 1141 715 pro
1159 672 1189 705 S.
1207 671 1345 715 Philippi
1368 673 1454 706 Ner-ii
1473 676 1721 716 canonizatione,
1744 676 1776 709 ll
1800 676 1833 714 b;

387 729 528 763 Militiam
554 728 761 761 Christianam
787 726 1011 760 instituendam
1038 729 1141 767 curat,
1160 726 1221 758 114
1249 726 1266 757 b
1291 729 1322 758 01
1345 736 1405 769 seq.
1433 726 1479 759 llli
1503 727 1574 760 data
1602 729 1732 762 t'aeultas
1758 731 1838 763 dirc-

383 785 486 815 ctorcs
511 780 594 813 illius
621 779 749 812 militiae
775 779 917 821 eligendi
943 788 1044 823 usque
1071 778 1109 812 ad
1135 778 1309 822 capitulum
1334 779 1503 822 generale,
1532 781 1592 813 117
1619 793 1647 813 α.

298 834 427 868 Carolus
453 833 673 876 Letharingiae
698 833 773 874 dux,
800 833 861 865 453
887 833 904 865 b
924 837 955 866 et
980 832 1042 865 645
1067 842 1097 864 α.

296 887 423 921 Carolus
449 887 506 931 (S.)
533 887 739 920 Boi-romaeus
766 896 842 930 prae
868 887 1073 919 veneratione
1099 894 1205 928 genua
1230 886 1326 919 ssectit
1343 889 1414 920 ante
1436 886 1616 930 Philippum
1638 886 1778 927 Nerium,
1801 888 1836 920 il-

385 939 511 984 liusque
536 939 696 973 osculatur
720 949 843 980 manus,
870 941 909 973 18
936 940 963 972 b.

298 994 440 1028 Castrum
466 993 554 1027 Pedii
581 993 794 1027 Hibernorum
819 994 979 1036 excipitur
1005 1001 1022 1025 a
1046 991 1249 1025 devolutione
1271 992 1404 1027 ducatus
1422 992 1533 1027 [rbini
1559 994 1597 1027 ad
1622 993 1737 1027 Sedem
1755 994 1835 1038 Apo-

386 1048 540 1087 stolieam,
566 1047 629 1079 180
654 1057 682 1087 a,
709 1050 738 1079 et
764 1046 822 1079 181
850 1045 876 1087 b,
902 1046 965 1079 ⁶268
990 1055 1009 1077 a
1034 1048 1064 1078 01
1088 1045 1182 1078 alibi.

298 1100 393 1134 Casus
418 1101 571 1133 reservati
596 1100 671 1133 Sedi
696 1099 898 1143 Apostolicae
924 1102 955 1132 et
978 1100 1010 1131 111
1036 1098 1125 1132 Bulla
1150 1099 1271 1132 Coenae
1295 1099 1444 1142 Domini,
1470 1101 1532 1134 327
1559 1101 1584 1134 b.
1610 1101 1754 1135 Facultas
1779 1101 1835 1135 ab·

387 1152 532 1186 solvendi
557 1152 596 1185 ab
622 1152 683 1186 illis
709 1162 769 1185 non
796 1156 945 1186 censetur
968 1162 1124 1196 suspensa
1149 1155 1179 1185 in
1206 1162 1288 1186 anno
1310 1153 1450 1191 iubilaei,
1477 1155 1540 1187 328
1565 1165 1594 1187 α.

297 1206 449 1240 Castellae
475 1210 506 1239 et
530 1205 677 1249 Legionis
713 1215 886 1248 regnorum
918 1206 1127 1239 ecclesiastici
1158 1216 1255 1249 super
1286 1206 1442 1240 solutione
1474 1208 1618 1241 decimae
1649 1218 1666 1241 a
1695 1208 1835 1242 Romano

383 1260 535 1293 Pontiliee
560 1269 732 1293 concessae
759 1259 902 1303 Pbilepo
926 1258 966 1292 lV
994 1258 1220 1303 Hispaniarum
1249 1262 1315 1303 regi
1351 1260 1505 1293 catholieo
1524 1262 1740 1302 ,concordiam
1762 1273 1833 1295 cum

385 1314 452 1355 ipso
473 1322 549 1355 rege
575 1314 694 1353 ineunt,
714 1313 775 1346 343
802 1313 819 1345 b
845 1317 875 1346 01
894 1324 975 1357 seq.‚·
1001 1323 1096 1357 quam
1121 1314 1286 1347 0031113131
1310 1313 1454 1347 Urbanus
1482 1314 1559 1356 Vlll,
1587 1316 1649 1348 349
1675 1326 1694 1348 a
1720 1319 1750 1349 et
1773 1326 1834 1359 seq.

296 1365 495 1399 Cathaloniae
511 1367 717 1409 principatus,
733 1366 795 1399 383
812 1367 839 1398 b.
857 1366 984 1400 Abusus
1002 1368 1208 1400 immunitatis
1223 1367 1458 1401 ecclesiasticae
1476 1368 1519 1401 ibi
1533 1371 1742 1412 corriguntur,
1758 1369 1834 1402 ibid.

296 1419 464 1453 Catharina
489 1429 506 1452 3
531 1419 733 1462 Letharingia
757 1419 916 1454 abbatissa
941 1422 1125 1454 monasterii
1151 1421 1191 1453 de
1216 1421 1502 1462 Romaricomonte,
1528 1423 1590 1455 453
1618 1423 1644 1464 b,
1666 1428 1696 1456 et
1717 1424 1779 1456 645
1805 1435 1834 1456 a.

296 1472 462 1506 Catharina
487 1472 587 1506 Caroli
607 1471 775 1516 Gonzagae
795 1473 886 1508 ducis
911 1484 992 1508 uxor
1016 1476 1153 1518 postulat
1175 1485 1232 1518 pro
1256 1475 1286 1509 S.
1311 1475 1451 1519 Philippi
1476 1475 1562 1509 Nerii
1587 1478 1834 1518 canonizatione,

388 1526 429 1559 12
456 1526 484 1558 b.

297 1579 603 1614 Cathecumenorum
621 1580 755 1614 ecclesia
772 1585 802 1615 et
823 1581 936 1615 domus
959 1583 990 1614 in
1007 1581 1101 1623 Urbe,
1127 1582 1189 1615 477
1215 1592 1244 1614 α.
1269 1581 1418 1625 Deputati
1443 1582 1482 1616 ad
1508 1585 1576 1616 eius
1598 1585 1742 1627 regimen
1764 1595 1836 1628 pos-

378 1636 456 1666 ·sunt
479 1634 618 1666 30131105
642 1643 758 1677 cogere
783 1635 822 1667 ad
847 1634 1023 1678 aperienda
1048 1639 1079 1668 et
1103 1634 1302 1668 ostendenda
1326 1638 1525 1678 testamenta,
1552 1637 1614 1669 477
1634 1637 1661 1669 b.

295 1685 500 1720 Cathedrales
526 1686 693 1727 ecclesiae,
720 1689 849 1731 quinam
874 1688 1026 1722 servandi
1051 1697 1220 1732 processus
1246 1689 1462 1733 inquisitionis
1487 1691 1518 1723 in
1545 1699 1599 1723 eos
1625 1691 1679 1734 qui
1704 1691 1742 1724 ad
1768 1690 1836 1725 illas

383 1739 592 1782 promovendi
617 1743 699 1781 sunt,
726 1741 786 1774 581
814 1740 830 1773 b
856 1745 886 1775 et
910 1752 972 1786 seq.

295 1791 472 1825 Celebratio
498 1794 676 1834 missarum,
702 1793 792 1837 plura
817 1794 856 1827 de
883 1794 940 1828 hae
966 1804 1000 1828 re
1024 1795 1153 1828 decreta
1178 1795 1335 1839 leguntur,
1362 1796 1520 1830 336-342.

295 1845 471 1879 Ceritaniae
496 1849 527 1879 et
550 1845 736 1880 Rossilionis
760 1849 935 1891 comitatus,
954 1848 1016 1882 383
1036 1848 1074 1887 b,·
1099 1848 1218 1883 abusus
1243 1851 1451 1883 immunitatis
1477 1850 1714 1885 ecclesiasticae
1740 1854 1836 1886 corri-

385 1903 512 1943 guntur,
539 1900 600 1933 384
627 1911 646 1933 a
672 1903 702 1934 et
725 1911 786 1944 seq.

295 1952 499 1986 Chiavennae
525 1953 651 1997 oppidi,
677 1956 844 1988 comitatus
868 1955 1002 1997 Bormii,
1028 1960 1058 1989 et
1082 1956 1180 1989 Vallis
1204 1956 1344 1990 Tellinae
1368 1958 1607 2000 propugnacula
1632 1960 1663 1991 in
1689 1959 1835 1993 manibus

382 2007 475 2040 Sedis
501 2007 701 2051 Apostolicae
726 2010 875 2052 reposita,
902 2009 964 2042 424
989 2019 1024 2049 α;
1052 2009 1113 2043 483
1139 2009 1171 2049 b;
1191 2013 1222 2043 et
1246 2018 1264 2042 3
1288 2010 1371 2043 Sede
1392 2010 1574 2054 Apostolica
1594 2013 1661 2055 regi
1680 2012 1835 2046 0311101100

383 2062 540 2101 restituta,
566 2061 628 2094 609
655 2061 682 2093 b.

295 2112 469 2146 Christiana
493 2114 595 2147 Cosmi
616 2114 641 2147 11
662 2119 763 2149 mater
782 2117 889 2160 magni
910 2116 1082 2151 Hetruriae
1107 2116 1198 2150 ducis
1223 2116 1359 2160 postulat
1384 2128 1440 2161 pro
1462 2118 1491 2151 S.
1517 2118 1654 2162 Philippi
1680 2119 1765 2153 Nerii
1784 2130 1835 2154 ca-

382 2168 600 2208 nonizatione,
627 2168 667 2200 12
693 2179 721 2201 α.

294 2219 486 2254 Christierna
510 2230 528 2253 a
552 2221 754 2265 Lotliaringia
779 2232 913 2266 magnac
938 2223 1107 2257 Hetruriae
1132 2224 1270 2264 ducissa,
1297 2224 1357 2257 456
1385 2225 1402 2256 Is
1427 2229 1456 2258 et
1482 2226 1545 2259 539
1570 2237 1598 2258 a.

293 2272 384 2307 Clara
409 2273 467 2317 (B.)
494 2274 533 2307 de
558 2274 662 2308 Monte
688 2275 831 2318 Falchio,
859 2277 920 2311 193
946 2288 975 2310 a.
1002 2277 1164 2312 Fratribus
1196 2276 1327 2311 Ordinis
1359 2277 1572 2312 Eremitarnm
1605 2280 1633 2313 S.
1663 2280 1833 2324 Augustini

383 2335 571 2360 0030055331
596 2328 753 2362 indultum
778 2329 817 2363 de
843 2339 879 2363 ea
905 2332 1033 2364 missam
1059 2331 1244 2364 celebrandi
1269 2335 1299 2365 et
1324 2333 1479 2366 recitandi
1505 2335 1652 2375 ollicium,
1678 2335 1755 2367 re'hicl.

295 2379 443 2414 Claudius
464 2380 600 2414 Guillain
625 2381 792 2426 presbyter
812 2383 977 2418 societatis
996 2384 1067 2418 lesu
1092 2387 1243 2418 assistens
1264 2385 1496 2429 archiepiscopi
1517 2387 1722 2421 Bituricensis
1742 2397 1835 2432 prae-

384 2433 462 2467 sidis
486 2435 617 2478 capituli
641 2436 802 2478 generalis
827 2436 1053 2471 Tertiariorum
1077 2438 1330 2472 Reformatorum
1355 2440 1386 2471 in
1412 2440 1526 2482 (jallia,
1554 2441 1616 2474 512
1643 2441 1670 2473 b.

295 2485 408 2520 Claves
432 2490 547 2521 aerarii
571 2491 727 2523 sanctorIs
750 2489 823 2522 vide
847 2490 987 2525 ,Ei-arius
1012 2494 1161 2526 sanctior.

296 2540 446 2583 Clericus,
468 2544 613 2587 quamvis
637 2544 766 2577 servitio
791 2544 963 2588 peculiatas
988 2548 1144 2580 ecclesiae
1169 2556 1230 2580 non
1255 2549 1295 2581 sit
1319 2547 1474 2588 addimus,
1499 2548 1557 2581 fori
1576 2548 1744 2592 privilegio
1760 2558 1834 2592 gau—

383 2595 447 2638 det,
472 2595 643 2630 dummodo
667 2597 795 2631 incedat
820 2600 851 2630 in
877 2597 985 2632 habitu
1010 2604 1041 2633 et
1065 2604 1202 2642 tonsura,
1225 2601 1285 2634 104
1308 2612 1336 2634 a.
1362 2602 1435 2634 Sine
1461 2600 1624 2636 Ordinarii
1648 2604 1696 2636 sui
1721 2602 1833 2636 litteris

383 2647 650 2684 dimissorialibus
674 2655 837 2694 promotus
860 2654 1081 2696 suspensionis
1106 2663 1243 2697 poenam
1267 2656 1410 2698 incurrit,
1436 2656 1499 2689 ‘1264
1524 2655 1551 2688 b.
