2269 3235
127 237 179 264 An.
196 237 226 264 C.
245 235 312 263 ¹625

166 2044 285 2067 Decretum,
295 2043 321 2063 de

141 2076 182 2097 quo
197 2071 217 2091 iu
229 2071 321 2091 rubrica.

929 237 1071 262 URBANUS
1096 238 1150 262 vni
1171 239 1218 262 1³1⁷.

326 284 540 327 transumptis,
558 283 650 317 etiam
669 284 840 328 impressis,
861 294 954 317 manu
971 285 1063 317 alicu-

323 335 372 368 ius
396 336 508 369 notarii
533 336 649 380 publici
680 336 881 380 subscriptis,
907 341 936 369 et
960 337 1062 379 sigillo

323 399 475 432 personae
493 389 523 421 in
547 389 698 432 dignitate
723 389 932 422 ecclesiastica
953 390 1064 422 consti-

325 445 408 475 tutae
432 443 570 483 munitis,
588 442 696 475 eadem
721 453 851 486 prorsus
871 442 948 475 fides
969 442 999 474 in
1021 443 1063 474 iu-

325 493 407 527 dicio
425 500 454 527 et
469 500 556 528 extra
578 495 774 534 adhibeatur,
789 504 869 538 quae
887 494 960 538 ipsis
979 505 1065 538 prae-

325 548 465 581 sentibus
489 548 701 588 adhiberetur,
727 548 753 580 si
777 548 880 580 forent
909 547 1065 580 exhibitae

326 601 373 633 vel
398 606 549 634 ostensae.

370 653 482 686 Datum
508 654 634 694 Romae,
659 653 742 697 apud
767 654 796 686 S.
823 654 951 686 Mariam
975 654 1066 686 Maio-

326 716 403 747 rem,
417 707 474 739 sub
487 707 602 739 annulo
617 707 792 747 piscatoris,
807 707 856 739 die
870 717 914 740 x11
936 712 1067 750 septem—

326 759 392 792 bris
409 769 549 802 uncxxv,
567 760 767 804 pontificatus
785 761 883 794 nostri
902 771 983 793 anno
1001 770 1032 793 11.

362 822 419 849 Dat.
441 822 484 849 die
505 823 536 849 12
556 822 717 858 septembris
735 823 812 856 ¹625,
828 823 923 858 pontit.
941 830 1012 850 anno
1028 829 1064 850 111.

651 975 746 1009 CLXI.

329 1064 515 1098 Prohibitio
532 1075 572 1098 ne
588 1064 732 1107 degentes
750 1065 784 1096 in
801 1064 896 1098 Statu
914 1063 1069 1097 Ecclesia-

373 1119 462 1157 stico,
478 1117 618 1151 mediate
634 1118 683 1150 vel
695 1118 881 1150 immediate
897 1118 974 1150 Secti
987 1119 1069 1161 Apo-

373 1171 504 1204 stolicae
516 1171 667 1211 subiecto,
686 1171 792 1211 libros,
809 1171 849 1203 ab
862 1171 906 1203 eis
924 1171 1069 1203 ubicum-

373 1234 435 1267 que
448 1224 646 1267 compositos,
662 1223 699 1256 de
711 1234 916 1267 quacumque
931 1224 1070 1256 materici

376 1281 548 1310 tractantes
564 1304 571 1316 ,
597 1277 717 1320 absque
745 1277 926 1310 cardinalis
952 1278 1071 1310 vicarii

375 1335 403 1364 et
432 1331 586 1373 mayistri
615 1331 701 1363 sacri
721 1330 844 1374 palatii
863 1331 899 1363 in
922 1331 1013 1372 Urbe,
1042 1336 1070 1363 et

375 1388 468 1416 extra
486 1394 558 1415 eam
577 1383 695 1427 absque
723 1384 896 1417 Ordinarii
915 1389 943 1417 et
961 1385 1071 1428 inqui-

375 1437 486 1469 sitoris
511 1436 572 1469 loci
597 1437 738 1476 licentia,
754 1437 821 1469 alio
848 1437 994 1480 deferant
1014 1442 1072 1470 aut

376 1489 612 1533 imprimendos
633 1491 869 1523 transmittant.

332 1569 415 1597 Feria
431 1577 457 1605 v,
475 1570 522 1598 die
538 1577 602 1598 xviii
619 1571 794 1604 septembris
810 1577 927 1604 Mucxxv,
943 1572 973 1598 in
988 1579 1073 1606 qene-

367 1614 424 1640 rali
440 1616 674 1649 congregatione
691 1616 708 1642 S
742 1616 890 1643 Romanae
906 1619 936 1643 et
951 1617 1072 1643 univer-

369 1659 443 1685 salis
458 1659 665 1692 inquisitionis
677 1659 781 1686 habita
793 1660 823 1686 in
833 1661 946 1693 palatio
958 1664 1073 1694 aposto-

368 1702 426 1729 lico
442 1703 552 1729 montis
569 1702 731 1735 Quirinalis
748 1711 846 1730 coram
865 1704 915 1730 SS.
933 1705 964 1731 D.
988 1705 1022 1730 N.
1040 1705 1071 1731 D.

369 1746 486 1773 Urbano
509 1746 613 1773 divina
636 1746 827 1781 providentia
847 1747 927 1781 Papa
946 1749 1022 1780 vm,
1040 1756 1074 1776 ac

369 1790 589 1818 illustrissimis
614 1794 646 1818 et
667 1792 926 1819 reverendissimis
947 1792 1074 1819 dominis

370 1834 398 1861 S.
415 1835 487 1862 RE.
505 1835 706 1862 cardinalibus
727 1836 871 1863 adversus
891 1837 1075 1864 haereticam

370 1879 551 1912 pravitatem
582 1880 812 1913 inquisitoribus
846 1881 1037 1915 generalibus
1059 1889 1076 1908 a

371 1922 477 1950 sancta
501 1923 578 1950 Sede
593 1922 764 1957 apostolica
786 1925 960 1957 specialiter
983 1925 1076 1960 depu—

371 1966 458 1994 tatis.

381 2038 601 2072 Sanctissimus
625 2039 777 2073 Dominus
801 2044 908 2073 noster
933 2051 992 2084 pro
1016 2040 1072 2073 de-

336 2090 402 2123 bito
419 2091 465 2124 sui
483 2092 650 2135 pastoralis
675 2093 769 2125 officii
791 2093 952 2135 corrigere
970 2094 1077 2126 volens

337 2144 453 2177 abusus
482 2146 706 2179 nonnullorum
732 2146 763 2178 in
789 2146 875 2179 Statu
900 2146 972 2179 Sedi
996 2148 1078 2190 Apo-

339 2198 466 2231 stolicae
500 2199 633 2232 mediate
658 2199 708 2232 vel
734 2199 913 2232 immediate
937 2200 1077 2233 subiecto

340 2249 556 2292 existentium,
580 2253 633 2296 qui
666 2253 763 2285 libros
788 2264 804 2285 a
829 2263 861 2285 se
885 2253 1077 2297 compositos

341 2306 426 2335 extra
449 2305 621 2347 praefatum
638 2305 769 2346 Statum,
790 2306 908 2349 absque
933 2307 996 2339 ulla
1021 2306 1078 2339 Or-

341 2355 534 2390 dinariorum
558 2363 588 2390 et
617 2359 840 2402 inquisitorum
865 2360 935 2402 loci,
956 2360 1010 2392 ubi
1030 2360 1079 2392 de-

342 2413 430 2450 gunt,
454 2411 697 2454 approbatione,
722 2413 949 2457 imprimendos
973 2418 1076 2447 trans-

343 2461 478 2501 mittunt;
495 2463 600 2496 statuit
613 2469 643 2497 et
656 2465 804 2506 decrevit,
818 2471 853 2498 ut
872 2466 1079 2510 imposterum

343 2523 436 2547 nemo
457 2514 488 2546 in
507 2515 593 2549 Statu
615 2518 774 2560 praedicto
799 2519 926 2561 degens,
944 2520 1080 2552 cuiusvis

345 2567 541 2609 conditionis,
567 2570 697 2612 gradus,
721 2571 839 2604 ordinis
867 2578 897 2605 et
920 2572 1080 2615 dignitatis

347 2620 467 2661 existat,
491 2621 588 2654 libros
607 2622 644 2655 de
664 2625 772 2667 quavis
795 2625 926 2659 materia
950 2630 1083 2658 tractan-

1096 291 1150 325 tes,
1169 291 1197 318 et
1221 285 1410 330 ubicumque
1430 285 1629 329 compositos,
1647 286 1758 319 audeat
1773 287 1833 319 alio

1097 338 1218 370 deterre
1240 339 1287 371 vel
1314 338 1436 371 mittere
1457 338 1684 382 imprimendos
1702 339 1768 371 sine
1784 349 1834 371 ex-

1098 393 1205 433 pressa
1232 391 1262 423 in
1287 392 1410 435 scriptis
1441 392 1666 435 approbatione
1694 391 1836 425 illustris-

1099 443 1167 475 simi
1193 448 1223 475 et
1248 445 1499 477 reverendissimi
1525 445 1642 477 domini
1668 444 1835 477 cardinalis

1098 496 1148 528 SS.
1164 496 1196 528 D.
1211 496 1245 529 N.
1264 497 1370 529 vicarii
1395 502 1425 529 ct
1450 498 1591 539 magistri
1617 498 1696 530 sacri
1718 498 1835 542 palatii,

1099 549 1123 580 si
1145 549 1176 581 in
1202 548 1293 589 Urbe,
1315 550 1339 581 si
1362 560 1437 582 vero
1462 556 1549 582 extra
1575 551 1688 583 Urbem
1714 551 1836 590 existat,

1099 601 1164 634 sine
1197 601 1354 635 Ordinarii
1378 608 1409 635 et
1434 603 1628 645 inquisitoris
1653 604 1711 637 loci
1737 604 1836 643 illius,

1099 655 1164 687 sive
1187 655 1226 687 ab
1252 655 1290 687 iis
1313 655 1553 699 deputatorum7
1578 658 1722 690 facultate
1747 662 1776 691 et
1801 658 1836 689 li-

1100 709 1200 741 centia
1225 709 1314 751 operi
1339 709 1549 752 praefigenda.

1145 763 1160 805 ξ
1183 762 1212 794 02.
1239 762 1350 795 Libros
1375 768 1490 802 autem,
1515 774 1594 806 quos
1619 769 1727 796 contra
1751 774 1838 807 prae-

1101 814 1196 847 sentis
1209 814 1326 847 decreti
1342 820 1485 847 tenorem
1507 815 1645 858 imprimi
1661 816 1837 858 contigerit,

1101 872 1225 912 praeter
1242 869 1317 901 alias
1336 879 1452 912 poenas
1476 869 1606 901 arbitrio
1623 869 1702 902 Suae
1720 869 1839 902 Sancti-
1854 864 1862 873 ⁵

1102 921 1172 954 tatis
1197 922 1392 965 infligendas,
1410 922 1528 965 absque
1549 922 1609 954 alia
1630 922 1840 954 declaratione

1102 985 1138 1007 ex
1159 985 1242 1007 nunc
1262 975 1419 1018 prohibet,
1433 980 1463 1007 et
1486 986 1544 1018 pro
1564 985 1712 1018 expresse
1736 975 1841 1017 prolii-

1102 1027 1174 1061 bitis
1204 1028 1313 1061 haberi
1344 1029 1409 1061 vult
1440 1034 1469 1061 et
1498 1028 1632 1062 mandat.
1671 1028 1841 1061 Contrariis

1102 1081 1353 1125 quibuscumque
1377 1091 1439 1114 non
1464 1081 1670 1121 obstantibus,
1690 1087 1747 1114 etc.

1235 1144 1362 1178 lomms
1386 1145 1548 1178 Ain-Toxius
1572 1145 1754 1178 Tnonasms

1103 1198 1132 1230 S.
1151 1198 1307 1232 Romanae
1320 1204 1350 1231 et
1364 1199 1497 1232 univers.
1512 1199 1722 1242 inquisitionis
1742 1204 1841 1231 notar.

1146 1281 1244 1314 Anno
1268 1290 1407 1321 iincxxv,
1428 1280 1604 1313 indictione
1623 1284 1745 1320 octa-va,
1764 1290 1843 1323 pon-

1106 1334 1246 1376 tificatus
1274 1335 1480 1367 Sanctissimi
1511 1335 1546 1366 in
1576 1334 1703 1368 Christo
1731 1334 1843 1366 Patris

1106 1391 1134 1420 et
1162 1387 1200 1420 D.
1226 1387 1264 1420 N.
1289 1388 1326 1420 D.
1355 1388 1479 1420 Urbani
1500 1388 1613 1420 dirimi
1635 1386 1844 1430 providentia

1106 1440 1218 1483 Papae
1247 1440 1339 1480 VIII,
1364 1451 1450 1473 aimo
1475 1441 1543 1473 eius
1568 1450 1611 1480 111,
1642 1440 1694 1472 die
1718 1450 1789 1472 rero
1811 1448 1844 1471 111

1107 1495 1224 1527 mensis
1244 1493 1613 1537 octobris,,supradictae
1630 1494 1757 1526 lilterae
1774 1503 1845 1536 apo-

1105 1548 1235 1580 stolieae
1263 1548 1327 1579 sire
1353 1547 1514 1580 decretum
1536 1547 1675 1590 asfioeum
1697 1551 1725 1579 et
1741 1546 1845 1589 publi-

1106 1604 1214 1632 catum
1229 1601 1293 1642 suit
1312 1601 1347 1632 in
1364 1600 1432 1632 acie
1451 1601 1565 1643 Campi
1582 1600 1709 1639 Florae,
1726 1604 1754 1632 et
1767 1599 1845 1631 aliis

1108 1654 1183 1685 locis
1200 1653 1304 1685 solitis
1328 1653 1432 1693 Urbis,
1449 1664 1505 1696 per
1518 1664 1567 1685 one
1580 1653 1847 1685 Bramliniartem

1108 1706 1266 1738 Latinum
1279 1706 1433 1749 prelibati
1450 1706 1503 1739 SS.
1520 1706 1557 1739 D.
1575 1706 1616 1738 N.
1633 1707 1744 1749 Papae
1757 1710 1785 1738 et
1800 1717 1847 1738 sa-

1108 1770 1180 1792 crae
1197 1760 1362 1793 Romanae
1379 1760 1607 1802 inquisitionis
1624 1770 1794 1792 cursorem.

1426 1908 1534 1941 CLXII.

1110 1988 1313 2030 Beatisicatio
1324 1988 1407 2021 servi
1414 1988 1473 2021 Dei
1486 1988 1604 2021 Felicis
1617 1988 1654 2020 de
1669 1989 1733 2022 Can
1741 1988 1849 2020 {alicio

1156 2041 1290 2074 Ordinis
1302 2042 1445 2084 fratrum
1459 2042 1495 2074 M
1495 2042 1625 2073 inarum
1639 2041 1669 2074 S.
1680 2041 1850 2074 Francisci

1155 2096 1444 2138 Cappsuccinoruni,
1463 2106 1499 2127 at·
1516 2095 1696 2133 imlultum,
1714 2094 1800 2138 quod
1814 2095 1851 2126 de

1154 2158 1187 2180 eo
1207 2149 1308 2181 missa
1325 2149 1480 2181 celebrari
1500 2159 1536 2181 ac
1553 2148 1696 2190 officium
1717 2148 1851 2179 recitari

1152 2203 1286 2244 possita
1299 2203 1458 2244 fratribus
1473 2201 1553 2234 dicti
1568 2201 1700 2234 Ordinis
1715 2201 1751 2233 in
1764 2200 1851 2233 Nan—

1155 2255 1210 2294 cei,
1231 2255 1522 2288 Romaricomontis
1547 2259 1575 2287 ct
1597 2254 1774 2288 Canlalicii
1798 2263 1852 2296 op-

1154 2308 1242 2352 pictis
1261 2309 1480 2347 existentibus,
1502 2312 1530 2340 et
1548 2309 1666 2340 Romae
1686 2308 1725 2339 ab
1746 2306 1851 2339 onmi-

1157 2361 1215 2392 bus
1239 2361 1281 2393 ad
1305 2361 1470 2394 ecclesiam
1495 2362 1598 2404 ipsius
1626 2359 1770 2399 Ordinis,
1798 2359 1853 2391 ubi

1157 2424 1270 2457 corpus
1294 2414 1435 2446 eiusdem
1455 2414 1636 2457 requiescit,
1657 2413 1849 2455 confluenti-

1159 2467 1216 2499 bus
1229 2465 1248 2499 ¹.

1152 2548 1162 2572 l
1180 2545 1236 2573 Hoc
1252 2546 1385 2573 indultum
1401 2546 1434 2573 ad
1450 2554 1544 2573 omnes
1559 2546 1654 2573 fratres
1668 2546 1731 2574 dicti
1747 2547 1855 2574 Ordinis

1114 2590 1215 2626 ubique
1231 2593 1375 2618 existentes
1391 2592 1510 2618 extendit
1525 2595 1616 2627 postea
1631 2592 1674 2618 hic
1692 2591 1763 2618 idem
1784 2593 1855 2619 Pon-

1114 2635 1176 2662 tifex
1195 2638 1223 2661 ut
1238 2635 1265 2662 in
1280 2635 1370 2663 Const.
1386 2635 1494 2671 Nuper,
1511 2635 1572 2663 data
1587 2635 1630 2662 die
1645 2642 1669 2662 ix
1685 2636 1776 2671 aprilis
1791 2637 1854 2663 anni

1735 229 1793 263 371
1844 239 1893 268 An.
1910 239 1937 265 c.
1960 238 2029 266 1623

1881 774 1938 794 Libri
1964 777 2023 795 contr

1853 801 1915 821 liuius
1956 801 2019 821 decre

1855 831 1946 848 tenorem
1955 828 2040 853 impres·

1867 861 1888 877 ι,
1932 857 2037 880 tamquam

1856 880 1955 904 prohibiti
1992 887 2030 901 »un

1855 906 1957 927 habendi.
