2269 3235
121 215 170 243 An.
186 214 215 242 C.
237 213 304 242 1624

166 1553 311 1574 ascensentur

127 1579 223 1606 Gregorii
255 1579 309 1600 litte-

156 1980 273 2002 Translatio
283 1981 313 2001 iu·

129 2008 271 2031 risdietionis,
287 2007 312 2027 de

129 2039 171 2060 qua
184 2035 205 2055 in
220 2035 311 2055 rubrica.

923 214 1065 239 URBANUS
1082 214 1138 238 vnt
1158 214 1205 238 1¹1³.

318 263 502 307 iuscumque
519 263 633 297 valoris
650 264 794 297 obtinens
807 273 865 307 pro
882 262 1053 306 quietantia

317 317 400 350 ultra
413 317 595 360 vigesimam
616 323 736 362 partem
757 317 849 350 unius
862 315 946 349 auri¹
964 326 1055 349 nurn-

155 382 217 404 rans
233 382 302 412 dantia
319 371 362 403 mi
382 371 504 404 solvere
528 377 668 415 cogatur.

121 411 264 436 transumptis.

364 425 378 468 ἓ
403 425 432 459 9.
462 426 616 467 Ceterum,
642 429 676 460 ut
703 429 882 469 praesentes
911 422 1057 456 omnibus

320 478 439 511 facilius
465 479 668 519 innotescant,
694 478 846 517 volumus,
865 481 898 509 ut
914 485 1058 520 praesen-

320 532 398 565 tium
416 533 591 566 litterarum
608 531 761 574 exempla,
779 529 871 563 etiarn
893 529 1057 572 impressa,

321 586 433 620 notarii
447 585 563 630 publici
579 595 671 617 manu
685 583 872 627 subscripta,
884 587 914 615 et
927 581 1058 614 alicuius

322 650 473 683 personae
498 639 528 671 in
552 637 702 680 dignitate
720 636 930 669 ecclesiastiea
948 634 1060 668 consti-

323 697 393 726 tuae
410 693 512 735 sigillo
524 691 715 733 subsignata,
729 689 872 723 eamdem
894 689 926 721 in
944 687 1059 721 iudicio

323 750 446 779 etextra
462 744 536 777 illud
550 744 665 787 ubique
678 744 820 777 locorum
831 742 924 775 fidem
938 741 1060 781 faciant,

323 809 415 842 quam
441 798 525 841 ipsae
546 797 715 840 originales
735 797 882 835 facerent,
907 796 932 829 si
957 800 1061 829 essent

322 852 479 884 exhibitae
503 851 551 884 vel
572 856 723 884 ostensae.

363 905 475 938 Datum
506 905 635 945 Romae,
653 904 735 948 apud
763 904 792 937 S.
818 904 946 937 Mariam
971 903 1062 936 Maio-

321 968 399 999 rem,
427 958 485 991 sub
509 958 625 991 annulo
651 957 828 998 piscatoris,
848 957 898 990 die
918 967 973 990 xw
996 956 1060 989 iulii

322 1021 474 1053 nncxx1v‚
506 1011 707 1055 pontificatus
731 1011 831 1044 nostri
855 1020 936 1043 anno
954 1019 972 1043 1.

359 1074 417 1102 Dat.
433 1074 476 1101 die
490 1075 524 1101 16
539 1074 596 1101 iulii
610 1074 689 1108 1624,
706 1074 798 1109 pontif.
815 1081 885 1100 anno
901 1081 919 1100 t.

632 1191 758 1223 LXXVI.

326 1262 538 1295 Translatnm
562 1260 768 1305 yeneralibus
792 1270 961 1293 armorum
985 1259 1017 1293 F
1016 1269 1064 1292 er-

365 1316 476 1349 rarz‘cze
499 1316 552 1348 ius
576 1326 673 1359 snper
697 1315 821 1348 miliaci
846 1313 1064 1354 Bononiensi,

368 1369 472 1413 leyato
496 1369 699 1402 Bononiensi
722 1367 909 1401 asseritur&

528 1440 665 1467 Urbanus
686 1439 764 1473 Papa
783 1439 861 1471 VIII,

468 1484 504 1512 ad
524 1484 656 1512 futuram
676 1484 719 1511 rei
739 1483 918 1511 memoriam.

369 1546 384 1590 ἓ
408 1546 438 1579 1.
464 1546 546 1579 Alias
571 1556 589 1579 a
609 1546 706 1579 felicis
730 1544 959 1578 recordationis
989 1544 1065 1578 Gre-

325 1600 433 1644 gorius
458 1601 542 1644 Papa
565 1601 616 1634 XV
639 1600 882 1644 praedecessore
906 1604 1014 1632 nostro
1040 1608 1068 1631 e-

325 1659 493 1687 manarunt
512 1654 632 1688 litterae
647 1681 654 1695 ,
678 1654 797 1687 tenoris
827 1652 1066 1696 subsequentis,

326 1707 484 1740 videlicet:

371 1761 546 1805 Greqorius
569 1762 664 1805 Papa
683 1762 754 1803 XV,
783 1762 825 1795 ad
850 1763 999 1805 suturam
1019 1761 1068 1794 rei

325 1815 517 1847 memorium
542 1815 686 1858 (Reliqua
702 1815 764 1858 legi
788 1820 920 1859 possunt
942 1815 973 1847 in
993 1815 1068 1848 Con-

327 1867 422 1900 stitut.
441 1877 511 1908 xvr,
539 1867 620 1901 Cum
641 1868 726 1901 olicis
750 1868 976 1912 quem-nium,
997 1873 1066 1909 eto,

327 1923 401 1953 torn.
420 1930 472 1960 xn,
492 1931 561 1964 pag.
581 1921 667 1964 55⁶2).

372 1974 387 2017 ἓ
411 1974 440 2007 02.
465 1975 554 2008 Nunc
578 1979 681 2007 autem
707 1985 781 2015 nos,
806 1975 938 2008 feliciori
971 1975 1068 2019 ipsius

329 2027 457 2061 militiae
482 2028 648 2071 regimini,
665 2039 822 2072 curaeque
847 2034 877 2062 et
901 2028 1067 2071 gubernio,

328 2086 479 2124 qnantum
504 2093 575 2115 curn
600 2082 732 2115 Domino
756 2093 940 2126 possumus,
961 2093 1069 2116 consu-

328 2135 393 2168 lere
417 2135 574 2177 volentes,
600 2142 686 2169 motu
711 2136 841 2180 proprio
866 2141 896 2168 et
922 2146 958 2169 ex
984 2138 1068 2169 certa

328 2188 456 2222 scientia
480 2200 516 2223 ac
541 2191 665 2222 matura
689 2190 917 2223 deliberatione
942 2189 1067 2230 nostris,

328 2241 428 2285 deque
452 2243 642 2286 apostolicae
671 2243 832 2287 potestatis
864 2243 1067 2287 plenitudine,

329 2304 421 2327 omne
442 2295 499 2336 ius,
524 2307 713 2340 omnemque
737 2297 966 2337 auctoritatem,
988 2307 1069 2341 quae

329 2349 403 2382 olim
422 2351 621 2392 generalibus
637 2361 801 2385 armorum
818 2350 949 2385 civitatis
970 2356 1000 2384 et
1016 2351 1069 2384 du-

330 2406 415 2437 catus
435 2408 616 2437 nostrorum
641 2405 889 2438 Ferrariensium
907 2416 1000 2450 super
1016 2405 1070 2438 nii-

366 2494 377 2521 1
400 2493 500 2521 Forsan
520 2493 661 2529 legendum
680 2496 765 2523 aurei
784 2495 821 2530 (R.
841 2496 891 2531 T.).

365 2537 381 2564 2
398 2538 434 2565 Ex
450 2538 558 2573 aegest.
574 2538 600 2565 in
615 2539 718 2566 Secret.
735 2540 815 2567 Brev.

365 2582 382 2610 3
405 2583 457 2611 Sed
481 2583 548 2612 haec
563 2584 627 2612 edit.
644 2583 723 2611 Main.
741 2584 833 2612 citatio
852 2592 904 2613 non
925 2584 1071 2612 concordat

330 2629 368 2664 (n.
384 2628 432 2664 r).

1087 262 1152 295 litia
1178 268 1240 295 tam
1266 261 1402 305 equestri
1431 272 1524 305 quam
1558 261 1694 304 pedestri
1728 261 1758 293 in
1786 262 1826 293 ci-

1089 315 1180 349 vitate
1207 320 1237 348 et
1264 315 1413 348 comitatu
1442 314 1556 348 nostris
1580 314 1827 348 Bononiensibus

1088 370 1294 412 competebat,
1316 380 1370 402 seu
1395 368 1630 412 quomodolibet
1647 373 1827 411 competere

1089 426 1220 465 poterat,
1246 423 1284 455 ab
1301 423 1410 456 eodem
1430 422 1567 465 generali
1590 432 1751 456 armorum
1772 432 1829 465 pro

1091 478 1231 518 tempore
1256 475 1399 509 existenti
1425 476 1564 508 tollimus
1589 481 1619 508 et
1643 475 1830 514 auferimus,

1090 539 1126 560 ac
1151 527 1274 571 penitus
1299 534 1329 561 et
1354 529 1482 562 omnino
1516 530 1667 561 sublatam
1694 529 1830 561 declara-

1092 588 1172 618 mus,
1198 589 1330 622 eamque
1351 579 1395 612 sic
1415 580 1567 611 sublatam
1587 580 1616 612 in
1633 579 1829 623 praedictum

1092 632 1230 675 legatum
1252 633 1333 664 ultra
1361 632 1443 665 illius
1467 633 1641 666 ordinarias
1658 634 1829 673 facultates,

1092 689 1201 718 tenore
1217 686 1440 729 praesentium,
1458 687 1684 719 transferimus.

1137 739 1151 782 ἓ
1168 738 1196 771 3.
1223 739 1431 772 Decernentes
1447 744 1628 783 praesentes
1645 740 1763 772 litteras
1779 750 1831 772 va-

1094 791 1181 832 lidas,
1207 792 1314 825 firmas
1332 798 1362 825 et
1382 793 1524 826 efficaces
1544 793 1677 826 existere
1702 799 1731 825 et
1755 794 1831 833 fore,

1094 855 1229 889 suosque
1247 846 1404 889 plenarios
1422 852 1452 879 et
1469 846 1608 889 integros
1625 846 1754 880 effectus
1771 857 1834 879 sor-

1093 899 1143 931 tiri
1170 904 1200 932 et
1224 900 1366 933 obtinere
1390 900 1522 941 debere,
1553 901 1678 933 irritum
1708 911 1833 944 quoque

1095 957 1122 984 et
1148 952 1248 993 inane,
1274 954 1299 986 si
1324 965 1414 986 secus
1436 964 1530 998 super
1557 954 1604 986 his
1633 965 1650 986 a
1674 964 1833 997 quoquam

1095 1006 1203 1048 quavis
1219 1007 1416 1047 auctoritate,
1430 1007 1564 1040 scienter
1582 1008 1628 1040 vel
1642 1007 1833 1050 ignoranter,

1095 1059 1262 1102 contigerit
1279 1060 1432 1094 attentari.

1140 1113 1154 1155 ξ
1178 1112 1207 1144 4.
1234 1113 1300 1145 Non
1326 1113 1522 1146 obstantibus
1542 1113 1744 1156 praeinsertis
1761 1113 1836 1147 Gre-

1096 1166 1177 1208 gorii
1210 1166 1464 1210 praedecessoris
1497 1166 1677 1200 huiusmodi
1703 1167 1834 1209 litteris,

1096 1230 1218 1253 necnon
1249 1221 1359 1263 regula
1390 1222 1499 1254 nostra
1531 1220 1569 1253 de
1601 1221 1669 1253 inre
1694 1222 1835 1264 quaesito

1096 1283 1158 1305 non
1184 1273 1332 1314 tollendo,
1357 1274 1489 1317 aliisque
1514 1274 1791 1307 constitutionibus
1808 1280 1837 1307 et

1097 1326 1348 1360 ordinationibus
1375 1327 1572 1370 apostolicis,
1601 1338 1653 1368 ac,
1687 1331 1839 1371 qnatenus

1098 1390 1179 1423 opus
1196 1380 1245 1420 sit,
1263 1380 1363 1413 dietae
1377 1380 1511 1413 civitatis
1527 1380 1633 1424 (etiam
1652 1380 1838 1421 iuramento,

1099 1433 1339 1466 confirmatione
1363 1433 1533 1477 apostolica
1548 1461 1555 1474 ,
1580 1434 1627 1466 vel
1652 1434 1761 1477 quavis
1785 1434 1840 1466 sn·-

1100 1487 1206 1520 mitate
1227 1487 1288 1520 alia
1312 1487 1483 1530 roboratis)
1509 1487 1630 1520 statutis
1655 1493 1685 1520 et
1715 1497 1841 1520 consue-

1101 1540 1277 1582 tudinibus,
1303 1541 1478 1584 ceterisque
1511 1540 1677 1573 contrariis
1704 1540 1837 1584 quibus-

1100 1606 1245 1639 cumque.

1144 1649 1256 1682 Datum
1277 1649 1405 1689 Romae,
1433 1648 1517 1692 apud
1541 1649 1570 1682 S.
1596 1649 1725 1681 Mariam
1750 1647 1841 1680 Maio-

1102 1713 1168 1735 rem
1184 1729 1190 1743 ,
1216 1703 1275 1735 sub
1292 1702 1408 1735 annulo
1426 1702 1603 1742 Piscatoris,
1621 1702 1671 1734 die
1691 1712 1754 1735 xxv
1776 1701 1840 1734 iulii

1102 1766 1255 1797 Mnexxlv,
1274 1756 1478 1800 pontificatus
1502 1755 1601 1790 nostri
1626 1766 1708 1789 anno
1733 1766 1751 1789 1.

1138 1819 1196 1847 Dat.
1213 1820 1257 1847 die
1273 1820 1307 1848 25
1322 1819 1380 1847 iulii
1398 1819 1475 1853 1624,
1492 1819 1587 1855 pontif.
1605 1827 1674 1846 anno
1690 1826 1708 1845 1.

1407 1945 1546 1978 LXXVII.

1102 2016 1287 2050 Declaratio
1303 2043 1310 2057 ,
1338 2016 1423 2060 quod
1451 2015 1661 2059 indulyenlia
1685 2016 1842 2049 Pertina-

1147 2069 1237 2103 culae
1254 2070 1311 2102 hoc
1326 2079 1414 2102 anno
1431 2073 1541 2102 sancio
1560 2079 1626 2102 non
1643 2068 1837 2102 rceocatuffl.

1301 2133 1438 2160 Urbanus
1466 2133 1544 2166 Papa
1563 2132 1641 2164 vm,

1226 2179 1262 2206 ad
1282 2181 1458 2213 perpetuam
1477 2179 1522 2205 rei
1537 2177 1717 2205 memoriam.

1146 2242 1221 2275 Cum
1245 2251 1356 2285 nuper,
1383 2241 1423 2274 ob
1447 2241 1527 2274 sacri
1559 2240 1685 2273 iubilaei
1707 2240 1842 2273 celebra-

1102 2296 1218 2329 tionem
1237 2306 1255 2328 a
1279 2295 1385 2338 vigilia
1402 2295 1576 2328 Nativitatis
1596 2294 1719 2328 Domini
1737 2294 1841 2327 Nostri

1103 2351 1172 2384 lesu
1195 2349 1309 2383 Christi
1329 2349 1401 2382 anni
1420 2349 1564 2393 proxime
1588 2349 1711 2382 venturi
1737 2348 1842 2383 incho-

1138 2450 1150 2477 1
1169 2449 1241 2477 Hane
1257 2449 1451 2483 indulgentiam
1467 2448 1613 2484 plenariam
1626 2452 1787 2483 perpetuam
1799 2456 1843 2475 ex—

1103 2494 1190 2522 tendit
1205 2494 1237 2521 ad
1253 2495 1342 2521 omnia
1357 2494 1464 2521 Ordinis
1479 2493 1645 2520 monasteria
1663 2493 1779 2520 fratrum
1795 2493 1842 2520 Mi-

1104 2548 1200 2567 norum
1217 2540 1250 2566 de
1266 2539 1444 2566 Observantia
1459 2547 1490 2565 ac
1512 2538 1720 2565 reformatorum
1741 2538 1843 2573 Grego-

1104 2585 1160 2611 rius
1176 2583 1220 2611 XV
1239 2583 1328 2611 Const.
1354 2589 1383 2609 nt
1406 2583 1535 2617 Spiritus
1557 2583 1685 2617 Domini,
1707 2587 1773 2610 tom.
1795 2589 1842 2617 xu,

1105 2636 1165 2665 pag.
1177 2628 1237 2657 500.
1251 2628 1332 2656 -lta
1346 2627 1389 2656 ed.
1402 2627 1496 2661 Main.;
1512 2627 1560 2656 sed
1571 2627 1660 2656 citatio
1672 2634 1741 2656 vana
1752 2627 1841 2662 (nnn).

1728 203 1792 237 189
1839 214 1889 239 Λη.
1905 215 1933 240 c.
1956 214 2022 241 1624

1873 749 1990 771 sjtatisulae.

1898 1124 2032 1145 Obztanttum

1849 1151 1960 1177 derogatio

1883 2253 2024 2275 Prooemium.
