2269 3235
204 234 252 261 An.
270 235 298 262 c.
319 235 387 263 1621
434 227 498 261 9Οὲ

270 510 388 530 l'ubliratio

206 536 284 557 nun-an
334 537 388 557 tat-ta

205 569 276 584 omnes
291 563 365 584 atticu-

239 881 390 908 Transumpto-

205 914 251 929 runi
266 909 326 929 tides.

405 285 529 318 insertis
550 283 712 325 habentes,
731 284 790 316 illis
807 283 882 316 alias
899 284 930 316 in
949 293 1004 315 suo
1024 283 1142 317 robore

402 338 629 382 permansuris,
642 338 700 370 liae
714 337 781 369 vice
793 336 953 369 dumtaxat
966 336 1142 380 specialiter

404 395 434 426 ct
446 402 592 435 expresse
611 391 809 433 derogamus,
827 390 1002 433 ceterisque
1016 394 1141 423 contra-

404 444 459 477 riis
483 444 744 488 quilmscumquc.

448 498 463 540 g
480 497 509 529 6.
525 496 675 529 Volumus
687 501 802 537 autem,
816 496 900 540 quod
910 496 1037 529 caedem
1054 506 1142 541 prac-

404 555 506 583 scntcs
527 550 558 582 in
577 549 672 582 valvis
696 550 896 583 basilicarum
911 550 940 583 S.
954 550 1077 583 Ioannis
1090 551 1142 583 La-

405 602 577 635 teranensis
610 607 640 635 et.
673 602 826 646 Principis
855 604 1071 647 apostolorum
1104 603 1142 636 dc

406 654 498 697 Urbe,
523 666 558 689 ac
583 655 613 688 in
638 655 703 689 acie
720 655 828 700 Campi
849 656 971 697 Florae,
992 661 1026 689 ut
1045 656 1143 689 moris

404 713 467 749 est,
487 709 606 749 affixae,
620 720 739 752 omnes,
757 721 835 753 quos
852 710 923 743 illae
940 714 1143 750 concernunt,

405 762 447 795 ita
470 768 591 796 arctent
615 769 644 796 et
668 764 814 805 afficiant,
831 764 961 808 perinde
981 775 1016 797 ac
1033 765 1059 797 si
1079 764 1144 797 uni-

405 816 519 860 cuique
543 818 751 861 personaliter
776 818 936 851 intimatae
960 818 1099 858 fuissent,

449 870 465 914 ἓ
490 870 517 902 7.
542 870 693 914 Quodque
717 871 899 903 carumdem
931 871 1142 914 praesentium

405 923 626 967 transumptis,
651 923 744 956 ctiam
770 923 944 967 impressis,
968 933 1063 956 manu
1087 933 1144 956 no-

405 976 475 1009 tarii
500 977 617 1020 publici
641 976 835 1020 subscriptis,
860 982 890 1009 ct
914 976 1016 1019 sigillo
1036 987 1143 1020 perso-

404 1039 462 1063 nae
490 1030 521 1062 in
546 1029 697 1072 dignitate
722 1029 933 1063 ecclesiastica
958 1030 1145 1062 constitutae

405 1082 542 1123 munitis,
561 1082 669 1115 cadem
690 1093 821 1126 prorsus
845 1082 923 1115 fides
947 1083 1144 1123 adhibeatur,

405 1145 485 1178 quae
508 1136 726 1178 praesentibus
750 1135 969 1177 adhiberetur,
994 1135 1019 1169 si
1044 1136 1145 1169 forent.

405 1188 562 1222 exhibitae
586 1190 634 1222 vcl
659 1194 811 1223 ostensae.

448 1243 559 1277 Datum
585 1244 712 1284 Romae,
736 1244 819 1288 apud
839 1244 867 1277 S.
892 1244 1021 1277 Mariam
1053 1244 1144 1277 Maio-

405 1307 483 1337 rem,
501 1297 558 1330 sub
571 1298 687 1331 annulo
706 1297 941 1337 t¹iscatoris‚die
966 1308 1068 1331 xxvm
1093 1309 1145 1331 au-

405 1350 488 1393 gusti
501 1360 652 1393 uncxxlv,
676 1351 877 1402 pontificatus
897 1351 998 1385 nostri
1015 1361 1097 1385 anno
1113 1361 1143 1384 11.

440 1412 498 1440 Dat.
520 1413 562 1440 dte
577 1414 611 1440 ⁶28
625 1413 731 1449 augusti
750 1414 826 1447 1024,
844 1414 938 1449 pontif.
954 1423 999 1442 an.
1015 1422 1044 1442 11.

448 1512 547 1546 Anno
571 1522 722 1552 iuncxx1V‚
747 1511 925 1545 indictione
945 1523 999 1554 vu,
1017 1513 1147 1556 pontifi-

405 1570 497 1599 catus
521 1572 631 1599 anlem
655 1565 856 1598 sanctissimi
880 1566 915 1598 in
937 1566 1066 1600 Christo
1086 1567 1147 1599 Pa-

407 1619 466 1651 tris
486 1622 514 1651 et
538 1619 577 1651 D.
606 1619 646 1651 N.
675 1618 713 1651 D.
745 1619 870 1652 Urbani
896 1619 1009 1652 (lirina
1031 1621 1147 1662 prori-

405 1671 516 1705 dentid
528 1672 640 1715 Papae
658 1672 749 1709 VIII,
769 1682 856 1704 anno
869 1672 938 1704 eins
955 1682 987 1711 11,
1008 1672 1059 1705 die
1075 1683 1147 1705 vero

405 1726 525 1759 ultima
550 1726 669 1758 mensis
693 1726 838 1768 augynsli,
858 1726 1083 1769 retroscrz'plae
1098 1726 1147 1759 lit-

408 1784 494 1813 terae
524 1778 719 1822 apostoticae
750 1779 870 1821 effictae
904 1783 933 1811 et
959 1779 1147 1822 publicatae.

405 1833 539 1875 ficerunt
564 1831 606 1864 ad
629 1832 741 1864 valvas
766 1832 981 1865 basilicarum
998 1833 1029 1866 S.
1047 1833 1145 1865 Ioan-

406 1885 459 1918 nis
478 1885 707 1918 Laterancnsz's
731 1889 760 1917 et
784 1886 954 1928 Principis
982 1886 1142 1928 apostolo—

405 1950 491 1979 rum,
514 1950 550 1972 ac
574 1940 611 1972 in
634 1940 701 1972 acie
727 1940 841 1982 Campi
865 1940 895 1972 F
897 1940 994 1979 torae,
1022 1943 1057 1972 nl
1080 1950 1146 1972 nio-

405 1993 451 2025 ris
472 1996 527 2032 est,
542 2003 601 2035 per
622 2003 679 2025 nos
701 1993 877 2026 Camillum
900 1993 1092 2026 Fundatmn
1109 1993 1146 2026 cle

408 2044 492 2078 Cesis
509 2047 537 2076 el
553 2044 682 2077 Iulium
698 2044 944 2085 stlta-zitellimn,
964 2045 1147 2089 praelibati

406 2094 460 2128 SS.
476 2095 516 2129 D.
537 2093 575 2129 Ν.
592 2095 704 2139 Papae
716 2105 871 2135 cursores,
892 2100 946 2128 elc.

671 2168 917 2202 anuums
942 2169 1079 2203 trimus

649 2232 707 2265 pro
732 2222 810 2264 Mag.
835 2221 895 2255 DD.
921 2222 1100 2256 Cursorum.

699 2390 853 2424 LXXXVI.

406 2472 452 2505 Dc
477 2471 683 2515 remam-ibus
713 2471 869 2515 apostatis
898 2476 927 2505 et
958 2472 1081 2513 eiectis,
1109 2483 1145 2506 ac

451 2525 488 2557 de
512 2525 729 2566 innovatione,
757 2525 976 2559 declaratione
996 2530 1024 2559 et
1044 2525 1144 2559 ohser-

450 2579 562 2611 vantz'a
586 2578 791 2622 ycneralinm
815 2579 1034 2620 decretorum,
1061 2590 1145 2624 qnae

452 2631 595 2666 Clemens
624 2632 708 2666 VIII
726 2643 786 2676 pro
809 2633 1016 2677 regularium
1044 2635 1144 2677 refor-

987 235 1163 259 utJLLMtiUM
1189 235 1341 259 ROMANUM

1928 238 1976 264 ltn.
1992 238 2021 264 C.
2040 237 2110 266 1624

1219 284 1374 326 matione,
1401 283 1664 329 novitioramqae
1685 285 1863 330 receptione
1883 296 1912 319 c-

1219 336 1333 370 didit'.

1174 425 1318 456 Decreta
1339 425 1464 456 Sacrae
1482 425 1759 465 Gongregntionis
1773 425 1913 457 Gonoilii

1235 474 1275 505 de
1290 475 1502 515 regularibus
1517 474 1676 515 apostatis
1691 478 1722 504 et
1736 474 1859 505 eiectis.

1220 550 1313 583 Sacra
1337 550 1545 594 Congrcgatio
1563 549 1769 583 cardinalium
1784 549 1913 583 Concilii
1961 562 2042 583 emmae
2057 564 2112 584 naec

1176 604 1347 637 Tridentini
1373 604 1602 648 interpretum,
1626 603 1822 646 regularium
1852 589 2111 637 eie·⁰⁶⁰¹¹¹¹¹‘¹⁶⁶¹³²³‘

1177 661 1300 690 ctorum
1326 662 1357 690 et
1380 657 1585 701 fugitivorum
1611 657 1704 690 statui
1729 656 1914 697 consulere,

1177 710 1367 754 illorumque
1391 710 1535 743 scandala
1559 719 1769 750 summovere,
1792 712 1822 743 et
1846 719 1916 742 suc-

1177 768 1370 797 crescentem
1381 774 1549 797 numerum
1562 764 1709 807 frangere
1721 773 1836 807 operae
1848 773 1918 808 pre-

1177 816 1255 849 tium
1281 817 1481 859 existimans,
1506 817 1619 851 auditis
1649 816 1840 860 religionum
1865 827 1917 849 su-

1177 869 1366 913 perioribuS,
1384 880 1482 913 reque
1499 870 1734 913 diligentissime
1750 870 1917 914 perpensa,

1178 922 1412 955 communicato
1437 922 1529 955 etiam
1555 923 1687 957 consilio
1703 934 1773 957 cum
1792 923 1918 957 sanctis-

1179 974 1259 1007 simo
1283 975 1416 1008 Domino
1439 979 1548 1009 nostro
1572 976 1700 1010 Urbano
1721 977 1800 1018 VIII,
1825 981 1918 1021 atque

1179 1038 1215 1060 ex
1236 1028 1386 1071 peculiari
1400 1028 1576 1061 Sanctitatis
1593 1028 1674 1062 Suae
1696 1029 1851 1071 facultate,
1871 1030 1917 1063 in—

1179 1080 1346 1124 frascripta
1371 1080 1499 1115 decreta
1528 1081 1642 1115 edidit:

1224 1134 1238 1178 g
1254 1134 1281 1166 l.
1299 1134 1342 1167 Ac
1361 1134 1476 1178 primo,
1487 1139 1527 1167 ,ut
1543 1134 1656 1167 infecta
1672 1134 1801 1176 semina,
1818 1145 1835 1168 e
1854 1136 1919 1180 qui-
1947 1149 2013 1178 swa
2027 1150 2117 1182 confise,-

1179 1187 1236 1219 bus
1260 1187 1349 1231 pravi
1379 1187 1534 1221 eiusmodi
1568 1188 1690 1221 fructus
1719 1188 1917 1232 potissimum
1933 1177 2117 1231 ffisss‘vnffllssss't'l!

1180 1241 1345 1284 prodeunt,
1369 1241 1516 1285 deinceps
1540 1252 1579 1274 ne
1603 1247 1749 1275 serantur
1772 1242 1804 1275 in
1828 1242 1918 1276 vinea
1932 1229 2117 1278 ffissi'ffirnffffl‘

1179 1294 1312 1336 Domini,
1334 1294 1455 1328 censuit
1478 1305 1545 1327 esse
1569 1295 1761 1328 innovandas
1775 1322 1783 1336 ‚
1800 1300 1830 1328 et
1846 1296 1919 1329 San-

1179 1348 1308 1381 ctissimi
1322 1349 1506 1382 auctoritate
1526 1349 1662 1392 innovat,
1680 1349 1919 1384 constitutiones

1179 1407 1209 1433 ct
1239 1401 1365 1435 decreta
1396 1402 1555 1445 generalia
1590 1407 1714 1435 sanctae
1746 1404 1920 1437 memoriae

1179 1455 1346 1488 Clementis
1366 1455 1431 1488 VIII
1451 1455 1489 1488 ad
1506 1456 1701 1499 regularium
1726 1456 1920 1490 reformatio-

1179 1520 1261 1549 nem,
1282 1509 1319 1541 ad
1344 1509 1535 1542 novitiorum
1561 1510 1785 1553 receptionem,
1802 1511 1920 1554 profes-

1180 1563 1300 1595 sionem
1330 1566 1423 1606 atque
1456 1563 1683 1597 institutionem
1715 1563 1918 1607 spectantia&

1180 1615 1383 1660 districteque
1406 1616 1558 1660 praecipit
1584 1616 1801 1659 generalibus,
1826 1621 1920 1660 atquc

1180 1668 1248 1701 aliis
1272 1669 1418 1701 omnibus
1443 1669 1594 1702 Ordinum
1621 1669 1838 1713 superioribus
1853 1696 1860 1710 ,
1886 1675 1920 1702 ut

1181 1722 1231 1753 illa
1257 1727 1362 1755 exacte
1387 1723 1564 1765 observent,
1582 1728 1675 1766 atque
1700 1728 1734 1756 ut
1754 1723 1921 1756 observen-

1180 1780 1230 1808 tur
1251 1776 1396 1817 efficiant,
1420 1777 1478 1809 sub
1496 1777 1605 1821 poenis
1622 1777 1744 1810 statutis
1761 1776 1792 1809 in
1809 1776 1920 1810 iisdem

1180 1829 1464 1863 constitutionibus.

1224 1883 1239 1925 ξ
1262 1882 1292 1915 ⁰2.
1311 1884 1334 1916 A
1354 1883 1468 1927 quibus
1485 1888 1589 1916 tamen
1611 1883 1830 1928 excipiendum
1852 1894 1923 1917 cen·
1952 1922 1954 1925 v
1975 1894 2118 1925 Excepto-qai-

1180 1936 1241 1969 suit
1266 1942 1359 1981 caput
1383 1937 1479 1977 illud,
1504 1948 1566 1982 quo
1591 1938 1789 1979 decernitur,
1817 1948 1857 1971 ne
1888 1938 1920 1971 in
1935 1922 2118 1974 }»'{=¹.·⁰‘i›‘³1·‹ii‘1³12v1'ri¹3{

1180 1990 1395 2031 conventibus,
1420 2001 1475 2023 seu
1500 1991 1699 2024 monasteriis
1724 1992 1762 2024 ad
1785 1990 1920 2024 novitios
1935 1975 2087 2001 ³¹¹¹mb⁸⁰⁴¹¹⁵⁶

1179 2043 1378 2087 recipiendos
1396 2044 1546 2077 hactenus
1563 2045 1733 2088 designatis
1757 2050 1787 2078 et
1810 2055 1921 2089 appro-

1180 2097 1269 2137 batis,
1287 2108 1342 2130 seu
1367 2098 1575 2142 imposterum
1600 2099 1801 2142 designandis
1824 2103 1855 2131 et
1870 2109 1920 2143 ap-

1179 2151 1371 2195 probandis,
1395 2152 1504 2185 novitii
1529 2152 1568 2185 ad
1591 2152 1733 2186 habitum
1764 2153 1920 2186 ullatenus

1216 2242 1226 2268 1
1245 2241 1337 2272 Quoad
1353 2245 1490 2277 apostatas
1501 2245 1528 2269 et
1542 2244 1618 2269 extra
1628 2242 1745 2269 claustra
1760 2242 1920 2278 religionum

1179 2289 1306 2320 vagantes
1319 2285 1391 2313 edita
1406 2286 1468 2313 olim
1488 2286 1538 2313 fuit
1556 2295 1572 2313 a
1591 2287 1677 2314 Paulo
1697 2287 1731 2314 IV
1750 2286 1840 2315 Const.
1857 2294 1920 2315 xxtlt

1179 2329 1262 2357 relata
1272 2330 1299 2357 in
1316 2333 1379 2357 tom.
1392 2337 1427 2364 vt,
1443 2338 1503 2366 pag.
1516 2330 1578 2365 538,
1591 2339 1661 2367 quae
1676 2335 1766 2358 tamen
1780 2331 1814 2359 ad
1830 2332 1922 2359 termi-

1178 2382 1228 2402 nos
1246 2374 1312 2402 iuris
1326 2374 1438 2402 reducta
1451 2375 1501 2403 fuit
1515 2383 1531 2402 a
1546 2376 1594 2402 Pio
1605 2375 1637 2403 lv
1650 2375 1677 2402 in
1692 2376 1784 2403 Const.
1796 2383 1822 2403 tv
1836 2376 1921 2404 relata

1178 2418 1205 2445 in
1221 2422 1286 2446 tom.
1301 2425 1348 2454 vu,
1363 2427 1424 2455 pag.
1443 2419 1474 2447 15
1489 2420 1526 2455 (a.
1539 2426 1565 2447 τ.
1578 2428 1609 2447 ex
1625 2420 1768 2456 Cherub).
1787 2420 1862 2448 Circa
1877 2428 1921 2448 re-

1178 2464 1329 2498 ceptionem
1354 2464 1515 2491 novitiorum
1536 2465 1596 2492 vide
1610 2465 1691 2492 etiam
1707 2465 1850 2493 Constitut.
1865 2473 1920 2494 cxii

1178 2508 1241 2535 Sixti
1257 2509 1280 2535 V
1296 2509 1370 2537 Cum
1384 2509 1418 2535 de
1433 2509 1568 2536 omnibus
1587 2509 1613 2536 in
1630 2512 1696 2537 tom.
1712 2516 1770 2543 vm,
1791 2518 1851 2546 pag.
1868 2509 1915 2537 951

1177 2554 1217 2588 (a.
1233 2554 1282 2584 Τ.).

1213 2598 1228 2624 2
1244 2597 1402 2625 Huiusmodi
1417 2597 1527 2625 decreta
1541 2598 1686 2626 Clementis
1699 2598 1757 2625 VIII
1773 2598 1919 2626 subiiciun-

1177 2645 1220 2669 tur
1234 2646 1327 2677 postea
1342 2642 1403 2670 liuie
1419 2642 1519 2670 Urbani
1535 2643 1593 2671 Vlll
1610 2642 1800 2671 Constitutioni
1816 2643 1852 2678 (fl.
1865 2643 1916 2678 ⁵13).
