2269 3235
212 238 261 265 Αη.
278 238 307 265 c.
331 236 399 266 1624
444 226 510 261 ⁶234

270 1688 414 1712 Caret.quo-

229 1716 298 1736 minus
351 1713 414 1734 [uiuri

230 1740 325 1767 episcopi
359 1740 414 1760 bona

230 1769 257 1789 ad
285 1767 336 1787 illud
369 1772 415 1792 spe-

230 1794 311 1815 ctantia
322 1794 416 1818 alienent

231 1822 263 1841 vet
314 1820 416 1846 oppigno-

231 1850 284 1869 rent.

265 2273 373 2305 Clausulas
383 2278 422 2300 ap-

237 2303 303 2328 ponit.

409 295 565 324 annucrc,
592 284 757 328 ipsumque
782 281 969 326 specialibus
993 281 1152 315 favoribus

411 343 441 371 et
465 337 574 382 gratiis
597 336 745 381 prosequi
772 335 922 376 volentes,
945 339 975 367 ct
991 345 1008 367 a
1025 334 1154 379 quibus-

411 392 457 425 vis
489 388 845 429 excommunicationis,
875 387 1091 432 suspensionis
1124 393 1155 421 et

413 444 581 483 interdicti,
599 443 729 486 aliisque
751 441 971 475 ecclesiasticis
984 441 1154 482 sententiis,

413 497 555 530 censuris
580 501 610 528 et
633 495 752 539 poenis,
773 506 790 527 a
808 495 875 528 iure
896 495 943 527 vel
961 494 1000 527 ab
1016 494 1155 535 bomine,

414 549 523 593 quavis
542 548 707 582 occasione
725 548 772 581 vel
790 550 883 581 causa
900 548 980 588 latis,
999 548 1024 580 si
1042 547 1157 591 quibus

414 602 650 646 quomodolibet
676 601 842 634 innodatus
865 601 978 642 existit,
1004 601 1041 634 ad
1069 611 1158 645 prae-

415 656 584 689 missorum
610 654 756 688 effectum
781 654 943 688 dumtaxat
967 663 1157 698 consequen-

415 709 501 750 dum,
522 709 635 741 harum
661 708 742 741 serie
765 707 962 741 absolventes
987 712 1016 740 et
1036 706 1158 740 absolu-

416 768 482 795 tum
507 762 573 795 fore
598 767 770 802 censentes,
794 760 1075 805 supplicationibus
1090 760 1157 793 eius

415 815 543 849 nominc
567 815 658 848 nobis
683 825 777 859 super
801 815 863 847 hoc
886 813 1027 846 umiliter
1050 823 1158 857 porre-

417 869 475 903 ctis
506 869 667 909 inclinati,
699 868 737 901 dc
768 867 994 900 venerabilium
1025 867 1158 900 fratrum

418 928 604 957 nostrorum
629 922 658 955 S.
685 922 719 954 R.
744 921 776 954 E.
799 919 1004 952 cardinalium
1032 920 1159 962 negotio

418 975 640 1021 propagandae
654 974 727 1007 fidei
747 972 1002 1017 praepositorum
1017 973 1159 1014 oonsilio,

419 1029 611 1063 erectionem
636 1032 666 1060 et
690 1026 919 1059 institutionem
944 1026 1105 1059 seminarii
1130 1027 1160 1059 in

419 1083 503 1116 dicta
529 1083 624 1122 terra,
649 1081 733 1114 iuxta
757 1080 885 1114 decreta
905 1080 1046 1114 eiusdem
1063 1081 1163 1114 conei-

420 1136 464 1179 lii,
489 1146 526 1169 ac
549 1135 741 1169 dotationem
763 1145 818 1168 seu
835 1134 1038 1168 donationem
1051 1134 1163 1168 domus

421 1195 451 1223 et
475 1188 616 1222 redditus
632 1188 726 1222 annui
743 1188 951 1222 ducentorum
976 1188 1163 1222 ducatorum

421 1242 602 1277 huiusmodi
620 1243 678 1287 ipsi
696 1242 866 1275 seminario
883 1252 900 1275 a
920 1242 1003 1275 dicto
1020 1242 1164 1275 Mauritio

423 1297 581 1341 episcopo,
606 1301 640 1329 ut
664 1296 853 1340 praefertur,
871 1296 976 1336 factas,
993 1296 1164 1340 apostolica

423 1351 619 1391 auctoritate,
638 1356 747 1383 tenore
763 1350 987 1394 praesentium,
1011 1350 1166 1394 approba-

424 1415 494 1437 mus
525 1409 556 1437 et
585 1404 820 1444 confirmamus,
847 1402 971 1447 illisque
994 1408 1166 1447 perpetuae

425 1463 455 1490 et
473 1456 661 1490 inviolabilis
681 1456 840 1489 firmitatis
865 1456 965 1489 robur
991 1456 1166 1498 adiicimus,

426 1522 462 1544 ac
487 1520 597 1544 omnes
622 1515 653 1543 ct
677 1510 819 1553 singulos
844 1515 907 1542 tam
922 1510 999 1543 iuris
1016 1521 1109 1554 quam
1127 1510 1168 1542 sa-

428 1565 468 1598 cti
493 1565 642 1605 defectus,
664 1565 689 1597 si
707 1564 760 1608 qui
785 1564 815 1597 in
834 1564 1016 1608 praemissis
1040 1575 1169 1608 quomo·

428 1617 546 1652 dolibet
570 1617 805 1657 intervenerint,
830 1618 1023 1661 supplemus.

474 1672 489 1715 ἓ
512 1672 541 1704 4.
568 1672 610 1704 Ac
635 1676 798 1715 practerea
815 1682 874 1715 pro
890 1677 1031 1715 tempore
1056 1671 1169 1704 futuris

430 1724 586 1769 episcopis
605 1724 838 1758 Cariatensibus
854 1724 928 1757 dicti
946 1725 1080 1757 Mauritii
1094 1725 1171 1768 epis-

431 1778 501 1822 copi
525 1778 761 1811 successoribus
778 1778 808 1810 in
824 1782 1030 1822 perpetuum,
1052 1789 1091 1811 ne
1115 1779 1171 1811 do-

431 1842 530 1872 mum,
554 1836 664 1872 terras,
682 1837 734 1864 aut
750 1831 908 1864 redditum
926 1831 1107 1864 huiusmodi
1123 1842 1171 1864 se-

432 1884 567 1918 minario
590 1885 752 1929 praedicto
784 1885 938 1928 applicata
962 1889 992 1917 et
1016 1884 1173 1927 assignata

431 1939 463 1972 in
487 1943 553 1972 toto
577 1939 625 1972 vel
649 1938 681 1971 in
704 1943 793 1983 parte
817 1938 1017 1982 quantumvis
1042 1938 1173 1971 minima

432 1992 676 2033 dismembrare,
701 1992 848 2033 alienare,
873 1991 1097 2035 oppignorare,
1122 1995 1175 2025 aut

432 2046 471 2079 de
494 2046 555 2079 illis
579 2046 751 2090 quemlibet
780 2050 975 2079 contractum
1005 2045 1174 2078 seminario

432 2100 593 2147 praedicto
621 2099 877 2144 praeiudicialem
914 2099 1016 2132 facere
1049 2109 1176 2143 praesu-

434 2160 541 2198 mant,
566 2156 684 2189 eisdem
712 2155 897 2189 auctoritate
928 2160 959 2188 et
989 2160 1099 2189 tenore
1125 2166 1176 2189 ex-

435 2220 543 2256 presse
559 2209 775 2255 prohibemus.

480 2265 496 2308 §
520 2264 549 2298 5.
574 2264 784 2297 Deeernentes
808 2268 989 2307 praesentes
1010 2262 1131 2296 litteras
1147 2268 1177 2296 et

437 2318 469 2351 in
484 2318 529 2351 eis
545 2323 691 2351 contenta
715 2327 934 2362 quaecumque
958 2317 1069 2358 valida,
1086 2317 1178 2350 firma

438 2378 468 2406 et
485 2372 624 2406 efficacia
640 2382 708 2405 esse
726 2377 756 2405 et
772 2372 849 2412 fore,
867 2382 1004 2416 suosque
1020 2371 1178 2416 plenarios

439 2432 467 2460 et
492 2427 634 2470 integros
663 2426 792 2460 effectus
826 2426 934 2460 sortiri
965 2430 994 2459 et
1026 2426 1178 2467 obtinere,

438 2491 473 2513 ac
499 2480 582 2514 dicto
599 2479 779 2521 seminario,
796 2479 944 2524 illiusque
961 2479 1179 2524 superioribus

441 2537 469 2567 ct
493 2533 628 2566 alumnis
648 2533 900 2578 quibuscumque
924 2534 955 2567 in
980 2533 1126 2567 omnihus
1150 2538 1181 2568 et

441 2597 498 2632 per
517 2587 623 2621 omnia
646 2588 828 2632 plenissime
859 2587 1046 2631 suffragari3
1072 2587 1180 2632 sicque

442 2651 499 2685 per
516 2651 731 2685 quoscumque
749 2641 868 2675 iudices
889 2641 1066 2675 ordinarios
1086 2646 1116 2674 et
1131 2641 1196 2683 dep

1000 233 1179 258 BULLMUUM
1204 233 1357 257 ROMANUM

1185 282 1305 324 legatos
1329 281 1422 314 etiam
1448 290 1613 315 causarum
1637 283 1741 326 palatii
1761 283 1926 329 apostolici

1187 334 1358 375 auditores,
1383 344 1419 368 ae
1444 339 1569 368 sanctae
1593 335 1752 370 Romanae
1770 336 1928 371 Ecclesiae

1188 387 1373 427 cardinales,
1398 387 1490 422 etiam
1515 387 1553 421 de
1577 388 1674 422 latere
1696 389 1816 432 legatos
1832 394 1862 424 et
1878 390 1928 425 Se-

1189 441 1236 474 dis
1260 441 1451 486 apostolicae
1466 441 1598 474 nuncios
1617 441 1752 484 (sublata
1768 442 1813 476 eis
1829 448 1859 476 et
1875 454 1929 478 eo-

1190 506 1261 528 rum
1286 495 1415 528 cuilibet
1447 494 1556 538 quavis
1587 495 1677 528 aliter
1711 494 1869 529 iudicandi
1900 503 1930 531 et

1191 547 1418 592 interpretandi
1443 548 1589 581 facultate
1613 553 1644 581 et
1663 548 1862 594 auctoritate)
1882 549 1930 583 iu-

1191 601 1288 634 dicari
1313 612 1349 634 ac
1373 601 1498 635 definiri
1529 600 1662 642 debere,
1686 612 1722 635 ac
1751 602 1877 635 irritum
1902 607 1933 636 et

1191 655 1292 696 inane,
1306 655 1331 688 si
1353 666 1444 689 secus
1460 665 1555 700 super
1572 655 1620 689 his
1638 666 1654 688 a
1671 666 1842 700 quoquam,
1859 667 1933 701 qua-

1191 709 1237 742 vis
1261 709 1468 750 auctoritate,
1493 709 1627 742 scienter
1658 709 1706 742 vel
1737 709 1933 752 ignoranter,

1192 762 1361 805 contigerit
1384 762 1538 796 attentari.
1564 763 1633 796 Non
1649 762 1847 796 obstantibus
1863 773 1934 797 con-

1192 815 1407 849 stitutionibus
1424 820 1454 849 et
1471 815 1722 850 ordinationibus
1744 816 1934 861 apostolicis,

1193 868 1368 913 ceterisque
1388 870 1556 903 contrariis
1574 870 1834 914 quibuscumque.

1237 922 1350 955 Datum
1373 923 1509 964 Tusculi,
1534 923 1594 956 sub
1616 924 1733 958 annulo
1756 924 1935 967 piscatoris,

1194 975 1245 1008 die
1264 985 1320 1008 xxi
1338 976 1478 1010 octobris
1498 986 1651 1019 uncxxw,
1666 978 1865 1022 pontificatus
1879 988 1934 1013 no-

1195 1028 1251 1062 stri
1267 1039 1349 1063 anno
1373 1039 1405 1062 11.

1231 1092 1290 1119 Dat.
1312 1091 1355 1120 die
1374 1091 1405 1119 21
1428 1091 1549 1119 octobris
1571 1092 1649 1126 1624,
1669 1091 1766 1129 pontif.
1787 1101 1859 1121 anno
1878 1100 1905 1123 11.

1526 1209 1599 1243 XCI.

1200 1282 1353 1316 Extensio
1378 1281 1589 1315 concessionis
1608 1280 1771 1314 recitandi
1794 1281 1939 1325 officium

1243 1339 1273 1368 et
1297 1334 1483 1368 celebrandi
1505 1335 1642 1367 missam
1666 1334 1777 1368 Iacobi
1796 1335 1834 1368 cle
1853 1335 1942 1368 Mar-

1245 1388 1320 1421 chia
1334 1387 1469 1421 Ordinis
1487 1388 1631 1431 fratrum
1647 1387 1816 1420 Minorum
1834 1388 1941 1420 sancti

1244 1441 1415 1474 Franci'scz'
1446 1440 1490 1473 ad
1516 1450 1625 1474 omnes
1648 1441 1766 1483 fratres
1797 1440 1942 1474 eiusdem

1247 1494 1382 1529 Ordinis
1407 1494 1526 1537 ubique
1550 1494 1719 1527 existentes
1732 1493 1752 1527 ¹.

1405 1565 1542 1592 Urbanus
1564 1565 1643 1599 Papa
1662 1564 1738 1599 vul,

1344 1610 1380 1637 ad
1399 1609 1532 1637 futuram
1551 1609 1596 1637 rei
1616 1609 1797 1637 memoriam.

1246 1672 1363 1716 Nuper,
1387 1682 1446 1715 pro
1467 1676 1555 1716 parte
1575 1671 1754 1704 charissimi
1774 1671 1805 1704 in
1820 1671 1944 1706 Christo

1204 1726 1259 1759 filii
1276 1726 1375 1760 nostri
1396 1726 1533 1770 Philippi
1557 1726 1779 1770 Hispaniarum
1797 1727 1881 1770 regis
1898 1737 1946 1760 ca·

1204 1780 1330 1821 tliolici,
1362 1791 1398 1813 ac
1429 1780 1616 1814 dilectorum
1650 1779 1789 1813 filiorum
1815 1780 1891 1813 cleri
1916 1785 1947 1814 et

1206 1833 1315 1877 populi
1340 1833 1472 1867 civitatis
1496 1833 1709 1876 Napolilanae,
1734 1843 1792 1866 nec
1815 1843 1879 1867 non
1903 1837 1948 1868 to-

1206 1887 1267 1919 tius
1282 1886 1407 1920 Ordinis
1428 1887 1562 1920 fratrum
1579 1887 1736 1921 Minorurn
1748 1887 1776 1921 S.
1789 1887 1948 1922 Francisci

1207 1941 1245 1973 de
1269 1940 1474 1974 Observantia
1501 1945 1755 1985 nuncupatorum
1779 1941 1871 1975 nohis
1895 1952 1948 1975 ex-

1207 1994 1319 2038 posito,
1339 1994 1429 2039 quod&
1443 1995 1546 2028 bonae
1568 1995 1740 2028 memoriae
1764 1995 1895 2029 Iacobus
1910 1995 1949 2029 de

1208 2047 1344 2081 Marchia
1369 2047 1476 2081 multis
1500 2051 1530 2081 et
1554 2048 1677 2081 eximiis
1699 2048 1861 2089 virtutum,
1881 2059 1949 2092 gra-

1208 2102 1324 2135 tiarum
1350 2106 1380 2135 et
1404 2101 1630 2135 miraculorum
1659 2102 1750 2136 donis
1773 2113 1791 2135 a
1815 2102 1949 2137 Domino

1209 2157 1382 2189 illustratus
1411 2156 1532 2197 fuerat,
1557 2162 1586 2189 et
1610 2162 1781 2201 propterea
1812 2157 1950 2202 Philippi

1210 2210 1303 2253 regis
1321 2221 1356 2243 ac
1376 2209 1452 2243 cleri
1476 2214 1506 2243 et
1529 2210 1648 2254 populi,
1665 2220 1723 2243 nec
1742 2221 1806 2244 non
1824 2211 1950 2245 Ordinis

1209 2264 1443 2309 praedictorum
1460 2263 1642 2297 nominibus
1658 2264 1820 2298 humiliter
1837 2265 1952 2309 suppli-

1211 2323 1290 2358 cato,
1307 2322 1351 2357 ut‚
1372 2317 1472 2351 donec
1491 2317 1736 2351 canonizationis
1752 2318 1855 2352 honor
1867 2319 1951 2352 dicto

1211 2371 1324 2405 Iacobo
1348 2371 1387 2404 de
1409 2371 1557 2411 Mareliia,
1577 2371 1618 2405 ob
1639 2371 1706 2405 eius
1725 2372 1873 2405 eximiam
1893 2373 1952 2406 cla-

1212 2425 1335 2458 ritatem
1348 2424 1369 2466 ²‚
1386 2429 1417 2458 et
1433 2424 1618 2458 excellentia
1634 2425 1757 2467 merita,
1779 2425 1884 2460 divina
1902 2425 1952 2460 ad-

1212 2479 1351 2524 spirante
1371 2479 1473 2522 gratia
1489 2479 1528 2512 ab
1545 2479 1724 2524 Apostolica
1749 2479 1828 2514 Sede
1847 2480 1952 2513 decer-

1212 2538 1351 2576 neretur,
1371 2532 1454 2566 idem
1477 2533 1607 2567 Iacobus
1623 2533 1663 2567 de
1680 2533 1816 2568 Marchia
1839 2534 1951 2568 Beatus

1250 2607 1260 2632 1
1278 2604 1346 2632 Vide
1361 2612 1441 2640 supra
1455 2603 1545 2631 Const.
1561 2610 1648 2637 Lxxxl,
1664 2613 1726 2641 pag.
1743 2605 1793 2633 193
1811 2605 1849 2640 (n.
1866 2604 1914 2641 T.)-

1248 2651 1264 2677 2
1279 2649 1378 2686 Aptius
1391 2649 1458 2678 ibid.
1476 2649 1575 2687 legitur
1589 2650 1762 2679 charitatem
1780 2652 1820 2685 (n.
1835 2649 1885 2685 τ.).

1943 235 1992 263 An.
2012 235 2040 264 C.
2058 235 2127 264 1624

2014 1685 2144 1706 Recensetur

1959 1712 2091 1738 praecedens
2113 1712 2144 1733 in-

1960 1740 2048 1759 dulium.
