2269 3235
254 251 301 278 Λη.
323 251 350 278 C.
374 251 438 278 1025

484 242 518 274 sil
529 243 547 272 8

1040 249 1218 273 ntJLthnlUM
1242 249 1396 274 ROMANUM

454 310 562 343 parem
588 300 625 331 ad
659 299 762 331 nunus
791 297 1024 341 parochialibus
1053 297 1192 330 eeclesiis
1227 302 1288 330 tam
1313 297 1554 331 occidentalium
1579 307 1673 342 quam
1696 299 1895 333 orientalium
1919 309 1966 332 rc-

453 353 681 397 eleemosynam
700 351 878 394 relinquere
891 350 1058 390 debebant,
1072 350 1192 384 ratione

453 417 562 439 eorum
590 406 778 448 sepolturae,
797 402 841 436 ei¹
860 414 954 447 quam
979 404 1118 436 ecclesiis
1136 403 1192 439 Or-

452 460 533 492 dinis
548 458 727 491 huiusmodi
747 458 974 501 relinquebant,
989 462 1028 498 ct,
1042 458 1125 501 quod
1142 468 1194 502 pe-

455 513 500 544 ius
525 516 600 553 erat,
627 511 650 542 si
676 510 746 553 quis
771 521 829 554 pro
850 510 970 543 animae
999 509 1072 543 suae
1103 511 1193 544 resri-

453 564 541 607 gerio
561 564 726 596 nonnullas
752 564 862 596 missas
887 574 904 595 a
934 564 1084 597 fratribus
1108 575 1194 608 prae-

453 617 525 651 dicti
544 616 668 649 Ordinis
681 616 885 649 celebrandas
899 617 1086 660 reliquisset,
1107 628 1195 661 prae-

454 671 620 703 tendebant
644 670 775 714 parochi
800 671 1048 714 eleemosynam,
1073 671 1194 704 ratione

454 724 619 757 missarum
640 724 820 757 huiusmodi
838 724 990 766 relictam,
1011 724 1092 756 inter
1109 724 1194 768 ipsos

452 783 483 810 et
506 778 618 810 fratres
643 777 821 820 praedictos
845 777 1043 810 dividendam
1062 787 1140 818 esse,
1164 783 1195 810 et

453 831 583 864 ulterius
601 831 695 863 iidem
713 835 863 871 rectores
877 831 915 863 de
930 831 1076 863 mandato
1090 831 1193 863 forsan

453 884 692 918 Ordinariorum
719 894 859 925 suorum,
878 883 960 916 filios
976 884 1126 926 (quorum
1143 894 1195 927 pa-

453 944 516 970 tres
542 937 572 969 in
597 937 737 969 ecclesiis
756 936 913 969 dictorum
930 936 1063 969 fratrum
1081 940 1111 968 et
1127 947 1195 969 nio-

453 991 582 1023 nialium
601 990 712 1033 sepulti
731 994 831 1031 erant,
849 994 902 1021 aut
919 990 1111 1032 sepulturam
1126 1000 1195 1033 par-

455 1044 617 1077 ticularem
643 1053 699 1086 pro
721 1054 753 1075 se
778 1047 807 1075 et
832 1043 896 1075 suis
913 1042 1092 1085 habebant),
1110 1043 1195 1075 nulla

453 1097 679 1131 consuetudine
705 1096 845 1138 legitima
872 1095 1001 1137 suffulti,
1028 1096 1059 1128 in
1084 1106 1193 1129 corum

453 1149 687 1194 parochialibus
713 1148 853 1181 ecclesiis
879 1147 1015 1191 sepeliri,
1041 1153 1070 1180 et
1094 1147 1194 1181 dictos

452 1208 558 1247 patres
584 1203 621 1235 ad
647 1203 707 1235 hoc
732 1206 765 1235 ut
789 1202 820 1234 in
851 1201 941 1234 dictis
962 1202 1195 1245 parochialibus

453 1256 592 1289 eeclesiis
607 1255 817 1299 sepelirentur
831 1265 945 1297 cogere
959 1260 989 1287 et
1003 1256 1195 1299 compellere

453 1309 692 1349 contendelssutnt,
717 1314 747 1341 et
771 1313 925 1352 quotquot
945 1309 1057 1342 fratres
1075 1310 1196 1351 regula-

453 1375 503 1396 res
528 1363 565 1395 ad
591 1363 787 1406 sepulturam
811 1362 1055 1395 ecclesiasticam
1076 1363 1107 1395 in
1125 1373 1195 1395 suas

453 1418 614 1458 regulares
639 1416 785 1449 ecelesias
810 1416 1054 1455 comitabantur,
1082 1420 1126 1449 tot
1149 1427 1196 1449 sa-

454 1470 596 1504 cerdotes
614 1470 770 1502 seculares
796 1474 849 1502 aut
865 1469 997 1502 clericos
1013 1470 1129 1502 assumi
1147 1481 1197 1503 vo-

454 1524 567 1564 lebant,
593 1524 623 1556 in
648 1524 820 1556 maximum
845 1523 1013 1556 domorum
1039 1528 1196 1557 monaste-

453 1578 575 1611 riorum
589 1578 662 1610 dicti
674 1577 798 1611 Ordinis
812 1577 1051 1621 praeiudicium,
1063 1588 1099 1610 eo
1113 1578 1196 1621 quod

454 1631 553 1672 multi⁷
568 1631 703 1674 duplicis
719 1630 898 1663 huiusmodi
916 1631 1062 1663 funerum
1080 1630 1197 1674 impen-

454 1695 506 1718 sac
530 1684 713 1717 difficultate
738 1684 889 1726 deterriti,
908 1685 939 1717 in
959 1684 1050 1717 dictis
1074 1685 1197 1727 regula-

454 1739 542 1772 ribus
563 1738 702 1772 ecclesiis
719 1740 912 1782 sepulturam
931 1739 1048 1781 eligere
1064 1749 1127 1771 non
1145 1750 1197 1782 po-

455 1797 574 1833 terant,
592 1792 675 1825 unde
695 1792 801 1828 fiebat,
821 1797 854 1825 ut
871 1792 945 1825 dicti
959 1792 1083 1825 Ordinis
1100 1793 1197 1825 ecele-

455 1846 516 1878 sias
529 1850 729 1879 mortuorum
743 1845 912 1889 sepulturis
926 1850 956 1877 et
969 1850 1196 1889 consequenter

456 1899 682 1943 eleemosynis,
707 1909 785 1942 quae
811 1899 841 1931 in
867 1898 1052 1941 suffragium
1077 1899 1195 1931 anima-

455 1964 526 1986 rum
540 1952 609 1985 sieri
623 1956 860 1991 consueverant,
870 1952 1019 1995 paulatim
1035 1952 1197 1986 destitutas

455 2007 494 2039 iri
509 2006 678 2039 verendum
693 2006 772 2049 erat)
784 2005 865 2037 idem
879 2005 1114 2049 praedecessor,
1125 2017 1197 2050 sup-

456 2060 677 2104 plicationibus
702 2059 761 2091 sibi
786 2059 921 2102 desuper
946 2062 1019 2092 tunc
1043 2059 1197 2102 porrectis

456 2114 632 2154 inclinatus,
658 2118 687 2146 et
711 2114 826 2145 abusus
845 2113 1025 2146 huiusmodi
1051 2124 1067 2145 e
1093 2113 1196 2146 medio

456 2168 567 2200 tollere
581 2194 588 2207 ,
609 2178 644 2199 ac
669 2166 820 2210 praedicti
845 2165 969 2199 Ordinis
994 2166 1125 2210 eiusque
1146 2177 1196 2198 re-

457 2221 660 2263 ligiosorum,
683 2225 711 2252 ut
743 2219 880 2252 maiores
900 2219 931 2251 in
960 2219 1049 2251 vinea
1074 2219 1197 2252 Domini

455 2275 577 2307 fructus
601 2274 714 2306 afferre
735 2273 905 2314 studerent,
923 2273 1198 2307 commoditatibus

457 2328 638 2372 prospicere
656 2327 792 2371 cupiens,
812 2327 850 2359 de
878 2327 1007 2367 consilio
1033 2327 1198 2360 venerabi-

458 2381 533 2413 lium
565 2382 697 2413 fratrum
727 2386 926 2420 nostrorum‚
953 2385 1026 2413 tunc
1051 2391 1198 2421 suorum,

459 2434 486 2466 S.
513 2435 546 2467 n.
573 2434 604 2466 Ε
631 2433 836 2465 cardinalium
861 2434 1145 2467 consultationilnis
1170 2439 1198 2467 ct

459 2487 592 2530 negotiis
617 2487 839 2531 episcoporum
858 2492 887 2520 ct,
904 2488 1097 2531 regularium
1114 2499 1200 2532 prae-

462 2541 644 2583 positorum,
664 2541 811 2574 omnibus
829 2546 858 2574 et
880 2542 1012 2585 singulis
1032 2542 1199 2586 parochia·

461 2596 537 2627 lium
568 2596 772 2628 ecclesiarum
806 2596 836 2628 in
868 2595 1009 2640 partibus
1041 2595 1198 2629 lndiarum

498 2659 507 2685 1
523 2657 641 2685 Erronee
652 2661 681 2685 ut
694 2661 756 2693 puto
769 2659 831 2686 edit.
845 2658 962 2686 Cherub.
977 2659 1041 2695 tegit
1055 2667 1088 2686 ea
1099 2659 1137 2695 (a.
1150 2659 1197 2694 r).

1226 349 1367 383 ctoribus
1388 355 1461 383 tunc
1481 355 1511 383 et
1528 361 1587 396 pro
1605 357 1745 395 tempore
1761 352 1965 386 existentibus

1227 403 1394 443 interdixit,
1407 404 1643 448 prohibuitque,
1657 414 1706 447 ne,
1718 404 1775 437 sub
1788 415 1966 439 excommu-

1226 455 1390 490 nicationis
1414 456 1542 490 maioris
1560 457 1641 490 latae
1661 457 1831 491 sententiae
1852 460 1965 502 poena,

1226 519 1243 541 a
1260 520 1320 553 qua
1345 509 1470 543 nonnisi
1497 510 1536 542 ab
1562 510 1629 554 ipso
1658 510 1799 544 Romano
1816 510 1966 545 Pontifice

1226 573 1284 606 pro
1302 568 1444 606 tempore
1461 563 1621 605 existente,
1639 563 1699 596 nisi
1717 563 1748 596 in
1766 563 1877 597 mortis
1896 564 1967 598 arti-

1227 615 1315 657 culo,
1341 616 1459 649 absolvi
1484 621 1632 660 possent,
1657 627 1692 650 cx
1718 621 1791 650 tunc
1819 617 1966 662 deinceps

1227 669 1386 714 perpetuis
1410 670 1523 703 suturis
1543 670 1738 714 temporibus
1763 670 1915 704 maiorem
1939 681 1967 704 e-

1226 724 1439 768 leemosynam
1452 723 1490 756 ab
1507 723 1555 764 tis,
1569 723 1622 767 qui
1638 723 1669 756 in
1686 724 1842 757 dictarum
1860 724 1968 758 domo-

1228 786 1299 808 rum
1324 776 1489 820 utriusque
1513 787 1605 810 sexus
1622 776 1747 810 Ordinis
1763 777 1791 810 S.
1809 777 1967 811 Francisci

1228 829 1367 862 ecclesiis
1385 830 1580 873 sepulturam
1605 830 1764 874 eligebant
1787 835 1818 864 et
1842 831 1968 875 sepelie-

1227 882 1352 922 bantur,
1377 885 1427 923 ea,
1448 893 1542 926 quam
1568 883 1630 916 illis
1653 883 1840 927 praescribit
1861 884 1969 918 Conci-

1228 935 1304 967 lium
1314 935 1542 978 Tridentinum,
1553 947 1627 969 sess.
1638 946 1710 979 xxv,
1722 948 1789 981 cap.
1803 947 1859 971 x111
1870 938 1968 982 (iuxta

1228 989 1467 1033 explicationem
1482 1000 1498 1021 a
1511 990 1580 1033 piae
1597 990 1769 1023 memoriae
1782 991 1836 1025 Pio
1850 992 1933 1036 Papa
1944 994 1966 1025 V

1229 1041 1473 1085 praedecessore
1498 1046 1617 1083 nostro,
1636 1042 1693 1075 suh
1717 1043 1824 1077 datum
1851 1045 1969 1078 Romae

1228 1095 1310 1139 apud
1335 1096 1363 1128 S.
1389 1096 1527 1136 Petrum,
1552 1106 1633 1130 anno
1658 1097 1884 1131 lncarnationis
1908 1098 1969 1131 Do—

1229 1148 1362 1181 minicae
1387 1159 1531 1190 MDvan,
1549 1148 1609 1182 vn¹
1629 1149 1778 1183 kalendas
1791 1149 1878 1193 iunii,
1896 1161 1970 1195 pon-

1230 1202 1364 1236 tificatus
1389 1203 1435 1236 sui
1467 1213 1549 1236 anno
1582 1204 1635 1247 11),
1662 1204 1773 1247 quovis
1805 1209 1970 1248 praetextu

1229 1261 1282 1289 aut.
1295 1256 1469 1297 occasione,
1489 1257 1583 1290 etiam
1600 1256 1638 1290 dc
1655 1257 1797 1299 consilio,
1815 1269 1970 1292 consensu

1229 1314 1260 1342 et
1273 1309 1419 1343 mandato
1433 1320 1563 1343 suorum
1573 1310 1824 1352 Ordinariorum,
1834 1311 1969 1355 exigere,

1229 1373 1286 1396 nec
1311 1363 1406 1403 filios,
1432 1374 1568 1407 quorum
1594 1367 1697 1407 patres
1715 1364 1747 1396 in
1771 1364 1912 1398 eeclesiis
1929 1365 1970 1398 di-

1230 1420 1353 1449 ctorum
1378 1417 1511 1449 fratrum
1536 1421 1566 1449 et
1590 1417 1773 1450 monialium
1798 1418 1913 1462 sepulti
1937 1429 1969 1452 e-

1230 1475 1316 1511 rant7
1348 1475 1402 1502 aut
1431 1471 1627 1514 sepulturam
1657 1471 1880 1514 particularem
1911 1483 1970 1516 pro

1230 1534 1262 1556 se
1288 1528 1317 1556 et
1347 1523 1412 1556 suis
1436 1523 1601 1564 habebant,
1622 1524 1653 1556 in
1681 1534 1792 1558 eorum
1809 1526 1972 1569 parocbia-

1230 1576 1311 1609 libus
1336 1576 1628 1621 eeclesiis‘sepclirh
1642 1582 1672 1609 et
1691 1577 1791 1611 dictos
1807 1583 1911 1622 patres
1931 1580 1971 1613 ad

1230 1630 1290 1663 hoc
1322 1635 1355 1662 ut
1385 1630 1418 1662 in
1448 1630 1537 1663 dictis
1566 1630 1799 1673 parochialibus
1831 1633 1971 1666 ecclesiis

1230 1683 1438 1727 sepelirentur
1463 1694 1578 1726 cogere
1601 1683 1742 1716 valerent
1766 1695 1821 1718 seu
1844 1696 1972 1728 praesu-

1231 1742 1369 1770 merent:
1395 1737 1545 1770 mandans
1562 1742 1730 1780 propterea
1753 1738 1874 1771 dilectis
1899 1738 1972 1771 filiis

1230 1801 1394 1824 causarum
1420 1791 1525 1823 curiae
1549 1800 1693 1823 camerae
1717 1791 1906 1834 apostolicae
1922 1802 1972 1835 ge-

1229 1845 1327 1878 nerali
1351 1845 1504 1886 auditori,
1538 1854 1574 1877 ac
1604 1845 1788 1878 earumdem
1812 1845 1972 1879 Indiarum

1229 1899 1391 1932 Societatis
1415 1900 1483 1931 Iesu
1498 1898 1745 1942 1:11·ovineialil)us
1757 1910 1815 1943 pro
1831 1904 1972 1944 tempore

1229 1952 1443 1994 existentibus,
1469 1957 1623 1995 quatenus
1648 1953 1723 1996 ipsi⁷
1750 1953 1798 1985 vel
1822 1953 1894 1995 duo,
1919 1959 1972 1987 aut

1231 2017 1309 2039 unus
1334 2016 1454 2047 eorum,
1468 2017 1525 2049 per
1550 2017 1593 2047 se,
1607 2007 1656 2039 rel
1676 2007 1781 2049 alium,
1797 2017 1852 2040 seu
1875 2006 1971 2049 alios,

1230 2060 1282 2093 ubi
1304 2065 1334 2093 et
1358 2059 1483 2104 quando
1508 2070 1586 2103 opus
1611 2060 1701 2101 soret,
1716 2065 1745 2093 et
1769 2060 1892 2104 quoties
1912 2072 1971 2105 pro

1229 2119 1318 2158 parte
1335 2114 1538 2158 superiorum
1553 2119 1582 2146 et
1596 2114 1728 2146 fratrum
1745 2113 1972 2158 cuiuscumque

1230 2168 1342 2205 domus
1362 2171 1392 2200 et
1409 2166 1591 2200 monasterii
1607 2166 1681 2199 dicti
1702 2166 1826 2200 Ordinis
1842 2167 1973 2200 fuissent.

1230 2220 1383 2264 requisiti,
1405 2221 1452 2253 vel
1475 2230 1586 2253 eorum
1611 2220 1724 2263 aliquis
1747 2220 1855 2254 suisset
1872 2221 1973 2265 requi-

1231 2274 1318 2315 situs,
1342 2273 1517 2317 praedictas
1534 2273 1653 2306 litteras
1671 2278 1700 2306 et
1717 2273 1747 2305 in
1768 2273 1812 2306 cis
1828 2279 1973 2308 contenta

1232 2337 1450 2371 quaecumque
1476 2326 1659 2359 solemniter
1682 2326 1888 2370 publicantes,
1917 2328 1973 2361 eis-

1231 2392 1293 2425 quc
1306 2382 1337 2414 in
1349 2381 1532 2425 praemissis
1542 2380 1675 2414 efficacis
1685 2380 1876 2415 defensionis
1886 2393 1973 2426 prae-

1233 2435 1311 2469 sidio
1336 2435 1524 2475 assistentes,
1553 2435 1693 2467 facerent
1724 2435 1894 2479 apostolica
1911 2446 1972 2469 au-

1233 2489 1377 2521 ctoritate
1397 2488 1524 2521 illorum
1545 2488 1688 2521 omnium
1717 2493 1746 2521 et
1775 2488 1971 2532 singulorum

1233 2542 1345 2575 effectu
1364 2541 1493 2585 pacifice
1510 2541 1572 2574 frui
1598 2547 1627 2574 et
1651 2542 1805 2585 gaudere;
1821 2552 1884 2576 non
1900 2553 1972 2586 per-

1234 2596 1390 2629 mittentes
1415 2605 1469 2629 eos
1488 2595 1625 2639 desuper
1641 2606 1659 2629 a
1675 2606 1844 2640 quoquam,
1865 2596 1973 2640 quavis

1270 2661 1280 2687 1
1300 2659 1401 2688 Forsan
1416 2658 1522 2695 legend.
1538 2665 1605 2695 xvii,
1617 2661 1647 2687 ut
1658 2662 1676 2687 t.
1690 2666 1735 2694 vn,
1747 2668 1773 2696 p.
1785 2659 1837 2689 584
1846 2667 1863 2687 α
1873 2659 1911 2695 (a.
1923 2659 1971 2694 τ.).

1973 252 2025 279 An.
2045 251 2074 279 C.
2095 251 2162 280 1625
