2269 3235
97 274 146 301 An.
163 272 191 300 C.
214 271 281 299 1625
900 269 1040 294 URBANUS

293 318 487 360 auctoritate,
515 318 750 362 quomodolibet
774 317 910 350 indebite
933 318 1032 350 mole-

293 372 378 412 stari;
397 372 644 406 contradictores
661 381 890 416 quoscumque,
904 375 934 403 et
947 380 1033 414 prae-

278 425 397 459 .missis
409 435 472 459 non
488 431 643 470 parentes,
660 426 767 469 eisquc
784 424 944 465 auxilium,
963 433 1033 456 con-

1066 269 1122 293 vm
1145 269 1193 293 ῐψ,
1705 257 1768 288 lits)
1817 265 1865 291 Αη.
1884 265 1911 291 (t.
1932 265 2001 292 4625

1110 318 1124 359 ᾗ·
1147 317 1175 349 3.
1202 316 1263 349 Nos
1286 315 1392 358 igitur,
1413 314 1556 348 eumdem
1582 313 1728 347 loannem
1751 314 1803 345 lIa-
1834 354 1837 358 1
1868 328 2000 347 Praedictum

1065 370 1190 413 ptistam
1218 380 1254 402 ac
1274 369 1399 401 Ordinis
1422 367 1601 401 huiusmodi
1630 366 1802 409 singulares
1819 354 2001 404 .f:.‘,',¹.'{,'.-T'.l',Y.'.'s¹¹,“3',?.

1066 433 1216 466 personas
1233 434 1249 454 a
1269 422 1430 466 quibusvis
1448 420 1781 455 excommunicationis
1796 447 1802 460 ,
1819 413 2003 459 l>‘i's'„-¹,'''.'1.f‚.¹.‘.'i.','{1’'

113 918 170 939 Nunc
181 918 279 939 Urbanus

96 951 120 965 ex
152 946 216 975 causa
245 946 279 966 liic

96 977 201 998 expressa,

293 479 397 512 silium
424 480 470 512 rel
497 480 650 520 samrem,
675 478 801 522 publice
828 477 874 510 vel
900 476 1031 516 occulte,

293 532 412 566 directe
429 533 476 565 vel
498 533 659 573 indirecte,
673 532 791 573 dantes,
811 541 867 575 per
884 540 1032 563 censuras

294 586 531 628 ecclesiasticas,
556 586 680 629 aliaque
705 588 882 628 opportuna
906 583 984 616 iuris
1004 588 1034 615 et

294 639 366 672 sacti
398 639 561 681 remedia,
597 638 805 682 appellatione
837 637 1032 681 postposita,

294 692 538 736 compescendo,
562 692 704 725 invocato
729 691 821 724 etiam
846 691 884 723 ad
909 690 985 731 hoc,
1009 689 1033 721 si

293 756 373 789 Opus
397 746 499 786 soret,
529 745 650 778 brachii
682 745 832 778 secularis
861 744 986 785 auxilio⁷
1004 748 1034 776 et

293 799 378 840 alias,
404 804 499 843 prout
523 799 554 831 in
578 798 669 832 dictis
694 798 811 836 litteris,
824 798 946 843 plenius
963 808 1035 831 cou-

294 852 440 884 timetur-¹.

338 904 353 947 g
376 903 405 936 ⁶2.
431 904 506 938 Cum
527 910 649 945 autem,
679 905 760 938 sicut
784 904 921 938 exhibita
944 904 1035 937 nobis

294 967 395 1002 nuper
418 969 477 1002 pro
501 963 589 1003 parte
610 959 715 991 dilecti
740 959 796 991 silii
820 958 926 991 fratris
946 959 1035 991 Ioan-

295 1021 350 1044 nes
374 1011 530 1056 Baptistae
561 1013 699 1046 Sanchez
731 1012 874 1046 moderni
899 1012 1036 1045 custodis

295 1065 475 1108 provinciae
499 1066 752 1109 Carthaginensis
778 1076 813 1099 ac
830 1065 990 1099 secretarii
1008 1070 1037 1098 ct

297 1120 327 1151 in
351 1120 492 1153 Romana
512 1120 604 1153 Curi-21
627 1120 844 1164 procuratoris
860 1120 935 1153 dicti
952 1120 1038 1153 Ordi-

296 1172 343 1205 nis
360 1173 469 1216 petitio
486 1173 673 1217 continebat,
692 1185 799 1207 rerum
819 1184 878 1206 usu
896 1184 1039 1217 comper-

297 1229 362 1259 tum
393 1227 504 1267 suerit,
532 1227 617 1271 quod
647 1227 799 1271 praedicti
830 1227 1038 1271 provinciales

297 1279 364 1323 (qui
391 1280 469 1313 adeo
493 1281 585 1324 pauci
618 1286 648 1314 et
676 1287 808 1325 propter
837 1281 1038 1325 negotiorum

298 1333 532 1367 multitudinem
563 1334 679 1367 detenti
708 1335 854 1375 existunt,
882 1345 917 1367 ac
945 1335 1038 1368 etiam

297 1391 428 1430 propter
443 1388 598 1429 locorum,
624 1388 655 1421 in
679 1388 794 1432 quibus
818 1400 876 1432 pro
898 1393 1040 1433 tempore

298 1446 546 1483 commorantur,
563 1442 763 1483 distantiam,
790 1448 854 1475 tum
885 1443 976 1476 etiam
1005 1453 1039 1475 ex

298 1504 335 1527 eo
360 1495 444 1538 quod
468 1496 678 1538 provinciales
693 1497 816 1540 prefati,
833 1496 937 1529 nullos
952 1500 1037 1530 nota-

299 1548 373 1589 rios,
397 1559 534 1592 quorum
559 1551 657 1594 opera
676 1550 855 1593 praedictae
872 1550 994 1583 litterae
1012 1554 1041 1582 ct

299 1601 329 1633 in
347 1602 392 1634 eis
414 1608 558 1636 contenta
585 1604 767 1647 praemissis
792 1603 1041 1636 contrafacienti-

299 1655 357 1688 bus
375 1655 523 1697 intimari,
544 1656 659 1700 illaque
677 1657 842 1701 adimpleri
858 1657 960 1689 facere
974 1667 1042 1700 pos-

299 1708 370 1749 sint,
387 1709 538 1742 habentes
553 1738 559 1752 ,
584 1710 783 1743 notariorum
801 1710 1039 1743 Ordinariorum

300 1761 444 1795 locorum
462 1763 610 1806 parochis
626 1763 731 1807 potius
754 1774 848 1807 quam
875 1763 1042 1807 praedictis

300 1816 456 1859 religiosis
480 1816 718 1850 adhaerentium
739 1819 835 1861 opera
859 1817 903 1849 nti
932 1827 1043 1859 cogan-

300 1873 360 1911 tur,
384 1881 447 1914 qno
480 1871 516 1903 fit
540 1876 573 1903 nt
596 1871 751 1905 dictarum
775 1871 951 1905 litterarum
972 1882 1042 1904 exc-

301 1923 384 1956 cutio
408 1934 471 1957 non
488 1924 530 1956 ita
544 1925 634 1957 facile
650 1925 806 1968 reportari
822 1925 937 1968 possit)
956 1935 1045 1968 prae—

302 1977 405 2011 missis
430 1978 555 2011 difficile
572 1979 735 2012 intendere
762 1979 893 2022 possint,
915 1978 945 2011 id
970 1989 1044 2011 vero

302 2030 332 2063 in
357 2041 452 2073 grave
480 2031 717 2075 maximumque
742 2032 898 2065 dictorum
916 2032 1044 2074 religio-

302 2095 410 2118 sorum
427 2085 663 2119 incommodum
689 2086 793 2125 cedat;
815 2091 854 2126 et,
873 2085 898 2118 si
922 2085 1044 2129 praedi-

303 2143 370 2172 ctae
389 2139 510 2173 litterae
528 2150 563 2172 ac
580 2140 611 2172 in
629 2139 673 2172 eis
692 2144 839 2173 contenta
855 2140 947 2172 nobis
964 2150 1046 2173 com-

304 2192 495 2236 mittentur²,
505 2194 604 2227 multo
616 2194 737 2227 facilius
748 2200 776 2227 et
789 2194 880 2227 citius
890 2194 1044 2227 dictarum

304 2245 479 2280 litterarum
496 2248 713 2281 executionem
730 2253 893 2292 reportare
906 2252 1045 2291 possent;

306 2309 403 2341 qnare
426 2311 484 2344 pro
508 2306 597 2345 parte
629 2302 703 2335 dicti
734 2302 858 2335 Ioannis
890 2302 1047 2345 Baptistae

306 2352 399 2385 nobis
411 2353 468 2387 fuit
480 2354 640 2388 humiliter
660 2355 880 2399 supplicatum,
894 2359 1048 2399 quatenns

306 2405 539 2448 praedictorum
552 2408 776 2451 religiosorum
794 2409 999 2449 indemnitati,
1013 2419 1048 2442 ac

308 2459 393 2500 alias,
404 2459 434 2492 in
447 2461 627 2504 praemissis
641 2467 816 2506 opportune
830 2462 997 2506 providere
1011 2462 1049 2495 dc

308 2512 500 2556 benignitate
520 2516 692 2559 apostolica
708 2516 931 2560 dignaremur:

345 2596 356 2622 1
380 2596 450 2627 Quas
469 2596 529 2624 vide
548 2596 606 2624 loco
627 2597 707 2625 citato
732 2597 758 2625 in
779 2598 841 2625 not-:1
861 2596 893 2625 ad
913 2597 1050 2624 rubricam

309 2642 347 2675 (a.
363 2642 411 2675 T.).

345 2685 362 2713 2
377 2685 477 2715 Forsan
492 2685 638 2723 legendum
653 2687 905 2717 committerentur
922 2694 958 2724 ra.
975 2691 1023 2722 τ.).

1066 476 1278 519 suspensionis
1302 480 1331 509 ct
1356 475 1528 517 interdicti,
1554 475 1685 518 aliisque.
1710 474 1805 506 cccle-

1066 529 1197 562 siasticis
1221 529 1403 570 sententiis,
1429 529 1569 562 censuris
1595 534 1625 560 et
1648 528 1767 572 poenis,
1788 538 1803 559 a

1067 582 1134 615 iurc
1160 583 1206 615 vel
1231 582 1270 615 ab
1295 582 1431 623 bomine⁷
1449 583 1557 625 quavis
1577 582 1740 615 occasione
1759 581 1803 614 vel

1067 636 1161 668 causa
1185 635 1265 678 latis⁷
1284 635 1309 667 si
1333 635 1448 678 quibus
1465 634 1697 677 quomodolibet
1720 635 1806 666 imo-

1067 689 1128 723 dati
1160 688 1317 729 existunt,
1349 687 1387 720 ad
1417 688 1562 720 ctl'cctnin
1594 688 1805 731 praesentiinn

1067 743 1227 776 dumtaxat
1244 742 1511 786 consequendum,
1529 742 1640 774 barum
1660 742 1740 774 serie
1757 741 1808 773 ab·

1068 797 1222 830 solventes
1239 801 1270 829 ct
1293 796 1452 829 absolutos
1470 796 1535 828 sore
1552 800 1723 835 censentes,
1742 806 1809 827 nec-

1068 860 1130 883 non
1148 850 1303 883 dictarum
1332 850 1507 882 litterarum
1526 853 1555 881 ct
1580 848 1651 880 inde
1671 848 1809 890 legitime

1069 909 1250 938 secutorum
1269 914 1543 948 quorumcumque
1568 908 1693 935 tenores
1711 913 1745 934 ac
1761 902 1811 933 da-

1069 963 1135 991 tum
1154 958 1372 1002 praesentibus
1388 968 1446 1001 pro
1471 956 1627 1000 expressis
1650 956 1810 997 babentes,

1070 1012 1250 1045 huiusmodi
1275 1010 1556 1055 supplicationilnis
1585 1009 1734 1049 inclinati,
1753 1009 1812 1040 dis-

1071 1065 1201 1097 cretioni
1213 1069 1333 1097 vestrae
1346 1075 1403 1108 per
1413 1063 1584 1107 apostoliea
1601 1062 1716 1106 scripta
1730 1072 1812 1094 man-

1071 1118 1197 1160 damus,
1218 1123 1371 1161 qnatenus
1398 1128 1463 1159 vos,
1489 1117 1536 1149 vcl
1555 1116 1626 1157 duo,
1652 1121 1704 1147 ant
1731 1126 1812 1147 nnus

1071 1178 1230 1213 vestrum,
1262 1172 1287 1204 si
1319 1177 1348 1205 et
1371 1175 1537 1215 postquam
1566 1171 1667 1203 dictae
1691 1170 1812 1202 litterae

1072 1226 1160 1259 vobis
1180 1231 1396 1270 praesentatae
1413 1225 1539 1265 suerint,
1553 1224 1591 1256 ad
1606 1224 1729 1257 illarum
1747 1234 1814 1256 exe-

1073 1280 1241 1321 cutionem,
1262 1280 1385 1312 serrata
1405 1279 1481 1311 alias
1505 1288 1612 1311 earum
1636 1276 1747 1317 forma,
1765 1287 1815 1309 au-

1073 1334 1216 1367 ctoritate
1243 1335 1351 1367 nostra
1375 1332 1563 1377 procedatis,
1589 1332 1719 1375 illasque
1743 1341 1814 1363 exe-

1073 1388 1214 1431 qnainini
1239 1393 1269 1420 ct
1292 1388 1324 1419 in
1353 1388 1398 1419 eis
1430 1390 1573 1419 contenta
1597 1395 1815 1428 quaecumque

1074 1441 1240 1485 adimpleri
1261 1441 1380 1474 faciatis
1406 1441 1436 1473 in
1462 1440 1607 1473 omnibns
1625 1445 1655 1471 et,
1678 1450 1734 1482 per
1751 1449 1817 1471 om-

1073 1494 1134 1535 nia,
1156 1495 1288 1538 perinde
1312 1505 1348 1527 ac
1365 1494 1390 1527 si
1408 1494 1479 1526 illac
1497 1493 1584 1526 vobis
1600 1498 1629 1525 et
1642 1503 1703 1526 non
1724 1502 1816 1535 prae-

1074 1547 1164 1580 dictis
1188 1547 1433 1591 provincialibus
1457 1557 1474 1578 a
1498 1545 1655 1590 principio
1680 1545 1817 1578 directae

1074 1602 1213 1635 fuissent.

1119 1656 1134 1697 ,ξ
1158 1655 1186 1688 4.
1212 1656 1280 1688 Non
1297 1654 1492 1687 obstantibus
1509 1653 1656 1686 omnibus
1674 1653 1719 1693 iis,
1737 1662 1817 1695 quae

1075 1708 1176 1741 dictus
1208 1709 1322 1741 Paulus
1352 1707 1577 1751 praedecessor
1602 1706 1633 1738 in
1657 1705 1748 1738 dictis
1772 1696 1928 1737 lit-“mih

1077 1762 1151 1795 teris
1175 1761 1272 1794 voluit
1296 1772 1359 1794 non
1383 1761 1523 1801 obstare,
1549 1760 1723 1803 ceterisque
1748 1769 1819 1792 con-

1076 1816 1182 1848 trariis
1200 1816 1461 1859 quilmscumqne.

1121 1869 1232 1901 Datum
1258 1870 1384 1909 Romae,
1413 1868 1495 1912 apud
1520 1868 1548 1901 S.
1575 1868 1711 1907 Petrum,
1737 1877 1818 1899 anno

1077 1923 1303 1956 Incarnationis
1326 1922 1507 1955 Dominicae
1535 1932 1688 1962 nncxxlv,
1709 1931 1753 1954 xn
1771 1921 1820 1953 lia-

1078 1977 1184 2009 lendas
1201 1976 1319 2020 aprilis,
1334 1976 1535 2020 pontificatus
1550 1975 1649 2008 nostri
1670 1985 1750 2007 anno
1764 1984 1786 2006 11
1800 1973 1819 2005 ¹.

1113 2040 1171 2067 Dat.
1194 2039 1237 2066 die
1257 2039 1287 2065 21
1311 2039 1400 2066 martii
1422 2039 1501 2072 1624,
1521 2038 1617 2074 pontis.
1640 2045 1711 2064 anno
1731 2043 1747 2064 ι.

1349 2211 1552 2244 CLXXXVIII.

1083 2300 1292 2342 Confirmatio
1309 2300 1428 2333 clecreli
1449 2300 1714 2343 Congsreslcttiom's
1741 2300 1822 2333 Con-

1126 2354 1207 2395 cilis,
1232 2365 1293 2397 quo
1318 2355 1494 2390 statuitur,
1526 2358 1560 2386 iit
1593 2353 1823 2386 archidiacono

1126 2408 1273 2441 ecclesiae
1290 2408 1463 2447 Vilnensis,
1491 2407 1638 2439 m'st'canii
1655 2407 1824 2440 dioecesim

1127 2462 1258 2494 ‘izi'nm'ne
1282 2461 1442 2504 episcopi,
1471 2470 1536 2493 uon
1565 2460 1744 2493 debeantur
1768 2471 1824 2493 πρε

1129 2515 1351 2548 condonentur
1382 2514 1628 2547 distributiones
1660 2514 1825 2558 qnotidia-

1128 2569 1218 2604 mce⁹⁸

1123 2643 1131 2669 1
1156 2642 1206 2668 Sed
1228 2641 1268 2667 vel
1287 2640 1394 2676 legend.
1416 2649 1485 2668 anno
1506 2648 1513 2667 1
1535 2640 1575 2668 vel
1596 2646 1705 2668 riucxxv
1722 2642 1758 2676 (n.
1776 2640 1825 2676 it).

1121 2687 1137 2712 2
1157 2686 1194 2712 Ex
1214 2689 1312 2722 regest.
1335 2686 1361 2712 in
1381 2685 1481 2713 Secret.
1500 2685 1575 2712 Brev.

1860 1661 2016 1689 Caini-artisque

1853 1696 1869 1703 »ι
1893 1696 1897 1703 v
