2269 3235
239 262 287 289 An.
304 261 332 288 (ἶ.
356 261 422 288 ¹024
468 252 533 285 twi-

437 320 507 342 cum
535 308 626 341 laude
650 314 680 342 et
705 309 807 341 fructu
832 307 907 340 inibi
941 317 999 351 pro
1036 312 1176 351 tempore

437 362 629 396 studentium
663 361 804 406 profiteri
840 371 932 405 posse
967 360 1176 401 assirinarent3

438 416 478 448 ita
497 420 530 448 ut
555 416 580 448 si
606 414 821 448 controversia
838 414 868 447 in
886 414 1077 447 nominando
1097 413 1178 446 inter

438 474 593 502 rectorem
614 473 644 501 ct
668 468 820 508 decanos,
844 477 966 501 necnon
986 467 1177 511 provisores,

438 533 474 555 ae
490 522 583 554 etiam
601 521 766 554 consilium
784 520 965 554 huiusmodi
983 525 1091 554 exorta
1104 520 1177 553 suis-

438 579 494 615 set,
520 575 581 615 ille,
595 585 689 618 quem
707 574 808 608 maior
824 585 897 618 pars
915 574 994 607 votis
1011 574 1075 607 suis
1092 584 1178 617 prae-

439 627 566 660 ferenda
598 632 759 671 putasset,
793 629 1031 672 praeferretur)
1056 627 1177 661 dilectis

438 681 511 714 liliis
525 681 654 715 maioris
668 687 698 714 et
711 682 740 715 S.
759 682 910 716 Gereonis
929 693 965 715 ac
985 681 1117 714 aliarum
1132 692 1178 714 ee-

439 734 605 767 clesiarum
620 735 852 769 Coloniensium
871 735 1025 779 capitulis,
1041 735 1079 767 ad
1099 744 1178 778 quos

438 788 679 821 canonicatuum
693 793 722 822 et
739 789 992 832 praebendarum
1011 788 1042 820 in
1059 788 1176 820 eisdem

438 841 578 874 eeclesiis
603 842 842 875 consistentium
867 842 1003 882 collatio,
1028 840 1178 885 provisio,

437 895 657 938 praesentatio,
683 895 805 935 electio,
830 895 995 935 institutio,
1016 905 1071 927 seu
1088 904 1179 937 quae-

439 947 484 980 vis
508 948 568 980 alia
592 948 757 991 dispositio
782 947 973 980 coniunctim
1008 947 1056 979 vel
1084 957 1175 990 sepa-

438 1001 541 1041 ratim,
559 1001 606 1034 vel
620 1001 696 1033 alias
717 1000 969 1044 quomodolibet,
986 1000 1180 1033 cessantibus

438 1054 703 1087 reservationibus
714 1059 743 1087 et
759 1053 976 1087 affectionibus
990 1053 1179 1097 apostolicis,

438 1106 623 1150 pertinebat,
648 1107 792 1139 videlicet
816 1106 853 1139 ad
872 1106 1101 1150 presbyterales
1118 1112 1181 1138 tan—

438 1164 503 1192 tum
529 1160 658 1193 maioris
683 1165 713 1192 et
729 1160 758 1193 S.
784 1159 934 1193 Gereonis
960 1159 1015 1202 (ita
1031 1164 1064 1191 ut
1078 1159 1180 1192 nomi-

438 1213 558 1246 nandae
576 1224 730 1257 personae
747 1213 921 1247 secundum
939 1224 1049 1246 eorum
1067 1218 1180 1245 statuta

439 1270 468 1300 et
481 1267 646 1310 privilegia
659 1278 770 1300 eorum
785 1267 929 1311 capitulis
946 1277 1094 1300 concessa
1109 1277 1181 1310 qua-

438 1318 572 1352 lificatae
596 1322 724 1364 essent),
748 1320 787 1353 ad
812 1331 922 1353 omnes
940 1331 1014 1353 vero
1031 1326 1061 1353 et
1077 1319 1181 1363 singu-

439 1372 486 1405 los
510 1373 587 1406 alios
622 1374 823 1407 canonicatus
861 1379 891 1406 et
922 1373 1061 1416 singulas
1092 1383 1181 1416 prae-

439 1426 556 1460 bendas
567 1428 760 1471 reliquarum
771 1428 976 1461 ecclesiarum
989 1427 1180 1468 huiusmodi,

440 1491 519 1524 quae
536 1492 573 1514 ex
590 1486 664 1514 tunc
682 1482 720 1514 ad
739 1481 989 1525 quinquennium
1019 1485 1092 1520 tunc
1111 1491 1181 1524 pro-

441 1533 523 1566 xime
547 1534 699 1575 futurum,
724 1545 741 1567 a
765 1535 827 1568 fine
852 1534 953 1567 ultimi
973 1533 1180 1578 quinquennii

440 1597 496 1630 per
508 1587 699 1621 Clementem
717 1588 993 1632 praedecessorem
1018 1586 1180 1631 prorogati

441 1650 495 1673 seu
508 1641 647 1674 concessi
657 1641 912 1685 computandum,
922 1641 953 1673 in
962 1640 1092 1683 singulis
1102 1650 1183 1672 mar-

443 1694 485 1734 tii,
511 1694 576 1727 iulii
602 1700 632 1727 et
656 1695 836 1728 novembris
853 1693 1016 1727 mensibus
1031 1704 1090 1737 pro
1107 1698 1183 1726 tem·

441 1758 518 1791 pore
542 1754 712 1789 vacassent,
727 1753 757 1781 ct
777 1758 887 1780 vacare
904 1747 1112 1790 contingeret,
1129 1757 1183 1779 no—

441 1801 562 1834 minare
594 1802 692 1834 libere
726 1805 755 1835 ct
787 1801 870 1834 licite
905 1801 1067 1841 valerent,
1099 1800 1182 1833 dicta

442 1855 627 1888 auctoritate
641 1854 795 1888 concessit
812 1860 842 1888 et
859 1854 1004 1893 indulsit,
1025 1864 1061 1887 ac
1076 1853 1183 1886 statuit

443 1913 472 1940 et
495 1908 671 1949 ordinavit,
696 1908 780 1952 quod
805 1908 847 1948 ii,
872 1908 910 1940 ad
939 1918 1018 1951 quos
1046 1907 1182 1947 collatio,

443 1961 592 2005 provisio,
623 1962 851 2005 praesentatio,
877 1961 1004 2001 electio,
1029 1960 1183 1993 institutio

443 2015 490 2047 vel
514 2015 643 2058 quaevis
668 2015 728 2047 alia
758 2014 922 2059 dispositio
942 2014 1183 2047 canonicatuum

443 2074 473 2102 et
496 2069 747 2112 praebendarum
766 2068 946 2101 huiusmodi
966 2078 1025 2111 pro
1042 2073 1183 2111 tempore

443 2127 608 2166 spectaret,
623 2123 825 2155 canonicatus
839 2126 868 2156 et
880 2121 1086 2166 praebendas,
1104 2131 1183 2166 quos

443 2187 596 2220 personae
623 2176 662 2209 ad
686 2177 756 2210 illos
787 2176 831 2209 sic
861 2176 1053 2220 nominatae⁷
1070 2185 1127 2219 per
1151 2185 1183 2207 se

445 2231 492 2263 vel
524 2235 765 2274 procuratorem
799 2241 889 2263 suum
921 2229 959 2262 ad
992 2230 1052 2262 hoe
1076 2229 1114 2261 ab
1139 2228 1183 2261 eis

445 2284 620 2328 specialiter
637 2284 842 2318 constitutum
858 2284 940 2316 infra
957 2283 1050 2316 unius
1067 2282 1183 2315 mensis

445 2338 602 2381 spatium,
627 2342 794 2381 postquam
828 2337 872 2370 eis
906 2337 953 2369 vel
985 2335 1183 2380 procuratori

446 2402 502 2425 suo
527 2392 652 2424 illarum
676 2391 795 2425 vacatio
812 2391 1007 2431 innotuisset,
1025 2390 1185 2424 duxissent

446 2445 662 2489 acceptandos‚
677 2456 747 2478 cum
762 2445 907 2478 omnibus
931 2444 1053 2477 iuribus
1073 2448 1102 2476 et
1118 2454 1186 2487 per-

448 2499 584 2532 numnis
609 2499 683 2539 suis,
708 2499 827 2532 eisdem
851 2498 1019 2532 nominatis
1043 2496 1185 2541 personis

448 2554 600 2594 conferre,
625 2559 655 2586 et
678 2553 716 2586 de
741 2553 786 2586 eis
809 2553 903 2586 etiam
928 2551 1105 2596 providere,
1131 2562 1184 2583 seu

447 2616 499 2639 eas
523 2606 561 2638 ad
584 2607 652 2639 illos
676 2612 876 2650 praesentare
901 2607 949 2639 vel
974 2605 1108 2648 eligere,
1133 2609 1186 2637 aut

448 2660 479 2693 in
503 2660 563 2694 illis
587 2661 760 2702 instituere,
785 2661 833 2695 vel
857 2661 932 2694 alias
950 2660 987 2694 de
1004 2659 1066 2694 illis
1085 2659 1117 2692 in
1134 2670 1186 2693 ea-

1014 258 1195 283 nuLLAmtJM
1214 258 1369 283 ROMANUM

1210 306 1353 340 rumdcm
1380 314 1587 350 personarum
1612 305 1843 340 nominatarum
1868 304 1950 338 savo-

1210 370 1276 393 rem
1301 359 1468 403 disponere
1503 362 1701 398 tenerentur;
1734 358 1881 403 quodque
1911 356 1949 390 iis

1209 413 1381 457 praemissa
1412 413 1513 446 facere
1544 411 1761 445 recusantibus
1783 412 1831 445 vel
1853 411 1950 455 negli-

1210 467 1365 510 gentibus,
1383 472 1435 500 aut
1451 465 1668 499 differentibus
1685 465 1788 505 etiam,
1804 475 1862 509 pro
1876 470 1950 498 tem-

1210 531 1286 563 pore
1304 520 1438 553 existens
1455 520 1552 553 abbas
1569 519 1598 552 S.
1613 518 1735 552 Martini
1748 518 1949 558 Coloniensis,

1210 584 1246 606 ac
1270 574 1406 607 decanus
1429 573 1579 607 ecclesiae
1603 572 1632 606 S.
1658 571 1745 604 Pauli
1770 570 1949 604 Leodiensis

1210 632 1250 669 et,
1275 627 1328 671 qui
1353 627 1529 661 haereticae
1553 625 1715 670 pravitatis
1728 624 1895 668 inquisitor
1919 624 1950 657 in

1211 680 1271 713 illis
1295 681 1436 725 partibus
1460 680 1632 725 apostoliea
1656 679 1841 713 auctoritate
1857 678 1951 722 depu-

1212 738 1291 768 tatus
1307 734 1420 775 existit,
1437 734 1524 778 prior
1542 733 1653 767 domus
1673 732 1797 766 Ordinis
1817 732 1951 765 fratrum

1212 787 1467 820 Praedicatorum
1483 787 1575 820 etiam
1593 785 1836 826 Coloniensium‚
1854 788 1884 819 et
1900 795 1953 818 eo-

1212 851 1281 872 rum
1291 840 1432 884 quilibet,
1441 840 1641 873 canonicatus
1651 845 1681 873 et
1693 838 1898 884 praebendas,
1908 838 1951 871 sic

1212 899 1366 934 vacantes,
1387 894 1531 937 personis
1551 893 1589 926 ad
1614 893 1694 934 illos,
1707 898 1742 926 ut
1764 893 1951 936 praefertur,

1961 255 2012 284 An.
2027 255 2055 284 C.
2078 254 2145 284 ¹624

1212 946 1380 979 nominatis
1402 957 1461 989 pro
1481 948 1519 979 ea
1543 946 1610 979 viee
1634 951 1754 979 tantum
1774 946 1884 980 eadem
1901 956 1953 979 au·
1992 952 1995 954 '

1213 998 1357 1031 ctoritate
1382 1000 1526 1032 conferre
1550 1003 1580 1031 et
1604 999 1642 1031 dc
1661 999 1723 1032 illis
1741 999 1834 1032 etiam
1850 999 1953 1043 provi-

1212 1051 1287 1084 dere
1311 1051 1430 1095 pariter
1454 1051 1553 1084 libere
1585 1056 1615 1084 et
1646 1051 1730 1084 licite
1752 1057 1896 1096 possent3
1923 1057 1953 1085 et

1213 1105 1297 1149 quod
1316 1105 1355 1138 ab
1376 1105 1495 1138 eisdem
1513 1104 1657 1149 personis
1675 1105 1719 1138 sic
1733 1115 1792 1149 pro
1811 1109 1953 1148 tempore

1212 1158 1391 1199 nominatis,
1405 1159 1436 1191 in
1453 1163 1524 1192 actu
1541 1158 1765 1192 nominationis
1782 1158 1820 1191 de
1840 1158 1877 1192 iis
1893 1168 1953 1202 pro

1214 1217 1355 1256 tempore
1371 1213 1480 1253 sactae,
1494 1212 1526 1244 in
1546 1222 1608 1256 qua
1622 1212 1776 1252 facultate,
1793 1215 1823 1246 et
1839 1212 1872 1244 in
1890 1222 1953 1255 quo

1213 1266 1394 1310 gymnasio,
1418 1270 1448 1299 et
1476 1276 1538 1310 qua
1566 1266 1646 1299 hora
1679 1265 1724 1299 illi
1753 1265 1868 1299 docere
1899 1275 1954 1298 seu

1213 1319 1319 1362 legere
1350 1319 1522 1360 deberent,
1554 1319 1795 1363 exprimeretur,
1827 1318 1906 1352 etsi
1936 1329 1954 1351 a

1213 1373 1393 1416 praemissis
1426 1373 1632 1414 defecissent,
1663 1377 1734 1417 post
1764 1372 1900 1416 primam
1924 1377 1954 1405 et

1213 1426 1382 1459 secundam
1397 1427 1585 1460 monitiones
1603 1426 1647 1460 eis
1663 1426 1799 1470 desuper
1814 1426 1920 1466 factas,
1937 1436 1954 1458 a

1213 1480 1416 1524 perceptione
1439 1480 1610 1521 fructuum,
1634 1479 1816 1513 reddituum
1836 1484 1866 1512 et
1885 1489 1955 1524 pro-

1214 1537 1363 1567 ventuum
1386 1533 1651 1577 praebendarum,
1676 1544 1753 1576 quas
1773 1533 1882 1575 vigore
1900 1542 1955 1566 no-

1215 1587 1421 1620 minationum
1432 1592 1461 1620 et
1474 1586 1676 1620 collationum
1686 1585 1867 1619 huiusmodi
1880 1590 1955 1619 tunc

1215 1640 1373 1684 assequuti
1402 1640 1554 1681 fuissent,
1579 1650 1637 1684 per
1668 1639 1812 1672 abbatem
1844 1644 1874 1672 et
1900 1638 1954 1671 de-

1215 1704 1328 1727 canum
1359 1694 1509 1728 ecclesiae
1540 1694 1568 1727 S.
1598 1694 1685 1727 Pauli
1717 1693 1896 1727 Leodiensis
1924 1698 1955 1726 et

1216 1748 1357 1791 priorem
1382 1747 1576 1791 praedictos,
1601 1752 1654 1780 aut
1677 1747 1814 1791 aliquem
1839 1757 1876 1780 ex
1899 1746 1954 1787 eis,

1215 1801 1252 1834 ad
1271 1801 1508 1845 requisitionem
1532 1801 1593 1834 illis
1609 1811 1666 1844 per
1685 1806 1841 1834 rectorem
1858 1806 1889 1834 et
1901 1800 1954 1833 de-

1215 1865 1309 1889 canos
1333 1855 1515 1888 facultatum
1530 1860 1560 1888 et
1576 1855 1756 1898 provisores
1776 1854 1957 1889 universita-

1216 1906 1254 1939 tis
1274 1906 1455 1940 huiusmodi
1479 1906 1663 1947 faciendam,
1677 1906 1956 1950 suspenderentur,

1216 1964 1255 2001 et,
1266 1960 1290 1993 si
1305 1960 1542 2003 suspensionem
1556 1959 1737 1993 huiusmodi
1750 1970 1807 2003 per
1817 1970 1956 1995 mensem

1216 2014 1320 2046 animo
1334 2014 1555 2047 sustinuissent
1571 2013 1728 2053 indurato,
1746 2013 1856 2046 iisdem
1869 2023 1957 2056 prae-

1216 2066 1325 2099 bendis
1350 2066 1418 2109 ipso
1449 2066 1530 2099 sacto
1562 2070 1592 2098 et
1621 2076 1693 2098 cum
1717 2065 1830 2098 ess'ectu
1853 2065 1956 2108 priva-

1216 2125 1347 2161 rentur,
1372 2124 1402 2152 et
1433 2130 1491 2162 pro
1526 2118 1657 2163 privatis
1690 2118 1902 2160 haberentur,
1927 2122 1957 2150 et

1217 2172 1322 2205 statim
1354 2173 1392 2206 de
1424 2173 1485 2205 illis
1516 2172 1585 2205 aliis
1617 2171 1760 2215 personis
1797 2171 1891 2204 modo
1927 2175 1957 2204 et

1216 2227 1317 2260 forma
1341 2226 1522 2270 praemissis
1546 2225 1780 2269 provideretur,
1804 2234 1914 2258 verum
1931 2224 1957 2257 si

1216 2290 1369 2323 personae
1381 2279 1559 2312 nominatae
1576 2278 1755 2322 praedictae
1771 2278 1803 2310 in
1820 2278 1957 2322 aliquam

1217 2333 1427 2378 suspicionem
1453 2331 1592 2365 haeresis
1623 2331 1824 2372 incidissent,
1850 2331 1882 2364 in
1905 2341 1957 2364 eas

1217 2399 1274 2432 per
1306 2386 1508 2430 inquisitores
1540 2385 1716 2418 haereticae
1739 2385 1901 2429 pravitatis
1925 2385 1957 2418 in

1219 2442 1278 2474 illis
1298 2441 1439 2485 partibus
1462 2440 1572 2474 eadem
1589 2440 1774 2474 auctoritate
1794 2440 1957 2484 deputatos

1219 2495 1335 2538 absque
1353 2494 1416 2527 ulla
1433 2495 1524 2527 mora
1539 2494 1768 2537 inquireretur;
1786 2499 1825 2534 et,
1843 2493 1869 2526 si
1886 2493 1957 2525 illae

1219 2553 1399 2592 compertae
1422 2548 1553 2581 fuissent
1570 2547 1693 2580 haeresi
1713 2546 1893 2580 huiusmodi
1910 2546 1957 2579 in-

1220 2604 1326 2643 fectae,
1351 2602 1403 2634 alii
1427 2601 1571 2634 catholici
1590 2601 1628 2633 ad
1644 2600 1797 2634 beneficia
1813 2611 1869 2645 per
1885 2600 1958 2633 illos

1220 2658 1345 2692 obtenta
1358 2655 1453 2689 simili
1466 2655 1561 2690 modo
1577 2655 1825 2690 nominarentur:
1840 2659 1871 2689 et
1886 2654 1955 2689 sub-
