2269 3235
122 212 171 240 An.
187 211 216 241 C.
237 211 305 240 ¹628

924 211 1065 236 unssANUS

318 257 411 292 rentii
435 258 608 302 praefatam
634 258 665 291 in
689 259 874 292 necessariis
908 269 1057 303 reparare

318 315 348 344 et
367 317 581 352 manutenere,
602 314 755 356 sacraque
773 317 802 345 et
827 312 990 346 sufficienti
1011 323 1058 344 su-

317 364 464 408 pellectili
480 365 655 408 providere⁷
675 365 875 408 missamque,
891 364 1056 397 dominicis

289 455 293 458 ι
317 427 353 450 ac
377 418 462 451 sestis
493 418 604 451 diebus
634 419 760 459 saltem,
786 418 817 450 in
842 419 878 449 ca
903 417 1054 450 celebrari

132 961 204 982 ortam
212 962 302 986 postmo-

118 988 167 1009 dum
182 990 302 1008 controver-

118 1015 170 1035 siam
186 1015 239 1034 iuter
253 1019 302 1035 con-

118 1041 193 1062 fratres
217 1043 238 1061 et.
259 1047 302 1061 mo-

118 1068 232 1088 nasterium
256 1073 302 1088 san-

317 472 420 504 facere
440 476 610 512 teneretur,
626 476 655 504 et
678 470 761 515 quod
787 470 950 503 ecclesiam
970 481 1056 514 prac-

317 526 409 558 satam
445 526 473 559 S.
499 525 658 558 Laurentii
689 525 781 558 ctiam
811 523 849 556 ad
881 523 950 567 pios
980 534 1055 556 usus

317 578 386 611 aliis
411 579 583 612 concedere
608 588 669 611 non
702 577 827 618 valeret,
854 582 883 609 ct
907 587 978 610 cum
1003 576 1072 609 de-t

318 636 415 672 creto,
435 631 518 675 quod
542 632 567 664 si
592 629 855 674 quandocumque
880 629 1072 671 contigcrct'

318 684 606 717 confraternitatem
623 683 792 727 praefatam
815 682 952 723 dissolvi,
968 693 1071 726 repa-¹

319 738 456 771 rationes
471 742 500 770 et
512 737 752 770 melioramenta
762 736 840 769 sacta
853 741 883 768 ct
895 736 933 768 ad
950 747 1056 779 quam-
1070 748 1072 770 x

318 801 452 834 cumque
477 800 632 823 summam
653 789 852 822 ascendentia
877 790 980 822 cidem
1008 776 1072 836 ec-]

318 844 430 877 clesiae
455 843 584 876 cessisse
610 849 640 876 et
664 843 776 876 cedere
801 844 866 876 sine
884 843 988 887 aliqua
1009 838 1072 876 rc-‘'

316 896 448 931 sectione
465 897 729 940 intelligerentur)
746 907 1018 937 concesseramus,

362 950 377 993 ἓ
400 949 429 983 3.
456 950 515 983 Per
537 960 595 983 nos
620 956 757 994 accepto,
776 950 870 993 quod,
891 950 1054 983 occasione

318 1004 528 1037 concessionis
545 1004 694 1037 ecclcsiae
712 1004 902 1044 huiusmodi,
916 1005 997 1037 inter
1014 1004 1055 1036 di-
1071 1004 1073 1046 l

318 1061 399 1090 ctam
423 1057 709 1091 confraternitatem
730 1068 766 1090 ex
786 1059 848 1090 una
873 1063 903 1090 et
926 1053 1073 1090 dilectos?

119 1095 146 1114 eti
156 1094 211 1115 Petri
219 1094 246 1114 ad
252 1093 315 1115 Vin?

119 1121 173 1142 cula.

157 2025 203 2049 Qua
217 2024 301 2046 sublata

117 2056 156 2077 per
171 2052 300 2078 pontificium

117 2077 239 2104 decretum5

317 1110 400 1144 filios
416 1111 556 1154 priorem
574 1116 603 1144 et
622 1111 794 1157 canonicos
811 1111 972 1153 regulares
989 1122 1056 1147 mo-

316 1164 444 1196 nasterii
469 1164 497 1198 S.
520 1164 602 1197 Petri
628 1164 665 1197 ad
683 1164 811 1197 Vincula
831 1163 969 1198 de‘Urbe
987 1170 1074 1204 con-t

316 1217 509 1260 gregationis
526 1217 555 1250 S.
574 1217 742 1250 Salvatoris
759 1217 884 1250 Ordinis
904 1218 932 1251 S.
950 1218 1057 1261 Augu—

316 1271 389 1303 stini
406 1281 443 1304 ex
460 1271 557 1304 altera
567 1271 708 1315 partibus
734 1276 801 1304 orta
818 1272 920 1303 suerat
936 1277 1057 1304 contro-

316 1323 439 1364 versia,
465 1334 538 1357 cum
566 1324 718 1356 nimirum
750 1324 838 1368 prior
863 1329 893 1357 et
916 1325 1057 1357 canonici

315 1377 446 1421 praefati
477 1377 719 1421 praetenderent
747 1378 862 1411 dictam
893 1379 1056 1411 ecclesiam

316 1431 344 1464 S.
369 1431 529 1464 Laurentii
554 1442 571 1464 a
597 1437 722 1464 centum
753 1437 782 1464 et
811 1432 945 1475 amplius
969 1433 1057 1465 annis

316 1485 467 1517 ecclesiae
479 1495 590 1518 eorum
605 1485 786 1518 monasterii
796 1481 976 1519 huiusmodi
985 1496 1057 1529 apo-

317 1538 426 1571 stolica
443 1539 626 1572 auctoritate
644 1539 762 1571 unitam
783 1539 888 1581 fuisse,
906 1539 946 1571 ol)
962 1539 1074 1583 idque}

317 1591 551 1625 concessionem
572 1592 747 1635 praefatam
765 1592 885 1624 viribus
902 1603 965 1625 non
986 1581 1074 1625 sub-³

317 1644 443 1685 sistere,
468 1648 497 1678 et
520 1645 662 1678 redditus
687 1655 742 1677 seu
767 1656 918 1678 canonem
943 1646 1056 1679 domus

315 1708 453 1732 annexae
479 1698 579 1732 dictae
604 1699 753 1732 ecclesiae
774 1700 803 1733 S.
821 1700 978 1732 Laurentii
997 1701 1056 1732 sin-

316 1752 397 1794 gulis
422 1752 511 1785 annis
544 1753 621 1786 solvi
653 1753 780 1786 solitum
812 1764 868 1797 per
897 1750 1072 1797 quondanr

316 1804 517 1838 Prudentiam
525 1806 692 1849 Agazinam
700 1811 729 1839 et
737 1807 887 1840 haeredes
896 1807 1054 1850 quondam

316 1859 415 1891 sancti
431 1859 532 1901 Mazzi,
556 1870 678 1892 necnon
702 1860 851 1893 dilectum
879 1861 909 1893 in
933 1862 1055 1903 Christo

315 1910 416 1944 filium
432 1912 558 1945 Mitium>
574 1913 611 1946 de
629 1913 793 1956 Gmdibus,
812 1914 961 1948 ecclesiae
981 1915 1054 1948 dicti

315 1966 498 1999 monasterii
515 1966 657 2007 debere¹3

360 2019 417 2062 §4
434 2020 497 2053 Nos
513 2021 749 2054 concessionem
767 2022 916 2055 ecclesiae
933 2022 962 2055 S.
981 2023 1056 2056 Lau-

315 2072 408 2105 rentii
426 2073 617 2115 huiusmodi,
631 2084 688 2117 per
700 2085 756 2107 nos
774 2080 917 2118 utsupra
934 2076 1054 2117 factam,

315 2136 407 2158 suum
432 2127 607 2170 plenarium
634 2128 779 2160 effectum
805 2129 911 2161 sortiri
930 2129 1054 2169 dehere,

315 2178 364 2212 et²
387 2190 539 2213 canonem
570 2182 743 2224 praefatum
776 2182 875 2215 dictae
906 2184 1054 2217 ecclesiae

316 2228 344 2261 S.
369 2229 527 2262 Laurentii
552 2231 619 2263 fore
643 2236 674 2263 et
698 2241 765 2264 esse
794 2232 988 2273 solvendum,
1002 2234 1054 2266 de-

316 2281 482 2323 crevimus,
502 2283 673 2327 appositis³
694 2295 751 2328 pro
776 2290 863 2328 parte
888 2286 1005 2329 prioris
1026 2292 1055 2319 et

317 2335 540 2369 canonicorum
552 2337 766 2381 praefatorum
785 2339 913 2373 minime
935 2340 1055 2373 obstan-

316 2388 408 2421 tibus.

351 2480 363 2506 1
382 2478 526 2506 Videretnr
541 2480 688 2514 legendum
705 2482 802 2509 deberi
818 2482 853 2517 (R.
870 2482 918 2517 T.).

350 2523 366 2551 2
382 2523 520 2551 Coniunct.
539 2528 565 2550 et
581 2533 629 2551 nos
643 2525 768 2552 addimus
783 2528 824 2560 (n.
837 2530 885 2559 Τ.).

350 2568 366 2595 3
381 2567 491 2594 Videtur
510 2567 652 2603 tegendum
673 2571 824 2605 oppositis,
845 2575 891 2598 aut
910 2574 1054 2607 eaecepcw-

314 2612 399 2641 nibus
417 2613 557 2647 appositis
571 2617 609 2648 (R.
627 2615 675 2648 T.).

399 2666 478 2693 Bull.
497 2666 581 2694 Rom.
597 2682 632 2687 —
649 2668 708 2696 Vol.
728 2668 810 2698 XIII.
968 2670 1002 2698 84

1090 211 1146 235 vm
1169 211 1218 235 1²1³.

1135 259 1150 303 ἓ
1174 258 1202 292 5.
1224 258 1387 292 Voluimus
1410 263 1515 291 tamen
1540 257 1623 301 quod
1649 257 1729 290 dicta
1756 269 1830 291 con-

1090 312 1268 345 fraternitas
1281 311 1412 354 singulis
1429 311 1603 344 annisadic
1620 311 1831 343 concessionis

1090 365 1119 397 in
1141 365 1388 408 recognitionem
1407 365 1515 397 directi
1535 365 1610 397 iuris
1629 365 1761 397 solvi-ret
1783 376 1831 397 cc-

1090 418 1202 450 clesiae
1234 418 1307 450 dicti
1339 417 1521 450 monasterii
1562 418 1656 449 libras
1691 417 1829 461 ‹piiuquc

1090 482 1179 504 cerae
1193 472 1282 503 albae
1299 471 1348 504 die
1366 472 1443 504 sesto
1461 472 1600 503 eiusdem
1616 473 1643 505 S.
1661 472 1828 511 Laui-vium

1132 524 1147 567 ξ
1164 524 1192 557 G.
1207 524 1367 567 Quodque,
1382 525 1404 556 si
1420 525 1617 567 contingi-ret
1636 525 1828 569 praedictam

1089 578 1376 610 confraternitatem
1393 578 1529 618 dissolri,
1552 590 1605 609 seu
1630 590 1647 610 a
1673 578 1830 621 praedicta

1089 630 1219 662 ecclesia
1245 630 1273 663 S.
1301 631 1653 670 Laurentii.recedere‚
1680 631 1746 663 iura
1779 643 1829 664 cc-

1089 684 1201 717 clesiae
1225 683 1299 715 dicti
1325 684 1507 716 monasterii
1532 684 1570 715 dc
1597 690 1622 715 et
1652 696 1747 727 supi-r
1774 696 1830 717 cc-

1089 737 1183 769 etesia
1200 737 1229 770 S.
1247 737 1404 769 Laurentii
1424 737 1603 769 huiusmodi
1627 738 1730 770 illaesa
1748 744 1775 770 ct
1795 739 1830 770 il-

1088 790 1182 821 libata
1199 795 1407 829 remanerent,
1425 790 1554 833 perinde
1571 801 1606 821 ac
1624 791 1647 822 si
1669 791 1828 823 concessio

1089 843 1227 876 eiusdem
1254 844 1403 876 ecclesiae
1425 843 1453 876 S.
1479 844 1660 883 Laurentii,
1688 855 1744 887 pei·
1773 855 1829 877 nos

1089 901 1122 928 ut
1146 896 1323 939 praefertur
1346 897 1436 936 facta,
1460 907 1523 928 non
1547 895 1749 930 emanasset⁴.

1133 949 1148 992 ξ
1173 949 1201 981 7.
1227 950 1303 982 Cum
1330 955 1444 989 autem,
1465 950 1545 981 sicut
1563 961 1621 993 pro
1648 955 1735 993 parte
1752 950 1829 982 ‹lile-

1089 1007 1212 1035 ctorum
1231 1002 1368 1035 filiorum
1383 1003 1562 1035 ol‘licialium
1582 1007 1610 1037 ct
1635 1005 1828 1036 confrati-tun

1090 1056 1354 1089 confraternitatis
1370 1057 1547 1100 praedictae
1562 1058 1652 1089 nobis
1667 1069 1766 1100 nuper
1782 1069 1830 1090 ex-

1089 1110 1227 1153 positum
1252 1110 1319 1151 suit,
1340 1110 1396 1154 ipsi
1423 1111 1595 1153 plurimum
1621 1112 1744 1155 cupiant
1761 1122 1831 1144 con-

1090 1163 1263 1196 cessionem
1289 1164 1389 1196 dictae
1410 1164 1581 1203 ecclesiae,
1609 1175 1644 1197 ac
1669 1165 1830 1197 dcciwfftum

1091 1217 1226 1260 desuper
1257 1222 1458 1257 emanatum,
1485 1218 1606 1261 aliaque
1639 1219 1829 1261 praemissa,

1091 1270 1279 1314 apostolicae
1300 1276 1425 1303 nostrae
1447 1271 1694 1304 contii-[nationis
1716 1272 1831 1304 robore

1091 1324 1291 1365 communiri,
1309 1335 1344 1357 ac
1361 1324 1435 1356 alias
1451 1325 1509 1357 sibi
1526 1335 1583 1368 per
1599 1335 1665 1367 nos,
1685 1330 1717 1357 ut
1738 1325 1828 1368 infra,

1091 1377 1263 1420 indulgeri:

1135 1432 1150 1475 ξ
1175 1430 1203 1463 8.
1229 1432 1301 1473 Nos,
1327 1431 1474 1464 officiales
1495 1437 1522 1463 ct
1545 1432 1718 1465 confratres
1744 1444 1830 1477 prae-

1090 1484 1169 1517 fatos
1194 1484 1382 1528 specialibus
1407 1485 1565 1517 favoribus
1588 1491 1615 1517 et
1634 1486 1743 1527 gratiis
1760 1498 1831 1530 pro-

1090 1538 1178 1581 sequi
1202 1538 1350 1577 volentes‚
1372 1549 1546 1581 eorumque
1571 1539 1744 1581 singulares
1762 1551 1832 1583 per-

1091 1601 1182 1623 sonas
1219 1601 1236 1622 a
1275 1591 1438 1633 quibusvis
1474 1592 1808 1625 excommunicationis
1823 1621 1830 1635 ‚

1090 1644 1305 1686 suspensionis
1329 1648 1358 1677 et
1383 1644 1548 1686 interdicti,
1574 1645 1705 1687 aliisque
1730 1647 1831 1678 eccle-

1090 1695 1221 1729 siasticis
1245 1697 1416 1737 sententiis,
1442 1697 1583 1729 censuris
1608 1703 1637 1729 ct
1661 1698 1788 1740 poeuis,
1815 1709 1832 1731 a

1090 1750 1157 1782 iure
1182 1750 1229 1782 vel
1254 1751 1292 1782 ab
1314 1751 1451 1791 homine,
1473 1751 1582 1794 quavis
1603 1752 1766 1784 occasione
1785 1753 1830 1785 rel

1089 1805 1183 1835 causa
1206 1803 1286 1843 latis,
1304 1804 1329 1836 si
1350 1804 1463 1848 quibus
1488 1804 1726 1847 quonmdolibet
1747 1805 1832 1838 inno-

1089 1857 1178 1889 datae
1202 1858 1358 1899 existunt‚
1384 1858 1422 1890 ad
1447 1858 1591 1891 effectum
1617 1860 1831 1902 praesentium

1089 1910 1248 1944 dumtaxat
1265 1912 1532 1955 consequendum,
1551 1912 1662 1944 harum
1682 1913 1761 1944 serie
1779 1913 1832 1945 al]-

1089 1960 1244 1997 solven‘tes
1262 1971 1291 1997 et
1307 1965 1467 1998 absolutas
1485 1966 1552 1998 sore
1570 1972 1742 2004 censentes,
1760 1978 1832 2010 sup-

1089 2018 1307 2061 plicationibus
1332 2029 1442 2051 eorum
1467 2019 1594 2051 nomine
1620 2020 1710 2051 nobis
1736 2030 1832 2062 super

1089 2071 1149 2103 hoc
1174 2072 1335 2104 humiliter
1353 2072 1508 2115 porrectis
1534 2072 1682 2108 inclinati.
1704 2083 1832 2105 conces-

1089 2125 1210 2157 sionem
1236 2125 1386 2157 ecclesiae
1411 2125 1439 2158 S.
1458 2126 1617 2158 Laurentii
1641 2126 1830 2169 huiusmodi,

1089 2189 1210 2211 necnon
1235 2179 1396 2211 decretum
1430 2189 1447 2211 a
1477 2179 1565 2211 nobis
1590 2179 1725 2222 desuper
1750 2191 1833 2213 ema-

1089 2238 1196 2265 natum
1212 2233 1420 2276 praedictum,
1436 2233 1558 2276 aliaque
1574 2235 1745 2276 praemissa
1760 2245 1831 2266 cum

1089 2287 1235 2320 omnibus
1256 2287 1286 2319 in
1303 2287 1347 2319 eis
1365 2287 1520 2319 contentis
1537 2292 1565 2318 et
1586 2287 1655 2319 inde
1673 2289 1830 2331 seminus,

1089 2340 1260 2383 apostolica
1273 2339 1468 2380 auctoritate,
1483 2345 1591 2372 tenore
1608 2341 1830 2383 praesentium,

1090 2399 1245 2437 perpetuo
1277 2395 1489 2437 approbamus
1522 2399 1551 2425 et
1584 2396 1830 2436 confirmamus,

1090 2448 1213 2491 illisque
1237 2448 1424 2480 inviolabilis
1449 2448 1639 2491 apostolicae
1673 2448 1831 2482 firmitatis

1090 2503 1188 2534 robur
1212 2501 1398 2541 adiicinms,
1424 2512 1458 2534 ac
1484 2513 1594 2535 omnes
1627 2508 1656 2535 et,
1690 2504 1830 2546 singulos

1090 2561 1152 2587 tam
1177 2555 1255 2587 iuris
1279 2566 1373 2598 quam
1398 2555 1468 2588 sacti
1495 2555 1641 2597 defectus,
1660 2557 1684 2589 si
1707 2557 1759 2600 qui
1781 2558 1831 2590 de-

1124 2619 1137 2646 1
1155 2617 1298 2645 Praedicta
1313 2618 1420 2644 constit.
1436 2618 1531 2645 deesse
1547 2618 1653 2645 videtur
1665 2621 1703 2653 (R.
1718 2622 1766 2653 T.).

1734 201 1798 236 665
1843 211 1894 239 An.
1909 210 1937 239 c.
1960 211 2028 247 1628

1916 963 2027 983 Praedicta

1845 990 1922 1012 omnia,
1940 990 2028 1014 petenti-

1845 1017 1882 1036 ἠις
1920 1016 2028 1036 confratri-

1845 1044 1894 1068 l·us;

1869 1441 1966 1462 [Rhamis
1977 1442 2030 1461 Pon-

1844 1469 1894 1489 usex
1910 1469 2028 1490 coufirmat.
