2269 3235
857 262 953 287 INDEX
985 259 1195 285 RUBRICAIIUM.

348 319 430 362 Iesu,
465 319 579 353 Beatus
606 317 793 360 nuncupari,
820 319 850 349 et
884 318 914 349 in
951 316 1001 348 die

349 374 417 406 eius
448 372 552 405 obitus
583 372 678 404 missa
702 368 859 403 celebrari
883 373 913 402 et
938 369 1003 401 otii-

349 427 433 459 cium
458 421 497 458 de
523 425 681 457 communi
699 423 920 457 Cont'essorum
940 431 1000 454 non

349 479 537 513 Pontificum
562 479 593 511 iu
627 476 771 510 ecclesiis
797 479 827 508 et
857 474 1003 508 domibus

350 529 550 573 regularibus
571 529 674 562 dictae
696 527 860 561 Societatis
877 526 1003 559 recitari

351 584 459 626 possit,
476 583 548 616 368.

264 635 365 670 CLIX.
383 636 569 669 Declaratur
586 634 707 668 Bullam
722 634 883 666 cruciatae
910 635 940 665 et
964 631 1005 664 sa-

353 689 503 723 cultatem
528 686 667 730 eltgendi
688 686 917 719 confessarium
942 694 1004 717 nou

352 743 519 785 suffragari
536 741 696 774 canonicis
714 738 912 782 regularibus
927 738 1006 772 Con-

351 795 545 839 gregationis
577 794 606 826 S.
639 792 748 826 Crucis
780 792 870 835 regni
902 791 1007 825 Portu-

352 848 475 890 galliae,
501 848 555 891 qui
580 848 610 879 in
632 846 691 879 hac
708 844 844 879 subiecti
862 854 933 878 esse
955 844 1007 877 de-

352 900 430 935 bent
464 901 663 944 dispositioni
691 910 821 933 suorum
852 899 1007 943 praelato-

354 964 433 996 rum,
453 957 523 995 ete,
549 954 623 987 368.

265 1006 352 1041 CLX.
378 1006 538 1040 Indultum
569 1017 625 1050 pro
650 1006 772 1041 Ordine
798 1006 929 1039 fratrum
952 1005 1008 1039 Mi-

352 1070 466 1094 norum
491 1060 629 1093 officium
650 1061 690 1094 de
714 1063 822 1093 sancto
850 1058 1004 1093 Conrado.

354 1114 451 1147 Tertii
479 1113 609 1148 Ordinis
641 1114 670 1146 S.
702 1113 861 1146 Francisci
888 1113 1008 1155 profes-

352 1177 446 1209 sore,
483 1169 515 1200 iu
540 1167 592 1199 die
617 1175 693 1200 suae
719 1167 899 1199 festivitatis
928 1167 1008 1198 reci-

352 1219 439 1254 tandi
475 1219 533 1253 sub
565 1221 627 1253 ritu
663 1218 873 1261 semiduplici,
906 1222 937 1252 et
968 1218 1007 1251 de

353 1275 512 1307 communi
530 1274 624 1306 unius
641 1271 838 1306 Confessoris
854 1282 916 1305 non
932 1272 1009 1306 Pon-

352 1328 455 1368 tificis,
472 1327 546 1359 370.

265 1379 366 1414 CLXI.
388 1379 562 1413 Prohibitio
596 1389 635 1412 ne
667 1379 823 1423 degentes
858 1381 889 1412 iu
921 1379 1008 1412 Statu

352 1433 576 1468 Ecclesiastico
600 1433 739 1466 mediate
760 1433 810 1466 vel
827 1433 1008 1467 immediate

354 1487 429 1520 Sedi
454 1486 655 1530 Apostolicae
686 1486 830 1520 subiecto
848 1486 945 1520 libros
970 1486 1009 1520 ab

355 1542 401 1574 eis
425 1541 619 1585 ubIcumque
644 1542 835 1584 compositos
860 1540 899 1574 de
933 1550 1011 1585 qua-

310 1597 314 1602 '
357 1603 493 1639 cumque
518 1592 650 1627 materia
675 1598 854 1635 tractantes,
890 1594 1010 1638 absque

355 1647 526 1680 cardinalis
550 1648 662 1680 vicarii
694 1651 725 1680 et
756 1649 897 1687 magistri
929 1650 1011 1680 sacri

356 1701 464 1744 palatii
482 1703 512 1733 in
530 1699 624 1741 Urbe,
639 1705 669 1734 et
691 1705 782 1734 extra
801 1710 870 1733 eam
888 1699 1010 1744 absque

355 1752 518 1788 Ordinarii
536 1757 567 1787 et
592 1755 788 1798 inquisitoris
807 1753 868 1786 loci
884 1752 1010 1786 licentia

357 1808 418 1840 alio
435 1807 587 1848 deserant,
606 1812 659 1842 aut
674 1807 902 1851 imprimendos
916 1811 1011 1840 traus—

359 1862 492 1901 mittant,
519 1860 592 1894 371.

270 1913 388 1948 CLXII.
414 1914 608 1947 Beatificatio
632 1916 717 1948 servi
740 1914 799 1948 Dei
824 1914 937 1948 Felicis
971 1915 1011 1947 de

357 1967 530 2001 Cantalicio
552 1966 686 2001 'Ordinis
713 1968 842 2001 fratrum
856 1968 1011 2001 Minorum

359 2020 388 2053 S.
410 2021 569 2054 Francisci
593 2020 879 2065 Cappuccinorum,
905 2030 941 2053 ac
966 2022 1013 2053 in-

360 2074 492 2116 dultum,
506 2075 590 2119 quod
616 2075 655 2108 de
681 2085 718 2108 eo
742 2077 837 2108 missa
857 2074 1013 2109 celebrari

358 2137 394 2161 ac
419 2129 558 2162 osticium
575 2131 701 2163 recitari
720 2131 816 2172 possit
834 2139 851 2162 a
866 2128 1014 2163 fratribus

359 2181 434 2215 dicti
459 2181 591 2216 Ordinis
615 2185 647 2216 in
672 2183 800 2223 Naucei‚
833 2182 1015 2217 Romarico-

359 2237 483 2277 montis,
505 2239 536 2269 et
553 2236 716 2270 Cantalicii
733 2236 858 2280 oppidis
879 2238 1015 2270 existen-

360 2287 454 2331 tibus,
480 2292 510 2322 et
529 2289 647 2323 Romae
672 2289 711 2323 ab
737 2289 883 2323 omnibus
908 2289 947 2323 ad
968 2300 1016 2323 cc-

361 2341 489 2375 clesiam
514 2343 613 2386 ipsius
638 2341 779 2385 Ordinis,
806 2342 860 2376 ubi
901 2353 1015 2387 corpus

361 2396 507 2430 eiusdem
530 2399 726 2442 requiescit,
760 2397 992 2431 confluentibus
1008 2426 1014 2440 ,

365 2448 439 2482 371.

273 2500 402 2536 CLXIII.
428 2501 600 2546 Abrogatio
627 2505 767 2537 omnium
801 2504 1015 2545 indultorum,

363 2558 546 2599 gratiarum,
572 2567 629 2591 seu
649 2558 916 2600 declarationum,
935 2567 1016 2602 quae

365 2607 587 2642 observantiae
622 2611 752 2654 regulae
792 2611 821 2644 S.
858 2611 1018 2644 Francisci

365 2662 602 2707 quomodolibet
614 2666 790 2701 contrariae
806 2667 888 2709 suut,
907 2665 981 2700 373.

1056 311 1184 345 CLXIV.
1210 310 1413 344 Confirmatio
1431 307 1651 341 nonnullorum
1669 311 1800 342 statuto-

1143 378 1213 402 rum
1229 378 1283 411 pro
1297 366 1391 400 studii
1406 365 1566 409 generalis
1587 367 1723 399 civitatis
1741 365 1798 398 Pe-

1145 423 1273 454 rusinae
1299 422 1485 461 dIrectione,
1504 421 1578 453 2374.

1056 479 1172 514 CLXV.
1193 479 1239 512 De
1254 479 1344 512 bonis
1359 477 1666 512 iurisdictionalibus
1691 476 1730 510 ad
1751 486 1802 509 ec-

1144 532 1257 565 clesias
1282 535 1312 565 et
1336 532 1403 565 loca
1436 533 1487 575 pia
1519 530 1736 574 spectantibus
1768 531 1800 563 111

1144 585 1272 618 seudum
1289 584 1337 618 vel
1353 585 1586 628 emphyteusim
1603 594 1662 616 non
1673 583 1797 625 dandis,

1145 647 1250 682 neque
1276 638 1355 671 ultra
1382 639 1554 671 triennium
1578 637 1721 670 locandis
1749 639 1803 669 aut

1145 691 1405 724 concessionibus
1419 691 1600 724 huiusmodi
1610 690 1803 724 renovandis

1146 746 1214 777 sive
1240 744 1457 787 prorogandis,
1477 745 1550 776 379.

1058 801 1188 836 CLXVI.
1203 801 1373 843 Indultum,
1391 801 1474 846 quod
1492 801 1804 835 t'ratresD1scalceati

1147 855 1179 888 B.
1205 855 1322 889 Mariae
1354 855 1393 889 de
1419 855 1565 888 Mercede
1602 855 1805 898 Redemptio-

1147 910 1196 943 nis
1228 911 1427 953 captivorum
1459 910 1598 942 osticium
1623 912 1654 942 et
1677 910 1805 941 missam

1148 963 1188 996 de
1209 964 1369 996 communi
1393 961 1590 996 Consessoris
1614 972 1676 994 non
1698 962 1804 995 Ponti-

1148 1017 1216 1049 iicis
1230 1018 1364 1049 recitare
1379 1014 1549 1058 possiutde
1564 1015 1593 1047 S.
1607 1014 1804 1057 Raymundo,

1148 1069 1225 1102 dicti
1249 1068 1390 1110 Ordinis,
1415 1069 1491 1102 dum
1510 1069 1600 1109 vixit,
1627 1069 1805 1111 professore

1147 1125 1178 1155 et
1202 1125 1406 1165 procuratore
1432 1121 1585 1164 generali,
1612 1130 1649 1153 ac
1674 1121 1703 1153 S.
1722 1120 1758 1153 R.
1772 1120 1805 1154 E.

1150 1174 1314 1215 cardinali,
1325 1176 1356 1207 in
1367 1175 1419 1207 die
1430 1183 1506 1208 suae
1517 1174 1706 1214 festivitatis,
1718 1172 1792 1206 382.

1061 1232 1205 1267 CLXVII.
1231 1232 1323 1273 Quod
1346 1234 1378 1266 in
1397 1233 1578 1276 priilcipatu
1604 1230 1806 1265 Catbaloniae

1148 1295 1186 1320 ac
1210 1288 1362 1321 comitatu
1382 1286 1568 1320 Rossilionis
1585 1289 1615 1318 et
1629 1285 1807 1319 Ceritaniae

1148 1343 1294 1373 servetur
1330 1341 1511 1374 constitutio
1551 1339 1698 1381 Gregorii
1738 1337 1808 1371 xlv

1149 1403 1246 1437 super
1267 1395 1466 1427 immunitate
1491 1392 1714 1434 ecclesiarum,
1734 1392 1808 1425 383.

1062 1451 1221 1485 CLXVIII.
1239 1452 1399 1485 Indultum
1413 1461 1450 1484 ac
1463 1451 1636 1492 decretum,
1649 1454 1681 1484 ut
1696 1451 1807 1484 festum

1150 1508 1251 1539 sancti
1271 1506 1424 1539 Bernardi
1449 1509 1596 1539 servetur
1622 1505 1661 1537 de
1676 1513 1809 1548 praece-

1153 1562 1205 1602 pto
1231 1560 1262 1592 in
1296 1559 1446 1592 dominiis
1470 1557 1681 1601 Reipublicae
1706 1557 1811 1590 Genu-

1152 1614 1245 1654 ensis,
1273 1622 1309 1646 ac
1334 1614 1366 1646 in
1391 1622 1491 1655 regno
1517 1612 1674 1654 Corsicae,
1693 1612 1769 1645 385.

1063 1669 1191 1703 CLXIX.
1210 1670 1376 1714 Exemptio
1394 1670 1433 1703 ab
1451 1670 1696 1706 Ordinariorum
1717 1670 1811 1703 iuris-

1152 1724 1291 1757 dictione
1321 1724 1468 1767 hospitali
1496 1724 1525 1757 S.
1552 1724 1682 1757 Antonii
1714 1724 1753 1758 de
1779 1723 1809 1757 S.

1152 1775 1288 1810 Antonio
1315 1777 1490 1810 Viennensi
1515 1786 1533 1809 a
1558 1776 1718 1810 nonnullis
1751 1776 1812 1810 Ro-

1152 1832 1255 1863 manis
1297 1830 1504 1864 Pontificibus
1543 1839 1695 1863 concessa
1738 1839 1812 1863 con-

1153 1885 1305 1927 firmatur,
1332 1886 1370 1918 iis
1388 1887 1541 1928 exceptis,
1559 1894 1620 1929 que
1637 1885 1813 1928 respiciunt

1155 1948 1264 1972 curam
1289 1940 1468 1972 animarum
1485 1943 1516 1972 et
1540 1941 1812 1972 sacramentorum

1155 1991 1457 2034 administationem,
1484 1993 1559 2025 386.

1066 2048 1182 2083 CLXX.
1218 2050 1376 2085 Institutio
1415 2051 1547 2084 archivii
1584 2049 1744 2094 generalis
1780 2051 1811 2084 in

1156 2109 1250 2154 Urbe,
1273 2111 1346 2145 387.

1067 2167 1200 2202 CLXXI.
1226 2168 1429 2203 Confirmatio
1446 2169 1624 2203 litterarum
1644 2169 1690 2202 Pii
1708 2168 1812 2211 Papae

1155 2223 1179 2255 V
1204 2233 1261 2266 pro
1286 2222 1375 2256 sacra
1400 2223 1492 2255 domo
1521 2223 1697 2256 Lauretana
1718 2231 1814 2265 super

1157 2277 1358 2310 notificandiS
1382 2277 1495 2320 legatis
1509 2279 1541 2310 111
1558 2277 1698 2310 favorem
1713 2277 1814 2320 ipsius

1157 2330 1269 2364 domus
1291 2331 1390 2372 sactis,
1418 2330 1493 2363 392.

1069 2388 1213 2423 CLXXII.
1238 2390 1436 2433 Approbatio
1461 2392 1651 2423 statutorum
1672 2398 1728 2433 pro
1753 2388 1816 2423 Or-

1157 2443 1232 2476 dine
1250 2444 1382 2476 fratrum
1399 2443 1555 2477 Minorum
1572 2442 1612 2476 de
1630 2442 1815 2477 Observan-

1157 2495 1198 2530 tia
1232 2496 1390 2530 editorum
1426 2498 1458 2530 in
1494 2496 1631 2539 capitulo
1671 2495 1814 2539 generali

1158 2550 1276 2583 Romae
1302 2550 1355 2583 die
1380 2560 1447 2584 xvn
1481 2552 1543 2584 mai
1574 2560 1704 2584 uncxxv
1729 2549 1815 2583 cele-

1158 2605 1260 2650 brato,
1287 2606 1361 2640 393.

1071 2663 1234 2700 CLXXIII.
1250 2664 1353 2710 Super
1365 2664 1507 2705 subsidio
1523 2665 1694 2702 duodecim
1702 2664 1815 2702 millio-
