2269 3235
296 262 346 288 Au.
368 262 397 287 (Ζ.
414 260 483 287 ’1623

529 251 571 283 3¹1.
1064 257 1240 281 tttssLLAtttUM
1268 256 1419 280 nomnen
2014 256 2065 281 An.
2086 254 2114 281 c.
2134 254 2202 282 1623

492 314 558 349 rat,
582 309 658 352 qui,
683 317 754 341 cum
779 318 795 340 a
820 308 980 340 iuventute
1005 306 1061 338 sua
1093 305 1231 349 perfecte

492 371 598 395 coram
634 362 696 394 Deo
731 360 921 393 ambulasset
940 385 948 399 ,
985 359 1164 402 spretisque
1195 368 1231 391 ac

493 414 682 448 conculcatis
706 413 821 445 divitiis
843 422 879 445 ac
903 411 999 445 seculi
1016 410 1231 454 dignitatibus,

493 477 529 500 ac
553 466 719 509 semetipso
744 465 829 498 iuxta
846 464 977 498 verbum
995 463 1119 497 Domini
1139 463 1232 495 abne-

493 525 576 563 gato,
600 519 736 552 animam
761 528 848 550 suam
872 528 932 561 pro
957 517 1084 550 nomine
1108 516 1230 549 Domini

494 572 593 606 nostri
617 573 685 605 Iesu
709 571 823 605 Christi
848 571 1036 610 tradidisset,
1053 570 1168 612 dignus
1184 569 1232 601 in-

494 630 603 658 ventus
627 628 703 665 erat,
727 624 780 668 qui
804 633 822 657 a
845 624 965 667 Spiritu
988 624 1101 656 Sancto
1117 622 1149 654 in
1169 627 1230 654 tam

494 678 615 721 insigne
639 688 719 721 opus
748 682 972 717 assumeretur,
1002 687 1054 716 ac,
1083 680 1231 717 tanquam

494 731 628 765 aliorum
652 731 713 764 dux
737 730 841 765 divina
865 729 1063 774 providentia
1086 727 1233 761 constitu-

495 790 563 825 tus,
587 785 766 829 apostolicis
798 783 1038 817 charismatibus
1068 782 1233 814 affluenter

494 839 697 872 decoraretur
706 836 726 877 ¹,
746 837 838 870 etiam
856 836 897 870 ob
922 837 1009 877 signa
1029 834 1231 878 apostolatus,

495 902 573 936 quae
598 892 629 924 in
654 902 691 924 eo
716 892 746 923 in
770 891 856 924 omni
884 889 1055 933 patientia,
1079 889 1110 920 in
1135 887 1232 930 signis

495 951 525 979 et
547 945 700 989 prodigiis
724 955 760 977 ae
783 943 949 976 virtutibus
972 942 1135 975 manifesta
1155 941 1232 973 sacta

495 1003 595 1038 erant,
621 1008 773 1030 novarum
798 996 938 1039 gentium
961 995 1124 1038 apostolus
1148 1003 1228 1026 una-

494 1051 570 1084 nimi
596 1051 689 1084 totius
706 1049 867 1083 christiani
888 1048 974 1082 orbis
995 1058 1150 1081 consensu
1167 1057 1232 1080 me-

493 1109 600 1137 ruerat
619 1103 786 1147 appellari,
804 1113 839 1135 ac
858 1107 1027 1146 propterea
1043 1101 1182 1141 decebat,
1198 1105 1233 1132 ut

495 1162 613 1190 tantum
637 1156 690 1189 Dei
714 1156 866 1188 famulum
883 1155 949 1198 (qui
970 1165 1029 1198 pro
1046 1154 1149 1197 gloria
1166 1154 1232 1186 eius

495 1216 525 1243 et
546 1210 722 1243 animarum
746 1209 871 1242 Domini
894 1208 993 1241 nostri
1021 1208 1091 1240 Iesu
1118 1207 1232 1240 Christi

495 1264 644 1306 sanguine
664 1263 896 1306 redemptarum
921 1261 1020 1293 salute
1040 1260 1233 1300 innumeros,

496 1317 709 1360 maximosque
728 1315 852 1348 labores
872 1320 966 1359 atque
983 1324 1150 1346 aerumnas
1166 1324 1235 1357 per-

496 1380 606 1414 pessus
627 1373 710 1410 erat,
736 1368 935 1412 ingentiaque
959 1368 1060 1407 terra,
1091 1367 1233 1410 marique

497 1422 654 1456 subiverat
665 1422 814 1466 pericula,
824 1431 918 1465 quem
932 1420 1013 1453 Deus
1026 1419 1104 1453 adeo
1117 1419 1235 1462 magni-

496 1476 653 1516 ficarerat,
671 1481 704 1508 ut
725 1485 840 1509 nomen
856 1475 923 1508 eius
943 1473 1128 1507 honorabile
1153 1478 1235 1506 esset

497 1530 581 1573 apud
597 1539 705 1562 omnes
722 1530 843 1572 gentes)
859 1528 942 1561 idem
960 1528 1131 1570 Gregorius
1144 1537 1234 1571 prae-

497 1583 653 1623 decessor,
662 1592 720 1626 pro
731 1592 786 1615 suo
798 1581 947 1625 pastorali
958 1591 1098 1621 munere,
1107 1579 1152 1614 ut⁴²
1163 1591 1235 1613 vere

498 1640 639 1668 sanetum
656 1640 683 1667 et
698 1635 830 1667 electum
844 1634 899 1667 Dei
914 1634 945 1666 in
963 1634 1108 1666 militanti
1128 1633 1235 1666 Eccle-

499 1689 544 1722 sia
568 1688 753 1727 declararet,
772 1687 900 1730 eiusque
919 1687 1057 1727 virtutes,
1075 1693 1234 1730 tamquam

499 1741 627 1774 eximias
640 1746 670 1773 et
680 1740 913 1784 praecellentes,
924 1739 1078 1772 universis
1092 1739 1236 1772 christifi-

498 1794 619 1828 delibus
636 1793 801 1826 imitandas
817 1798 1024 1837 proponeret,
1049 1798 1081 1825 ut
1100 1794 1236 1837 populus

500 1847 698 1887 christianus,
712 1847 849 1880 actiones
862 1857 932 1879 suas
945 1846 983 1879 ad
999 1847 1152 1879 honorem
1170 1846 1235 1886 Dei,

500 1901 598 1945 ipsius
614 1901 767 1943 exemplo,
783 1900 931 1943 dirigens,
949 1910 1020 1932 eum
1039 1899 1120 1942 apud
1137 1899 1234 1932 Deum

500 1959 530 1987 et
552 1954 719 1986 Dominum
744 1954 846 1986 Iesum
869 1953 1026 1986 Christum
1051 1953 1082 1985 in
1100 1953 1165 1985 eius
1185 1963 1236 1985 ne-

500 2007 696 2041 cessitatibus
719 2007 837 2040 habere
857 2011 1033 2040 mereretur
1050 2006 1236 2039 intercesso-

500 2072 583 2101 rem,
606 2067 698 2105 atque
719 2067 753 2093 ut
770 2070 878 2093 omnes
895 2060 1113 2093 christifideles
1133 2070 1237 2104 prom-

500 2115 582 2159 ptius
602 2115 639 2148 ad
665 2115 854 2148 laudandum
873 2115 971 2147 Deum
989 2115 1236 2158 omnipotentem

501 2169 670 2202 secundum
686 2168 916 2201 multitudinem
934 2168 1154 2211 magnitudinis
1170 2167 1237 2200 eius

501 2223 720 2262 exfilarentur,
733 2221 968 2264 devotionisque
982 2221 1076 2254 ardor
1088 2231 1163 2263 erga
1176 2224 1238 2254 tan—

503 2284 565 2309 tum
587 2276 640 2309 Dei
660 2275 810 2308 famulum
827 2280 1006 2317 augeretur,
1024 2274 1099 2307 dum
1116 2274 1181 2307 eius
1206 2274 1237 2306 in
1254 2294 1255 2298 =

503 2329 593 2362 terris
606 2330 772 2362 caelestem
781 2332 811 2362 et
823 2328 1020 2360 laudabiliter
1033 2333 1133 2361 actam
1143 2328 1237 2360 vitam

502 2382 571 2415 orlri
589 2387 745 2415 terrarum
763 2381 929 2425 explicaret
949 2386 978 2413 et
998 2381 1200 2424 patefacerem

539 2482 548 2505 1
566 2479 711 2506 Videretur
732 2478 874 2513 legendum
890 2481 920 2506 vl
936 2478 1022 2505 ctiam
1104 2479 1239 2506 meruerit

502 2524 647 2559 appellari
662 2528 696 2558 (a.
716 2524 766 2558 Τ.).

537 2569 553 2595 2
569 2569 621 2595 lsta
636 2568 766 2604 particula
781 2571 811 2595 ut
827 2567 891 2595 mihi
907 2567 1042 2595 videretur
1058 2576 1088 2595 ex
1110 2572 1163 2595 tota
1182 2576 1240 2603 syn-

503 2612 555 2640 taxi
574 2612 742 2645 redundare3
759 2620 820 2639 uam
836 2612 984 2647 praecessit
1003 2612 1054 2639 iam
1069 2612 1192 2645 decebat,
1212 2615 1240 2640 ul

506 2664 540 2690 za.
557 2657 604 2691 Tu).

1308 304 1324 346 ,ξ
1355 304 1384 337 1.
1416 303 1451 336 In
1478 302 1588 346 primis
1619 306 1650 334 et
1680 305 1750 336 ante
1781 302 1886 335 omnia
1915 312 2004 347 prae·
2044 317 2201 338 nuce-meten-

2017 345 2071 365 mias
2085 345 2172 365 rii-tutes
2181 347 2203 365 et

1265 356 1442 390 mitteret⁴:
1467 355 1556 395 Quod
1585 359 1677 387 natus
1700 359 1767 388 erat
1797 355 1929 399 insignis
1952 356 2003 389 hic
2019 371 2093 403 ,paraq
2121 372 2202 400 ‚sanan

1265 410 1317 443 Dei
1343 420 1451 443 servus
1475 410 1631 442 Navarrae
1662 408 1695 440 in
1722 408 1840 452 oppido
1870 409 2003 442 Xaverio
2018 398 2204 449 fiiffssi'ffiisxss?

2018 453 2086 470 'tintus
2124 450 2202 480 Grego-

1264 461 1510 506 Pampilonensis
1535 460 1698 501 dioecesis,
1725 464 1886 493 maternae
1912 461 2004 494 ditio-
2019 476 2107 497 „mxv
2125 482 2203 497 mmm

1265 515 1312 547 nis
1328 515 1409 555 loco,
1426 513 1584 547 nobilibus
1597 524 1633 546 ac
1653 513 1714 557 piis
1731 512 2002 557 progenitoribus,
2019 506 2204 550 i?ss2‘i¹f⁰„'.¹.¹‚'¹.¹m⁰n⁰.21

1265 568 1328 610 qui,
1346 577 1418 599 cum
1435 566 1540 610 ipsum
1564 566 1603 599 ab
1622 565 1751 600 infantia
1767 565 1880 599 timere
1895 566 2004 606 Deum,
2020 562 2063 577 ‘¹¹¹¹'
2079 557 2156 576 '‘¹⁰¹¹''

1266 630 1301 652 ac
1332 620 1371 651 ab
1396 619 1483 652 omni
1518 624 1648 663 peccato
1680 619 1837 652 abstinere
1867 618 2006 652 edocuis-

1266 676 1351 713 sent,
1376 673 1430 705 ubi
1461 676 1545 707 aetas
1574 673 1701 706 demum
1731 672 1920 714 adoleverat,
1944 672 2005 705 Lu·

1266 725 1372 757 tetiam
1387 725 1592 767 Parisiorum,
1605 725 1782 759 studiorum
1796 725 1908 768 gratia,
1922 735 2007 758 eum-

1266 779 1336 812 dem
1355 779 1515 812 miserant.
1536 779 1654 819 Quibus
1671 790 1742 813 cum
1766 779 1912 812 alacriter
1935 789 2007 824 ope-

1266 843 1333 865 ram
1357 833 1457 873 daret,
1489 838 1560 877 post
1583 833 1667 866 haud
1692 833 1827 866 multum
1852 832 2006 877 temporis

1266 885 1303 918 de
1327 896 1364 919 eo
1388 886 1519 920 domum
1543 887 1720 920 revocando
1751 892 1841 930 pater
1867 886 2006 930 cogitare

1266 945 1401 983 ceperat.
1432 940 1521 980 Quod
1545 951 1617 973 cum
1641 945 1715 974 tune
1738 941 1770 973 in
1804 940 1951 974 humanis
1978 951 2007 973 a-

1266 1003 1342 1036 gens
1367 993 1462 1025 Maria
1485 993 1667 1036 Magdalena
1691 993 1758 1027 eius
1791 1004 1883 1027 soror
1913 994 2007 1037 (quae

1266 1047 1492 1079 monasterium
1518 1046 1703 1080 monialium
1734 1046 1844 1090 oppidi
1875 1046 2007 1081 civitatis

1266 1099 1436 1143 nuncupati
1460 1099 1613 1141 Gandiae,
1641 1099 1766 1133 Ordinis
1790 1104 1914 1133 sanctae
1940 1099 2007 1133 Cla-

1266 1163 1330 1193 rae,
1343 1153 1607 1187 Discalceatarum
1621 1158 1885 1197 nuncupatarum,
1902 1154 2009 1187 Valen-

1267 1205 1349 1239 tinae
1365 1206 1527 1249 dioecesis,
1540 1217 1604 1241 non
1619 1207 1685 1240 sine
1702 1207 1821 1251 ingenti
1838 1207 2008 1241 sanctitatis

1266 1259 1349 1292 sama
1373 1265 1448 1293 tunc
1477 1260 1628 1305 regebat)
1652 1261 1877 1305 persensisset,
1902 1261 2008 1294 fratris

1267 1313 1462 1347 vocationem
1485 1313 1634 1347 divinitus
1657 1313 1785 1355 edocta,
1808 1324 1866 1358 per
1888 1314 2008 1347 litteras

1267 1376 1338 1398 cum
1364 1370 1453 1410 patre
1476 1366 1692 1400 vehementius
1717 1371 1834 1410 egerat,
1857 1370 1892 1400 ut
1913 1366 2010 1399 Fran-

1267 1419 1341 1452 cisci
1359 1419 1459 1452 studia
1476 1420 1562 1453 omni
1578 1430 1648 1464 ope,
1673 1420 1766 1453 etiam
1790 1430 1862 1454 cum
1886 1420 1933 1453 rei
1956 1419 2008 1453 do-

1268 1473 1415 1507 mesticae
1439 1472 1639 1514 detrimento,
1663 1473 1799 1508 foveret:
1824 1484 1897 1507 eum
1924 1473 2009 1507 enim

1268 1526 1500 1569 incognitarum
1525 1527 1666 1570 gentium
1700 1527 1878 1571 apostolum
1902 1527 2008 1560 dix-inat

1268 1579 1465 1622 providentia
1494 1580 1750 1624 praeordinatum
1784 1590 1853 1613 esse
1886 1580 2009 1624 praevi-

1268 1632 1369 1665 debat.
1387 1632 1527 1677 Cumque
1542 1633 1682 1666 Lutetiae
1697 1637 1961 1673 commoraretur,
1978 1633 2009 1666 in

1269 1685 1511 1719 familiaritatem
1528 1686 1626 1719 sancti
1643 1686 1755 1729 Ignatii
1772 1686 1956 1727 insinuatus,
1974 1696 2009 1718 ae

1268 1738 1469 1782 postmodum
1493 1738 1526 1771 in
1550 1739 1671 1772 socium
1695 1739 1803 1783 ipsius,
1827 1739 1881 1783 qui
1904 1738 1936 1772 id
1959 1749 2009 1772 ar-

1269 1792 1414 1825 dentibus
1448 1792 1596 1836 precibus
1628 1803 1646 1825 a
1676 1793 1740 1826 Deo
1775 1792 1814 1825 ad
1849 1792 2009 1836 ingentem

1270 1846 1426 1879 Ecclesiae
1451 1846 1616 1879 utilitatem
1651 1845 1871 1890 praestandam
1903 1850 2011 1890 postu-

1269 1900 1399 1940 laverat,
1424 1899 1609 1943 adscriptus,
1634 1909 1735 1943 eoque
1754 1899 1834 1932 duce
1850 1898 2011 1942 ingressus

1270 1959 1336 1986 erat
1360 1959 1478 1987 arctam
1502 1954 1602 1994 riam,
1627 1964 1708 1997 quae
1733 1953 1772 1986 ad
1797 1953 1892 1986 vitam
1919 1953 2011 1986 duee-

1269 2007 1334 2040 bat:
1360 2012 1395 2040 ut
1414 2007 1497 2040 enim
1514 2007 1627 2051 spiritu
1644 2006 1865 2049 vivificaretur,
1883 2017 2010 2040 carnem

1270 2071 1370 2101 suam,
1395 2061 1433 2093 ad
1457 2061 1660 2104 antiquorum
1680 2065 1863 2093 sanctorum
1885 2065 2010 2104 patrum

1271 2115 1459 2159 exemplum,
1477 2114 1675 2148 severissime
1693 2114 1946 2147 mortificaverat.
1967 2115 2013 2147 In-

1270 2168 1402 2201 terdicto
1427 2167 1510 2200 enim
1534 2167 1611 2208 sibi,
1635 2177 1698 2201 non
1722 2167 1824 2201 solum
1855 2167 1959 2200 earnis
1983 2171 2013 2200 et

1270 2221 1343 2262 vini,
1361 2221 1414 2254 sed
1440 2221 1529 2265 panis
1549 2221 1642 2255 etiam
1662 2221 1776 2254 triticei
1800 2232 1873 2262 usu,
1897 2221 2012 2254 vilibus

1271 2276 1489 2308 tantummodo
1505 2286 1542 2308 ac
1554 2275 1680 2308 insulsis
1696 2275 1784 2316 cibis,
1800 2275 1902 2319 iisque
1918 2285 2012 2319 quam

1271 2329 1455 2372 parcissime
1471 2339 1547 2362 usus
1563 2334 1639 2362 erat.
1664 2328 1743 2368 Quin
1759 2329 1853 2362 etiam
1869 2329 2013 2372 frequen·

1273 2388 1318 2415 ter
1332 2382 1454 2426 integro
1471 2383 1578 2423 biduo,
1594 2382 1763 2426 triduoque
1782 2382 1821 2415 ab
1838 2382 1924 2415 omni
1940 2381 2012 2415 cibo

1272 2445 1401 2478 prorsus
1425 2436 1633 2475 abstinuerat,
1659 2435 1827 2479 aliquando
1851 2445 1926 2469 vero
1947 2445 2012 2468 om-

1272 2499 1327 2521 nes
1351 2488 1478 2522 maioris
1511 2489 1727 2523 hebdomadae
1756 2489 1822 2522 dies
1851 2499 1951 2533 usque
1973 2488 2010 2521 ad

1274 2541 1435 2574 sabbatum
1462 2543 1618 2586 paschatis
1650 2542 1772 2576 ieiunus
1795 2546 2009 2585 transegerat:

1312 2615 1320 2639 1
1340 2613 1472 2648 Syutaxis,
1490 2617 1518 2640 ut
1533 2614 1618 2648 rides,
1635 2613 1722 2641 adhuc
1733 2621 1865 2648 suspensa
1875 2616 1973 2647 manet,
1986 2617 2011 2640 et

1274 2656 1341 2683 soret
1357 2656 1398 2690 §Q
1415 2656 1578 2691 incipienda:
1597 2658 1722 2693 Cumque
1738 2656 1889 2692 inprimis
1908 2658 1946 2690 (n.
1961 2657 2008 2691 r).
