2269 3235
245 258 336 287 Amc.
359 257 427 286 1625
472 248 539 282 274
1021 253 1197 277 unctantem
1224 251 1375 276 nonaxon

489 306 505 349 ἓ
528 305 558 338 Ἰ.
584 305 662 338 Sane
678 303 809 337 dilectus
829 302 911 335 lilius
936 302 1045 334 Petrus
1068 300 1107 333 de
1131 300 1185 333 Be·
1218 298 1332 332 siastici
1357 304 1388 332 et
1410 307 1574 342 personae,
1598 307 1633 331 ac
1655 299 1830 332 oratorium
1847 297 1955 332 huius-

1974 252 2023 278 An.
2036 252 2064 278 C.
2091 251 2156 280 1625

258 321 340 343 Causae
356 323 428 347 poton·

244 348 281 372 di.
310 347 429 368 obtinendi·

245 380 286 402 qno
301 374 418 402 privilegia.

294 1067 437 1089 Communica-

254 1096 285 1116 tio
318 1094 437 1121 privilegio·

254 1127 306 1144 rum.
318 1121 344 1141 ds
360 1126 401 1148 qua
417 1126 438 1141 in

253 1148 346 1170 ruhrtc‘a.

444 359 534 398 rulle,
544 357 741 402 praepositus
757 355 912 399 generalis
928 353 1185 397 Congregationis

445 411 579 447 Orator-ii
605 409 726 444 Domini
753 408 856 443 Nostri
882 409 951 442 lesu
975 407 1089 441 Christi
1108 417 1187 439 nun-

446 470 575 509 cupatae
590 462 783 503 narniensis,
794 461 883 495 nobis
900 471 1002 505 nuper
1015 459 1127 504 exponi
1148 460 1187 493 se-

447 518 499 557 cit,
517 517 600 562 quod
617 515 720 549 dilecti
742 515 796 547 filii
822 514 997 559 presbyteri
1022 524 1057 546 ac
1081 512 1185 546 elerici

447 571 586 604 ciusdem
603 569 862 613 Congregationis
874 567 892 609 ¹,
910 578 990 612 quae
1006 567 1186 610 Congrega-

448 623 523 658 tioni
551 622 686 657 Oratorii
716 622 747 655 B.
776 623 812 655 M.
848 621 879 654 in
907 620 1063 654 Vallicella
1094 618 1187 652 etiam

446 681 644 721 nuncupatae
661 675 699 709 de
724 675 806 709 Urbe
830 685 848 707 a
871 674 899 708 S.
925 674 1071 718 Philippo
1095 672 1189 706 Nerio

447 729 594 763 fundatae
617 729 786 763 admodum
811 728 982 762 conformis
1005 732 1062 767 est,
1086 735 1188 758 sacra-

449 789 629 818 mentorum
646 783 930 816 ecclesiasticorum
950 779 1191 813 administratio-

448 848 498 879 ne,
512 836 709 880 assiduisque
722 835 810 870 verbi
826 835 879 869 Dei
896 832 1190 879 praedicationibus,

451 896 481 925 et
493 891 561 924 aliis
575 890 792 935 spiritualibus
809 888 977 930 exercitiis,
991 897 1063 920 cum
1078 896 1191 929 magno

451 944 606 990 spirituali
628 942 879 977 christifidelium
905 941 1030 974 illarum
1053 939 1191 984 partium

451 998 554 1031 fructu
580 997 689 1031 sedulo
714 1007 746 1029 se
771 1006 804 1029 se
829 998 984 1028 exercent.

496 1052 511 1095 g
535 1051 564 1084 2.
588 1050 691 1090 Quare
714 1060 792 1090 nos,
821 1052 855 1082 ut
878 1046 1053 1092 presbyteri
1079 1052 1109 1080 et
1133 1046 1194 1080 cle-

452 1104 509 1138 rici
522 1103 672 1148 praedicti
682 1103 713 1135 in
727 1101 907 1135 huiusmodi
924 1101 1049 1145 piorum
1061 1110 1194 1144 operum

453 1157 601 1192 exercitio
617 1155 717 1199 magis
731 1155 966 1195 confoveantur,
991 1153 1196 1187 felicioribus—

454 1220 515 1254 que
532 1210 563 1243 in
580 1209 646 1242 dies
662 1208 829 1254 proficiant
849 1207 1060 1249 incrementis,
1079 1217 1196 1251 oppor-

454 1269 529 1298 tune
559 1263 726 1308 providere
740 1290 747 1303 ,
780 1262 961 1305 dictumque
997 1261 1123 1294 Petrum
1161 1272 1197 1294 ac

454 1317 656 1363 presbyteros
673 1322 703 1350 et
719 1316 851 1350 clericos
869 1315 1028 1360 praefatos
1048 1314 1194 1359 speciali-

456 1372 514 1406 bus
530 1371 690 1406 favoribus
710 1376 740 1403 et
756 1370 865 1414 gratiis
882 1369 1031 1414 prosequi
1048 1370 1197 1410 volentes,

457 1431 487 1460 et
511 1436 621 1460 eorum
639 1425 814 1468 singulares
834 1434 986 1469 personas
1002 1433 1020 1456 a
1036 1422 1198 1468 quibusvis

457 1478 801 1519 excommunicationis,
826 1477 1041 1522 suspensionis
1058 1482 1088 1510 et
1108 1477 1200 1510 inter-

457 1533 542 1574 dicti,
559 1533 691 1577 aliisque
707 1531 926 1565 ecclesiasticis
943 1530 1114 1571 sententiis,
1131 1540 1200 1563 cen-

459 1587 541 1621 suris
565 1591 594 1621 et
617 1586 747 1631 poenis,
777 1596 795 1618 a
824 1585 892 1618 iure
918 1585 964 1618 vel
989 1584 1027 1617 ab
1052 1584 1198 1627 homine,

458 1639 566 1686 quavis
584 1639 747 1673 occasione
768 1639 816 1672 vel
834 1640 927 1671 causa
946 1638 1025 1679 latis,
1043 1638 1067 1670 si
1085 1638 1200 1682 quibus

459 1693 696 1740 quomodolibet
719 1692 885 1725 innodatae
909 1692 1061 1733 existunt,
1087 1691 1125 1725 ad
1151 1692 1201 1725 ef—

459 1748 574 1781 fectum
599 1746 813 1791 praesentium
832 1746 991 1779 dumtaxat
1011 1756 1202 1789 consequen—

461 1800 546 1841 dum,
560 1800 673 1832 harum
687 1799 767 1832 serie
781 1799 987 1839 absolventes,
1002 1803 1031 1832 et
1044 1799 1202 1831 absolutas

462 1854 528 1887 sore
552 1858 723 1896 censentes,
742 1852 1021 1896 supplicationibus
1034 1852 1106 1886 dicti
1120 1852 1202 1885 Petri

461 1906 589 1941 nomine
608 1906 699 1940 nobis
716 1917 809 1950 super
829 1906 889 1939 hoc
905 1905 1067 1939 humiliter
1091 1916 1202 1950 porre-

463 1961 520 1995 ctis
544 1960 694 2001 inclinati,
712 1960 817 1994 onmia
836 1965 866 1993 et
891 1960 1013 2003 singula
1029 1960 1203 2004 privilegia,

463 2015 636 2056 facultates,
657 2014 774 2057 gratias
791 2019 820 2047 et
840 2014 960 2047 indulta
977 2024 1203 2058 quaecumque,

463 2074 527 2101 tam
541 2067 713 2113 spiritualia
733 2078 826 2112 quam
845 2068 1038 2112 temporalia,
1057 2068 1206 2101 secundo-

465 2122 565 2156 dictae
589 2121 841 2165 Congregationi‚
858 2121 1003 2166 illiusque
1017 2122 1206 2166 praepositis

465 2186 500 2210 ac
524 2175 718 2222 presbyteris
743 2181 773 2209 et
797 2175 930 2216 clericis,
955 2175 1086 2220 aliisque
1102 2186 1208 2220 perso—

466 2229 535 2271 nis,
565 2240 687 2264 necnon
711 2228 850 2263 oratorio
883 2239 981 2273 parvo
1010 2234 1206 2273 nuncupato,

466 2282 559 2317 etiam
582 2294 639 2328 per
659 2283 739 2316 viam
765 2282 1058 2317 communicationis
1082 2283 1129 2316 vel
1154 2293 1206 2316 ex-

467 2337 627 2378 tensionis,
637 2342 690 2370 aut
703 2337 778 2370 alias
791 2336 1037 2381 quomodolibet,
1051 2347 1108 2381 per
1119 2347 1209 2381 quos-

468 2402 602 2436 cumque
627 2392 784 2426 Romanos
809 2390 975 2425 Pontifices
990 2390 1210 2435 praedecesso·

471 2457 519 2480 res
529 2451 654 2480 nostros
663 2456 718 2479 seu
733 2455 790 2479 nos
800 2444 1037 2489 quomodolibet
1050 2454 1208 2485 concessa,

471 2511 503 2530 ιη
526 2499 638 2543 quibus
663 2499 771 2532 cadem
792 2498 1014 2532 secundodicta
1033 2498 1209 2541 Congrega-

474 2554 526 2592 tio,
542 2553 687 2596 illiusque
708 2553 914 2597 praepositus,
929 2552 1103 2597 presbffteri
1114 2552 1210 2585 ecclc-

511 2626 519 2650 l
539 2623 623 2650 Huius
638 2623 858 2659 Congregationis
883 2624 1079 2652 iustitutionem
1105 2624 1163 2651 vide
1182 2623 1209 2651 in

475 2672 538 2695 toni.
555 2673 609 2701 xtu,
626 2676 685 2702 pag.
702 2668 764 2702 ⁶206,
781 2676 855 2703 seqq.
880 2670 914 2703 rja.
931 2670 978 2701 T.).

1219 352 1313 395 modi,
1325 352 1363 386 dc
1379 352 1457 393 iure,
1468 362 1536 394 usu,
1547 350 1783 393 consuetudine,
1792 351 1958 396 privilegio

1220 410 1272 438 aut
1292 405 1494 439 concessione
1518 403 1692 448 apostolica
1715 403 1747 436 in
1771 414 1887 448 genere
1911 405 1959 438 vel

1221 459 1252 491 in
1277 459 1394 503 specie,
1420 468 1455 491 ac
1480 462 1542 490 tam
1566 456 1757 489 coniunctim
1785 467 1879 500 quam
1907 457 1957 490 di-

1221 512 1332 552 visim,
1358 516 1411 544 aut
1434 511 1510 543 alias
1534 509 1786 554 quomodolibet,
1815 513 1961 552 utuntur,

1222 565 1388 606 fruuntur,
1414 564 1576 609 potiuntur
1600 568 1630 596 ct
1654 562 1811 606 gaudent,
1835 573 1871 597 ac
1895 564 1962 606 uti,

1223 618 1301 660 frui,
1328 618 1423 662 potiri
1446 623 1476 650 et,
1500 617 1637 660 gaudere
1662 621 1794 661 possunt
1817 621 1847 649 et
1869 622 1959 661 pote-

1224 676 1297 705 runt
1320 671 1558 715 quomodolibet
1575 670 1606 703 in
1625 670 1777 712 futurum,
1791 669 1964 705 dummodo

1224 731 1329 758 tamen
1353 725 1414 759 sint
1437 725 1469 758 in
1493 735 1561 766 usu,
1586 735 1644 758 nec
1663 729 1817 765 revocata,
1834 729 1888 757 aut
1907 723 1965 758 sub

1225 779 1296 812 ullis
1312 778 1567 812 revocationibus
1592 778 1831 822 comprehensa,
1847 788 1904 812 nec
1921 788 1965 812 sa·

1225 833 1287 866 cris
1312 832 1484 865 canonibus
1508 837 1539 865 et
1562 831 1690 866 Concilii
1714 831 1887 865 Tridentini
1911 832 1965 866 de-

1226 885 1320 919 cretis
1344 891 1397 918 aut
1421 885 1697 919 constitutionibus
1720 885 1902 930 apostolicis
1922 895 1967 919 re-

1227 944 1386 984 pugnent,
1414 939 1621 983 primodictae
1647 939 1906 983 Congregationi,
1930 939 1967 974 il-

1228 992 1350 1036 liusque
1372 991 1553 1036 praeposito
1576 992 1733 1035 generali,
1756 993 1968 1038 presbyteris,

1228 1045 1351 1078 clericis
1365 1050 1394 1078 et
1407 1044 1561 1089 personis,
1572 1045 1664 1079 etiam
1676 1044 1714 1078 de
1726 1046 1970 1089 congregatione

1229 1099 1377 1133 exteriori
1394 1100 1547 1133 laicorum
1564 1101 1744 1143 nuncupata
1756 1099 1971 1141 existentibus,

1230 1153 1402 1198 apostolica
1420 1153 1615 1195 auctoritate,
1626 1158 1734 1187 tenore
1747 1153 1971 1197 praesentium,

1230 1211 1383 1252 perpetuo
1393 1206 1609 1247 concedimus;
1624 1206 1740 1250 illaque
1752 1206 1858 1240 omnia
1870 1212 1900 1241 et
1913 1207 1972 1242 sin-

1231 1260 1304 1304 gula
1316 1260 1370 1293 ad'
1386 1260 1606 1304 primodictam
1619 1259 1902 1304 Congregationem
1915 1260 1973 1295 hu-

1232 1314 1377 1355 iusmodi,
1391 1314 1537 1359 illiusque
1550 1314 1764 1358 praepositum
1781 1315 1973 1358 generalem,

1231 1368 1443 1413 presbyteros,
1467 1367 1600 1401 clericos
1624 1373 1655 1401 et
1673 1378 1825 1412 personas
1849 1369 1973 1413 praedi-

1232 1427 1297 1455 ctas
1314 1421 1370 1465 (ita
1382 1425 1416 1455 ut
1431 1420 1540 1454 eadem
1554 1420 1742 1465 primodicta
1754 1421 1974 1466 CongregatiQ

1233 1475 1379 1519 illiusque
1394 1474 1592 1519 praepositus
1609 1474 1776 1517 generalis,
1788 1474 1974 1520 presbyteri,

1233 1528 1340 1562 clerici
1354 1532 1384 1562 et
1399 1538 1553 1572 personae
1572 1528 1754 1561 huiusmodi
1771 1538 1855 1562 nunc
1871 1532 1901 1562 et
1916 1539 1976 1574 pro

1233 1586 1374 1627 tempore
1391 1582 1557 1615 existentes
1574 1582 1742 1615 domorum
1763 1581 1902 1615 eiusdem
1915 1582 1977 1628 pri-

1234 1636 1388 1670 modictae
1404 1635 1672 1680 Congregationis,
1686 1635 1724 1669 de
1737 1635 1976 1670 Ordinariorum

1234 1695 1338 1724 tamen
1362 1690 1527 1731 locorum,
1561 1689 1592 1722 in
1621 1689 1735 1734 quibus
1760 1689 1830 1723 illae
1855 1695 1977 1724 erectae

1235 1743 1447 1788 reperiuntur,
1470 1742 1607 1784 licentia,
1626 1742 1808 1786 praemissis
1831 1743 1979 1777 omnibus

1237 1803 1266 1830 et
1290 1796 1420 1840 singulis
1437 1806 1536 1841 aeque
1559 1802 1590 1829 et
1612 1796 1836 1841 parisormiter,
1856 1807 1893 1831 ac
1912 1797 1979 1831 sine

1236 1852 1299 1884 ulla
1315 1850 1503 1893 differentia,
1514 1850 1569 1891 uti,
1582 1850 1677 1895 potiri
1692 1854 1722 1885 et
1731 1850 1869 1894 gaudere
1882 1851 1980 1884 libere

1237 1909 1267 1938 et
1290 1904 1374 1938 licite
1396 1904 1518 1949 possint
1542 1908 1572 1938 et
1596 1904 1728 1947 valeant,
1753 1904 1885 1949 perinde
1901 1915 1937 1938 ac
1954 1905 1979 1939 si

1238 1959 1361 2002 singula
1385 1958 1559 2003 praemissa
1584 1958 1645 1992 illis
1673 1958 1851 2002 specialiter
1875 1964 1906 1992 et
1929 1969 1980 1992 ex-

1238 2024 1347 2058 presse
1364 2023 1399 2047 ac
1416 2013 1642 2058 principaliter,
1659 2023 1722 2046 non
1741 2017 1846 2047 autem
1871 2012 1909 2046 ad
1933 2014 1980 2046 in⁰

1239 2072 1303 2100 star
1323 2077 1492 2107 concessa,
1517 2071 1547 2100 ct
1570 2066 1788 2111 praesentibus
1816 2076 1981 2111 expressa,

1240 2133 1276 2156 ac
1304 2122 1342 2156 de
1366 2122 1462 2156 verbo
1493 2121 1532 2156 ad
1563 2121 1718 2161 verbum,
1749 2120 1827 2153 nihil
1858 2121 1981 2165 penitus

1241 2176 1369 2217 omisso,
1388 2168 1507 2209 inserta
1530 2175 1674 2219 fuissent)
1692 2174 1877 2209 auctoritate
1894 2180 1925 2208 et
1941 2179 1982 2208 te-

1241 2240 1318 2264 nore
1335 2229 1504 2274 praedictis
1520 2228 1718 2262 extendimus
1725 2238 1733 2268 3
1748 2227 1863 2272 illaque
1876 2227 1983 2261 onmia

1242 2289 1271 2316 et
1295 2284 1418 2327 singula
1442 2282 1619 2327 praedictae
1643 2281 1918 2325 Congregationis‚
1944 2281 1982 2314 il-

1241 2337 1364 2381 liusque
1388 2335 1554 2377 domibus,
1578 2345 1702 2369 necnon
1729 2334 1910 2379 praeposito
1934 2345 1984 2378 ge-

1242 2391 1361 2432 nerali,
1386 2390 1597 2436 presbyteris,
1622 2389 1745 2423 clericis
1777 2394 1807 2423 et
1841 2389 1984 2434 personis

1243 2446 1410 2491 praedictis
1434 2445 1713 2479 communicamus.

1288 2501 1302 2544 ᾗ
1317 2499 1346 2533 3.
1360 2500 1569 2534 Decernentes
1585 2502 1764 2543 praesentes
1779 2498 1898 2532 litteras
1908 2508 1985 2531 sem-

1244 2560 1335 2598 pcret
1349 2559 1501 2598 perpetuo
1518 2552 1634 2586 validas
1651 2557 1681 2587 et
1698 2552 1839 2586 efficaces
1852 2551 1984 2586 existere

1282 2627 1290 2653 l
1312 2625 1543 2660 Praepositionem
1563 2625 1612 2659 ad,
1633 2628 1706 2653 certe
1726 2623 1919 2657 necessariam,
1935 2631 1985 2651 nos

1244 2667 1369 2694 addimus
1382 2667 1420 2701 (n.
1436 2669 1483 2699 T.).

2026 2507 2144 2528 clausulae.
