2269 3235
224 255 273 282 An.
291 255 320 282 c.
344 255 411 282 1025
456 246 522 279 53:34

216 583 334 617 'contraria
347 582 407 603 tollit.

252 1486 310 1505 Facu
327 1485 398 1505 series.

423 304 524 337 inedia
547 307 723 347 opportuna
747 301 895 334 adbibere
923 301 1045 344 possit,
1070 307 1163 344 prout

422 356 598 388 animarum
624 355 714 388 saluti
741 354 888 397 expedire
910 353 1105 394 iudicaverit,
1123 354 1163 386 sa-

423 410 568 442 rultatcm
595 408 770 441 tribuimus.
797 407 1017 440 Praesentibus
1040 407 1079 439 ad
1101 412 1163 440 tres

425 472 547 494 menses
560 472 576 494 a
589 461 639 494 dic
656 460 877 504 publicationis
890 460 1102 504 praesentium
1120 461 1163 493 in-

423 514 600 548 clioandos¹
626 514 787 546 dumtaxat
812 513 962 547 valituris.

467 568 482 611 ᾗ
507 568 535 601 5.
568 568 635 601 Non
666 568 862 601 obstantibus
889 568 1163 602 constitutionibus

423 628 450 654 ct
483 621 732 655 ordinationibus
758 621 959 666 apostolicis,
987 621 1162 665 ceterisque

423 674 588 708 contrariis
613 674 874 718 quibuscumque.

467 729 577 761 Datum
602 728 740 769 Romae,
771 729 852 772 apud
877 729 904 761 S.
932 730 1079 769 Petrum,
1104 728 1162 761 snb

422 781 538 814 annulo
552 781 729 822 piscatoris,
755 782 805 814 die
832 792 889 815 xtu
921 782 996 815 iunii
1022 791 1161 821 iincxxv,

422 835 622 878 pontificatus
646 836 745 869 nostri
769 846 851 868 anno
877 846 907 868 11.

460 897 516 925 nat.
534 898 577 925 die
596 898 627 925 ¹3
642 898 707 925 iunii
724 898 801 932 1625,
818 898 915 933 pontif,
933 905 1002 924 anno
1018 903 1045 924 11.

731 1013 851 1045 CXLIV.

424 1083 572 1116 Irritatio
582 1083 782 1116 decretorum
791 1093 849 1127 per
857 1082 1032 1116 nonnullos
1040 1082 1164 1115 iudices

464 1137 558 1179 requi
572 1136 801 1180 Portuqalliae
818 1140 930 1169 contra
945 1135 1125 1168 libertatem
1135 1139 1164 1167 et
1180 1171 1182 1182 γ

464 1190 706 1222 v’nmzmzitatem
732 1189 991 1228 ecelesiasticam,
1015 1199 1050 1221 ac
1071 1188 1165 1221 colle.-

465 1243 561 1275 cloris
589 1243 722 1286 eiusque
750 1242 942 1285 officialium
967 1241 1166 1274 iurisdictio-

466 1306 556 1334 nem,
586 1296 738 1328 latorum.

627 1367 764 1394 urbanus
786 1367 864 1400 Papa
884 1367 964 1400 VIII,

553 1412 589 1439 ad
605 1415 781 1446 perpetuam
796 1411 841 1438 rei
856 1411 1039 1438 memoriam.

468 1474 483 1518 g
508 1474 537 1506 t.
563 1473 609 1506 Ad
633 1473 823 1506 audientiam
848 1473 1040 1517 apostolatus
1056 1472 1166 1512 nostri,

424 1537 487 1560 non
510 1526 576 1560 sine
601 1527 683 1559 iusto
708 1532 737 1559 et
761 1526 849 1569 gravi
873 1526 978 1560 cordis
1002 1526 1102 1559 nostri
1116 1525 1168 1559 do-

424 1580 501 1620 lore,
525 1580 677 1624 pervenit,
695 1580 788 1624 quod,
810 1579 1000 1624 procedente
1017 1590 1119 1623 nuper
1137 1580 1167 1612 in

424 1633 556 1666 diversis
588 1633 690 1666 causis
726 1633 944 1667 ecclesiasticis
980 1633 1011 1665 in
1044 1633 1166 1666 civitate

425 1687 638 1728 Ulixbonensi,
657 1697 715 1730 pro
737 1687 783 1719 sui
808 1686 948 1719 muneris
972 1685 1166 1728 auctoritate,

425 1740 538 1774 dilecto
556 1741 620 1774 silio
639 1741 790 1783 magistro
814 1741 929 1774 Ioanne
948 1740 1087 1783 Baptista
1104 1740 1169 1772 Pal-

425 1794 503 1827 lotto
521 1794 551 1826 in
568 1796 700 1838 utraque
721 1794 883 1836 signatura
900 1795 1009 1826 nostra
1030 1794 1168 1826 reseren-

425 1847 524 1888 dario,
542 1847 656 1880 iurium
680 1852 709 1880 et
732 1847 907 1891 spoliorum
925 1857 1068 1880 camerae
1092 1857 1168 1891 apo-

426 1901 553 1934 stolicae
577 1901 755 1934 debitorum
781 1901 811 1933 in
836 1901 1045 1943 Portugalliae
1066 1905 1095 1933 et
1115 1901 1168 1933 At-

426 1954 610 1998 garbiorum
627 1954 733 1998 regnis
751 1954 911 1988 collectori
936 1954 1086 1997 generali,
1113 1965 1168 1987 seu

426 2008 493 2041 eius
507 2008 650 2041 auditore
668 2013 697 2040 et
710 2008 813 2041 iudice
827 2007 980 2050 delegato,
1002 2018 1074 2040 cum
1095 2019 1168 2051 pars
1184 2031 1185 2034 κ

426 2062 524 2095 altera
549 2062 587 2094 ad
610 2061 730 2094 iudices
754 2062 912 2095 seculares
928 2066 1046 2094 temere
1064 2072 1168 2094 recur-

427 2126 495 2148 sum
520 2115 690 2156 habuisset,
708 2115 826 2148 iudices
842 2114 1023 2147 huiusmodi
1041 2119 1071 2147 et
1084 2120 1168 2158 post-

427 2169 557 2202 modum
577 2169 628 2201 alii
652 2169 772 2213 pariter
796 2168 954 2201 seculares
978 2178 1042 2201 non
1066 2168 1167 2201 solum

428 2228 537 2256 contra
560 2222 736 2255 auditorem
760 2222 971 2266 praedictum,
997 2221 1050 2254 sed
1075 2221 1167 2254 etiam

428 2279 536 2310 contra
553 2276 699 2309 eumdem
716 2276 863 2308 Ioannem
884 2275 1054 2319 Baptistam
1079 2275 1170 2308 colle-

429 2334 558 2370 ctorem,
569 2329 733 2362 occasione
751 2328 906 2361 dictarum
920 2338 1097 2369 causarum,
1106 2328 1169 2361 suis

430 2382 551 2416 iniustis
576 2388 606 2415 et
629 2382 772 2415 invalidis
798 2382 932 2416 decretis
950 2392 985 2414 ac
1005 2381 1168 2424 mandatis,

430 2439 536 2469 contra
564 2435 791 2469 immunitatem
815 2439 845 2469 et
868 2435 1044 2469 libertatem
1069 2435 1169 2468 eccle-

430 2488 584 2521 siasticam
603 2489 768 2531 attentatis⁷
786 2488 1035 2522 iurisdictionem
1051 2487 1170 2532 pariter

431 2542 683 2583 ecclesiasticam,
695 2547 725 2575 et
738 2547 863 2575 sanctae
872 2541 960 2575 Sedis
973 2541 1170 2586 Apostolicae

430 2595 611 2628 officialium
635 2596 797 2636 violando,
823 2594 1022 2639 impediendo
1047 2599 1077 2627 et
1099 2604 1171 2639 per-

469 2660 478 2685 t
497 2658 567 2687 Edit.
584 2658 664 2686 Main-
680 2658 745 2694 legit
762 2659 956 2686 inchoandum
970 2659 1008 2694 (R.
1025 2658 1074 2693 T.).

1016 252 1194 277 nULLAan
1219 252 1372 277 ROMANUM

1198 301 1362 341 turbando,
1387 299 1558 343 procedere
1586 305 1882 343 praesumpserunt,
1907 304 1936 332 et

1197 354 1234 387 ad
1259 353 1410 399 quaedam
1436 353 1537 385 cidem
1555 352 1784 386 ecclesiasticae
1801 352 1936 386 libertati

1197 412 1226 440 et
1247 407 1435 440 immunitati
1457 417 1493 439 ac
1512 406 1609 450 ipsius
1634 405 1758 439 loannis
1783 404 1936 449 Baptistae

1197 461 1374 494 collectoris
1392 459 1570 493 auctoritati
1588 458 1722 492 maxime
1742 458 1938 492 adversantia

1196 514 1399 555 devenerunt,
1417 523 1473 557 per
1497 523 1587 556 quae,
1606 512 1687 545 inter
1707 511 1776 552 alia,
1793 511 1939 544 decreve-

1196 572 1279 607 runt,
1297 572 1330 600 ut
1346 567 1447 599 dictus
1464 565 1589 600 auditor
1605 570 1782 610 caperetur,
1797 574 1814 597 e
1831 565 1938 607 regnis

1196 620 1363 664 praedictis
1391 618 1620 664 expelleretur,
1650 618 1813 663 ipsiusque
1836 618 1938 658 bona,

1197 673 1289 706 etiarn
1309 673 1565 717 temporalitatcs,
1586 675 1870 716 sequestrai·entu1·;
1886 681 1940 704 un-

1196 727 1244 767 de,
1259 727 1290 759 in
1308 727 1368 759 vim
1388 727 1572 760 eorumdem
1590 726 1801 766 decretorum,
1815 735 1871 758 seu
1887 724 1941 757 ali-

1197 781 1285 813 cuius
1299 791 1419 822 eorum,
1434 780 1581 814 satellites
1597 779 1727 813 domum
1744 779 1844 822 ipsius
1856 779 1941 812 loan-

1196 834 1244 866 nis
1263 834 1418 877 Baptistae
1439 833 1627 873 eollectoris,
1645 832 1728 865 illius
1752 831 1940 865 salutaribus

1198 886 1325 920 monitis
1345 891 1463 919 temere
1483 886 1682 929 contemptis,
1703 885 1836 928 ingressi
1859 890 1939 925 sunt,

1198 939 1365 972 sententias
1382 939 1714 972 excommunicationis
1738 943 1769 971 et
1792 938 1868 971 alias
1892 949 1940 971 ee-

1197 991 1387 1024 clesiasticas
1404 1001 1553 1024 censuras
1570 996 1600 1023 et
1616 1001 1742 1034 poenas,
1762 992 1850 1034 gravi
1867 1002 1939 1025 cum

1198 1045 1344 1078 scandalo
1368 1044 1464 1077 totius
1488 1043 1621 1077 civitatis
1645 1054 1680 1076 ae
1705 1043 1827 1076 divinae
1844 1045 1940 1078 maie-

1198 1098 1286 1131 statis
1310 1098 1429 1131 offensa
1455 1098 1603 1141 graviori,
1629 1097 1828 1131 incurrendo.

1243 1153 1257 1195 ἓ
1281 1152 1310 1185 02.
1335 1152 1547 1191 Quamobrem
1562 1162 1629 1192 nos,
1643 1152 1696 1196 qui
1718 1152 1749 1184 in
1767 1151 1845 1185 Sede
1858 1152 1939 1185 beati

1199 1205 1282 1238 Petri
1307 1215 1497 1248 quamquam
1524 1204 1673 1238 immeriti
1697 1215 1715 1237 a
1739 1204 1872 1238 Domino
1889 1215 1941 1249 po-

1199 1259 1249 1292 siti
1267 1270 1385 1299 sumus,
1402 1269 1441 1292 ne
1465 1270 1612 1293 excessus
1634 1259 1814 1293 huiusmodi
1834 1269 1869 1293 ac
1893 1269 1942 1292 ec-

1200 1314 1392 1347 clesiasticae
1416 1312 1570 1347 libertatis
1592 1315 1624 1346 'et
1648 1313 1854 1346 immunitatis
1878 1318 1940 1346 tam

1200 1366 1340 1399 enormis
1364 1366 1492 1399 violatio
1517 1365 1731 1399 dissimuletur
1751 1371 1782 1398 et
1805 1369 1941 1399 transeat

1201 1419 1232 1451 in
1249 1419 1439 1463 exemplum,
1457 1429 1515 1462 pro
1534 1424 1643 1452 nostro
1662 1418 1828 1462 pastoralis
1848 1418 1940 1452 officii

1202 1472 1317 1514 debito,
1335 1472 1512 1517 providere,
1532 1477 1563 1505 et
1583 1472 1739 1505 malorum
1760 1472 1942 1515 graviorum

1202 1531 1340 1569 segetem
1365 1530 1395 1558 et
1415 1525 1564 1566 radicem,
1586 1530 1739 1569 quantum
1755 1535 1773 1557 a
1789 1525 1853 1558 Deo
1874 1535 1944 1569 per-

1202 1579 1347 1619 mittitur,
1360 1580 1469 1612 nostra
1482 1579 1667 1611 auctoritate
1680 1577 1852 1622 apostolica
1865 1578 1945 1611 evel-

1201 1632 1266 1665 lere
1290 1632 1439 1671 volentes,
1465 1636 1551 1664 motu
1576 1631 1718 1675 proprio,
1736 1630 1861 1664 non'ad
1881 1630 1940 1663 ali-

1202 1686 1291 1719 cuius
1315 1685 1405 1718 nobis
1429 1695 1525 1728 super
1550 1685 1609 1718 lioc
1633 1685 1754 1718 oblatae
1785 1683 1944 1728 petitionis

1202 1739 1390 1781 instantiam,
1409 1739 1463 1772 sed
1480 1750 1514 1772 ex
1537 1741 1622 1772 certa
1641 1739 1771 1772 scientia
1795 1749 1831 1771 ac
1854 1739 1943 1771 mera

1201 1793 1426 1826 deliberatione
1458 1793 1594 1833 nostris,
1619 1792 1720 1836 deque
1753 1791 1944 1836 apostolieae

1201 1846 1364 1890 potestatis
1393 1846 1604 1890 plenitudine,
1629 1845 1733 1878 omnia
1763 1849 1792 1877 et
1822 1844 1945 1887 singula

1201 1900 1373 1944 praemissa
1387 1910 1404 1932 a
1416 1899 1585 1943 praedictis
1601 1899 1757 1932 dictorum
1772 1908 1944 1941 regnorum

1202 1953 1358 1987 iudicibus
1391 1952 1605 1994 secularibus,
1639 1952 1732 1985 etiam
1764 1951 1922 1995 supremis
1936 1977 1944 1992 ‚

1202 2017 1403 2052 quocumque
1420 2007 1556 2047 nomine,
1574 2007 1664 2040 titulo
1681 2011 1710 2039 et
1725 2006 1945 2051 praerogativa

1202 2066 1232 2093 ct
1256 2061 1357 2103 gradu
1381 2060 1566 2103 insignibus,
1592 2059 1624 2091 in
1649 2059 1750 2092 causis
1774 2058 1944 2102 praedictis

1203 2119 1232 2147 et
1243 2124 1352 2147 earum
1366 2113 1530 2147 occasione
1544 2118 1653 2146 contra
1663 2112 1780 2145 dictum
1794 2112 1944 2145 loannem

1202 2167 1370 2211 Baptistam
1388 2167 1601 2206 collectorem,
1618 2166 1748 2209 eiusque
1768 2165 1943 2198 auditorem

1203 2232 1259 2254 seu
1282 2221 1470 2264 delegatum,
1489 2220 1647 2262 officiales,
1668 2219 1838 2261 ministros,
1857 2219 1945 2252 sami-

1202 2274 1296 2307 liares
1315 2278 1345 2308 et
1369 2274 1461 2314 bona,
1485 2283 1685 2318 quocumque
1708 2277 1871 2317 praetextu
1895 2271 1942 2304 vel

1203 2328 1345 2372 quaesito
1373 2328 1500 2369 colore,
1530 2326 1767 2371 quomodolibet
1795 2326 1942 2366 decreta,

1204 2381 1358 2423 mandata,
1373 2386 1450 2421 acta,
1468 2380 1557 2422 sacta,
1576 2379 1727 2420 ordinata,
1741 2373 1852 2413 et'sive
1865 2378 1943 2412 scri-

1202 2434 1280 2478 ptis,
1306 2434 1370 2467 sive
1394 2433 1499 2466 verbis
1523 2433 1761 2477 quomodolibet
1785 2436 1942 2472 attentata,

1204 2498 1284 2531 quae
1300 2487 1405 2521 omnia
1419 2492 1448 2520 et
1464 2487 1586 2530 singula
1600 2486 1817 2530 praesentibus
1832 2485 1942 2518 haberi

1204 2541 1349 2574 volumus
1380 2551 1438 2584 pro
1463 2541 1640 2584 expressis,
1662 2540 1765 2581 nulla,
1789 2538 1941 2579 invalida,

1206 2594 1294 2627 irrita
1311 2599 1342 2627 et
1366 2594 1478 2636 inania,
1496 2603 1531 2626 ac
1555 2593 1695 2634 nulliter,
1711 2592 1854 2634 invalide,
1877 2592 1942 2624 ina-

1205 2648 1296 2689 niter,
1322 2653 1351 2681 et
1375 2647 1413 2679 de
1438 2647 1518 2680 sacto
1543 2652 1652 2681 contra
1676 2656 1782 2680 sacros
1799 2655 1943 2685 canones,

1951 251 1999 277 An.
2016 250 2044 278 (l.
2068 251 2134 279 ¹625

1997 1165 2089 1187 irritatio
2104 1166 2139 1186 de·

1955 1194 2081 1216 cretarum,
2112 1193 2139 1213 «le

1955 1218 2032 1244 quibus
2060 1220 2079 1240 in
2106 1225 2139 1239 ru-

1955 1245 2023 1266 brien.
