2269 3235
932 238 1032 263 mnnx
1055 237 1163 262 aunum
1707 225 1770 258 683

285 293 480 337 Augustinus
503 292 686 327 Mascardus
711 292 888 327 rhetoricae
914 292 1074 336 professor
1098 293 1129 324 in
1154 288 1304 335 pubblico
1326 287 1420 322 Urbis
1444 287 1618 331 gymnasio,
1644 286 1708 320 638
1735 297 1765 319 α,

286 347 472 382 Aulicorum
496 348 737 381 confraternitas
762 346 879 380 Romae
905 347 1055 386 instituta,
1082 345 1144 378 236
1169 344 1197 382 b,
1226 343 1295 375 vide
1319 342 1576 375 Confraternitas.

285 399 362 435 Avis
387 401 453 444 (de)
479 401 589 435 militia
615 400 644 433 S.
671 400 851 442 Benedicti,
877 398 948 432 vide
973 397 1110 431 Militiae.

1035 557 1057 589 B

284 721 437 756 Baronius
462 719 575 765 (card.)
601 716 821 760 Caesaryride
845 715 970 750 Cacsar.

283 774 442 808 Bellorum
466 772 617 807 tumultus
641 780 698 815 per
720 770 890 814 Europam,
917 770 979 803 305
1006 768 1037 805 b:
1063 769 1204 812 ipsorum
1228 767 1393 801 occasione
1413 765 1583 809 pubblicae
1609 775 1721 809 preces
1741 767 1820 801 iudi-

372 831 495 867 cuntur⁷
521 826 584 859 306
609 836 639 858 ιι.

282 880 448 915 Benedicti
474 880 531 923 (S.)
559 878 598 912 de
625 879 702 912 Avis
726 878 849 919 militia,
874 876 946 910 vide
969 875 1111 910 Militiae.

282 933 498 967 Benedictinis
523 932 700 973 mandatur,
726 935 760 965 ut
783 930 903 964 missali
931 939 968 963 ac
992 929 1153 962 breviario
1170 936 1188 961 a
1204 927 1301 961 Paulo
1318 927 1344 961 V
1362 925 1544 970 approbatis
1561 930 1697 967 utantur,
1715 926 1776 959 455
1794 926 1820 959 b.

283 987 498 1031 BerIIngerius
523 989 692 1031 episcopus
717 985 939 1025 Ariminensis,
966 984 1028 1017 268
1055 994 1087 1017 α.
1114 983 1142 1019 A
1165 982 1334 1015 FrancIsco
1364 980 1475 1013 Urbini
1501 981 1581 1014 duco
1607 981 1739 1013 ducatus
1763 990 1821 1022 gu-

370 1040 521 1074 bernator
549 1040 737 1083 deputatur,
764 1037 842 1071 ibid.
868 1038 904 1071 Ei
930 1037 1138 1070 committitur
1160 1035 1200 1069 ab
1225 1035 1352 1069 Urbano
1379 1035 1445 1068 Vlll
1472 1038 1505 1068 ut
1530 1036 1699 1067 eveniente
1730 1034 1820 1067 ducIs

372 1093 469 1135 obitu,
484 1094 617 1127 ducatus
642 1092 875 1136 possessionem
893 1090 984 1124 SedIs
1001 1089 1202 1135 Apostolicae
1229 1090 1356 1123 nomine
1382 1090 1495 1133 capiat,
1524 1088 1586 1121 268
1603 1088 1629 1121 b.
1655 1088 1819 1121 luramen-

370 1152 501 1193 tumque
526 1147 685 1181 fidelitatis
710 1147 852 1190 recipiat,
879 1146 941 1180 269
967 1156 998 1178 a.

282 1201 463 1236 Bernardus
485 1201 630 1246 (S.)‚385
657 1201 683 1233 b.
709 1200 785 1234 Eius
811 1200 924 1233 festum
949 1198 1107 1233 celebrari
1131 1199 1172 1233 de
1196 1201 1368 1244 praecepto
1389 1199 1421 1231 in
1438 1197 1587 1231 dominiis
1612 1195 1821 1240 Reipublicae

371 1256 551 1289 Genuensis
577 1255 685 1288 statuit
708 1252 853 1286 Urbanus
877 1252 956 1295 vul,
984 1252 1061 1286 ibid.

283 1308 499 1343 Bibliothecae
524 1309 657 1342 fratrum
681 1307 950 1346 Praedicatorum,
976 1306 1039 1339 448
1066 1306 1096 1345 b;
1123 1307 1255 1340 vetitum
1280 1315 1320 1339 ne
1348 1314 1388 1338 ex
1422 1307 1460 1339 iis
1492 1304 1565 1338 libri
1598 1304 1820 1343 extrahantur,

369 1362 448 1396 ibid.
472 1362 590 1396 Similis
622 1361 791 1406 prothitio
824 1371 880 1405 pro
911 1359 1105 1394 bibliotheca
1130 1359 1293 1394 Genuensi
1317 1359 1519 1394 Minimorum
1544 1360 1574 1393 S.
1599 1359 1757 1393 Francisci
1783 1358 1822 1391 de

370 1416 485 1458 Paula,
512 1416 573 1450 283
599 1426 628 1448 a.

262 1467 428 1504 ’Boemiae
453 1471 545 1513 regni
569 1469 780 1511 calamitates,
806 1469 867 1502 551
895 1479 923 1502 α.
950 1468 1126 1512 Collegium
1157 1467 1280 1512 Pragae
1306 1472 1448 1502 erectum
1480 1478 1535 1511 pro
1565 1465 1821 1501 adolescentibus

371 1522 555 1565 Germanis,
581 1523 641 1556 551
670 1522 696 1555 b.

283 1576 523 1610 Bonaventurae
552 1575 611 1620 (S.)
643 1575 818 1618 Collegium
850 1576 980 1609 fratrum
1010 1575 1167 1609 Minorum
1199 1575 1463 1609 Conventualium
1493 1575 1613 1618 Pragao
1645 1575 1821 1608 institutum

371 1630 575 1662 confirmatur
599 1628 659 1662 sub
683 1630 811 1661 nomine
837 1628 867 1661 S.
893 1628 1021 1662 Antonii
1045 1629 1086 1663 de
1109 1629 1226 1670 Padua‚
1253 1630 1315 1662 367
1342 1629 1368 1661 b.

281 1683 440 1716 Bononiae
466 1682 677 1716 ecclesiastici
701 1686 766 1716 tum
792 1682 954 1716 seculares
979 1685 1044 1716 tum
1068 1682 1235 1725 regulares
1260 1682 1299 1716 ad
1325 1692 1422 1716 onera
1447 1686 1477 1716 et
1501 1682 1669 1725 vectigalia
1694 1680 1822 1725 publica

370 1746 561 1770 concurrere
587 1735 713 1778 debent,
740 1736 801 1769 154
827 1746 847 1768 α
871 1738 901 1769 et
925 1735 961 1775 b;
987 1737 1191 1779 excipiuntur
1215 1736 1332 1770 milites
1358 1736 1388 1770 S.
1414 1736 1540 1769 Ioannis
1565 1734 1822 1778 Hierosolymita-

370 1790 425 1830 nii,
451 1789 513 1823 154
538 1800 559 1822 a
583 1793 615 1823 et
638 1789 700 1822 155
727 1800 756 1822 α.

282 1843 473 1877 Bononiensi
498 1843 603 1887 legato
627 1845 675 1877 ius
699 1847 856 1878 assertum
881 1853 978 1888 super
1001 1852 1088 1877 arma
1113 1852 1190 1877 suae
1215 1843 1409 1886 provinciae,
1435 1843 1499 1875 189
1520 1853 1548 1875 a.

282 1897 490 1932 Bononiensis
514 1898 701 1932 commenda
725 1898 891 1942 hospitalis
907 1898 936 1931 S.
954 1898 1080 1931 Ioannis
1105 1897 1385 1941 Hierosolymitani
1403 1899 1535 1939 erigitur
1553 1898 1584 1930 in
1602 1896 1820 1937 baiulivatum,

371 1953 544 1995 prioratum
569 1952 835 1995 nuncupandum,
863 1952 903 1985 92
928 1951 955 1984 b.
981 1956 1011 1985 et
1035 1962 1096 1996 seq.

282 2003 398 2038 Bormii
423 2007 605 2047 comitatus,
630 2005 727 2038 Vallis
752 2005 892 2038 Tellinae
918 2009 948 2039 et
972 2005 1082 2049 oppidi
1113 2005 1317 2040 Chiavennae
1343 2005 1581 2049 propugnacula
1613 2006 1644 2038 in
1673 2003 1820 2038 manibus

370 2058 462 2091 SedIs
485 2059 686 2102 Apostohcao
713 2058 801 2092 titulo
824 2059 960 2102 depositi
991 2061 1197 2102 consignata,
1225 2060 1286 2093 424
1313 2070 1349 2101 a,
1376 2060 1438 2093 483
1464 2059 1496 2099 h3
1523 2059 1640 2092 deindo
1672 2060 1742 2101 regi
1768 2067 1820 2092 ca-

369 2112 484 2146 tholico
509 2115 669 2154 restituta,
696 2114 758 2146 609
785 2113 810 2146 h.
1796 2105 1801 2107 .

280 2166 534 2200 Brittonoriensis
559 2167 710 2209 Ecclesia,
735 2168 797 2200 524
822 2178 850 2208 a,
876 2166 1029 2200 nonnulla
1054 2170 1156 2200 castra
1181 2167 1209 2199 ei
1235 2170 1364 2207 asserta,
1390 2165 1469 2199 ibid.

281 2219 487 2263 Bulgarorum
512 2221 730 2255 adolescentes
754 2230 811 2254 sex
837 2230 894 2265 per
919 2222 1206 2263 eleemosynarmm
1232 2224 1387 2254 secretum
1415 2220 1575 2253 I'ontilicis
1600 2221 1630 2252 in
1659 2218 1740 2252 Urbe
1768 2228 1820 2252 su-

371 2274 600 2316 stentabantur,
627 2275 689 2308 544
714 2286 750 2315 α;
776 2275 983 2309 admittuntur
1007 2277 1038 2309 in
1064 2274 1197 2318 collegio
1221 2274 1420 2318 lllssricorum
1441 2273 1590 2315 Lauren,
1620 2272 1697 2306 ibid.

282 2327 371 2361 Bulla
395 2327 573 2371 cruciatae,
598 2328 671 2362 ride
695 2329 872 2363 Cruciatae.

281 2381 370 2415 Bulla
394 2383 426 2415 in
451 2381 556 2416 Coena
579 2382 715 2425 Domini,
739 2384 801 2417 530
828 2384 845 2416 b
870 2387 899 2417 et
923 2394 984 2427 seq.
1010 2383 1153 2417 Facultas
1178 2381 1365 2416 absolvendi
1390 2392 1407 2415 a
1432 2381 1557 2415 casibus
1583 2382 1613 2414 in
1640 2380 1692 2414 illa
1716 2389 1821 2414 reser-

369 2436 450 2468 vatis
475 2445 536 2468 non
561 2436 644 2470 cadit
669 2438 700 2469 in
726 2438 934 2480 suspensione
961 2436 1144 2469 facultatum
1169 2438 1337 2469 occasione
1363 2437 1436 2469 anni
1462 2436 1573 2476 sancti,
1596 2435 1659 2468 328
1684 2445 1713 2467 α.

281 2488 513 2522 Bursfeldensis
538 2489 800 2533 Congregatiouis
824 2490 956 2524 Ordinis
980 2490 1009 2522 S.
1036 2490 1198 2524 Benedicti
1225 2491 1430 2525 seminarIum
1457 2489 1606 2522 Coloniae
1631 2490 1819 2529 institutum,

372 2542 434 2576 485
459 2552 479 2576 a
503 2546 532 2576 et
556 2553 617 2586 seq.
