<?xml version="1.0" encoding="UTF-8"?>
<!DOCTYPE html PUBLIC "-//W3C//DTD XHTML 1.0 Transitional//EN"
    "http://www.w3.org/TR/xhtml1/DTD/xhtml1-transitional.dtd">
<html xmlns="http://www.w3.org/1999/xhtml" xml:lang="en" lang="en">
 <head>
  <title>
</title>
<meta http-equiv="Content-Type" content="text/html;charset=utf-8" />
  <meta name='ocr-system' content='tesseract 3.04.00' />
  <meta name='ocr-capabilities' content='ocr_page ocr_carea ocr_par ocr_line ocrx_word'/>
</head>
<body>
  <div class='ocr_page' id='page_1' title='image "./bullarumdiplomat13cath_0709.png"; bbox 0 0 2269 3235; ppageno 0'>
   <div class='ocr_carea' id='block_1_1' title="bbox 129 228 314 258">
    <p class='ocr_par' dir='ltr' id='par_1_1' title="bbox 129 228 314 258">
     <span class='ocr_line' id='line_1_1' title="bbox 129 228 314 258; baseline -0.011 0"><span class='ocrx_word' id='word_1_1' title='bbox 129 231 180 258; x_wconf 73' lang='lat' dir='ltr'>An.</span> <span class='ocrx_word' id='word_1_2' title='bbox 201 230 231 258; x_wconf 87' lang='lat' dir='ltr'>G.</span> <span class='ocrx_word' id='word_1_3' title='bbox 247 228 314 257; x_wconf 84' lang='lat'><strong>1628</strong></span> 
     </span>
    </p>
   </div>
   <div class='ocr_carea' id='block_1_2' title="bbox 130 502 314 604">
    <p class='ocr_par' dir='ltr' id='par_1_2' title="bbox 130 502 314 604">
     <span class='ocr_line' id='line_1_2' title="bbox 169 502 313 524; baseline -0.014 0"><span class='ocrx_word' id='word_1_4' title='bbox 169 503 199 524; x_wconf 79' lang='lat' dir='ltr'>De</span> <span class='ocrx_word' id='word_1_5' title='bbox 215 502 313 524; x_wconf 59' lang='lat' dir='ltr'>tratribuz</span> 
     </span>
     <span class='ocr_line' id='line_1_3' title="bbox 130 530 313 556; baseline -0.011 -5"><span class='ocrx_word' id='word_1_6' title='bbox 130 530 216 551; x_wconf 74' lang='lat' dir='ltr'>Romam</span> <span class='ocrx_word' id='word_1_7' title='bbox 243 530 313 556; x_wconf 79' lang='lat' dir='ltr'>alique</span> 
     </span>
     <span class='ocr_line' id='line_1_4' title="bbox 131 556 314 582; baseline -0.005 -5"><span class='ocrx_word' id='word_1_8' title='bbox 131 556 169 577; x_wconf 79' lang='lat' dir='ltr'>sub</span> <span class='ocrx_word' id='word_1_9' title='bbox 205 558 314 582; x_wconf 72' lang='lat' dir='ltr'>praetextu</span> 
     </span>
     <span class='ocr_line' id='line_1_5' title="bbox 132 583 270 604; baseline 0 -2"><span class='ocrx_word' id='word_1_10' title='bbox 132 583 270 604; x_wconf 79' lang='lat' dir='ltr'>venientibus.</span> 
     </span>
    </p>
   </div>
   <div class='ocr_carea' id='block_1_3' title="bbox 132 872 316 1080">
    <p class='ocr_par' dir='ltr' id='par_1_3' title="bbox 132 872 316 1080">
     <span class='ocr_line' id='line_1_6' title="bbox 168 872 315 895; baseline -0.02 0"><span class='ocrx_word' id='word_1_11' title='bbox 168 874 206 895; x_wconf 82' lang='lat' dir='ltr'>Hic</span> <span class='ocrx_word' id='word_1_12' title='bbox 220 872 315 894; x_wconf 80' lang='lat' dir='ltr'>Pontifex</span> 
     </span>
     <span class='ocr_line' id='line_1_7' title="bbox 133 901 314 927; baseline -0.017 -6"><span class='ocrx_word' id='word_1_13' title='bbox 133 901 249 927; x_wconf 79' lang='lat' dir='ltr'>praemissa</span> <span class='ocrx_word' id='word_1_14' title='bbox 272 904 314 919; x_wconf 82' lang='lat' dir='ltr'>oni—</span> 
     </span>
     <span class='ocr_line' id='line_1_8' title="bbox 133 926 314 952; baseline -0.017 -5"><span class='ocrx_word' id='word_1_15' title='bbox 133 927 167 948; x_wconf 82' lang='lat' dir='ltr'>nia</span> <span class='ocrx_word' id='word_1_16' title='bbox 183 926 314 952; x_wconf 72' lang='lat' dir='ltr'>praeinserta</span> 
     </span>
     <span class='ocr_line' id='line_1_9' title="bbox 133 954 315 978; baseline -0.011 -5"><span class='ocrx_word' id='word_1_17' title='bbox 133 955 153 974; x_wconf 80' lang='lat' dir='ltr'>et</span> <span class='ocrx_word' id='word_1_18' title='bbox 161 954 271 978; x_wconf 75' lang='lat' dir='ltr'>acceptata</span> <span class='ocrx_word' id='word_1_19' title='bbox 279 957 315 976; x_wconf 81' lang='lat' dir='ltr'>ap-</span> 
     </span>
     <span class='ocr_line' id='line_1_10' title="bbox 134 980 314 1005; baseline -0.011 -5"><span class='ocrx_word' id='word_1_20' title='bbox 134 980 225 1005; x_wconf 75' lang='lat' dir='ltr'>probat,</span> <span class='ocrx_word' id='word_1_21' title='bbox 250 981 314 1004; x_wconf 82' lang='lat' dir='ltr'>atque</span> 
     </span>
     <span class='ocr_line' id='line_1_11' title="bbox 133 1005 315 1027; baseline -0.016 0"><span class='ocrx_word' id='word_1_22' title='bbox 133 1005 241 1027; x_wconf 76' lang='lat' dir='ltr'>confirmat</span> <span class='ocrx_word' id='word_1_23' title='bbox 269 1010 315 1025; x_wconf 81' lang='lat' dir='ltr'>enin</span> 
     </span>
     <span class='ocr_line' id='line_1_12' title="bbox 132 1032 316 1058; baseline -0.005 -5"><span class='ocrx_word' id='word_1_24' title='bbox 132 1032 316 1058; x_wconf 79' lang='lat' dir='ltr'>snppleiuentodc-</span> 
     </span>
     <span class='ocr_line' id='line_1_13' title="bbox 133 1059 231 1080; baseline 0.01 -1"><span class='ocrx_word' id='word_1_25' title='bbox 133 1059 231 1080; x_wconf 76' lang='lat' dir='ltr'>tectuum.</span> 
     </span>
    </p>
   </div>
   <div class='ocr_carea' id='block_1_4' title="bbox 327 225 1094 2505">
    <p class='ocr_par' dir='ltr' id='par_1_4' title="bbox 327 225 1072 475">
     <span class='ocr_line' id='line_1_14' title="bbox 931 225 1072 250; baseline 0 -1"><span class='ocrx_word' id='word_1_26' title='bbox 931 225 1072 250; x_wconf 68' lang='lat' dir='ltr'>nummis</span> 
     </span>
     <span class='ocr_line' id='line_1_15' title="bbox 328 273 1065 319; baseline -0.005 -9"><span class='ocrx_word' id='word_1_27' title='bbox 328 275 551 310; x_wconf 87' lang='lat' dir='ltr'>obedientiales</span> <span class='ocrx_word' id='word_1_28' title='bbox 566 285 623 319; x_wconf 89' lang='lat' dir='ltr'>pro</span> <span class='ocrx_word' id='word_1_29' title='bbox 638 274 698 308; x_wconf 87' lang='lat' dir='ltr'>loci</span> <span class='ocrx_word' id='word_1_30' title='bbox 717 274 887 307; x_wconf 74' lang='lat' dir='ltr'>mutatione</span> <span class='ocrx_word' id='word_1_31' title='bbox 907 273 981 307; x_wconf 88' lang='lat' dir='ltr'>dare</span> <span class='ocrx_word' id='word_1_32' title='bbox 998 284 1065 317; x_wconf 89' lang='lat' dir='ltr'>pcr-</span> 
     </span>
     <span class='ocr_line' id='line_1_16' title="bbox 327 321 1063 373; baseline -0.005 -10"><span class='ocrx_word' id='word_1_33' title='bbox 327 329 431 363; x_wconf 86' lang='lat' dir='ltr'>tineat.</span> <span class='ocrx_word' id='word_1_34' title='bbox 457 329 494 362; x_wconf 89' lang='lat' dir='ltr'>Et</span> <span class='ocrx_word' id='word_1_35' title='bbox 520 329 603 373; x_wconf 87' lang='lat' dir='ltr'>quod</span> <span class='ocrx_word' id='word_1_36' title='bbox 621 329 645 362; x_wconf 91' lang='lat' dir='ltr'>si</span> <span class='ocrx_word' id='word_1_37' title='bbox 662 328 737 372; x_wconf 87' lang='lat' dir='ltr'>quid</span> <span class='ocrx_word' id='word_1_38' title='bbox 759 321 850 360; x_wconf 82' lang='lat' dir='ltr'>aliter</span> <span class='ocrx_word' id='word_1_39' title='bbox 867 328 980 360; x_wconf 85' lang='lat' dir='ltr'>sactum</span> <span class='ocrx_word' id='word_1_40' title='bbox 999 327 1063 359; x_wconf 87' lang='lat' dir='ltr'>sue-</span> 
     </span>
     <span class='ocr_line' id='line_1_17' title="bbox 327 380 1065 424; baseline -0.005 -8"><span class='ocrx_word' id='word_1_41' title='bbox 327 383 378 424; x_wconf 90' lang='lat' dir='ltr'>rit,</span> <span class='ocrx_word' id='word_1_42' title='bbox 393 388 448 416; x_wconf 84' lang='lat' dir='ltr'>aut</span> <span class='ocrx_word' id='word_1_43' title='bbox 473 387 624 416; x_wconf 87' lang='lat' dir='ltr'>tentatum</span> <span class='ocrx_word' id='word_1_44' title='bbox 648 386 757 415; x_wconf 87' lang='lat' dir='ltr'>contra</span> <span class='ocrx_word' id='word_1_45' title='bbox 774 380 954 424; x_wconf 87' lang='lat' dir='ltr'>praemissa,</span> <span class='ocrx_word' id='word_1_46' title='bbox 975 380 1065 412; x_wconf 92' lang='lat' dir='ltr'>inane</span> 
     </span>
     <span class='ocr_line' id='line_1_18' title="bbox 328 435 846 475; baseline -0.008 -5"><span class='ocrx_word' id='word_1_47' title='bbox 328 441 358 471; x_wconf 88' lang='lat' dir='ltr'>et</span> <span class='ocrx_word' id='word_1_48' title='bbox 381 436 505 469; x_wconf 91' lang='lat' dir='ltr'>irritum</span> <span class='ocrx_word' id='word_1_49' title='bbox 531 445 598 469; x_wconf 86' lang='lat' dir='ltr'>esse</span> <span class='ocrx_word' id='word_1_50' title='bbox 622 435 816 468; x_wconf 76' lang='lat' dir='ltr'>decernatur.</span> <span class='ocrx_word' id='word_1_51' title='bbox 835 464 846 475; x_wconf 67' lang='grc'><strong>,</strong></span> 
     </span>
    </p>

    <p class='ocr_par' dir='ltr' id='par_1_5' title="bbox 330 485 1069 849">
     <span class='ocr_line' id='line_1_19' title="bbox 374 485 1065 533; baseline -0.006 -11"><span class='ocrx_word' id='word_1_52' title='bbox 374 490 388 533; x_wconf 64' lang='grc' dir='ltr'><strong>ἓ</strong></span> <span class='ocrx_word' id='word_1_53' title='bbox 407 490 435 523; x_wconf 79' lang='grc'>9.</span> <span class='ocrx_word' id='word_1_54' title='bbox 462 489 499 521; x_wconf 87' lang='lat' dir='ltr'>Et</span> <span class='ocrx_word' id='word_1_55' title='bbox 515 488 607 532; x_wconf 90' lang='lat' dir='ltr'>quod,</span> <span class='ocrx_word' id='word_1_56' title='bbox 626 488 664 520; x_wconf 90' lang='lat' dir='ltr'>ad</span> <span class='ocrx_word' id='word_1_57' title='bbox 680 497 805 521; x_wconf 90' lang='lat' dir='ltr'>omnem</span> <span class='ocrx_word' id='word_1_58' title='bbox 824 485 955 528; x_wconf 77' lang='lat' dir='ltr'>vagandi</span> <span class='ocrx_word' id='word_1_59' title='bbox 975 496 1065 519; x_wconf 89' lang='lat' dir='ltr'>occa-</span> 
     </span>
     <span class='ocr_line' id='line_1_20' title="bbox 330 539 1066 581; baseline -0.008 -6"><span class='ocrx_word' id='word_1_60' title='bbox 330 542 449 576; x_wconf 77' lang='lat' dir='ltr'>sionem</span> <span class='ocrx_word' id='word_1_61' title='bbox 473 541 652 581; x_wconf 84' lang='lat' dir='ltr'>tollendam,</span> <span class='ocrx_word' id='word_1_62' title='bbox 677 540 781 572; x_wconf 88' lang='lat' dir='ltr'>nullus</span> <span class='ocrx_word' id='word_1_63' title='bbox 807 539 904 571; x_wconf 85' lang='lat' dir='ltr'>frater</span> <span class='ocrx_word' id='word_1_64' title='bbox 933 549 1066 581; x_wconf 82' lang='lat' dir='ltr'>congre-</span> 
     </span>
     <span class='ocr_line' id='line_1_21' title="bbox 330 591 1065 639; baseline -0.008 -10"><span class='ocrx_word' id='word_1_65' title='bbox 330 595 464 639; x_wconf 81' lang='lat' dir='ltr'>gationis</span> <span class='ocrx_word' id='word_1_66' title='bbox 483 596 614 628; x_wconf 82' lang='lat' dir='ltr'>Romam</span> <span class='ocrx_word' id='word_1_67' title='bbox 642 597 749 638; x_wconf 90' lang='lat' dir='ltr'>petere</span> <span class='ocrx_word' id='word_1_68' title='bbox 766 592 873 636; x_wconf 87' lang='lat' dir='ltr'>possit,</span> <span class='ocrx_word' id='word_1_69' title='bbox 894 591 987 624; x_wconf 87' lang='lat' dir='ltr'>etiam</span> <span class='ocrx_word' id='word_1_70' title='bbox 1008 592 1065 624; x_wconf 86' lang='lat' dir='ltr'>sub</span> 
     </span>
     <span class='ocr_line' id='line_1_22' title="bbox 330 645 1066 692; baseline -0.005 -11"><span class='ocrx_word' id='word_1_71' title='bbox 330 653 493 692; x_wconf 87' lang='lat' dir='ltr'>praetextu</span> <span class='ocrx_word' id='word_1_72' title='bbox 528 647 702 680; x_wconf 87' lang='lat' dir='ltr'>litterarum</span> <span class='ocrx_word' id='word_1_73' title='bbox 734 655 751 678; x_wconf 87' lang='lat' dir='ltr'>a</span> <span class='ocrx_word' id='word_1_74' title='bbox 784 645 891 689; x_wconf 89' lang='lat' dir='ltr'>priore</span> <span class='ocrx_word' id='word_1_75' title='bbox 928 645 1066 688; x_wconf 85' lang='lat' dir='ltr'>generali</span> 
     </span>
     <span class='ocr_line' id='line_1_23' title="bbox 331 698 1068 741; baseline -0.007 -6"><span class='ocrx_word' id='word_1_76' title='bbox 331 702 539 741; x_wconf 88' lang='lat' dir='ltr'>obtentarum,</span> <span class='ocrx_word' id='word_1_77' title='bbox 556 700 615 732; x_wconf 86' lang='lat' dir='ltr'>nisi</span> <span class='ocrx_word' id='word_1_78' title='bbox 640 698 854 732; x_wconf 77' lang='lat' dir='ltr'>consentiente</span> <span class='ocrx_word' id='word_1_79' title='bbox 879 698 994 731; x_wconf 78' lang='lat' dir='ltr'>vicario</span> <span class='ocrx_word' id='word_1_80' title='bbox 1019 709 1068 741; x_wconf 80' lang='lat' dir='ltr'>ge-</span> 
     </span>
     <span class='ocr_line' id='line_1_24' title="bbox 330 744 1069 796; baseline -0.007 -8"><span class='ocrx_word' id='word_1_81' title='bbox 330 754 429 788; x_wconf 89' lang='lat' dir='ltr'>nerali</span> <span class='ocrx_word' id='word_1_82' title='bbox 452 751 725 796; x_wconf 87' lang='lat' dir='ltr'>congregationis,</span> <span class='ocrx_word' id='word_1_83' title='bbox 751 756 781 784; x_wconf 88' lang='lat' dir='ltr'>et</span> <span class='ocrx_word' id='word_1_84' title='bbox 805 752 844 784; x_wconf 86' lang='lat' dir='ltr'>ab</span> <span class='ocrx_word' id='word_1_85' title='bbox 877 744 945 795; x_wconf 87' lang='lat' dir='ltr'>ipso</span> <span class='ocrx_word' id='word_1_86' title='bbox 976 751 1069 784; x_wconf 88' lang='lat' dir='ltr'>bene-</span> 
     </span>
     <span class='ocr_line' id='line_1_25' title="bbox 331 807 624 849; baseline -0.01 -8"><span class='ocrx_word' id='word_1_87' title='bbox 331 808 466 841; x_wconf 78' lang='lat' dir='ltr'>dictione</span> <span class='ocrx_word' id='word_1_88' title='bbox 489 807 624 849; x_wconf 73' lang='lat' dir='ltr'>accepta.</span> 
     </span>
    </p>

    <p class='ocr_par' dir='ltr' id='par_1_6' title="bbox 329 858 1094 2505">
     <span class='ocr_line' id='line_1_26' title="bbox 351 858 1069 903; baseline -0.001 -11"><span class='ocrx_word' id='word_1_89' title='bbox 351 889 357 895; x_wconf 82' lang='grc'>,</span> <span class='ocrx_word' id='word_1_90' title='bbox 374 859 452 903; x_wconf 52' lang='lat'>5110.</span> <span class='ocrx_word' id='word_1_91' title='bbox 465 859 540 892; x_wconf 88' lang='lat' dir='ltr'>Cum</span> <span class='ocrx_word' id='word_1_92' title='bbox 558 862 672 899; x_wconf 85' lang='lat' dir='ltr'>autem,</span> <span class='ocrx_word' id='word_1_93' title='bbox 690 858 770 891; x_wconf 87' lang='lat' dir='ltr'>sicut</span> <span class='ocrx_word' id='word_1_94' title='bbox 787 858 895 891; x_wconf 89' lang='lat' dir='ltr'>eadem</span> <span class='ocrx_word' id='word_1_95' title='bbox 916 858 1069 901; x_wconf 80' lang='lat' dir='ltr'>expositio</span> 
     </span>
     <span class='ocr_line' id='line_1_27' title="bbox 329 911 1068 955; baseline -0.001 -10"><span class='ocrx_word' id='word_1_96' title='bbox 329 912 549 954; x_wconf 79' lang='lat' dir='ltr'>subiungebat,</span> <span class='ocrx_word' id='word_1_97' title='bbox 572 911 677 944; x_wconf 88' lang='lat' dir='ltr'>omnia</span> <span class='ocrx_word' id='word_1_98' title='bbox 694 915 723 945; x_wconf 89' lang='lat' dir='ltr'>et</span> <span class='ocrx_word' id='word_1_99' title='bbox 747 911 868 954; x_wconf 84' lang='lat' dir='ltr'>singula</span> <span class='ocrx_word' id='word_1_100' title='bbox 885 911 1068 955; x_wconf 81' lang='lat' dir='ltr'>praemissa,</span> 
     </span>
     <span class='ocr_line' id='line_1_28' title="bbox 329 964 1069 1009; baseline -0.001 -11"><span class='ocrx_word' id='word_1_101' title='bbox 329 971 402 1009; x_wconf 89' lang='lat' dir='ltr'>post</span> <span class='ocrx_word' id='word_1_102' title='bbox 425 970 580 998; x_wconf 86' lang='lat' dir='ltr'>maturam</span> <span class='ocrx_word' id='word_1_103' title='bbox 605 964 842 1005; x_wconf 73' lang='lat' dir='ltr'>discussionem,</span> <span class='ocrx_word' id='word_1_104' title='bbox 859 970 921 997; x_wconf 88' lang='lat' dir='ltr'>tam</span> <span class='ocrx_word' id='word_1_105' title='bbox 939 965 977 997; x_wconf 90' lang='lat' dir='ltr'>ab</span> <span class='ocrx_word' id='word_1_106' title='bbox 1002 965 1069 1008; x_wconf 88' lang='lat' dir='ltr'>ipso</span> 
     </span>
     <span class='ocr_line' id='line_1_29' title="bbox 330 1017 1070 1063; baseline -0.003 -11"><span class='ocrx_word' id='word_1_107' title='bbox 330 1019 436 1063; x_wconf 89' lang='lat' dir='ltr'>priore</span> <span class='ocrx_word' id='word_1_108' title='bbox 453 1017 602 1062; x_wconf 84' lang='lat' dir='ltr'>generali,</span> <span class='ocrx_word' id='word_1_109' title='bbox 616 1029 710 1062; x_wconf 86' lang='lat' dir='ltr'>quam</span> <span class='ocrx_word' id='word_1_110' title='bbox 728 1019 876 1051; x_wconf 81' lang='lat' dir='ltr'>fratribus</span> <span class='ocrx_word' id='word_1_111' title='bbox 893 1019 1070 1051; x_wconf 84' lang='lat' dir='ltr'>reformatis</span> 
     </span>
     <span class='ocr_line' id='line_1_30' title="bbox 331 1072 1088 1116; baseline 0.001 -12"><span class='ocrx_word' id='word_1_112' title='bbox 331 1072 522 1112; x_wconf 91' lang='lat' dir='ltr'>huiusmodi,</span> <span class='ocrx_word' id='word_1_113' title='bbox 549 1082 606 1116; x_wconf 89' lang='lat' dir='ltr'>per</span> <span class='ocrx_word' id='word_1_114' title='bbox 630 1072 760 1105; x_wconf 86' lang='lat' dir='ltr'>modum</span> <span class='ocrx_word' id='word_1_115' title='bbox 785 1072 971 1104; x_wconf 78' lang='lat' dir='ltr'>concordiae</span> <span class='ocrx_word' id='word_1_116' title='bbox 996 1083 1088 1116; x_wconf 55' lang='lat' dir='ltr'>pro-¹</span> 
     </span>
     <span class='ocr_line' id='line_1_31' title="bbox 332 1124 1071 1168; baseline 0.003 -12"><span class='ocrx_word' id='word_1_117' title='bbox 332 1125 397 1157; x_wconf 88' lang='lat' dir='ltr'>visa</span> <span class='ocrx_word' id='word_1_118' title='bbox 413 1130 441 1158; x_wconf 89' lang='lat' dir='ltr'>et</span> <span class='ocrx_word' id='word_1_119' title='bbox 457 1130 615 1168; x_wconf 85' lang='lat' dir='ltr'>acceptata</span> <span class='ocrx_word' id='word_1_120' title='bbox 628 1125 754 1166; x_wconf 80' lang='lat' dir='ltr'>fuerint,</span> <span class='ocrx_word' id='word_1_121' title='bbox 772 1124 899 1168; x_wconf 85' lang='lat' dir='ltr'>ipseque</span> <span class='ocrx_word' id='word_1_122' title='bbox 916 1125 1004 1168; x_wconf 89' lang='lat' dir='ltr'>prior</span> <span class='ocrx_word' id='word_1_123' title='bbox 1021 1136 1071 1168; x_wconf 84' lang='lat' dir='ltr'>ge-</span> 
     </span>
     <span class='ocr_line' id='line_1_32' title="bbox 332 1178 1070 1222; baseline 0 -11"><span class='ocrx_word' id='word_1_124' title='bbox 332 1178 446 1211; x_wconf 89' lang='lat' dir='ltr'>neralis</span> <span class='ocrx_word' id='word_1_125' title='bbox 459 1179 630 1222; x_wconf 88' lang='lat' dir='ltr'>plurimum</span> <span class='ocrx_word' id='word_1_126' title='bbox 646 1178 750 1222; x_wconf 88' lang='lat' dir='ltr'>cupiat</span> <span class='ocrx_word' id='word_1_127' title='bbox 763 1178 870 1211; x_wconf 88' lang='lat' dir='ltr'>eadem</span> <span class='ocrx_word' id='word_1_128' title='bbox 888 1179 1070 1222; x_wconf 87' lang='lat' dir='ltr'>praemissa,</span> 
     </span>
     <span class='ocr_line' id='line_1_33' title="bbox 333 1232 1072 1276; baseline 0 -11"><span class='ocrx_word' id='word_1_129' title='bbox 333 1243 395 1276; x_wconf 87' lang='lat' dir='ltr'>quo</span> <span class='ocrx_word' id='word_1_130' title='bbox 412 1232 534 1265; x_wconf 86' lang='lat' dir='ltr'>firmius</span> <span class='ocrx_word' id='word_1_131' title='bbox 552 1232 732 1272; x_wconf 75' lang='lat' dir='ltr'>subsistant,</span> <span class='ocrx_word' id='word_1_132' title='bbox 750 1232 950 1275; x_wconf 79' lang='lat' dir='ltr'>exactiusque</span> <span class='ocrx_word' id='word_1_133' title='bbox 968 1232 1072 1265; x_wconf 87' lang='lat' dir='ltr'>obser-</span> 
     </span>
     <span class='ocr_line' id='line_1_34' title="bbox 332 1285 1071 1329; baseline 0 -11"><span class='ocrx_word' id='word_1_134' title='bbox 332 1291 453 1326; x_wconf 79' lang='lat' dir='ltr'>ventur,</span> <span class='ocrx_word' id='word_1_135' title='bbox 470 1285 659 1329; x_wconf 86' lang='lat' dir='ltr'>apostolicae</span> <span class='ocrx_word' id='word_1_136' title='bbox 683 1290 808 1318; x_wconf 87' lang='lat' dir='ltr'>nostrae</span> <span class='ocrx_word' id='word_1_137' title='bbox 824 1286 1071 1319; x_wconf 83' lang='lat' dir='ltr'>confirmationis</span> 
     </span>
     <span class='ocr_line' id='line_1_35' title="bbox 333 1338 1072 1382; baseline 0.003 -12"><span class='ocrx_word' id='word_1_138' title='bbox 333 1338 448 1372; x_wconf 85' lang='lat' dir='ltr'>robore</span> <span class='ocrx_word' id='word_1_139' title='bbox 472 1338 676 1371; x_wconf 87' lang='lat' dir='ltr'>communiri:</span> <span class='ocrx_word' id='word_1_140' title='bbox 692 1348 759 1380; x_wconf 81' lang='lat' dir='ltr'>nOS,</span> <span class='ocrx_word' id='word_1_141' title='bbox 777 1339 916 1382; x_wconf 88' lang='lat' dir='ltr'>priorem</span> <span class='ocrx_word' id='word_1_142' title='bbox 941 1349 1072 1382; x_wconf 83' lang='lat' dir='ltr'>genera-</span> 
     </span>
     <span class='ocr_line' id='line_1_36' title="bbox 333 1392 1072 1435; baseline 0.001 -11"><span class='ocrx_word' id='word_1_143' title='bbox 333 1393 395 1425; x_wconf 90' lang='lat' dir='ltr'>lem</span> <span class='ocrx_word' id='word_1_144' title='bbox 420 1397 449 1425; x_wconf 88' lang='lat' dir='ltr'>et</span> <span class='ocrx_word' id='word_1_145' title='bbox 472 1392 585 1425; x_wconf 77' lang='lat' dir='ltr'>fratres</span> <span class='ocrx_word' id='word_1_146' title='bbox 612 1392 789 1435; x_wconf 90' lang='lat' dir='ltr'>praedictos</span> <span class='ocrx_word' id='word_1_147' title='bbox 817 1392 1005 1435; x_wconf 74' lang='lat' dir='ltr'>specialibus</span> <span class='ocrx_word' id='word_1_148' title='bbox 1030 1394 1072 1425; x_wconf 82' lang='lat' dir='ltr'>sa-</span> 
     </span>
     <span class='ocr_line' id='line_1_37' title="bbox 334 1445 1073 1489; baseline 0.001 -11"><span class='ocrx_word' id='word_1_149' title='bbox 334 1445 483 1486; x_wconf 88' lang='lat' dir='ltr'>voribus,</span> <span class='ocrx_word' id='word_1_150' title='bbox 507 1450 537 1479; x_wconf 84' lang='lat' dir='ltr'>et</span> <span class='ocrx_word' id='word_1_151' title='bbox 561 1445 669 1488; x_wconf 83' lang='lat' dir='ltr'>gratiis</span> <span class='ocrx_word' id='word_1_152' title='bbox 694 1446 843 1489; x_wconf 81' lang='lat' dir='ltr'>prosequi</span> <span class='ocrx_word' id='word_1_153' title='bbox 869 1446 1017 1486; x_wconf 73' lang='lat' dir='ltr'>volentes,</span> <span class='ocrx_word' id='word_1_154' title='bbox 1044 1452 1073 1479; x_wconf 89' lang='lat' dir='ltr'>et</span> 
     </span>
     <span class='ocr_line' id='line_1_38' title="bbox 335 1498 1091 1543; baseline -0.001 -11"><span class='ocrx_word' id='word_1_155' title='bbox 335 1509 445 1532; x_wconf 90' lang='lat' dir='ltr'>eorum</span> <span class='ocrx_word' id='word_1_156' title='bbox 475 1498 650 1542; x_wconf 78' lang='lat' dir='ltr'>singulares</span> <span class='ocrx_word' id='word_1_157' title='bbox 681 1509 831 1542; x_wconf 78' lang='lat' dir='ltr'>personas</span> <span class='ocrx_word' id='word_1_158' title='bbox 864 1509 880 1531; x_wconf 89' lang='lat' dir='ltr'>a</span> <span class='ocrx_word' id='word_1_159' title='bbox 911 1499 1091 1543; x_wconf 69' lang='lat' dir='ltr'>quibusvis»</span> 
     </span>
     <span class='ocr_line' id='line_1_39' title="bbox 335 1551 1073 1595; baseline -0.001 -10"><span class='ocrx_word' id='word_1_160' title='bbox 335 1552 678 1593; x_wconf 73' lang='lat' dir='ltr'>excommunicationis,</span> <span class='ocrx_word' id='word_1_161' title='bbox 696 1551 911 1595; x_wconf 86' lang='lat' dir='ltr'>suspensionis</span> <span class='ocrx_word' id='word_1_162' title='bbox 932 1557 961 1584; x_wconf 89' lang='lat' dir='ltr'>et</span> <span class='ocrx_word' id='word_1_163' title='bbox 978 1552 1073 1584; x_wconf 89' lang='lat' dir='ltr'>inter-</span> 
     </span>
     <span class='ocr_line' id='line_1_40' title="bbox 334 1604 1074 1649; baseline 0 -11"><span class='ocrx_word' id='word_1_164' title='bbox 334 1606 418 1646; x_wconf 83' lang='lat' dir='ltr'>dicti,</span> <span class='ocrx_word' id='word_1_165' title='bbox 432 1605 562 1649; x_wconf 90' lang='lat' dir='ltr'>aliisque</span> <span class='ocrx_word' id='word_1_166' title='bbox 578 1604 795 1638; x_wconf 88' lang='lat' dir='ltr'>ecclesiasticis</span> <span class='ocrx_word' id='word_1_167' title='bbox 817 1605 988 1647; x_wconf 81' lang='lat' dir='ltr'>sententiis,</span> <span class='ocrx_word' id='word_1_168' title='bbox 1006 1616 1074 1638; x_wconf 81' lang='lat' dir='ltr'>cen-</span> 
     </span>
     <span class='ocr_line' id='line_1_41' title="bbox 335 1658 1091 1703; baseline 0 -11"><span class='ocrx_word' id='word_1_169' title='bbox 335 1660 416 1692; x_wconf 85' lang='lat' dir='ltr'>suris</span> <span class='ocrx_word' id='word_1_170' title='bbox 441 1664 471 1692; x_wconf 91' lang='lat' dir='ltr'>et</span> <span class='ocrx_word' id='word_1_171' title='bbox 494 1659 624 1703; x_wconf 86' lang='lat' dir='ltr'>poenis,</span> <span class='ocrx_word' id='word_1_172' title='bbox 649 1669 666 1691; x_wconf 84' lang='lat' dir='ltr'>a</span> <span class='ocrx_word' id='word_1_173' title='bbox 690 1658 757 1691; x_wconf 89' lang='lat' dir='ltr'>iure</span> <span class='ocrx_word' id='word_1_174' title='bbox 785 1659 831 1691; x_wconf 81' lang='lat' dir='ltr'>vel</span> <span class='ocrx_word' id='word_1_175' title='bbox 861 1659 899 1691; x_wconf 92' lang='lat' dir='ltr'>ab</span> <span class='ocrx_word' id='word_1_176' title='bbox 924 1659 1051 1692; x_wconf 86' lang='lat' dir='ltr'>homine</span> <span class='ocrx_word' id='word_1_177' title='bbox 1066 1667 1091 1701; x_wconf 63' lang='lat'>,¹</span> 
     </span>
     <span class='ocr_line' id='line_1_42' title="bbox 334 1712 1091 1758; baseline 0.001 -13"><span class='ocrx_word' id='word_1_178' title='bbox 334 1712 442 1758; x_wconf 90' lang='lat' dir='ltr'>quavis</span> <span class='ocrx_word' id='word_1_179' title='bbox 466 1712 628 1745; x_wconf 84' lang='lat' dir='ltr'>occasione</span> <span class='ocrx_word' id='word_1_180' title='bbox 653 1712 700 1744; x_wconf 76' lang='lat' dir='ltr'>vel</span> <span class='ocrx_word' id='word_1_181' title='bbox 726 1713 817 1745; x_wconf 78' lang='lat' dir='ltr'>causa</span> <span class='ocrx_word' id='word_1_182' title='bbox 841 1712 931 1755; x_wconf 80' lang='lat' dir='ltr'>latis,</span> <span class='ocrx_word' id='word_1_183' title='bbox 960 1712 985 1745; x_wconf 92' lang='lat' dir='ltr'>si</span> <span class='ocrx_word' id='word_1_184' title='bbox 1010 1713 1091 1757; x_wconf 53' lang='lat' dir='ltr'>qui-1</span> 
     </span>
     <span class='ocr_line' id='line_1_43' title="bbox 334 1757 1073 1809; baseline 0.001 -10"><span class='ocrx_word' id='word_1_185' title='bbox 334 1766 393 1799; x_wconf 89' lang='lat' dir='ltr'>bus</span> <span class='ocrx_word' id='word_1_186' title='bbox 416 1757 652 1809; x_wconf 78' lang='lat' dir='ltr'>quomodolibet</span> <span class='ocrx_word' id='word_1_187' title='bbox 676 1765 840 1798; x_wconf 83' lang='lat' dir='ltr'>innodatae</span> <span class='ocrx_word' id='word_1_188' title='bbox 865 1765 1010 1807; x_wconf 83' lang='lat' dir='ltr'>existunt,</span> <span class='ocrx_word' id='word_1_189' title='bbox 1036 1767 1073 1800; x_wconf 89' lang='lat' dir='ltr'>ad</span> 
     </span>
     <span class='ocr_line' id='line_1_44' title="bbox 336 1819 1075 1863; baseline 0.001 -11"><span class='ocrx_word' id='word_1_190' title='bbox 336 1819 480 1852; x_wconf 76' lang='lat' dir='ltr'>effectum</span> <span class='ocrx_word' id='word_1_191' title='bbox 494 1819 706 1863; x_wconf 88' lang='lat' dir='ltr'>praesentium</span> <span class='ocrx_word' id='word_1_192' title='bbox 716 1819 875 1853; x_wconf 82' lang='lat' dir='ltr'>dumtaxat</span> <span class='ocrx_word' id='word_1_193' title='bbox 884 1830 1075 1863; x_wconf 87' lang='lat' dir='ltr'>consequen-</span> 
     </span>
     <span class='ocr_line' id='line_1_45' title="bbox 337 1872 1093 1913; baseline 0.001 -8"><span class='ocrx_word' id='word_1_194' title='bbox 337 1872 421 1913; x_wconf 91' lang='lat' dir='ltr'>dum,</span> <span class='ocrx_word' id='word_1_195' title='bbox 442 1872 554 1905; x_wconf 91' lang='lat' dir='ltr'>harum</span> <span class='ocrx_word' id='word_1_196' title='bbox 579 1872 659 1905; x_wconf 89' lang='lat' dir='ltr'>serie</span> <span class='ocrx_word' id='word_1_197' title='bbox 683 1872 879 1905; x_wconf 77' lang='lat' dir='ltr'>absolventes</span> <span class='ocrx_word' id='word_1_198' title='bbox 902 1878 932 1905; x_wconf 90' lang='lat' dir='ltr'>et</span> <span class='ocrx_word' id='word_1_199' title='bbox 952 1873 1093 1906; x_wconf 72' lang='lat' dir='ltr'>absolu-&#39;</span> 
     </span>
     <span class='ocr_line' id='line_1_46' title="bbox 337 1925 1075 1969; baseline 0.001 -11"><span class='ocrx_word' id='word_1_200' title='bbox 337 1930 383 1958; x_wconf 83' lang='lat' dir='ltr'>tas</span> <span class='ocrx_word' id='word_1_201' title='bbox 395 1925 461 1959; x_wconf 82' lang='lat' dir='ltr'>sore</span> <span class='ocrx_word' id='word_1_202' title='bbox 479 1930 650 1966; x_wconf 88' lang='lat' dir='ltr'>censentes,</span> <span class='ocrx_word' id='word_1_203' title='bbox 668 1925 948 1969; x_wconf 82' lang='lat' dir='ltr'>supplicationibus</span> <span class='ocrx_word' id='word_1_204' title='bbox 965 1937 1075 1959; x_wconf 88' lang='lat' dir='ltr'>eorum</span> 
     </span>
     <span class='ocr_line' id='line_1_47' title="bbox 337 1979 1076 2024; baseline 0.003 -12"><span class='ocrx_word' id='word_1_205' title='bbox 337 1980 463 2013; x_wconf 89' lang='lat' dir='ltr'>nomine</span> <span class='ocrx_word' id='word_1_206' title='bbox 487 1979 578 2013; x_wconf 89' lang='lat' dir='ltr'>nobis</span> <span class='ocrx_word' id='word_1_207' title='bbox 607 1989 702 2023; x_wconf 88' lang='lat' dir='ltr'>super</span> <span class='ocrx_word' id='word_1_208' title='bbox 731 1980 791 2012; x_wconf 88' lang='lat' dir='ltr'>boc</span> <span class='ocrx_word' id='word_1_209' title='bbox 823 1979 984 2013; x_wconf 86' lang='lat' dir='ltr'>humiliter</span> <span class='ocrx_word' id='word_1_210' title='bbox 1006 1992 1076 2024; x_wconf 86' lang='lat' dir='ltr'>por-</span> 
     </span>
     <span class='ocr_line' id='line_1_48' title="bbox 337 2033 1074 2074; baseline 0.003 -8"><span class='ocrx_word' id='word_1_211' title='bbox 337 2034 430 2066; x_wconf 86' lang='lat' dir='ltr'>rectis</span> <span class='ocrx_word' id='word_1_212' title='bbox 452 2033 602 2074; x_wconf 89' lang='lat' dir='ltr'>inclinati,</span> <span class='ocrx_word' id='word_1_213' title='bbox 627 2033 665 2066; x_wconf 91' lang='lat' dir='ltr'>de</span> <span class='ocrx_word' id='word_1_214' title='bbox 689 2033 915 2066; x_wconf 76' lang='lat' dir='ltr'>venerabilium</span> <span class='ocrx_word' id='word_1_215' title='bbox 942 2035 1074 2068; x_wconf 81' lang='lat' dir='ltr'>fratrum</span> 
     </span>
     <span class='ocr_line' id='line_1_49' title="bbox 336 2087 1094 2121; baseline 0.003 -2"><span class='ocrx_word' id='word_1_216' title='bbox 336 2091 517 2120; x_wconf 85' lang='lat' dir='ltr'>nostrorum</span> <span class='ocrx_word' id='word_1_217' title='bbox 531 2090 654 2120; x_wconf 86' lang='lat' dir='ltr'>sanctae</span> <span class='ocrx_word' id='word_1_218' title='bbox 668 2087 825 2119; x_wconf 83' lang='lat' dir='ltr'>Romanae</span> <span class='ocrx_word' id='word_1_219' title='bbox 839 2087 995 2120; x_wconf 86' lang='lat' dir='ltr'>Ecclesiae</span> <span class='ocrx_word' id='word_1_220' title='bbox 1013 2099 1077 2121; x_wconf 91' lang='lat' dir='ltr'>car·</span> <span class='ocrx_word' id='word_1_221' title='bbox 1092 2097 1094 2116; x_wconf 48' lang='grc' dir='ltr'>ἒ</span> 
     </span>
     <span class='ocr_line' id='line_1_50' title="bbox 337 2140 1076 2185; baseline 0.004 -13"><span class='ocrx_word' id='word_1_222' title='bbox 337 2140 488 2173; x_wconf 89' lang='lat' dir='ltr'>dinalium</span> <span class='ocrx_word' id='word_1_223' title='bbox 513 2140 646 2183; x_wconf 79' lang='lat' dir='ltr'>negotiis</span> <span class='ocrx_word' id='word_1_224' title='bbox 670 2140 864 2183; x_wconf 78' lang='lat' dir='ltr'>regularium</span> <span class='ocrx_word' id='word_1_225' title='bbox 884 2142 1076 2185; x_wconf 86' lang='lat' dir='ltr'>praeposito-</span> 
     </span>
     <span class='ocr_line' id='line_1_51' title="bbox 337 2192 1094 2240; baseline 0.004 -14"><span class='ocrx_word' id='word_1_226' title='bbox 337 2205 409 2227; x_wconf 89' lang='lat' dir='ltr'>rum</span> <span class='ocrx_word' id='word_1_227' title='bbox 432 2192 573 2240; x_wconf 80' lang='lat' dir='ltr'>consilio,</span> <span class='ocrx_word' id='word_1_228' title='bbox 591 2194 763 2238; x_wconf 86' lang='lat' dir='ltr'>praemissa</span> <span class='ocrx_word' id='word_1_229' title='bbox 780 2205 837 2238; x_wconf 90' lang='lat' dir='ltr'>per</span> <span class='ocrx_word' id='word_1_230' title='bbox 854 2194 972 2228; x_wconf 85' lang='lat' dir='ltr'>dietum</span> <span class='ocrx_word' id='word_1_231' title='bbox 989 2196 1076 2239; x_wconf 81' lang='lat' dir='ltr'>prio·</span> <span class='ocrx_word' id='word_1_232' title='bbox 1093 2218 1094 2236; x_wconf 32' lang='grc' dir='ltr'>ἢ</span> 
     </span>
     <span class='ocr_line' id='line_1_52' title="bbox 338 2241 1094 2291; baseline 0.003 -11"><span class='ocrx_word' id='word_1_233' title='bbox 338 2257 406 2280; x_wconf 89' lang='lat' dir='ltr'>rem</span> <span class='ocrx_word' id='word_1_234' title='bbox 435 2248 614 2290; x_wconf 84' lang='lat' dir='ltr'>generalem</span> <span class='ocrx_word' id='word_1_235' title='bbox 638 2253 672 2280; x_wconf 91' lang='lat' dir='ltr'>ut</span> <span class='ocrx_word' id='word_1_236' title='bbox 695 2258 790 2291; x_wconf 87' lang='lat' dir='ltr'>supra</span> <span class='ocrx_word' id='word_1_237' title='bbox 822 2258 968 2281; x_wconf 88' lang='lat' dir='ltr'>concessa</span> <span class='ocrx_word' id='word_1_238' title='bbox 983 2276 990 2289; x_wconf 87' lang='lat'>,</span> <span class='ocrx_word' id='word_1_239' title='bbox 1023 2241 1094 2282; x_wconf 59' lang='lat' dir='ltr'>seu3</span> 
     </span>
     <span class='ocr_line' id='line_1_53' title="bbox 339 2300 1076 2344; baseline 0.003 -11"><span class='ocrx_word' id='word_1_240' title='bbox 339 2300 489 2342; x_wconf 82' lang='lat' dir='ltr'>ordinata,</span> <span class='ocrx_word' id='word_1_241' title='bbox 510 2306 540 2333; x_wconf 89' lang='lat' dir='ltr'>et</span> <span class='ocrx_word' id='word_1_242' title='bbox 561 2311 618 2344; x_wconf 88' lang='lat' dir='ltr'>per</span> <span class='ocrx_word' id='word_1_243' title='bbox 637 2300 722 2344; x_wconf 90' lang='lat' dir='ltr'>ipsos</span> <span class='ocrx_word' id='word_1_244' title='bbox 742 2301 854 2334; x_wconf 85' lang='lat' dir='ltr'>fratres</span> <span class='ocrx_word' id='word_1_245' title='bbox 878 2302 1076 2343; x_wconf 79' lang='lat' dir='ltr'>reformatos,</span> 
     </span>
     <span class='ocr_line' id='line_1_54' title="bbox 340 2345 1094 2398; baseline 0.004 -13"><span class='ocrx_word' id='word_1_246' title='bbox 340 2357 374 2386; x_wconf 92' lang='lat' dir='ltr'>ut</span> <span class='ocrx_word' id='word_1_247' title='bbox 397 2353 524 2396; x_wconf 88' lang='lat' dir='ltr'>petitur,</span> <span class='ocrx_word' id='word_1_248' title='bbox 552 2364 624 2386; x_wconf 90' lang='lat' dir='ltr'>cum</span> <span class='ocrx_word' id='word_1_249' title='bbox 649 2354 795 2387; x_wconf 88' lang='lat' dir='ltr'>omnibus</span> <span class='ocrx_word' id='word_1_250' title='bbox 818 2354 889 2387; x_wconf 89' lang='lat' dir='ltr'>inde</span> <span class='ocrx_word' id='word_1_251' title='bbox 915 2345 1094 2398; x_wconf 63' lang='lat' dir='ltr'>sequutiss</span> 
     </span>
     <span class='ocr_line' id='line_1_55' title="bbox 341 2406 1074 2451; baseline 0.004 -14"><span class='ocrx_word' id='word_1_252' title='bbox 341 2406 513 2450; x_wconf 77' lang='lat' dir='ltr'>apostolica</span> <span class='ocrx_word' id='word_1_253' title='bbox 527 2407 718 2445; x_wconf 81' lang='lat' dir='ltr'>auctoritate,</span> <span class='ocrx_word' id='word_1_254' title='bbox 733 2412 841 2440; x_wconf 87' lang='lat' dir='ltr'>tenore</span> <span class='ocrx_word' id='word_1_255' title='bbox 852 2408 1074 2451; x_wconf 85' lang='lat' dir='ltr'>praesentium,</span> 
     </span>
     <span class='ocr_line' id='line_1_56' title="bbox 341 2461 1075 2505; baseline 0.004 -14"><span class='ocrx_word' id='word_1_256' title='bbox 341 2464 493 2503; x_wconf 86' lang='lat' dir='ltr'>perpetuo</span> <span class='ocrx_word' id='word_1_257' title='bbox 524 2461 738 2504; x_wconf 79' lang='lat' dir='ltr'>approbamus</span> <span class='ocrx_word' id='word_1_258' title='bbox 769 2466 799 2494; x_wconf 87' lang='lat' dir='ltr'>et</span> <span class='ocrx_word' id='word_1_259' title='bbox 830 2461 1075 2505; x_wconf 86' lang='lat' dir='ltr'>confirmamus,</span> 
     </span>
    </p>
   </div>
   <div class='ocr_carea' id='block_1_5' title="bbox 1087 1123 1845 1174">
    <p class='ocr_par' dir='ltr' id='par_1_7' title="bbox 1087 1123 1845 1174">
     <span class='ocr_line' id='line_1_57' title="bbox 1087 1123 1845 1174; baseline 0 -19"><span class='ocrx_word' id='word_1_260' title='bbox 1087 1124 1228 1174; x_wconf 84' lang='lat' dir='ltr'>¹liarium</span> <span class='ocrx_word' id='word_1_261' title='bbox 1254 1124 1507 1167; x_wconf 78' lang='lat' dir='ltr'>congregationis</span> <span class='ocrx_word' id='word_1_262' title='bbox 1532 1124 1708 1168; x_wconf 74' lang='lat' dir='ltr'>praedictae</span> <span class='ocrx_word' id='word_1_263' title='bbox 1733 1123 1845 1156; x_wconf 82' lang='lat' dir='ltr'>consti-</span> 
     </span>
    </p>
   </div>
   <div class='ocr_carea' id='block_1_6' title="bbox 1082 283 1098 2561">
    <p class='ocr_par' dir='ltr' id='par_1_8' title="bbox 1082 283 1098 2561">
     <span class='ocr_line' id='line_1_58' title="bbox 1082 283 1098 2561; baseline 0 0"><span class='ocrx_word' id='word_1_264' title='bbox 1082 283 1098 2561; x_wconf 95' lang='lat' dir='ltr'> </span> 
     </span>
    </p>
   </div>
   <div class='ocr_carea' id='block_1_7' title="bbox 341 2512 1076 2667">
    <p class='ocr_par' dir='ltr' id='par_1_9' title="bbox 341 2512 1076 2667">
     <span class='ocr_line' id='line_1_59' title="bbox 341 2512 1076 2559; baseline 0.007 -15"><span class='ocrx_word' id='word_1_265' title='bbox 341 2512 466 2556; x_wconf 88' lang='lat' dir='ltr'>illisque</span> <span class='ocrx_word' id='word_1_266' title='bbox 489 2513 675 2547; x_wconf 89' lang='lat' dir='ltr'>inviolabilis</span> <span class='ocrx_word' id='word_1_267' title='bbox 708 2515 895 2559; x_wconf 82' lang='lat' dir='ltr'>apostolicae</span> <span class='ocrx_word' id='word_1_268' title='bbox 920 2515 1076 2550; x_wconf 86' lang='lat' dir='ltr'>firmitatis</span> 
     </span>
     <span class='ocr_line' id='line_1_60' title="bbox 341 2566 1076 2612; baseline 0.007 -14"><span class='ocrx_word' id='word_1_269' title='bbox 341 2566 442 2599; x_wconf 89' lang='lat' dir='ltr'>robur</span> <span class='ocrx_word' id='word_1_270' title='bbox 465 2566 648 2608; x_wconf 90' lang='lat' dir='ltr'>adiicimus,</span> <span class='ocrx_word' id='word_1_271' title='bbox 672 2578 707 2601; x_wconf 90' lang='lat' dir='ltr'>ac</span> <span class='ocrx_word' id='word_1_272' title='bbox 731 2579 840 2602; x_wconf 88' lang='lat' dir='ltr'>omnes</span> <span class='ocrx_word' id='word_1_273' title='bbox 865 2574 894 2602; x_wconf 84' lang='lat' dir='ltr'>et</span> <span class='ocrx_word' id='word_1_274' title='bbox 918 2569 1076 2612; x_wconf 85' lang='lat' dir='ltr'>singulos,</span> 
     </span>
     <span class='ocr_line' id='line_1_61' title="bbox 341 2619 1076 2667; baseline 0.008 -16"><span class='ocrx_word' id='word_1_275' title='bbox 341 2624 405 2652; x_wconf 88' lang='lat' dir='ltr'>tam</span> <span class='ocrx_word' id='word_1_276' title='bbox 429 2619 506 2653; x_wconf 85' lang='lat' dir='ltr'>iuris</span> <span class='ocrx_word' id='word_1_277' title='bbox 529 2631 623 2664; x_wconf 87' lang='lat' dir='ltr'>quam</span> <span class='ocrx_word' id='word_1_278' title='bbox 646 2621 718 2655; x_wconf 82' lang='lat' dir='ltr'>sacti</span> <span class='ocrx_word' id='word_1_279' title='bbox 741 2622 889 2665; x_wconf 90' lang='lat' dir='ltr'>desectus,</span> <span class='ocrx_word' id='word_1_280' title='bbox 906 2622 932 2656; x_wconf 90' lang='lat' dir='ltr'>si</span> <span class='ocrx_word' id='word_1_281' title='bbox 951 2623 1005 2667; x_wconf 89' lang='lat' dir='ltr'>qui</span> <span class='ocrx_word' id='word_1_282' title='bbox 1022 2623 1076 2657; x_wconf 88' lang='lat' dir='ltr'>de-</span> 
     </span>
    </p>
   </div>
   <div class='ocr_carea' id='block_1_8' title="bbox 1096 212 2038 1061">
    <p class='ocr_par' dir='ltr' id='par_1_10' title="bbox 1096 212 2035 369">
     <span class='ocr_line' id='line_1_62' title="bbox 1096 212 2035 249; baseline 0 -1"><span class='ocrx_word' id='word_1_283' title='bbox 1096 224 1152 248; x_wconf 85' lang='lat' dir='ltr'>vm</span> <span class='ocrx_word' id='word_1_284' title='bbox 1175 225 1222 249; x_wconf 78' lang='lat'>1‘1‘.</span> <span class='ocrx_word' id='word_1_285' title='bbox 1743 212 1802 247; x_wconf 82' lang='lat'>671</span> <span class='ocrx_word' id='word_1_286' title='bbox 1853 221 1902 248; x_wconf 80' lang='grc' dir='ltr'>Αη.</span> <span class='ocrx_word' id='word_1_287' title='bbox 1923 220 2035 248; x_wconf 70' lang='grc'>(3.1628</span> 
     </span>
     <span class='ocr_line' id='line_1_63' title="bbox 1099 270 1834 316; baseline -0.008 -10"><span class='ocrx_word' id='word_1_288' title='bbox 1099 283 1192 316; x_wconf 86' lang='lat' dir='ltr'>super</span> <span class='ocrx_word' id='word_1_289' title='bbox 1216 270 1450 316; x_wconf 89' lang='lat' dir='ltr'>qoomodolibct</span> <span class='ocrx_word' id='word_1_290' title='bbox 1484 270 1732 310; x_wconf 83' lang='lat' dir='ltr'>intervenerint,</span> <span class='ocrx_word' id='word_1_291' title='bbox 1758 280 1834 313; x_wconf 88' lang='lat' dir='ltr'>sup-</span> 
     </span>
     <span class='ocr_line' id='line_1_64' title="bbox 1098 327 1229 369; baseline -0.008 -10"><span class='ocrx_word' id='word_1_292' title='bbox 1098 327 1229 369; x_wconf 81' lang='lat' dir='ltr'>plenius.</span> 
     </span>
    </p>

    <p class='ocr_par' dir='ltr' id='par_1_11' title="bbox 1099 376 2038 997">
     <span class='ocr_line' id='line_1_65' title="bbox 1143 376 2037 421; baseline -0.002 -10"><span class='ocrx_word' id='word_1_293' title='bbox 1143 380 1157 421; x_wconf 61' lang='lat' dir='ltr'>g</span> <span class='ocrx_word' id='word_1_294' title='bbox 1183 379 1233 411; x_wconf 53' lang='lat' dir='ltr'>‘l*l.</span> <span class='ocrx_word' id='word_1_295' title='bbox 1260 380 1423 411; x_wconf 77' lang='lat' dir='ltr'>Praeterea</span> <span class='ocrx_word' id='word_1_296' title='bbox 1441 388 1478 410; x_wconf 91' lang='lat' dir='ltr'>ne</span> <span class='ocrx_word' id='word_1_297' title='bbox 1496 378 1564 421; x_wconf 84' lang='lat' dir='ltr'>quis</span> <span class='ocrx_word' id='word_1_298' title='bbox 1590 377 1618 410; x_wconf 88' lang='lat' dir='ltr'>in</span> <span class='ocrx_word' id='word_1_299' title='bbox 1636 376 1733 410; x_wconf 84' lang='lat' dir='ltr'>Gallia</span> <span class='ocrx_word' id='word_1_300' title='bbox 1754 376 1839 409; x_wconf 83' lang='lat' dir='ltr'>liabi-</span> <span class='ocrx_word' id='word_1_301' title='bbox 1919 390 1968 409; x_wconf 58' lang='grc' dir='ltr'>ειη.</span> <span class='ocrx_word' id='word_1_302' title='bbox 1986 395 2037 415; x_wconf 66' lang='grc' dir='ltr'>μω-</span> 
     </span>
     <span class='ocr_line' id='line_1_66' title="bbox 1099 417 2036 472; baseline -0.001 -8"><span class='ocrx_word' id='word_1_303' title='bbox 1099 437 1164 464; x_wconf 67' lang='grc' dir='ltr'>ΜιΠι</span> <span class='ocrx_word' id='word_1_304' title='bbox 1190 432 1221 464; x_wconf 89' lang='lat' dir='ltr'>in</span> <span class='ocrx_word' id='word_1_305' title='bbox 1248 432 1376 465; x_wconf 63' lang='lat' dir='ltr'>iuatcrizl</span> <span class='ocrx_word' id='word_1_306' title='bbox 1403 436 1432 465; x_wconf 85' lang='lat' dir='ltr'>ct</span> <span class='ocrx_word' id='word_1_307' title='bbox 1456 434 1557 464; x_wconf 74' lang='lat' dir='ltr'>serina</span> <span class='ocrx_word' id='word_1_308' title='bbox 1581 430 1726 472; x_wconf 80' lang='lat' dir='ltr'>similem,</span> <span class='ocrx_word' id='word_1_309' title='bbox 1745 430 1785 462; x_wconf 84' lang='lat' dir='ltr'>ita</span> <span class='ocrx_word' id='word_1_310' title='bbox 1807 417 1956 463; x_wconf 52' lang='lat' dir='ltr'>titifss¹173¹&#39;¹&#39;⁰⁴³</span> <span class='ocrx_word' id='word_1_311' title='bbox 1999 417 2036 435; x_wconf 50' lang='grc' dir='ltr'>’Μ’</span> 
     </span>
     <span class='ocr_line' id='line_1_67' title="bbox 1100 478 1897 528; baseline -0.004 -11"><span class='ocrx_word' id='word_1_312' title='bbox 1100 496 1136 517; x_wconf 83' lang='lat' dir='ltr'>ex</span> <span class='ocrx_word' id='word_1_313' title='bbox 1160 485 1327 528; x_wconf 83' lang='lat' dir='ltr'>praedictis</span> <span class='ocrx_word' id='word_1_314' title='bbox 1352 484 1502 517; x_wconf 82' lang='lat' dir='ltr'>fratribus</span> <span class='ocrx_word' id='word_1_315' title='bbox 1522 483 1720 516; x_wconf 79' lang='lat' dir='ltr'>Discalceatis</span> <span class='ocrx_word' id='word_1_316' title='bbox 1739 483 1840 516; x_wconf 79' lang='lat' dir='ltr'>existi·</span> <span class='ocrx_word' id='word_1_317' title='bbox 1872 478 1897 489; x_wconf 66' lang='lat'>‘¹¹&#39;</span> 
     </span>
     <span class='ocr_line' id='line_1_68' title="bbox 1102 532 2009 582; baseline -0.001 -12"><span class='ocrx_word' id='word_1_318' title='bbox 1102 539 1179 570; x_wconf 90' lang='lat' dir='ltr'>mari</span> <span class='ocrx_word' id='word_1_319' title='bbox 1206 539 1314 581; x_wconf 84' lang='lat' dir='ltr'>possit,</span> <span class='ocrx_word' id='word_1_320' title='bbox 1333 539 1391 571; x_wconf 82' lang='lat' dir='ltr'>nisi</span> <span class='ocrx_word' id='word_1_321' title='bbox 1417 538 1595 582; x_wconf 72' lang='lat' dir='ltr'>praedictae</span> <span class='ocrx_word' id='word_1_322' title='bbox 1624 532 1898 581; x_wconf 52' lang='lat' dir='ltr'>congregatio-istit]</span> <span class='ocrx_word' id='word_1_323' title='bbox 2006 568 2009 569; x_wconf 13' lang='grc' dir='ltr'><em>γ</em></span> 
     </span>
     <span class='ocr_line' id='line_1_69' title="bbox 1101 578 2038 633; baseline -0.002 -9"><span class='ocrx_word' id='word_1_324' title='bbox 1101 592 1148 624; x_wconf 86' lang='lat' dir='ltr'>nis</span> <span class='ocrx_word' id='word_1_325' title='bbox 1174 593 1353 625; x_wconf 76' lang='lat' dir='ltr'>membrum</span> <span class='ocrx_word' id='word_1_326' title='bbox 1379 592 1542 625; x_wconf 83' lang='lat' dir='ltr'>actualiter</span> <span class='ocrx_word' id='word_1_327' title='bbox 1566 592 1687 631; x_wconf 79' lang='lat' dir='ltr'>existat,</span> <span class='ocrx_word' id='word_1_328' title='bbox 1706 596 1838 633; x_wconf 78' lang='lat' dir='ltr'>gestare,</span> <span class='ocrx_word' id='word_1_329' title='bbox 1855 578 2038 628; x_wconf 53' lang='lat' dir='ltr'>Zitll&#39;&#39;h⁰s¹‡‡2ss‘3.223‘if¹</span> 
     </span>
     <span class='ocr_line' id='line_1_70' title="bbox 1101 645 1841 678; baseline -0.003 -1"><span class='ocrx_word' id='word_1_330' title='bbox 1101 645 1164 678; x_wconf 72' lang='lat' dir='ltr'>sire</span> <span class='ocrx_word' id='word_1_331' title='bbox 1179 656 1293 678; x_wconf 87' lang='lat' dir='ltr'>nomen</span> <span class='ocrx_word' id='word_1_332' title='bbox 1308 646 1570 678; x_wconf 83' lang='lat' dir='ltr'>Discalceatoruin</span> <span class='ocrx_word' id='word_1_333' title='bbox 1589 646 1841 678; x_wconf 74' lang='lat' dir='ltr'>ltesorruatorum</span> 
     </span>
     <span class='ocr_line' id='line_1_71' title="bbox 1102 696 1840 741; baseline -0.003 -10"><span class='ocrx_word' id='word_1_334' title='bbox 1102 698 1130 731; x_wconf 81' lang='lat' dir='ltr'>S.</span> <span class='ocrx_word' id='word_1_335' title='bbox 1149 696 1313 741; x_wconf 66' lang='lat' dir='ltr'>Augustini</span> <span class='ocrx_word' id='word_1_336' title='bbox 1332 698 1391 731; x_wconf 88' lang='lat' dir='ltr'>sibi</span> <span class='ocrx_word' id='word_1_337' title='bbox 1409 709 1568 739; x_wconf 74' lang='lat' dir='ltr'>arrogare,</span> <span class='ocrx_word' id='word_1_338' title='bbox 1586 703 1638 730; x_wconf 88' lang='lat' dir='ltr'>aut</span> <span class='ocrx_word' id='word_1_339' title='bbox 1651 697 1840 741; x_wconf 72' lang='lat' dir='ltr'>praedictam</span> 
     </span>
     <span class='ocr_line' id='line_1_72' title="bbox 1102 750 1841 794; baseline -0.003 -10"><span class='ocrx_word' id='word_1_340' title='bbox 1102 751 1380 794; x_wconf 80' lang='lat' dir='ltr'>congregationem</span> <span class='ocrx_word' id='word_1_341' title='bbox 1406 762 1472 783; x_wconf 87' lang='lat' dir='ltr'>esse</span> <span class='ocrx_word' id='word_1_342' title='bbox 1490 751 1615 783; x_wconf 82' lang='lat' dir='ltr'>Ordinis</span> <span class='ocrx_word' id='word_1_343' title='bbox 1632 750 1841 783; x_wconf 78' lang='lat' dir='ltr'>Eremitarum</span> 
     </span>
     <span class='ocr_line' id='line_1_73' title="bbox 1103 803 1842 847; baseline -0.001 -11"><span class='ocrx_word' id='word_1_344' title='bbox 1103 804 1130 837; x_wconf 81' lang='lat' dir='ltr'>S.</span> <span class='ocrx_word' id='word_1_345' title='bbox 1149 804 1313 847; x_wconf 78' lang='lat' dir='ltr'>Augustini</span> <span class='ocrx_word' id='word_1_346' title='bbox 1334 804 1431 837; x_wconf 73' lang='lat' dir='ltr'>verbo</span> <span class='ocrx_word' id='word_1_347' title='bbox 1449 805 1496 836; x_wconf 73' lang='lat' dir='ltr'>vel</span> <span class='ocrx_word' id='word_1_348' title='bbox 1514 803 1630 847; x_wconf 73' lang='lat' dir='ltr'>scripto</span> <span class='ocrx_word' id='word_1_349' title='bbox 1653 809 1767 835; x_wconf 81' lang='lat' dir='ltr'>teinere</span> <span class='ocrx_word' id='word_1_350' title='bbox 1793 813 1842 835; x_wconf 92' lang='lat' dir='ltr'>ne-</span> 
     </span>
     <span class='ocr_line' id='line_1_74' title="bbox 1102 856 1841 901; baseline -0.003 -11"><span class='ocrx_word' id='word_1_351' title='bbox 1102 868 1177 900; x_wconf 82' lang='lat' dir='ltr'>gare</span> <span class='ocrx_word' id='word_1_352' title='bbox 1206 857 1318 890; x_wconf 86' lang='lat' dir='ltr'>audeat</span> <span class='ocrx_word' id='word_1_353' title='bbox 1342 868 1396 890; x_wconf 88' lang='lat' dir='ltr'>seu</span> <span class='ocrx_word' id='word_1_354' title='bbox 1421 862 1611 901; x_wconf 81' lang='lat' dir='ltr'>praesumat,</span> <span class='ocrx_word' id='word_1_355' title='bbox 1637 856 1693 889; x_wconf 85' lang='lat' dir='ltr'>sub</span> <span class='ocrx_word' id='word_1_356' title='bbox 1718 867 1841 888; x_wconf 79' lang='lat' dir='ltr'>exeom-</span> 
     </span>
     <span class='ocr_line' id='line_1_75' title="bbox 1103 910 1843 956; baseline -0.001 -13"><span class='ocrx_word' id='word_1_357' title='bbox 1103 911 1322 944; x_wconf 85' lang='lat' dir='ltr'>municationis</span> <span class='ocrx_word' id='word_1_358' title='bbox 1338 913 1439 956; x_wconf 75' lang='lat' dir='ltr'>poena</span> <span class='ocrx_word' id='word_1_359' title='bbox 1459 910 1674 943; x_wconf 84' lang='lat' dir='ltr'>interdicimus</span> <span class='ocrx_word' id='word_1_360' title='bbox 1693 915 1723 943; x_wconf 90' lang='lat' dir='ltr'>et</span> <span class='ocrx_word' id='word_1_361' title='bbox 1739 910 1843 954; x_wconf 84' lang='lat' dir='ltr'>prohi-</span> 
     </span>
     <span class='ocr_line' id='line_1_76' title="bbox 1104 965 1223 997; baseline 0.008 -1"><span class='ocrx_word' id='word_1_362' title='bbox 1104 965 1223 997; x_wconf 89' lang='lat' dir='ltr'>bemus.</span> 
     </span>
    </p>

    <p class='ocr_par' dir='ltr' id='par_1_12' title="bbox 1147 1017 1843 1061">
     <span class='ocr_line' id='line_1_77' title="bbox 1147 1017 1843 1061; baseline -0.001 -12"><span class='ocrx_word' id='word_1_363' title='bbox 1147 1018 1161 1061; x_wconf 64' lang='lat' dir='ltr'>g</span> <span class='ocrx_word' id='word_1_364' title='bbox 1178 1018 1230 1050; x_wconf 67' lang='lat' dir='ltr'>H.</span> <span class='ocrx_word' id='word_1_365' title='bbox 1243 1017 1280 1050; x_wconf 88' lang='lat' dir='ltr'>Et</span> <span class='ocrx_word' id='word_1_366' title='bbox 1299 1021 1332 1049; x_wconf 92' lang='lat' dir='ltr'>ut</span> <span class='ocrx_word' id='word_1_367' title='bbox 1346 1017 1425 1050; x_wconf 76' lang='lat' dir='ltr'>ritae</span> <span class='ocrx_word' id='word_1_368' title='bbox 1439 1017 1590 1061; x_wconf 84' lang='lat' dir='ltr'>asperitas</span> <span class='ocrx_word' id='word_1_369' title='bbox 1604 1022 1630 1049; x_wconf 89' lang='lat' dir='ltr'>et</span> <span class='ocrx_word' id='word_1_370' title='bbox 1647 1017 1843 1050; x_wconf 71' lang='lat' dir='ltr'>observantia</span> 
     </span>
    </p>
   </div>
   <div class='ocr_carea' id='block_1_9' title="bbox 1104 1071 1843 1114">
    <p class='ocr_par' dir='ltr' id='par_1_13' title="bbox 1104 1071 1843 1114">
     <span class='ocr_line' id='line_1_78' title="bbox 1104 1071 1843 1114; baseline -0.001 -11"><span class='ocrx_word' id='word_1_371' title='bbox 1104 1071 1248 1114; x_wconf 86' lang='lat' dir='ltr'>puritatis</span> <span class='ocrx_word' id='word_1_372' title='bbox 1266 1072 1393 1114; x_wconf 78' lang='lat' dir='ltr'>regulae</span> <span class='ocrx_word' id='word_1_373' title='bbox 1411 1071 1507 1104; x_wconf 83' lang='lat' dir='ltr'>sancti</span> <span class='ocrx_word' id='word_1_374' title='bbox 1525 1071 1689 1113; x_wconf 71' lang='lat' dir='ltr'>Augustini</span> <span class='ocrx_word' id='word_1_375' title='bbox 1708 1076 1737 1102; x_wconf 89' lang='lat' dir='ltr'>ct</span> <span class='ocrx_word' id='word_1_376' title='bbox 1754 1081 1843 1114; x_wconf 87' lang='lat' dir='ltr'>pecu-</span> 
     </span>
    </p>
   </div>
   <div class='ocr_carea' id='block_1_10' title="bbox 1846 435 2048 573">
    <p class='ocr_par' dir='ltr' id='par_1_14' title="bbox 1846 435 2048 573">
     <span class='ocr_line' id='line_1_79' title="bbox 1846 435 2048 507; baseline 0 0"><span class='ocrx_word' id='word_1_377' title='bbox 1846 435 2048 507; x_wconf 95' lang='lat' dir='ltr'>   </span> 
     </span>
     <span class='ocr_line' id='line_1_80' title="bbox 1898 507 2048 573; baseline 0 0"><span class='ocrx_word' id='word_1_378' title='bbox 1898 507 2048 573; x_wconf 95' lang='lat' dir='ltr'>  </span> 
     </span>
    </p>
   </div>
   <div class='ocr_carea' id='block_1_11' title="bbox 1858 1034 2043 1193">
    <p class='ocr_par' dir='ltr' id='par_1_15' title="bbox 1858 1034 2043 1193">
     <span class='ocr_line' id='line_1_81' title="bbox 1895 1034 2041 1060; baseline -0.007 -7"><span class='ocrx_word' id='word_1_379' title='bbox 1895 1034 1966 1060; x_wconf 54' lang='lat' dir='ltr'>Neque</span> <span class='ocrx_word' id='word_1_380' title='bbox 1982 1039 2041 1058; x_wconf 64' lang='lat' dir='ltr'>[urae-</span> 
     </span>
     <span class='ocr_line' id='line_1_82' title="bbox 1858 1061 2041 1085; baseline -0.011 -6"><span class='ocrx_word' id='word_1_381' title='bbox 1858 1061 1927 1080; x_wconf 59' lang='lat' dir='ltr'>«liviae</span> <span class='ocrx_word' id='word_1_382' title='bbox 1952 1061 2041 1085; x_wconf 44' lang='lat' dir='ltr'>(istut-‘rv-</span> 
     </span>
     <span class='ocr_line' id='line_1_83' title="bbox 1859 1090 2013 1111; baseline -0.006 -4"><span class='ocrx_word' id='word_1_383' title='bbox 1859 1090 1900 1111; x_wconf 57' lang='lat' dir='ltr'>gau</span> <span class='ocrx_word' id='word_1_384' title='bbox 2011 1093 2013 1095; x_wconf 68' lang='lat'><strong><em>¹</em></strong></span> 
     </span>
     <span class='ocr_line' id='line_1_84' title="bbox 1859 1117 2042 1134; baseline 0 -1"><span class='ocrx_word' id='word_1_385' title='bbox 1859 1117 1895 1134; x_wconf 76' lang='lat' dir='ltr'>tuti</span> <span class='ocrx_word' id='word_1_386' title='bbox 1998 1120 2042 1133; x_wconf 71' lang='lat' dir='ltr'>eru)-</span> 
     </span>
     <span class='ocr_line' id='line_1_85' title="bbox 1860 1141 2043 1166; baseline 0.005 -7"><span class='ocrx_word' id='word_1_387' title='bbox 1860 1141 1920 1166; x_wconf 57' lang='lat' dir='ltr'>gaivli</span> <span class='ocrx_word' id='word_1_388' title='bbox 1934 1141 1964 1160; x_wconf 66' lang='lat' dir='ltr'>iet</span> <span class='ocrx_word' id='word_1_389' title='bbox 1980 1147 2043 1165; x_wconf 76' lang='lat' dir='ltr'>snper</span> 
     </span>
     <span class='ocr_line' id='line_1_86' title="bbox 1860 1167 2042 1193; baseline 0 -6"><span class='ocrx_word' id='word_1_390' title='bbox 1860 1174 1889 1187; x_wconf 73' lang='lat' dir='ltr'>eis</span> <span class='ocrx_word' id='word_1_391' title='bbox 1899 1167 2042 1193; x_wconf 21' lang='lat' dir='ltr'>«eli-*pensanilr</span> 
     </span>
    </p>
   </div>
   <div class='ocr_carea' id='block_1_12' title="bbox 1927 1085 2046 1135">
    <p class='ocr_par' dir='ltr' id='par_1_16' title="bbox 1927 1085 2046 1135">
     <span class='ocr_line' id='line_1_87' title="bbox 1927 1085 2046 1135; baseline 0 -28"><span class='ocrx_word' id='word_1_392' title='bbox 1927 1085 2046 1135; x_wconf 95' lang='lat' dir='ltr'>   </span> 
     </span>
    </p>
   </div>
   <div class='ocr_carea' id='block_1_13' title="bbox 1105 1178 1849 2023">
    <p class='ocr_par' dir='ltr' id='par_1_17' title="bbox 1105 1178 1845 1434">
     <span class='ocr_line' id='line_1_88' title="bbox 1106 1178 1844 1222; baseline 0 -13"><span class='ocrx_word' id='word_1_393' title='bbox 1106 1178 1258 1211; x_wconf 87' lang='lat' dir='ltr'>tutionum</span> <span class='ocrx_word' id='word_1_394' title='bbox 1283 1178 1401 1221; x_wconf 85' lang='lat' dir='ltr'>absque</span> <span class='ocrx_word' id='word_1_395' title='bbox 1431 1178 1496 1211; x_wconf 93' lang='lat' dir='ltr'>ullo</span> <span class='ocrx_word' id='word_1_396' title='bbox 1527 1178 1753 1222; x_wconf 72' lang='lat' dir='ltr'>impedimento</span> <span class='ocrx_word' id='word_1_397' title='bbox 1777 1188 1844 1209; x_wconf 90' lang='lat' dir='ltr'>ser-</span> 
     </span>
     <span class='ocr_line' id='line_1_89' title="bbox 1106 1231 1845 1275; baseline 0 -12"><span class='ocrx_word' id='word_1_398' title='bbox 1106 1236 1226 1272; x_wconf 79' lang='lat' dir='ltr'>ventur,</span> <span class='ocrx_word' id='word_1_399' title='bbox 1244 1232 1399 1273; x_wconf 78' lang='lat' dir='ltr'>volumus,</span> <span class='ocrx_word' id='word_1_400' title='bbox 1416 1232 1501 1275; x_wconf 88' lang='lat' dir='ltr'>quod</span> <span class='ocrx_word' id='word_1_401' title='bbox 1515 1231 1651 1275; x_wconf 81' lang='lat' dir='ltr'>desuper</span> <span class='ocrx_word' id='word_1_402' title='bbox 1668 1231 1845 1264; x_wconf 85' lang='lat' dir='ltr'>nullatenus</span> 
     </span>
     <span class='ocr_line' id='line_1_90' title="bbox 1105 1284 1845 1328; baseline -0.001 -11"><span class='ocrx_word' id='word_1_403' title='bbox 1105 1295 1121 1316; x_wconf 87' lang='lat' dir='ltr'>a</span> <span class='ocrx_word' id='word_1_404' title='bbox 1147 1285 1363 1328; x_wconf 87' lang='lat' dir='ltr'>superioribus</span> <span class='ocrx_word' id='word_1_405' title='bbox 1400 1285 1474 1317; x_wconf 82' lang='lat' dir='ltr'>dicti</span> <span class='ocrx_word' id='word_1_406' title='bbox 1510 1284 1634 1318; x_wconf 83' lang='lat' dir='ltr'>Ordinis</span> <span class='ocrx_word' id='word_1_407' title='bbox 1671 1284 1845 1327; x_wconf 89' lang='lat' dir='ltr'>dispensari</span> 
     </span>
     <span class='ocr_line' id='line_1_91' title="bbox 1106 1338 1845 1382; baseline -0.001 -12"><span class='ocrx_word' id='word_1_408' title='bbox 1106 1338 1212 1381; x_wconf 84' lang='lat' dir='ltr'>possit,</span> <span class='ocrx_word' id='word_1_409' title='bbox 1230 1338 1282 1371; x_wconf 90' lang='lat' dir='ltr'>scd</span> <span class='ocrx_word' id='word_1_410' title='bbox 1309 1349 1432 1382; x_wconf 85' lang='lat' dir='ltr'>semper</span> <span class='ocrx_word' id='word_1_411' title='bbox 1448 1339 1508 1371; x_wconf 80' lang='lat' dir='ltr'>fixa</span> <span class='ocrx_word' id='word_1_412' title='bbox 1525 1344 1555 1371; x_wconf 89' lang='lat' dir='ltr'>et</span> <span class='ocrx_word' id='word_1_413' title='bbox 1570 1339 1662 1371; x_wconf 83' lang='lat' dir='ltr'>firma</span> <span class='ocrx_word' id='word_1_414' title='bbox 1686 1343 1845 1371; x_wconf 85' lang='lat' dir='ltr'>remaneat</span> 
     </span>
     <span class='ocr_line' id='line_1_92' title="bbox 1106 1391 1622 1434; baseline 0.002 -11"><span class='ocrx_word' id='word_1_415' title='bbox 1106 1391 1212 1424; x_wconf 87' lang='lat' dir='ltr'>stricta</span> <span class='ocrx_word' id='word_1_416' title='bbox 1236 1392 1393 1434; x_wconf 79' lang='lat' dir='ltr'>regularis</span> <span class='ocrx_word' id='word_1_417' title='bbox 1417 1391 1622 1425; x_wconf 77' lang='lat' dir='ltr'>observantia.</span> 
     </span>
    </p>

    <p class='ocr_par' dir='ltr' id='par_1_18' title="bbox 1106 1444 1849 2023">
     <span class='ocr_line' id='line_1_93' title="bbox 1150 1444 1845 1488; baseline 0.003 -13"><span class='ocrx_word' id='word_1_418' title='bbox 1150 1444 1165 1487; x_wconf 64' lang='lat' dir='ltr'>g</span> <span class='ocrx_word' id='word_1_419' title='bbox 1193 1444 1244 1476; x_wconf 55' lang='lat'>213.</span> <span class='ocrx_word' id='word_1_420' title='bbox 1274 1445 1482 1478; x_wconf 83' lang='lat' dir='ltr'>Decernentes</span> <span class='ocrx_word' id='word_1_421' title='bbox 1515 1450 1696 1488; x_wconf 87' lang='lat' dir='ltr'>praesentes</span> <span class='ocrx_word' id='word_1_422' title='bbox 1725 1445 1845 1477; x_wconf 86' lang='lat' dir='ltr'>litteras</span> 
     </span>
     <span class='ocr_line' id='line_1_94' title="bbox 1106 1497 1847 1542; baseline 0.003 -13"><span class='ocrx_word' id='word_1_423' title='bbox 1106 1497 1143 1529; x_wconf 84' lang='lat' dir='ltr'>de</span> <span class='ocrx_word' id='word_1_424' title='bbox 1169 1497 1379 1541; x_wconf 80' lang='lat' dir='ltr'>subreptionis</span> <span class='ocrx_word' id='word_1_425' title='bbox 1404 1499 1451 1531; x_wconf 78' lang='lat' dir='ltr'>vel</span> <span class='ocrx_word' id='word_1_426' title='bbox 1477 1499 1670 1542; x_wconf 85' lang='lat' dir='ltr'>obreptionis</span> <span class='ocrx_word' id='word_1_427' title='bbox 1699 1509 1754 1531; x_wconf 90' lang='lat' dir='ltr'>seu</span> <span class='ocrx_word' id='word_1_428' title='bbox 1781 1500 1847 1531; x_wconf 92' lang='lat' dir='ltr'>nul-</span> 
     </span>
     <span class='ocr_line' id='line_1_95' title="bbox 1106 1550 1846 1592; baseline 0.003 -10"><span class='ocrx_word' id='word_1_429' title='bbox 1106 1550 1199 1583; x_wconf 89' lang='lat' dir='ltr'>litatis</span> <span class='ocrx_word' id='word_1_430' title='bbox 1233 1551 1328 1592; x_wconf 74' lang='lat' dir='ltr'>vitio,</span> <span class='ocrx_word' id='word_1_431' title='bbox 1353 1557 1403 1585; x_wconf 91' lang='lat' dir='ltr'>aut</span> <span class='ocrx_word' id='word_1_432' title='bbox 1436 1552 1615 1586; x_wconf 87' lang='lat' dir='ltr'>intentionis</span> <span class='ocrx_word' id='word_1_433' title='bbox 1646 1556 1771 1585; x_wconf 85' lang='lat' dir='ltr'>nostrae</span> <span class='ocrx_word' id='word_1_434' title='bbox 1798 1553 1846 1584; x_wconf 66' lang='lat' dir='ltr'>vol</span> 
     </span>
     <span class='ocr_line' id='line_1_96' title="bbox 1106 1604 1847 1649; baseline 0.003 -13"><span class='ocrx_word' id='word_1_435' title='bbox 1106 1604 1166 1637; x_wconf 91' lang='lat' dir='ltr'>alio</span> <span class='ocrx_word' id='word_1_436' title='bbox 1184 1616 1383 1648; x_wconf 86' lang='lat' dir='ltr'>quocumque</span> <span class='ocrx_word' id='word_1_437' title='bbox 1396 1606 1518 1638; x_wconf 79' lang='lat' dir='ltr'>defectu</span> <span class='ocrx_word' id='word_1_438' title='bbox 1530 1606 1642 1646; x_wconf 86' lang='lat' dir='ltr'>notari,</span> <span class='ocrx_word' id='word_1_439' title='bbox 1657 1606 1847 1649; x_wconf 80' lang='lat' dir='ltr'>impugnari,</span> 
     </span>
     <span class='ocr_line' id='line_1_97' title="bbox 1108 1658 1846 1701; baseline 0.003 -11"><span class='ocrx_word' id='word_1_440' title='bbox 1108 1658 1277 1701; x_wconf 79' lang='lat' dir='ltr'>redargui,</span> <span class='ocrx_word' id='word_1_441' title='bbox 1302 1664 1354 1691; x_wconf 89' lang='lat' dir='ltr'>aut</span> <span class='ocrx_word' id='word_1_442' title='bbox 1385 1660 1416 1691; x_wconf 89' lang='lat' dir='ltr'>in</span> <span class='ocrx_word' id='word_1_443' title='bbox 1448 1659 1496 1691; x_wconf 89' lang='lat' dir='ltr'>ius</span> <span class='ocrx_word' id='word_1_444' title='bbox 1520 1660 1568 1691; x_wconf 70' lang='lat' dir='ltr'>vel</span> <span class='ocrx_word' id='word_1_445' title='bbox 1600 1660 1846 1693; x_wconf 72' lang='lat' dir='ltr'>controversiam</span> 
     </span>
     <span class='ocr_line' id='line_1_98' title="bbox 1106 1712 1847 1756; baseline 0.004 -13"><span class='ocrx_word' id='word_1_446' title='bbox 1106 1712 1233 1751; x_wconf 77' lang='lat' dir='ltr'>vocari,</span> <span class='ocrx_word' id='word_1_447' title='bbox 1258 1717 1311 1744; x_wconf 84' lang='lat' dir='ltr'>aut</span> <span class='ocrx_word' id='word_1_448' title='bbox 1344 1712 1434 1744; x_wconf 88' lang='lat' dir='ltr'>aliter</span> <span class='ocrx_word' id='word_1_449' title='bbox 1458 1712 1694 1755; x_wconf 80' lang='lat' dir='ltr'>quomodolibet</span> <span class='ocrx_word' id='word_1_450' title='bbox 1719 1713 1847 1756; x_wconf 75' lang='lat' dir='ltr'>infringi</span> 
     </span>
     <span class='ocr_line' id='line_1_99' title="bbox 1107 1765 1849 1810; baseline 0.001 -12"><span class='ocrx_word' id='word_1_451' title='bbox 1107 1766 1154 1798; x_wconf 78' lang='lat' dir='ltr'>vel</span> <span class='ocrx_word' id='word_1_452' title='bbox 1172 1765 1336 1806; x_wconf 86' lang='lat' dir='ltr'>retardari,</span> <span class='ocrx_word' id='word_1_453' title='bbox 1353 1765 1510 1810; x_wconf 86' lang='lat' dir='ltr'>suspendi,</span> <span class='ocrx_word' id='word_1_454' title='bbox 1531 1766 1659 1798; x_wconf 87' lang='lat' dir='ltr'>limitari</span> <span class='ocrx_word' id='word_1_455' title='bbox 1677 1767 1725 1799; x_wconf 74' lang='lat' dir='ltr'>vel</span> <span class='ocrx_word' id='word_1_456' title='bbox 1754 1768 1849 1800; x_wconf 87' lang='lat' dir='ltr'>mole-</span> 
     </span>
     <span class='ocr_line' id='line_1_100' title="bbox 1108 1818 1847 1864; baseline 0.003 -13"><span class='ocrx_word' id='word_1_457' title='bbox 1108 1818 1200 1861; x_wconf 87' lang='lat' dir='ltr'>stari,</span> <span class='ocrx_word' id='word_1_458' title='bbox 1226 1824 1279 1851; x_wconf 90' lang='lat' dir='ltr'>aut</span> <span class='ocrx_word' id='word_1_459' title='bbox 1303 1819 1392 1852; x_wconf 84' lang='lat' dir='ltr'>aliter</span> <span class='ocrx_word' id='word_1_460' title='bbox 1422 1819 1453 1851; x_wconf 90' lang='lat' dir='ltr'>in</span> <span class='ocrx_word' id='word_1_461' title='bbox 1484 1820 1677 1852; x_wconf 85' lang='lat' dir='ltr'>contrarium</span> <span class='ocrx_word' id='word_1_462' title='bbox 1703 1820 1824 1864; x_wconf 78' lang='lat' dir='ltr'>dIsponi</span> <span class='ocrx_word' id='word_1_463' title='bbox 1840 1849 1847 1862; x_wconf 83' lang='lat'>,</span> 
     </span>
     <span class='ocr_line' id='line_1_101' title="bbox 1108 1873 1848 1917; baseline 0.001 -12"><span class='ocrx_word' id='word_1_464' title='bbox 1108 1873 1199 1905; x_wconf 89' lang='lat' dir='ltr'>statui</span> <span class='ocrx_word' id='word_1_465' title='bbox 1225 1873 1272 1905; x_wconf 73' lang='lat' dir='ltr'>vel</span> <span class='ocrx_word' id='word_1_466' title='bbox 1298 1873 1437 1905; x_wconf 89' lang='lat' dir='ltr'>ordinari</span> <span class='ocrx_word' id='word_1_467' title='bbox 1461 1883 1635 1916; x_wconf 87' lang='lat' dir='ltr'>numquam</span> <span class='ocrx_word' id='word_1_468' title='bbox 1659 1884 1767 1917; x_wconf 79' lang='lat' dir='ltr'>posse3</span> <span class='ocrx_word' id='word_1_469' title='bbox 1794 1874 1848 1907; x_wconf 84' lang='lat' dir='ltr'>sed</span> 
     </span>
     <span class='ocr_line' id='line_1_102' title="bbox 1109 1925 1848 1970; baseline 0.003 -13"><span class='ocrx_word' id='word_1_470' title='bbox 1109 1925 1176 1958; x_wconf 88' lang='lat' dir='ltr'>illas</span> <span class='ocrx_word' id='word_1_471' title='bbox 1201 1932 1229 1958; x_wconf 88' lang='lat' dir='ltr'>et</span> <span class='ocrx_word' id='word_1_472' title='bbox 1246 1926 1276 1958; x_wconf 89' lang='lat' dir='ltr'>in</span> <span class='ocrx_word' id='word_1_473' title='bbox 1293 1926 1337 1959; x_wconf 88' lang='lat' dir='ltr'>eis</span> <span class='ocrx_word' id='word_1_474' title='bbox 1361 1931 1506 1959; x_wconf 88' lang='lat' dir='ltr'>contenta</span> <span class='ocrx_word' id='word_1_475' title='bbox 1525 1937 1743 1970; x_wconf 84' lang='lat' dir='ltr'>quaecumque</span> <span class='ocrx_word' id='word_1_476' title='bbox 1767 1938 1848 1960; x_wconf 89' lang='lat' dir='ltr'>sem-</span> 
     </span>
     <span class='ocr_line' id='line_1_103' title="bbox 1109 1980 1849 2023; baseline 0.003 -12"><span class='ocrx_word' id='word_1_477' title='bbox 1109 1989 1166 2022; x_wconf 87' lang='lat' dir='ltr'>per</span> <span class='ocrx_word' id='word_1_478' title='bbox 1182 1984 1211 2012; x_wconf 87' lang='lat' dir='ltr'>et</span> <span class='ocrx_word' id='word_1_479' title='bbox 1234 1983 1389 2023; x_wconf 84' lang='lat' dir='ltr'>perpetuo</span> <span class='ocrx_word' id='word_1_480' title='bbox 1414 1980 1524 2020; x_wconf 76' lang='lat' dir='ltr'>valida,</span> <span class='ocrx_word' id='word_1_481' title='bbox 1542 1980 1633 2012; x_wconf 82' lang='lat' dir='ltr'>firma</span> <span class='ocrx_word' id='word_1_482' title='bbox 1658 1987 1687 2013; x_wconf 81' lang='lat' dir='ltr'>et</span> <span class='ocrx_word' id='word_1_483' title='bbox 1711 1981 1849 2014; x_wconf 82' lang='lat' dir='ltr'>efficacia</span> 
     </span>
    </p>
   </div>
   <div class='ocr_carea' id='block_1_14' title="bbox 1861 1460 2045 1513">
    <p class='ocr_par' dir='ltr' id='par_1_19' title="bbox 1861 1460 2045 1513">
     <span class='ocr_line' id='line_1_104' title="bbox 1934 1460 2045 1480; baseline 0.009 -1"><span class='ocrx_word' id='word_1_484' title='bbox 1934 1460 2045 1480; x_wconf 66' lang='lat' dir='ltr'>Clausulao</span> 
     </span>
     <span class='ocr_line' id='line_1_105' title="bbox 1861 1490 2043 1513; baseline -0.005 -6"><span class='ocrx_word' id='word_1_485' title='bbox 1861 1490 2043 1513; x_wconf 65' lang='lat' dir='ltr'>praesen-aurae.</span> 
     </span>
    </p>
   </div>
   <div class='ocr_carea' id='block_1_15' title="bbox 1093 2032 1849 2077">
    <p class='ocr_par' dir='ltr' id='par_1_20' title="bbox 1093 2032 1849 2077">
     <span class='ocr_line' id='line_1_106' title="bbox 1093 2032 1849 2077; baseline 0.003 -13"><span class='ocrx_word' id='word_1_486' title='bbox 1093 2032 1242 2065; x_wconf 80' lang='lat' dir='ltr'>existere</span> <span class='ocrx_word' id='word_1_487' title='bbox 1263 2038 1292 2065; x_wconf 87' lang='lat' dir='ltr'>et</span> <span class='ocrx_word' id='word_1_488' title='bbox 1316 2033 1392 2073; x_wconf 84' lang='lat' dir='ltr'>sore,</span> <span class='ocrx_word' id='word_1_489' title='bbox 1410 2043 1546 2076; x_wconf 86' lang='lat' dir='ltr'>suosque</span> <span class='ocrx_word' id='word_1_490' title='bbox 1570 2033 1729 2077; x_wconf 86' lang='lat' dir='ltr'>plenarios</span> <span class='ocrx_word' id='word_1_491' title='bbox 1754 2039 1784 2066; x_wconf 85' lang='lat' dir='ltr'>et</span> <span class='ocrx_word' id='word_1_492' title='bbox 1802 2034 1849 2066; x_wconf 91' lang='lat' dir='ltr'>in-</span> 
     </span>
    </p>
   </div>
   <div class='ocr_carea' id='block_1_16' title="bbox 1111 2086 1849 2128">
    <p class='ocr_par' dir='ltr' id='par_1_21' title="bbox 1111 2086 1849 2128">
     <span class='ocr_line' id='line_1_107' title="bbox 1111 2086 1849 2128; baseline 0.003 -10"><span class='ocrx_word' id='word_1_493' title='bbox 1111 2092 1215 2128; x_wconf 74' lang='lat' dir='ltr'>tegros</span> <span class='ocrx_word' id='word_1_494' title='bbox 1240 2086 1369 2119; x_wconf 77' lang='lat' dir='ltr'>effectus</span> <span class='ocrx_word' id='word_1_495' title='bbox 1393 2087 1499 2119; x_wconf 86' lang='lat' dir='ltr'>sortiri</span> <span class='ocrx_word' id='word_1_496' title='bbox 1524 2092 1554 2119; x_wconf 90' lang='lat' dir='ltr'>et</span> <span class='ocrx_word' id='word_1_497' title='bbox 1578 2087 1730 2128; x_wconf 85' lang='lat' dir='ltr'>obtinere,</span> <span class='ocrx_word' id='word_1_498' title='bbox 1751 2098 1786 2119; x_wconf 88' lang='lat' dir='ltr'>ac</span> <span class='ocrx_word' id='word_1_499' title='bbox 1811 2088 1849 2120; x_wconf 88' lang='lat' dir='ltr'>ab</span> 
     </span>
    </p>
   </div>
   <div class='ocr_carea' id='block_1_17' title="bbox 1092 2140 1850 2184">
    <p class='ocr_par' dir='ltr' id='par_1_22' title="bbox 1092 2140 1850 2184">
     <span class='ocr_line' id='line_1_108' title="bbox 1092 2140 1850 2184; baseline 0.003 -12"><span class='ocrx_word' id='word_1_500' title='bbox 1092 2140 1265 2180; x_wconf 64' lang='lat' dir='ltr'>erunibus,</span> <span class='ocrx_word' id='word_1_501' title='bbox 1290 2141 1328 2173; x_wconf 89' lang='lat' dir='ltr'>ad</span> <span class='ocrx_word' id='word_1_502' title='bbox 1353 2151 1431 2184; x_wconf 91' lang='lat' dir='ltr'>quos</span> <span class='ocrx_word' id='word_1_503' title='bbox 1456 2146 1573 2184; x_wconf 88' lang='lat' dir='ltr'>spectat</span> <span class='ocrx_word' id='word_1_504' title='bbox 1598 2146 1627 2173; x_wconf 84' lang='lat' dir='ltr'>et</span> <span class='ocrx_word' id='word_1_505' title='bbox 1652 2141 1683 2173; x_wconf 89' lang='lat' dir='ltr'>in</span> <span class='ocrx_word' id='word_1_506' title='bbox 1708 2142 1850 2174; x_wconf 84' lang='lat' dir='ltr'>futurum</span> 
     </span>
    </p>
   </div>
   <div class='ocr_carea' id='block_1_18' title="bbox 1109 2194 2048 2398">
    <p class='ocr_par' dir='ltr' id='par_1_23' title="bbox 1109 2194 1851 2287">
     <span class='ocr_line' id='line_1_109' title="bbox 1109 2194 1851 2238; baseline 0.003 -13"><span class='ocrx_word' id='word_1_507' title='bbox 1109 2194 1346 2238; x_wconf 86' lang='lat' dir='ltr'>quomodolibet</span> <span class='ocrx_word' id='word_1_508' title='bbox 1370 2194 1532 2237; x_wconf 87' lang='lat' dir='ltr'>spectabit,</span> <span class='ocrx_word' id='word_1_509' title='bbox 1557 2194 1778 2227; x_wconf 82' lang='lat' dir='ltr'>inviolabiliter</span> <span class='ocrx_word' id='word_1_510' title='bbox 1799 2195 1851 2228; x_wconf 89' lang='lat' dir='ltr'>ob-</span> 
     </span>
     <span class='ocr_line' id='line_1_110' title="bbox 1109 2249 1244 2287; baseline -0.007 -6"><span class='ocrx_word' id='word_1_511' title='bbox 1109 2249 1244 2287; x_wconf 75' lang='lat' dir='ltr'>servari,</span> 
     </span>
    </p>

    <p class='ocr_par' dir='ltr' id='par_1_24' title="bbox 1109 2301 2048 2398">
     <span class='ocr_line' id='line_1_111' title="bbox 1153 2301 2048 2345; baseline -0.002 -11"><span class='ocrx_word' id='word_1_512' title='bbox 1153 2303 1168 2345; x_wconf 67' lang='lat' dir='ltr'>g</span> <span class='ocrx_word' id='word_1_513' title='bbox 1192 2301 1243 2334; x_wconf 53' lang='lat'>214.</span> <span class='ocrx_word' id='word_1_514' title='bbox 1269 2302 1306 2334; x_wconf 85' lang='lat' dir='ltr'>Et</span> <span class='ocrx_word' id='word_1_515' title='bbox 1330 2301 1371 2334; x_wconf 88' lang='lat' dir='ltr'>ita</span> <span class='ocrx_word' id='word_1_516' title='bbox 1396 2312 1453 2345; x_wconf 91' lang='lat' dir='ltr'>per</span> <span class='ocrx_word' id='word_1_517' title='bbox 1484 2312 1700 2345; x_wconf 85' lang='lat' dir='ltr'>quoscumque</span> <span class='ocrx_word' id='word_1_518' title='bbox 1730 2302 1848 2336; x_wconf 85' lang='lat' dir='ltr'>iudices</span> <span class='ocrx_word' id='word_1_519' title='bbox 1891 2311 2048 2342; x_wconf 61' lang='lat' dir='ltr'>clausulam-</span> 
     </span>
     <span class='ocr_line' id='line_1_112' title="bbox 1109 2339 1912 2398; baseline 0 -10"><span class='ocrx_word' id='word_1_520' title='bbox 1109 2355 1285 2388; x_wconf 88' lang='lat' dir='ltr'>ordinarios</span> <span class='ocrx_word' id='word_1_521' title='bbox 1310 2360 1340 2388; x_wconf 89' lang='lat' dir='ltr'>et</span> <span class='ocrx_word' id='word_1_522' title='bbox 1364 2355 1537 2398; x_wconf 83' lang='lat' dir='ltr'>delegatos,</span> <span class='ocrx_word' id='word_1_523' title='bbox 1563 2356 1655 2388; x_wconf 89' lang='lat' dir='ltr'>etiam</span> <span class='ocrx_word' id='word_1_524' title='bbox 1681 2366 1847 2389; x_wconf 84' lang='lat' dir='ltr'>causarum</span> <span class='ocrx_word' id='word_1_525' title='bbox 1863 2339 1912 2359; x_wconf 48' lang='grc' dir='ltr'>[Μ’</span> 
     </span>
    </p>
   </div>
   <div class='ocr_carea' id='block_1_19' title="bbox 1093 2409 1847 2453">
    <p class='ocr_par' dir='ltr' id='par_1_25' title="bbox 1093 2409 1847 2453">
     <span class='ocr_line' id='line_1_113' title="bbox 1093 2409 1847 2453; baseline 0.003 -12"><span class='ocrx_word' id='word_1_526' title='bbox 1093 2435 1094 2453; x_wconf 24' lang='grc' dir='ltr'>ἢ</span> <span class='ocrx_word' id='word_1_527' title='bbox 1109 2409 1215 2453; x_wconf 89' lang='lat' dir='ltr'>palatii</span> <span class='ocrx_word' id='word_1_528' title='bbox 1232 2409 1394 2452; x_wconf 89' lang='lat' dir='ltr'>apostolici</span> <span class='ocrx_word' id='word_1_529' title='bbox 1412 2409 1582 2449; x_wconf 82' lang='lat' dir='ltr'>auditores,</span> <span class='ocrx_word' id='word_1_530' title='bbox 1600 2409 1729 2442; x_wconf 84' lang='lat' dir='ltr'>iudicari</span> <span class='ocrx_word' id='word_1_531' title='bbox 1749 2415 1778 2442; x_wconf 89' lang='lat' dir='ltr'>et</span> <span class='ocrx_word' id='word_1_532' title='bbox 1795 2410 1847 2443; x_wconf 90' lang='lat' dir='ltr'>de-</span> 
     </span>
    </p>
   </div>
   <div class='ocr_carea' id='block_1_20' title="bbox 1109 2462 1849 2667">
    <p class='ocr_par' dir='ltr' id='par_1_26' title="bbox 1109 2462 1849 2667">
     <span class='ocr_line' id='line_1_114' title="bbox 1109 2462 1848 2503; baseline 0.004 -9"><span class='ocrx_word' id='word_1_533' title='bbox 1109 2462 1192 2494; x_wconf 86' lang='lat' dir='ltr'>finiri</span> <span class='ocrx_word' id='word_1_534' title='bbox 1205 2462 1330 2503; x_wconf 88' lang='lat' dir='ltr'>debere,</span> <span class='ocrx_word' id='word_1_535' title='bbox 1348 2472 1383 2494; x_wconf 86' lang='lat' dir='ltr'>ac</span> <span class='ocrx_word' id='word_1_536' title='bbox 1398 2462 1522 2494; x_wconf 88' lang='lat' dir='ltr'>irritum</span> <span class='ocrx_word' id='word_1_537' title='bbox 1547 2467 1575 2495; x_wconf 89' lang='lat' dir='ltr'>et</span> <span class='ocrx_word' id='word_1_538' title='bbox 1601 2462 1702 2503; x_wconf 80' lang='lat' dir='ltr'>inane,</span> <span class='ocrx_word' id='word_1_539' title='bbox 1717 2463 1741 2495; x_wconf 88' lang='lat' dir='ltr'>si</span> <span class='ocrx_word' id='word_1_540' title='bbox 1759 2474 1848 2497; x_wconf 85' lang='lat' dir='ltr'>secus</span> 
     </span>
     <span class='ocr_line' id='line_1_115' title="bbox 1110 2515 1848 2558; baseline 0.003 -11"><span class='ocrx_word' id='word_1_541' title='bbox 1110 2526 1204 2558; x_wconf 90' lang='lat' dir='ltr'>super</span> <span class='ocrx_word' id='word_1_542' title='bbox 1238 2515 1287 2547; x_wconf 91' lang='lat' dir='ltr'>his</span> <span class='ocrx_word' id='word_1_543' title='bbox 1322 2525 1339 2547; x_wconf 88' lang='lat' dir='ltr'>a</span> <span class='ocrx_word' id='word_1_544' title='bbox 1363 2525 1580 2558; x_wconf 86' lang='lat' dir='ltr'>quocumque,</span> <span class='ocrx_word' id='word_1_545' title='bbox 1605 2516 1712 2558; x_wconf 74' lang='lat' dir='ltr'>quavis</span> <span class='ocrx_word' id='word_1_546' title='bbox 1741 2522 1848 2550; x_wconf 84' lang='lat' dir='ltr'>aucto-</span> 
     </span>
     <span class='ocr_line' id='line_1_116' title="bbox 1111 2568 1849 2612; baseline 0.003 -12"><span class='ocrx_word' id='word_1_547' title='bbox 1111 2569 1210 2609; x_wconf 83' lang='lat' dir='ltr'>ritate,</span> <span class='ocrx_word' id='word_1_548' title='bbox 1228 2568 1362 2602; x_wconf 83' lang='lat' dir='ltr'>scienter</span> <span class='ocrx_word' id='word_1_549' title='bbox 1390 2569 1438 2601; x_wconf 85' lang='lat' dir='ltr'>vel</span> <span class='ocrx_word' id='word_1_550' title='bbox 1463 2569 1655 2611; x_wconf 82' lang='lat' dir='ltr'>ignoranter,</span> <span class='ocrx_word' id='word_1_551' title='bbox 1682 2570 1849 2612; x_wconf 82' lang='lat' dir='ltr'>contigerit</span> 
     </span>
     <span class='ocr_line' id='line_1_117' title="bbox 1109 2622 1848 2667; baseline 0.003 -13"><span class='ocrx_word' id='word_1_552' title='bbox 1109 2622 1262 2656; x_wconf 88' lang='lat' dir='ltr'>attentari.</span> <span class='ocrx_word' id='word_1_553' title='bbox 1288 2622 1445 2665; x_wconf 81' lang='lat' dir='ltr'>Rogamus</span> <span class='ocrx_word' id='word_1_554' title='bbox 1470 2633 1595 2667; x_wconf 88' lang='lat' dir='ltr'>quoque</span> <span class='ocrx_word' id='word_1_555' title='bbox 1624 2628 1654 2656; x_wconf 91' lang='lat' dir='ltr'>et</span> <span class='ocrx_word' id='word_1_556' title='bbox 1683 2623 1848 2657; x_wconf 87' lang='lat' dir='ltr'>hortamur</span> 
     </span>
    </p>
   </div>
  </div>
 </body>
</html>
