2269 3235
98 271 147 298 An.
163 268 192 296 C.
213 266 280 296 1627

119 1553 232 1575 Praedicta
241 1559 284 1575 om-

99 1580 136 1600 nia
175 1581 286 1602 confimat

100 1606 205 1628 Urbanus.

910 261 1050 285 UIIBANUS
1075 261 1131 285 VIII
1155 261 1202 284 Pr.

296 313 432 354 stitutus,
453 313 534 346 sicut
558 313 746 357 accepimus,
763 311 907 345 facultate
926 321 1035 354 procu-

295 365 414 399 ratoria
444 365 625 399 huiusmodi
650 370 758 406 utens,
784 374 889 397 coram
921 363 1034 395 dilecto

296 419 363 453 filio
388 420 544 464 Stephano
565 420 640 453 Vaio
659 418 837 463 praedictae
862 416 967 449 curiae
985 416 1036 447 Ca-

296 473 446 517 pitolinae
464 473 566 517 primo
581 472 752 506 collaterali
766 475 957 514 nuncupato,
976 470 1036 502 llo-

297 537 470 570 manaeque
495 526 606 560 Curiae
630 525 803 564 ordinario,
825 529 854 556 et
878 523 916 555 ad
941 523 1035 555 inter-

296 580 441 624 ponenda
451 579 577 613 decreta
586 579 615 611 in
625 577 836 611 contractibus
844 576 1036 609 voluntariae

297 633 523 666 iurisdictionis
539 642 556 664 a
573 632 663 665 nobis
687 631 865 675 specialiter
888 629 1036 673 deputato

298 685 409 728 iudice,
424 685 635 725 donationem,
657 684 831 717 cessionem
856 688 884 715 et
910 683 1038 715 transla-

298 738 414 772 tionem
439 738 616 782 praedictas
636 737 832 780 originaliter
849 734 1036 775 exhibuerit,

298 791 502 824 insinuaverit
527 795 557 823 et
581 790 818 833 significaverit,
844 789 974 832 illasque
999 787 1037 819 ad

296 845 422 889 plenam
445 849 476 877 et
501 854 607 876 veram
639 843 712 876 dicti
738 842 848 876 iudicis
872 841 1036 882 notitiam,

296 897 383 930 iuxta
399 902 586 930 statutorum
604 896 839 940 praedictorum
857 896 991 928 formam
1008 899 1038 927 et

298 955 456 991 tenorem,
480 950 661 990 deduxerit,
687 955 717 982 et
741 949 864 983 tandem
889 949 957 981 illas
981 958 1039 991 per

299 1004 416 1037 dictum
442 1003 577 1036 iudicem
602 1014 661 1047 pro
685 1002 836 1035 tribunali
861 1002 1037 1041 sedentem,

299 1060 394 1090 causa
418 1057 556 1100 cognita,
581 1056 717 1097 admitti,
743 1061 771 1089 et
795 1067 854 1100 pro
875 1055 1038 1088 insinuatis

299 1111 418 1152 haberi,
433 1115 462 1144 et
477 1111 509 1142 in
526 1110 602 1143 actis
618 1110 751 1154 publicis
764 1109 868 1142 dilecti
881 1109 936 1141 filii
955 1110 1040 1141 Ioan-

299 1165 347 1198 nis
371 1164 527 1208 Baptistae
547 1164 585 1197 de
610 1163 785 1198 Octavianis
808 1163 909 1196 dictae
934 1163 1039 1195 curiae

299 1219 491 1263 Capitolinae
515 1217 650 1258 notarii,
675 1218 760 1250 iuxta
783 1217 917 1250 sormam
943 1217 1041 1250 dicto-

298 1282 369 1304 rum
394 1275 594 1311 statutorum,
614 1270 789 1314 registrari,
806 1270 1039 1304 auctoritatem-

299 1335 361 1369 que
382 1331 412 1358 et
430 1325 593 1358 decretum
613 1335 672 1368 per
691 1324 809 1357 dictum
835 1324 971 1357 iudicem
991 1324 1041 1357 de-

299 1390 394 1423 super
408 1379 645 1423 quomodolibet
664 1378 842 1411 necessaria
862 1384 1040 1422 opportune

298 1434 467 1478 interponi,
493 1434 550 1466 sub
575 1433 624 1466 die
648 1436 733 1466 sexta
759 1433 899 1466 eiusdem
924 1433 1040 1466 mensis

298 1487 381 1532 iunii
401 1488 592 1521 obtinuerit:

344 1542 359 1586 ἓ
381 1541 410 1575 3.
436 1542 498 1575 Nos
523 1541 628 1584 igitur,
646 1541 700 1585 qui
721 1540 893 1574 catholicae
917 1541 1041 1584 religio-

298 1595 347 1628 nis
372 1595 622 1635 incrementum,
647 1595 881 1638 haeresumque
909 1594 1042 1638 extirpa-

299 1649 418 1682 tionem
448 1659 513 1682 non
536 1649 637 1681 solum
671 1648 801 1680 sinceris
826 1647 1041 1680 desideramus

300 1702 480 1742 affectibus,
505 1701 559 1734 sed
583 1701 621 1734 ad
645 1701 866 1734 universarum
899 1701 1041 1743 gentium

302 1760 333 1788 et
356 1755 533 1788 animarum
566 1755 698 1787 salutem
729 1754 980 1798 procurandam,
1006 1764 1042 1787 ac

301 1809 396 1841 fidem
421 1808 606 1841 catholicam
631 1808 663 1840 in
682 1808 864 1841 universum
889 1807 1042 1840 mundum

302 1862 550 1906 propagandam,
574 1861 785 1905 tuendamque
810 1861 968 1897 debitores
985 1872 1043 1894 nos

304 1925 372 1948 esse
395 1915 539 1956 fatemur,
564 1925 599 1948 ac
624 1921 792 1959 propterea
816 1915 965 1948 laudabili
990 1915 1042 1948 de-

304 1969 420 2002 siderio
441 1974 471 2002 et
490 1969 560 2013 piae
579 1969 731 2002 voluntati
752 1969 826 2002 dicti
846 1970 971 2002 Ioannis
991 1969 1044 2002 Ba-

303 2023 427 2068 ptistae,
445 2023 681 2066 conditionique
698 2023 730 2055 in
747 2023 847 2056 dictae
867 2023 1044 2056 donationis

303 2076 512 2110 instrumento
542 2076 646 2120 quoa‘d
676 2077 835 2121 appositae
866 2077 1045 2110 satisfacere

304 2131 482 2175 cupientes,
506 2130 674 2174 ipsumque
700 2131 848 2164 Ioannem
873 2131 1044 2175 Baptistam

303 2195 321 2218 a
333 2184 496 2228 quibusvis
509 2184 852 2225 excommunicationis,
870 2185 1046 2228 suspensio-

303 2238 352 2271 nis
365 2242 394 2271 et
410 2237 579 2278 interdicti,
593 2238 725 2282 aliisque
743 2238 962 2271 ecclesiasticis
977 2249 1046 2271 sen-

303 2292 419 2333 tentiis,
444 2292 585 2325 censuris
609 2296 639 2325 et
662 2292 782 2336 poenis,
807 2303 824 2324 a
849 2292 917 2325 iure
934 2293 981 2325 vel
1007 2292 1045 2325 ab

305 2345 443 2386 homine,
460 2345 570 2389 quavis
594 2345 758 2379 occasione
776 2346 824 2378 vel
849 2347 945 2379 causa
964 2346 1045 2387 latis,

306 2399 331 2431 si
348 2399 464 2443 quibus
481 2399 718 2443 quomodolibet
741 2399 909 2433 innodatus
931 2400 1044 2441 existit,

306 2452 345 2485 ad
361 2452 506 2486 effectum
528 2453 742 2497 praesentium
762 2453 924 2486 dumtaxat
941 2464 1046 2487 conse-

307 2506 477 2550 quendum,
494 2506 607 2539 harum
633 2507 713 2539 serie
737 2507 933 2540 absolventes
950 2513 980 2540 et
994 2508 1048 2541 ab·

307 2560 444 2593 solutum
458 2560 524 2592 fore
538 2565 707 2602 censentes,
719 2571 754 2594 ac
767 2561 872 2605 palatii
883 2561 1045 2605 praedicti,

307 2613 569 2657 singulorumque
604 2614 748 2647 locorum
773 2620 803 2647 et
829 2615 1046 2647 membrorum

307 2677 437 2701 suorum
463 2667 662 2708 situationes‚
687 2667 839 2711 confinia,
865 2668 1045 2712 qualitates,

389 2728 467 2756 Butl.
487 2728 570 2756 Rom.
587 2743 621 2748 -
638 2728 699 2756 Vol.
715 2729 795 2758 XIII.
942 2729 975 2757 73

1713 248 1775 281 577
1823 257 1874 283 Αη.
1889 257 1917 284 e.
1940 256 2007 284 1627

1069 309 1220 343 vocabula
1238 314 1268 341 et
1283 307 1562 347 denominationes,
1580 316 1615 339 ac
1633 306 1809 339 donationis

1069 368 1097 395 et
1119 363 1255 406 desuper
1275 362 1406 395 consecti
1432 361 1641 400 instrumenti,
1664 360 1809 403 illiusque

1070 415 1299 455 insinuationis,
1324 415 1452 455 decreti,
1478 414 1709 457 assignationis,
1731 413 1808 445 alio-

1070 479 1204 511 rumque
1225 468 1369 511 superius
1395 469 1566 500 relatorum
1589 467 1810 499 insu-umento-

1070 532 1139 553 rum
1152 526 1233 554 totos
1245 527 1378 561 tenores,
1390 521 1481 553 etiam
1493 521 1641 559 veriores,
1653 530 1688 552 ac
1699 518 1809 561 datae-¹,

1070 574 1288 618 praesentibus
1302 584 1358 616 pro
1373 574 1529 617 expressis
1547 574 1705 612 l‘1al‘ientcs3
1725 578 1811 606 motu

1070 628 1211 672 proprio,
1226 638 1287 660 non
1302 628 1339 659 ad
1354 627 1493 659 eiusdem
1509 628 1632 659 loannis
1647 628 1810 670 Baptistae,

1072 682 1118 714 vel
1139 681 1267 713 alterius
1287 691 1345 724 pro
1363 691 1399 713 eo
1420 680 1510 712 nobis
1535 680 1672 723 desuper
1689 681 1811 713 oblatae

1071 734 1229 778 petitionis
1245 733 1434 772 instantiam,
1457 732 1510 764 sed
1525 742 1563 764 cx
1578 735 1664 764 mera
1682 733 1812 765 scientia

1072 792 1101 820 et
1117 787 1342 820 deliberatione
1366 785 1493 824 nostris,
1515 795 1550 817 ac
1568 785 1604 817 de
1623 785 1812 828 apostolieae

1071 841 1234 885 potestatis
1263 839 1476 885 plenitudine,
1502 839 1720 877 donationem,
1746 850 1813 871 ces-

1072 895 1192 927 sionem
1218 900 1247 927 et
1272 894 1506 928 translationem
1533 892 1724 933 huiusmodi,
1750 904 1814 925 om-

1072 949 1186 991 niaque
1210 948 1241 980 in
1265 948 1474 980 instrumento
1499 946 1645 990 desuper,
1671 951 1703 978 ut
1728 956 1814 989 prae-

1074 1002 1173 1034 fertur
1187 1028 1194 1042 ‚
1227 1001 1384 1034 celebrato
1417 1005 1562 1033 contenta
1597 1005 1814 1043 acceptantes,

1074 1055 1188 1098 illaque
1206 1059 1296 1097 grata
1312 1059 1340 1086 et
1357 1059 1424 1086 rata
1441 1054 1601 1093 habentes,
1619 1053 1729 1085 eadem
1744 1063 1815 1097 apo-

1074 1109 1183 1141 stolica
1213 1108 1414 1149 auctoritate,
1441 1113 1551 1141 tenore
1581 1108 1813 1151 praesentium,

1074 1167 1229 1206 perpetuo
1254 1162 1468 1206 approbamus
1485 1167 1512 1194 ct
1531 1162 1766 1201 confirmamus,
1784 1161 1817 1193 il-

1074 1216 1175 1259 lisque
1192 1220 1362 1259 perpetuae
1378 1221 1407 1247 et
1422 1215 1608 1248 inviolabilis
1626 1215 1815 1258 apostolicae

1074 1270 1232 1302 firmitatis
1261 1270 1359 1302 robur
1384 1269 1567 1310 adiicimus,
1593 1280 1628 1302 ac
1653 1280 1762 1302 omncs
1786 1274 1817 1301 et

1075 1324 1226 1367 singulos,
1251 1329 1313 1356 tam
1339 1323 1416 1356 iuris
1441 1334 1535 1367 quam
1568 1323 1649 1365 sacti,
1675 1323 1816 1366 aliosque

1075 1378 1168 1411 etiam
1194 1377 1414 1410 substantiales
1438 1377 1588 1417 desectus,
1609 1377 1634 1409 si
1653 1377 1706 1420 qui
1727 1377 1817 1409 desu-

1074 1442 1131 1475 per
1140 1432 1245 1464 forsan
1258 1431 1494 1472 intervenerint,
1505 1430 1623 1463 eisdem
1632 1430 1817 1463 auctoritate

1075 1491 1103 1518 et
1130 1489 1238 1519 tenore
1263 1486 1458 1529 supplemus.

1120 1539 1134 1582 ξ
1158 1538 1188 1571 4.
1214 1540 1249 1571 Ε[
1280 1539 1408 1582 insuper
1433 1538 1471 1571 ad
1496 1538 1649 1571 maiorem
1675 1538 1819 1581 omnipo-
1846 1574 1852 1577 .
1882 1548 2019 1585 (strategium

1075 1592 1167 1625 tentis
1193 1592 1246 1625 Dei
1271 1593 1405 1635 gloriam
1435 1597 1465 1624 et
1484 1592 1557 1624 fidei
1583 1592 1755 1624 catholicae
1776 1574 2020 1648 in-{iiiiiitssii‘i'iunli'iss

1833 1635 1907 1650 ceint.

1076 1650 1272 1678 crementum
1303 1656 1400 1677 unum
1432 1645 1463 1677 in
1489 1645 1604 1688 palatio
1639 1645 1819 1688 praedicto,

1077 1700 1204 1743 suisque
1229 1699 1381 1732 membris
1398 1702 1427 1732 et
1447 1698 1629 1731 adiacentiis
1651 1699 1820 1741 collegium

1076 1753 1284 1798 pontificium,
1304 1763 1358 1785 seu
1376 1752 1582 1785 seminarium
1600 1753 1820 1796 apostolicum,

1077 1807 1134 1840 sub
1160 1807 1357 1840 invocatione
1381 1812 1562 1840 sanctorum
1587 1806 1670 1839 Petri
1688 1812 1717 1839 et
1734 1807 1821 1839 Pauli

1077 1862 1294 1905 apostolorum
1327 1861 1485 1894 Pastorale
1519 1861 1679 1894 Urbanum
1706 1871 1822 1894 nuncu-

1077 1916 1232 1959 pandum,
1258 1926 1316 1959 pro
1340 1915 1545 1959 propaganda
1570 1925 1606 1948 ac
1630 1915 1745 1948 tuenda
1771 1926 1821 1948 ca-

1078 1970 1194 2003 tholica
1220 1974 1249 2002 et
1274 1969 1449 2013 apostolica
1473 1969 1553 2009 fide3

1124 2024 1139 2066 ξ
1153 2022 1181 2056 5.
1200 2023 1233 2056 In
1247 2033 1309 2066 quo
1324 2022 1512 2063 sacerdotes,
1530 2033 1585 2055 seu
1603 2022 1719 2062 clerici,
1734 2022 1822 2055 dum-

1080 2081 1162 2111 taxat
1185 2077 1354 2117 seculares,
1371 2076 1425 2121 qui
1443 2076 1481 2109 ad
1499 2087 1605 2109 sacros
1631 2081 1660 2109 et
1686 2076 1822 2109 maiores

1080 2131 1217 2171 ordines,
1235 2141 1290 2164 seu
1311 2131 1421 2163 saltem
1439 2141 1550 2163 eorum
1572 2130 1718 2173 aliquem,
1740 2130 1822 2163 intra

1080 2195 1198 2217 annum
1223 2184 1261 2216 ad
1286 2185 1400 2225 minus,
1418 2194 1434 2216 a
1455 2183 1504 2216 die
1529 2194 1639 2216 eorum
1664 2183 1696 2216 in
1719 2183 1823 2216 huius-

1081 2237 1166 2271 modi
1191 2237 1324 2280 collegio
1350 2248 1405 2270 seu
1434 2236 1603 2269 seminario
1632 2236 1823 2280 receptionis

1081 2291 1339 2335 computandum,
1350 2291 1533 2334 promoveri
1546 2290 1674 2323 omnino
1691 2290 1825 2322 debeant

1081 2350 1111 2378 et
1136 2348 1318 2385 teneantur,
1344 2355 1380 2377 ex
1406 2344 1492 2377 omni
1521 2343 1647 2376 natione
1672 2348 1701 2375 et
1732 2348 1824 2386 gente

1081 2399 1189 2443 recipi,
1207 2410 1243 2431 ac
1260 2399 1351 2432 bonis
1376 2398 1528 2438 moribus,
1554 2399 1691 2440 veraque
1708 2397 1822 2440 pietate

1081 2460 1111 2487 et
1135 2455 1241 2486 sancta
1265 2453 1418 2493 doctrina,
1443 2463 1477 2484 ac
1502 2451 1570 2484 aliis
1596 2451 1751 2484 catholico
1772 2451 1826 2484 ho-

1081 2508 1165 2541 mine
1180 2508 1283 2550 dignis
1299 2507 1480 2547 virtutibus,
1494 2506 1532 2538 ad
1544 2506 1690 2539 effectum
1707 2505 1824 2539 dictam

1081 2561 1176 2594 fidem
1202 2560 1388 2593 catholicam
1410 2559 1679 2603 apostolicamque
1707 2559 1738 2591 in
1754 2570 1825 2603 par-

1082 2615 1165 2647 tibus
1190 2613 1376 2655 infidelium,
1404 2614 1435 2645 in
1459 2613 1574 2656 quibus
1598 2612 1694 2656 aliqui
1712 2613 1822 2646 ortho-

1888 2030 2022 2050 Alumnornm

1837 2058 1951 2083 qualitates
2003 2059 2023 2077 et

1838 2090 1907 2105 munia
1917 2084 2022 2109 designat.

1119 2679 1129 2704 1
1148 2676 1242 2713 Aptius
1257 2676 1375 2712 legerem
1391 2676 1473 2704 datas
1488 2675 1530 2703 vel
1545 2676 1614 2703 data
1629 2675 1665 2711 (a.
1683 2675 1733 2710 T.).
