2269 3235
95 284 146 309 An.
163 281 281 308 01623

107 774 178 795 sixtus
188 772 247 799 Papa
258 772 282 797 V,

99 803 170 822 castra
191 800 218 820 ad
239 806 282 819 mo-

99 827 216 848 nasterium
232 826 282 846 Far—

99 855 156 875 tenso
185 855 282 883 spectan-

98 882 283 936 {kaktpffeesitgsssitgg
405 917 421 935 =-
614 918 620 923 .
729 918 734 923 .
968 928 972 932 .

100 936 154 957 sunt,
169 933 239 963 quoad
253 939 282 953 m.
298 916 329 949 B.
347 918 461 950 Manae
483 918 638 951 Farsensis
658 918 785 959 nullius,
803 923 833 950 ct
856 917 884 950 S.
903 917 1038 951 Salxato-

100 960 243 981 risdicttoneiu
263 962 284 980 et

101 987 179 1007 tructus
204 988 284 1012 tempo-

101 1014 158 1034 rates
169 1029 173 1036 ,
187 1019 284 1033 camerae

101 1040 231 1066 apostoticae
240 1040 284 1060 uni-

104 1069 139 1092 vit,
148 1072 173 1087 ac
185 1066 283 1087 subiecit.

136 2104 202 2129 Capta
221 2104 291 2123 antem

110 2136 181 2151 eorum
210 2135 292 2155 posscs-

110 2158 184 2179 siono‚
207 2157 234 2176 ad
258 2162 293 2176 uo·

112 2182 204 2203 rutudem
241 2183 293 2206 regi-

112 2215 158 2229 men
201 2210 292 2229 nonnulli

113 2235 215 2255 utut-tates
251 2236 294 2255 tue-

113 2264 160 2281 ruut
179 2263 293 2283 constituti.

898 278 1038 302 enatans

291 329 339 362 nis
362 333 486 362 nostrae
513 329 694 372 temporalis
716 327 941 371 ampliandum,
966 327 1046 358 illo-'

293 393 426 428 rumque
457 383 621 416 hominum
653 387 683 415 et
707 381 882 414 incolarum
916 383 1028 413 statum

293 436 460 469 salubriter
476 435 686 479 dirigendum,
703 433 841 479 paternis
858 433 969 467 studiis
989 432 1031 464 in-

292 489 465 530 tendentes,
489 499 535 529 ea,
559 499 638 532 quae
661 492 828 532 propterca
852 491 1031 531 opportuna

293 553 361 577 esse
391 542 623 587 comperimus,
647 541 780 574 libenter
811 540 1031 585 impertimur,

294 601 388 639 prout
411 605 529 637 rerum,
561 600 739 638 temporum
768 599 799 627 et
826 604 1032 638 personarum

295 649 496 693 qualitatibus
527 649 693 692 diligenter
722 648 858 692 pensatis
883 647 1034 691 conspici-

296 714 367 737 mus
390 703 556 736 salubriter
581 703 611 735 in
634 702 766 736 Domino
786 702 944 746 expedire.

341 758 356 800 ἓ
376 756 406 790 t.
424 757 507 790 Alias
524 756 677 801 siquidem
695 756 792 790 felicis
809 755 1035 789 recordationis

297 810 400 844 Sixtus
433 810 514 854 Papa
540 811 563 843 V
598 810 820 855 praedecessor
855 809 1035 843 vacantibus

297 868 371 897 tunc
401 864 613 905 monasteriis,
645 864 797 897 abbatiis¹
830 863 1035 907 nuncupatis,

298 970 342 1003 ris
366 970 404 1003 de
428 970 591 1004 Scantrilia
610 971 789 1004 Sabinensis
813 971 977 1011 dioecesis,
995 971 1039 1003 in-

299 1023 393 1057 simul
412 1025 517 1065 unitis‚
536 1035 593 1069 per
609 1025 730 1058 obitum
751 1024 852 1058 bonae
867 1024 1039 1058 memoriae

300 1077 465 1111 Alexandri
490 1078 657 1111 cardinalis
679 1078 829 1118 Farnesii,
854 1078 907 1121 qui
933 1077 984 1110 illa
1008 1077 1040 1110 in

301 1130 518 1164 commendam
534 1131 573 1164 ad
589 1131 636 1164 sui
652 1131 747 1164 vitam
760 1142 796 1165 ex
810 1131 1040 1175 dispensatione

302 1190 332 1217 ct
355 1184 556 1218 concessione
580 1185 773 1229 apostolica,
798 1184 872 1217 dum
905 1185 1040 1225 viveret,

303 1238 470 1281 obtinebat,
487 1238 591 1272 omnia
604 1244 634 1271 et
651 1238 774 1281 singula
791 1243 892 1271 castra
910 1238 941 1271 in
954 1238 1040 1271 Statu

303 1292 519 1325 Ecclesiastico
536 1292 593 1325 sub
616 1292 779 1336 temporali
805 1291 960 1325 dictorum
979 1302 1042 1325 mo-

302 1344 511 1378 nasteriorum
524 1344 740 1378 iurisdictione
752 1345 925 1385 existentia,
938 1345 1041 1389 quoad

303 1398 508 1441 temporalem
525 1398 784 1439 iurisdictionem,
804 1399 1041 1443 proprietatem,

302 1450 486 1492 dominium,
500 1456 530 1484 et
546 1451 812 1496 superioritatem,
829 1454 890 1485 una
906 1463 976 1485 cum
995 1463 1043 1486 eo-

303 1503 446 1537 rumdem
470 1504 672 1545 introitibus,
698 1505 871 1539 redditibus
901 1517 936 1539 ac
961 1517 1043 1539 emo-

303 1557 449 1591 lumentis
466 1568 502 1591 ex
519 1558 600 1592 dicta
618 1558 834 1592 iurisdictione
858 1560 1044 1603 provenien-

303 1611 385 1645 tibus
409 1611 440 1644 in
464 1622 521 1645 suo
541 1612 727 1646 consistorio
747 1618 869 1646 secreto
893 1614 931 1646 de
956 1624 1044 1647 vene-

304 1665 451 1698 rabilium
465 1665 597 1699 fratrum
608 1677 737 1699 suorum
751 1672 875 1699 sanetae
884 1668 1043 1700 Romanae

303 1719 459 1752 Ecclesiae
480 1719 685 1752 cardinalium
703 1720 834 1754 consilio
855 1726 885 1753 ct
905 1732 1043 1762 assensu,

303 1771 391 1805 aede
414 1782 488 1805 suae
512 1772 702 1816 apostolicae.
727 1774 889 1817 potestatis
913 1774 1045 1818 plenitu-

303 1825 384 1866 dine,
401 1836 418 1858 a
434 1825 525 1859 dictis
542 1827 739 1860 monasteriis
752 1833 906 1871 perpetuo
924 1839 1045 1872 separa-

305 1879 356 1920 x‘it,
366 1890 401 1912 ac
414 1879 484 1913 Sedi
498 1885 528 1913 et
540 1880 687 1914 Gamerae
701 1882 722 1914 A
728 1882 899 1925 postolicae
911 1883 1045 1926 applica-

306 1933 358 1973 vit,
371 1938 467 1977 prout
482 1933 514 1966 in
530 1934 656 1968 decreto
674 1935 883 1968 consistoriali
905 1936 1043 1969 ciusdem

306 1986 382 2020 sixti
405 1987 666 2030 praedecessoris,
684 1998 719 2021 ac
736 1989 847 2022 litteris
864 1989 1045 2032 apostolicis

306 2039 442 2084 desuper
466 2042 630 2085 expeditis,
655 2042 777 2085 plenius
801 2043 988 2077 continetur.

351 2094 411 2138 §2
436 2095 529 2128 Cuius
550 2096 677 2139 quidem
695 2096 811 2130 decreti
832 2108 868 2130 ac
889 2097 1045 2130 dictarum

307 2147 483 2181 litterarum
498 2149 617 2192 vigore,
632 2150 725 2183 realis
740 2155 769 2183 et
787 2152 961 2195 corporalis
978 2162 1047 2195 pos-

308 2201 406 2235 sessio
432 2207 588 2236 teri-arum
610 2209 640 2236 et
671 2210 848 2239 castrorum
872 2206 1046 2250 praedicto-

309 2265 391 2297 rum,
409 2267 445 2289 ac
467 2268 577 2291 eorum
602 2259 784 2303 temporalis
811 2259 1046 2301 iurisdictionis,

310 2319 381 2341 cum
398 2312 545 2345 omnibus
565 2314 704 2354 annexis,
728 2324 785 2357 per
809 2319 883 2346 tunc
903 2324 1047 2347 camerae

311 2363 488 2405 praedictae
512 2366 777 2409 commissarium,
803 2378 858 2401 seu
882 2368 949 2401 eius
974 2368 1047 2401 suh-

311 2415 465 2459 stitutum,
480 2419 606 2453 nomine
626 2420 714 2454 Sedis
738 2427 768 2454 et
787 2432 932 2455 camerae
956 2432 1047 2466 prae-

310 2467 465 2502 dictarum
480 2476 578 2515 capta,
591 2472 802 2507 iuramentum
817 2474 957 2508 debitum
976 2475 1049 2508 fide-

311 2521 447 2566 titatisja
471 2525 610 2559 vassallis
634 2531 792 2561 terrarum
821 2534 852 2562 et
871 2534 1049 2563 castrorum

311 2575 547 2618 praedictorum
571 2584 744 2624 receptum,
769 2581 918 2615 officiales
947 2587 977 2615 et
1001 2582 1050 2615 ius

311 2627 450 2663 dicentes
474 2631 512 2664 ad
540 2632 681 2675 regimen
710 2639 740 2668 ct
771 2635 977 2679 temporalem
1003 2635 1050 2668 iu-

347 2693 358 2718 ¹
381 2690 452 2720 Edit.
474 2691 550 2720 Μαίη.
574 2693 637 2729 legit
656 2695 768 2724 abbatis
786 2698 825 2731 (n,
844 2699 891 2729 T)

1064 278 1119 301 vm
1144 279 1190 301 rr.
1729 265 1765 298 51

1064 326 1277 358 risdictioucm
1300 325 1329 357 in
1348 325 1407 357 illis
1432 324 1638 357 exercendam
1664 323 1801 366 deputati

1065 390 1122 423 per
1141 379 1246 422 plures
1264 388 1387 411 menses
1403 378 1538 410 fuerunt.

1109 433 1124 475 ξ
1147 432 1176 464 3.
1202 431 1341 464 Subinde
1366 437 1469 464 autem
1488 430 1672 464 recolendae
1691 440 1805 462 memo-
1848 445 2003 475 vnvm-tw»

1066 486 1130 518 riae
1143 485 1315 528 Gregorius
1330 485 1411 529 Papa
1428 486 1503 526 xlv,
1517 485 1608 518 etiam
1623 484 1806 528 praedeces·
1821 478 1843 491 ‘⁴'
1864 471 1905 491 m
1920 471 1937 501 ·¹
1940 478 1992 490 '''''''
1996 482 2004 486 “

1821 499 1876 518 modi
1919 498 2004 519 mmm-

1783 536 1788 542 .
1822 527 1912 544 rheticii·
1938 524 2005 543 ablua-

1066 549 1119 571 sor
1132 544 1249 579 noster,
1263 538 1445 571 carumdem
1462 539 1536 571 Sixti
1556 538 1806 582 praedecessoris
1822 552 1877 571 unu,-
1893 553 1991 570 ·t›-t.tu12.

1068 592 1242 625 litterarum
1263 592 1506 631 revocationem,
1524 597 1554 624 et
1571 591 1807 634 redintegratio-

1068 656 1138 679 nem
1152 645 1319 689 quamdam
1334 644 1372 677 de
1387 645 1599 678 iurisdictione
1619 657 1654 677 ac
1668 644 1807 678 dominio

1069 699 1237 743 praedictis
1262 699 1462 732 monasteriis
1479 704 1508 731 et
1525 709 1635 731 coium
1654 708 1809 731 commen-

1069 754 1196 788 datariis
1213 759 1301 787 extra
1321 752 1544 786 consistorium
1566 752 1646 785 sccit.

1113 807 1167 851 §le
1183 808 1292 841 Postea
1303 812 1406 840 autem
1418 806 1529 839 similis
1540 805 1711 839 memoriae
1724 805 1811 839 Inno—
1853 818 1895 838 soa
1909 818 2009 838 tnnocew

1071 862 1190 895 centius
1203 862 1285 905 Papa
1298 861 1347 901 tx,
1361 860 1507 894 similiter
1517 859 1741 903 praedecessor
1758 870 1812 892 no·
1827 844 2010 896 2:53?t.„.¹’³2¹2's‚¹.‚a'3.

1071 921 1145 956 ster,
1155 915 1204 947 die
1216 925 1234 947 v
1249 913 1426 947 decembris
1443 923 1548 953 tubitet,
1563 918 1650 945 motu
1671 912 1811 956 proprio,
1827 899 2010 945 iiisil'xasffl'fflm

1072 974 1102 1002 et
1118 979 1153 1002 cx
1171 966 1255 1001 certa
1275 967 1405 1000 scicntia
1421 968 1488 1008 sua,
1505 978 1540 1000 ac
1558 966 1596 999 de
1616 966 1811 1010 apostolicae

1073 1022 1235 1066 potestatis
1249 1021 1452 1065 plenitudine,
1473 1026 1503 1053 et
1519 1020 1613 1053 etiam
1631 1020 1669 1053 de
1686 1030 1814 1053 venera-

1073 1075 1335 1108 bitiun1=f1·atrum
1354 1085 1485 1108 suorum
1508 1079 1632 1107 sanctae
1656 1074 1814 1107 Romanae

1075 1128 1231 1163 Ecclesiae
1255 1128 1462 1162 cardinalium
1480 1127 1612 1161 consilio
1626 1131 1657 1160 ct
1675 1137 1814 1167 assensu,

1075 1189 1231 1216 terrarum
1257 1188 1287 1215 et
1301 1187 1476 1216 castrorum
1494 1181 1727 1226 praedictorum
1741 1186 1817 1214 tem-

1074 1236 1192 1281 poralis
1209 1235 1446 1276 iurisdictionis,
1459 1235 1589 1268 dominii
1603 1239 1633 1269 et
1649 1235 1817 1279 superiori-

1076 1290 1157 1331 tatis,
1183 1300 1254 1323 cum
1280 1290 1364 1322 illius
1388 1289 1611 1322 emolumentis
1629 1294 1660 1321 ct
1678 1288 1816 1329 annexis,

1076 1349 1170 1388 prout
1190 1344 1221 1376 in
1239 1343 1379 1377 eiusdem
1396 1343 1473 1378 Sixti
1498 1342 1753 1388 praedecessoris
1769 1342 1817 1375 dc-

1076 1403 1163 1432 creto
1188 1409 1224 1431 ac
1235 1397 1348 1431 litteris
1366 1397 1555 1439 continetur,
1573 1408 1590 1429 a
1606 1396 1696 1430 dictis
1714 1406 1819 1429 mona-

1077 1452 1180 1485 steriis
1201 1451 1430 1496 separationem
1446 1479 1454 1492 ,
1474 1462 1510 1484 ac
1529 1451 1601 1485 Sedi
1619 1456 1647 1484 et
1672 1451 1818 1484 Gamerae

1077 1505 1256 1549 praedictae
1273 1504 1518 1549 applicationem
1535 1509 1563 1536 ct
1592 1503 1820 1548 appropriatio-

1077 1570 1168 1600 nem,
1194 1559 1367 1603 apostolica
1399 1558 1584 1592 auctoritate
1609 1557 1819 1601 approbavit,

1078 1613 1287 1653 confirmavit,
1313 1612 1485 1653 renovavit,
1506 1617 1546 1652 et,
1563 1616 1718 1655 quatenus
1742 1622 1820 1655 opus

1078 1672 1169 1708 esset,
1187 1667 1225 1700 de
1245 1677 1326 1700 novo
1344 1667 1416 1700 feeit
1434 1670 1463 1700 et
1482 1666 1632 1699 decrevit.

1123 1722 1137 1764 ἓ
1162 1721 1190 1754 5.
1213 1722 1275 1755 Nec
1297 1731 1359 1754 non
1380 1719 1547 1763 quamdam
1570 1719 1664 1752 etiam
1682 1719 1821 1752 eiusdem
1840 1761 1843 1763 η
1871 1735 1874 1740 ·
1912 1734 1920 1746 s

1078 1775 1154 1809 Sixti
1187 1773 1441 1818 praedecessoris
1478 1778 1565 1806 extra
1597 1772 1821 1807 consistorium
1837 1761 1950 1820 ⁵²f5¹1¹21¹e¹²⁰3
1991 1787 2003 1799 u

1079 1834 1148 1872 post
1174 1828 1380 1872 primodictas
1406 1838 1477 1860 suas
1502 1827 1621 1860 litteras
1646 1832 1822 1859 enianatam
1838 1816 1869 1854 <31¹3
1940 1815 1961 1827 υ
1986 1816 1994 1824 ,

1079 1882 1324 1915 declarationem
1340 1909 1347 1921 ,
1373 1892 1428 1914 seu
1458 1881 1707 1920 restitutionem,
1729 1890 1824 1923 super
1839 1868 1941 1908 ιιιυιιυιιιιι

1080 1936 1147 1969 iure
1164 1935 1374 1979 cognoscendi
1393 1945 1503 1968 causas
1523 1934 1770 1978 appellationum
1796 1939 1825 1965 et

1080 2001 1267 2023 recursuum
1298 1989 1335 2021 ad
1369 1990 1506 2022 savorem
1533 1988 1690 2020 dictorum
1716 1997 1823 2020 mona—

1080 2044 1252 2076 steriorum
1275 2044 1386 2076 factam
1409 2042 1467 2075 sub
1484 2034 1592 2074 datum
1614 2040 1756 2073 kalendis
1773 2051 1826 2072 aua

1080 2098 1162 2140 gusti
1188 2107 1359 2136 MDLxxxlx,
1374 2096 1574 2140 pontificatus
1590 2105 1663 2127 vero
1678 2094 1725 2126 sui
1743 2104 1826 2126 anno

1081 2163 1110 2192 v,
1127 2161 1163 2184 ae
1188 2151 1289 2194 ipsam
1314 2149 1458 2193 Gregorii
1483 2150 1548 2182 XIV
1573 2148 1826 2192 praedecessoris

1080 2204 1231 2249 praedicti
1257 2204 1490 2238 revocationem
1524 2208 1554 2236 et
1584 2202 1825 2245 redintegratio-

1081 2269 1151 2292 nem
1177 2258 1216 2292 de
1241 2258 1346 2291 medio
1371 2257 1532 2299 substulit,
1556 2268 1591 2290 ae
1617 2267 1748 2301 prorsus
1772 2256 1825 2289 ab·

1082 2313 1221 2357 rogavit,
1248 2316 1410 2356 terrasque
1444 2322 1499 2345 seu
1534 2316 1636 2344 castra
1667 2310 1826 2354 praedicta

1082 2378 1153 2400 cum
1171 2367 1299 2400 illorum
1318 2366 1481 2410 temporali
1502 2365 1719 2398 iurisdictione
1738 2374 1827 2407 prae-

1082 2420 1165 2453 dicta
1190 2420 1371 2453 immediate
1402 2419 1474 2453 Sedi
1507 2424 1536 2451 ct
1568 2428 1711 2451 camerae
1735 2428 1825 2461 prae-

1082 2474 1183 2507 dictae
1197 2479 1352 2518 perpetuo
1370 2472 1536 2517 applicavit
1554 2477 1584 2505 et
1602 2471 1827 2516 appropriavit,

1083 2539 1119 2561 ac
1143 2527 1261 2561 eisdem
1287 2527 1329 2559 ita
1352 2531 1507 2570 perpetuo
1535 2536 1603 2558 esse
1628 2525 1828 2568 incorporata

1083 2580 1233 2621 decrevit,
1250 2585 1283 2613 ut
1308 2579 1436 2612 omnino
1454 2579 1685 2623 comprehensa
1713 2584 1828 2614 essent,

1084 2639 1114 2669 et
1146 2644 1213 2668 esse
1239 2633 1502 2677 intelligerentur,
1528 2633 1586 2666 sub
1615 2632 1828 2677 prohibitione

1086 2688 1281 2721 alienationis
1318 2693 1347 2720 et
1383 2688 1518 2722 aliorum
1551 2688 1581 2719 in
1608 2686 1829 2720 constitutione

1818 277 1863 300 Λη.
1882 277 1908 301 (2.
1933 277 2000 302 16‘23
