2269 3235
928 302 1024 327 mnzx
1049 301 1154 326 nanum
1699 292 1760 324 701

1033 434 1055 466 P

276 567 424 602 Pacensis
449 569 584 602 ecclesia
612 568 642 601 S.
667 567 784 609 Marci,
811 567 874 600 518
899 567 936 606 b;
961 565 1103 599 sublatus
1128 565 1246 599 abusus
1273 567 1408 599 ferocem
1436 571 1557 600 taurum
1590 567 1619 599 in
1645 565 1811 599 ecclesiam

365 622 554 655 immittendi
579 623 610 654 in
642 620 811 663 pervigilio
836 629 872 653 ac
897 620 975 652 festo
1000 619 1051 652 die
1076 620 1106 652 S.
1132 618 1237 658 Marci,
1266 618 1344 651 ibid.

274 674 384 708 Palatii
408 677 490 708 sacri
520 673 682 718 apostolici
714 674 886 716 magister,
921 672 981 706 371
1009 672 1034 705 b.
1060 672 1178 705 Rornae
1211 671 1283 704 libri
1322 682 1382 705 non
1414 673 1636 716 imprimendi,
1663 683 1721 706 nec
1752 673 1813 707 alio

387 727 563 768 deferendi,
589 730 621 760 ut
645 728 876 769 imprimantur,
901 726 970 759 sine
995 727 1063 758 eius
1089 724 1228 765 licentia,
1256 724 1332 757 ibid.

275 781 508 815 Parisicnsibus
532 789 720 813 concessum
746 779 921 813 iubilaeum
947 789 1029 813 anno
1054 788 1206 819 Mncxxvi,
1224 789 1257 821 p.
1284 778 1347 812 332
1372 778 1388 811 b
1413 783 1443 811 et
1466 789 1528 822 seq.

276 833 406 867 Parochi
431 833 593 866 Indiarum
618 831 875 867 Occidentalium
901 842 940 866 ne
965 834 1117 865 maiorem
1149 832 1387 875 eleemosynam
1414 833 1545 875 exigant
1569 831 1607 865 ab
1633 834 1671 865 iis
1696 835 1750 877 qui
1782 835 1812 867 in

365 886 511 920 ecclesiis
537 887 670 920 fratrum
695 886 850 920 Minorum
876 886 915 919 de
940 884 1155 920 Observantia
1179 885 1386 929 sepelIuntur,
1413 886 1473 919 417
1500 885 1515 918 b
1541 889 1569 919 et
1594 896 1654 929 seq.

275 940 418 974 Pascbali
434 944 602 984 praecepto
616 950 678 974 non
698 940 850 974 satisfacit
867 941 921 985 qui
939 941 1194 973 communionem
1210 949 1271 972 non
1289 940 1385 973 sumit
1400 940 1432 973 in
1450 948 1506 972 sua
1524 939 1683 983 parochia,
1701 940 1763 973 499
1784 951 1812 972 α.

274 993 494 1028 Passav-iensis
519 994 655 1028 ecclesia
679 994 750 1027 vide
774 994 1029 1037 Argentinensis.

275 1047 459 1080 Patrimonii
484 1047 591 1081 titulus
616 1047 655 1080 ad
681 1056 787 1081 sacras
812 1046 1029 1080 ordinationes
1055 1047 1265 1086 necessarius,
1293 1046 1355 1079 264
1380 1046 1406 1079 b.

277 1100 366 1134 Pauli
391 1100 447 1133 PP.
473 1100 500 1134 11
525 1101 695 1134 Contitutio
720 1100 915 1134 Ambz'tiosae
944 1100 983 1133 de
1011 1110 1073 1133 non
1098 1099 1278 1133 alienandis
1302 1098 1394 1133 bonis
1427 1099 1703 1134 ecclesiasiasticis
1742 1109 1815 1133 con-

367 1154 517 1193 firmatur,
544 1154 603 1187 101
632 1155 648 1186 b
673 1158 704 1187 et
728 1165 790 1198 seq.

277 1206 393 1240 Paulus
417 1206 560 1241 AEmilius
584 1208 844 1251 archiepiscopus
868 1206 1096 1247 Urbinatensis⁷
1119 1206 1182 1239 358
1206 1217 1235 1239 α.
1260 1206 1373 1240 Datum
1399 1205 1443 1239 illi
1458 1207 1489 1239 in
1511 1207 1668 1241 mandatis
1685 1206 1724 1240 de
1742 1217 1815 1251 pos-

366 1261 506 1293 sessione
532 1259 688 1303 capienda
713 1261 846 1294 ducatus
870 1259 981 1293 Urbini
1006 1261 1134 1292 nomine
1160 1259 1251 1292 Sedis
1276 1259 1489 1303 Apostolicae,
1516 1259 1591 1293 ibid.

277 1311 393 1346 Paulus
418 1312 512 1346 Micbi
538 1312 637 1356 (ven.)
662 1322 743 1346 unus
768 1323 785 1346 e
811 1311 910 1346 tribus
934 1311 1126 1355 Mai-imbus
1151 1312 1308 1346 Societate
1326 1312 1396 1346 Iesu
1415 1314 1502 1346 cruci
1522 1314 1607 1346 affixi
1624 1324 1679 1357 pro
1696 1313 1814 1348 ChrISto

366 1367 398 1399 in
423 1376 521 1409 regno
541 1366 702 1410 Iaponiae,
720 1367 782 1399 595
808 1377 837 1399 α.

276 1418 393 1452 Paulus
418 1418 443 1452 V
476 1420 642 1452 committit
672 1420 834 1463 inquirere
866 1430 922 1462 pro
954 1420 1192 1453 canonizatione
1225 1418 1309 1452 beati
1340 1419 1480 1463 Philippi
1511 1420 1616 1462 Nerii7
1647 1420 1688 1454 12
1719 1432 1752 1459 cm
1785 1425 1815 1454 et

366 1472 456 1505 illum
480 1472 647 1506 Beatorum
673 1473 743 1506 albo
769 1472 933 1512 adscribit,
962 1473 1002 1506 12
1027 1472 1058 1512 b,
1083 1474 1159 1506 item
1191 1473 1350 1516 Ignatium
1387 1473 1524 1507 Loiolam
1553 1474 1591 1507 24
1617 1485 1646 1507 α.
1679 1474 1816 1509 Carerat

367 1536 407 1559 ne
432 1526 589 1560 beneficia
612 1528 749 1560 civitatis
775 1526 970 1559 Calaritanae
1001 1527 1033 1559 in
1066 1526 1211 1560 Sardinia
1244 1527 1463 1573 conferrentur
1493 1528 1636 1562 oriundis
1665 1538 1704 1561 cx
1736 1527 1814 1562 urbe

366 1579 531 1613 Turritana
555 1583 586 1613 et
610 1581 761 1622 vicissim,
789 1580 850 1613 285
875 1590 895 1612 α
919 1583 950 1614 et
973 1590 1035 1624 seq.
1060 1579 1251 1614 Huiusmodi
1276 1580 1396 1614 litteras
1420 1585 1550 1616 revocat
1568 1581 1711 1615 Urbanus
1734 1582 1814 1622 VIII,

369 1633 431 1666 288
457 1634 474 1666 b
499 1638 609 1677 etseq.

277 1683 451 1717 Pensiones
474 1694 572 1727 super
596 1683 749 1717 ecclesias
772 1685 985 1719 transferendi
1010 1686 1142 1721 facultas
1166 1686 1358 1729 moderatur,
1386 1688 1447 1721 107
1473 1699 1502 1721 α.

277 1736 564 1771 Pernanibucensis
577 1741 607 1770 et
621 1736 753 1770 Peraiba
771 1739 954 1780 provinciae
970 1741 1125 1773 ecclesiae
1140 1740 1169 1773 S.
1184 1741 1355 1774 salvatoris
1380 1744 1597 1783 restituuntur,
1616 1744 1677 1777 184
1705 1755 1725 1776 α
1742 1748 1772 1778 et
1789 1744 1814 1777 b.

277 1789 433 1825 Perusina
456 1791 633 1825 studiorum
657 1793 866 1835 universitas,
893 1793 955 1827 374
981 1804 1010 1827 a.
1035 1794 1156 1828 Statuta
1180 1804 1236 1838 pro
1269 1797 1337 1829 eius
1362 1797 1519 1839 regimine
1545 1796 1650 1839 edita,
1677 1796 1754 1830 ibid.
1787 1801 1816 1831 et

366 1855 428 1889 seq.
452 1844 501 1878 Ab
526 1844 652 1879 Urbano
677 1844 747 1879 VIII
774 1848 1012 1889 confirmantur,
1039 1847 1103 1881 378
1128 1847 1154 1881 b.

279 1897 379 1932 Pestis
403 1900 434 1932 in
459 1898 584 1933 Siciliae
606 1910 703 1942 regno
729 1901 895 1935 saeviebat
919 1911 1000 1935 anno
1025 1901 1155 1935 iubilaei
1178 1911 1317 1943 nncxxv,
1346 1903 1408 1936 280
1427 1915 1455 1943 a,
1476 1904 1534 1937 281
1563 1916 1592 1937 ιι.

278 1951 391 1986 Petrus
417 1952 540 1986 Berulle
565 1956 765 1997 praepositus
805 1954 963 1997 generalis
989 1955 1251 1998 congregationis
1276 1955 1414 1990 Oratorii
1440 1958 1630 1991 Parisiensis
1656 1959 1717 1992 274
1743 1969 1761 1991 α
1786 1962 1817 1993 et

368 2005 427 2039 401
456 2005 482 2038 b.
507 2006 679 2050 Presbyter
703 2007 874 2041 cardinalis
899 2009 928 2041 S.
954 2008 989 2042 R.
1014 2007 1047 2041 E.
1075 2012 1106 2042 et
1130 2011 1267 2043 nunclus
1293 2010 1322 2043 S.
1351 2010 1441 2044 Sedis
1468 2013 1498 2044 in
1517 2012 1629 2052 Gallia⁷
1655 2014 1718 2045 009
1743 2023 1771 2045 a.

280 2058 391 2092 Petrus
415 2058 553 2102 Baptista
579 2061 678 2104 (ven.)
701 2063 822 2104 primus
846 2071 863 2094 e
887 2063 1001 2105 vigInti
1032 2062 1132 2096 tribus
1160 2062 1352 2106 MartyrIbus
1379 2073 1418 2097 cx
1444 2064 1566 2099 OrdIne
1598 2066 1729 2099 fratrum
1752 2065 1813 2099 Mi-

367 2123 480 2146 norum
504 2114 535 2147 S.
555 2114 715 2148 Francisci
732 2115 772 2149 de
790 2114 1001 2150 Observantia
1026 2117 1058 2150 in
1082 2126 1181 2160 regno
1205 2116 1355 2161 Iaponiae
1381 2120 1467 2153 cruci
1487 2119 1589 2152 affixis
1606 2129 1662 2163 pro
1680 2119 1814 2162 ChrIsto,

368 2167 430 2200 594
456 2178 484 2200 α.

277 2219 469 2254 Philibcrtus
494 2230 511 2254 a
536 2220 696 2255 Sabaudia
722 2232 838 2266 prorex
863 2222 1004 2266 Siciliae,
1031 2224 1071 2257 83
1099 2224 1126 2257 b.

278 2273 443 2317 Philippus
467 2277 639 2318 episcopus
663 2275 874 2309 Nannetensis
901 2276 963 2309 323
990 2277 1017 2310 b.
1042 2277 1105 2320 Ipsi
1126 2279 1332 2313 committitur
1355 2288 1432 2313 cura
1456 2280 1641 2315 monialium
1666 2281 1816 2315 reforma-

368 2332 472 2362 tarum
496 2327 627 2362 Ordinis
653 2329 683 2362 S.
708 2329 874 2363 Benedicti
900 2331 931 2363 in
956 2330 1066 2364 Galliis
1091 2331 1168 2364 ibid.

277 2380 441 2426 Philippus
465 2382 492 2415 II
516 2392 575 2416 rex
598 2383 771 2417 catholicus
795 2385 891 2418 instat
916 2395 971 2427 pro
997 2387 1235 2419 canonizatione
1259 2386 1292 2419 B.
1317 2386 1431 2429 Ignatii
1456 2386 1594 2425 Loiolae,
1623 2387 1661 2420 23
1684 2388 1710 2420 b.

279 2435 445 2479 Philippus
469 2435 511 2469 Ill
528 2436 755 2480 Hispaniarum
780 2446 838 2470 rex
866 2438 1041 2472 catholicus
1061 2448 1189 2472 causam
1208 2444 1373 2483 promovet
1389 2442 1634 2474 canonizationis
1651 2441 1684 2473 Β.
1702 2441 1816 2483 ignatii

368 2488 508 2531 Loiolae,
527 2489 566 2523 23
582 2491 616 2529 b;
643 2492 796 2524 instanter
821 2491 957 2534 postulat
980 2502 1036 2534 pro
1061 2494 1299 2526 canonizatione
1324 2493 1354 2525 S.
1372 2492 1534 2527 Francisci
1563 2493 1704 2535 Xaverii,
1731 2494 1771 2527 42
1796 2505 1816 2526 α

369 2546 400 2576 et
423 2542 454 2583 b3
480 2544 574 2577 instat
599 2554 655 2587 pro
680 2546 919 2578 canonizatione
942 2544 1134 2578 venerabilis
1155 2545 1316 2578 Francisci
1333 2545 1465 2589 Borgiae
1484 2547 1514 2579 S.
1533 2546 1566 2589 I.,
1585 2547 1646 2580 250
1664 2558 1693 2579 α.

279 2595 445 2640 Philippus
468 2595 510 2629 IV
534 2606 669 2640 regnum
701 2597 828 2631 Siciliae
854 2599 884 2631 ei
915 2607 933 2632 a
965 2598 1120 2642 Gregorio
1152 2598 1207 2632 XV
1237 2600 1445 2642 conceditur,
1479 2600 1541 2633 112
1566 2611 1595 2633 α.
1629 2600 1817 2643 Indulgctur

367 2651 463 2683 etiam
476 2648 515 2683 ab
536 2648 661 2683 Urbano
678 2649 747 2683 VIII
772 2654 805 2684 ut
829 2650 979 2684 ducatum
995 2651 1266 2686 Mediolanensem
1288 2654 1387 2696 possit
1403 2655 1551 2696 retinere,
1577 2654 1640 2687 112
1658 2654 1683 2686 b.
1702 2654 1727 2687 A
1745 2664 1817 2687 cen—

367 2704 450 2737 suris
474 2702 647 2738 absolvitur
671 2704 710 2739 ob
735 2708 883 2739 exactum
908 2704 947 2739 ab
974 2704 1199 2740 ecclesiasticis
1224 2706 1385 2751 quoddam
1410 2708 1442 2742 in
1467 2707 1585 2752 oppido
1610 2707 1726 2743 Matriti
1746 2717 1817 2742 vec-
