2269 3235
186 265 236 291 An.
254 265 282 290 c.
301 264 368 291 1023
415 254 455 287 78

219 1969 315 1989 Urbanus
335 1968 375 1988 Pa-

192 2002 219 2021 pa
236 1996 280 2017 vin

209 2344 320 2364 Praedicta
329 2347 375 2361 con·

195 2371 261 2390 [istu-{l
272 2370 366 2390 decreta:

964 261 1142 286 nULLARtUM
1166 260 1320 286 nOMANUM

1916 256 2099 284 An.c.1623

386 313 521 356 pitulum
545 322 581 345 ae
598 322 748 355 personas
766 311 900 350 visitare,
922 315 949 343 ct
976 316 1064 343 extra
1083 311 1125 342 vi-
1158 310 1236 343 alios
1260 310 1352 343 etiam
1377 307 1577 352 quantumvis
1607 307 1827 340 substantiales
1849 306 1899 339 de-

385 364 562 398 sitationem
579 375 688 397 causas
705 363 885 396 criminales
902 363 1124 406 capitularium

386 419 447 449 una
464 428 535 450 cum
560 417 724 456 adiunctis,
740 417 875 450 aliorum
893 427 978 457 vero,
996 417 1049 459 qui
1067 426 1125 449 nec

384 470 550 512 dignitates
574 470 726 510 obtinent,
744 479 801 502 nec
817 474 889 502 sunt
913 469 952 502 de
976 469 1125 512 capitulo,

384 534 442 566 per
458 534 490 555 se
516 523 617 567 ipsum
635 533 826 566 cognoscere
847 534 882 556 ac
902 522 1045 563 delinire,
1062 532 1126 555 non

384 575 526 608 obstante
558 578 678 609 asserta
709 576 879 609 concordia
893 603 900 616 ,
932 575 1124 620 privilegiis,

384 629 647 672 exemptionibus,
665 631 827 663 sententiis
852 635 882 663 et
905 629 1127 673 praescriptio-

384 683 475 716 nibus
501 683 548 716 vel
573 683 870 724 consuetudinibus,
894 683 988 716 etiam
1014 683 1125 716 imme-

384 735 602 777 morabilibus;
612 736 777 781 eidemque
787 737 947 781 episcopo,
957 737 1126 780 quominus

385 789 544 833 praedicta
569 791 681 834 exequi
704 790 821 834 possit,
846 791 975 823 minime
1000 790 1127 824 obstare

384 843 606 885 iuramentum,
619 850 654 877 ut
669 843 868 887 proponitur,
884 843 1070 887 praestitum
1087 843 1126 876 de

384 896 587 930 observandis
604 897 736 938 iuribus,
754 896 1045 936 consuetudinibus,
1066 896 1127 939 pri-

387 950 508 993 vilegiis
525 956 617 994 atque
634 949 832 983 libertatibus
846 949 996 982 ecclesiae
1013 958 1097 981 suae.

583 1020 753 1052 Ronsnrus
779 1019 862 1051 card.
890 1018 1080 1051 UnALnlnus.

432 1108 486 1141 llis
500 1113 604 1141 tamen
616 1118 680 1141 non
690 1107 892 1151 acquiescens
903 1107 1127 1141 canonicorum

385 1168 415 1195 et
448 1162 577 1206 capituli
616 1172 731 1204 agens,
757 1161 795 1194 ad
826 1161 970 1194 eamdem
1005 1171 1127 1194 sacram

385 1216 665 1258 congregationem
689 1225 854 1248 recursum
880 1214 1000 1255 babuit,
1018 1220 1129 1258 petens

385 1269 540 1302 eiusmodi
564 1268 708 1309 dubium,
729 1269 858 1312 eiusque
883 1268 1128 1301 declarationem

384 1322 532 1362 revideri,
549 1327 579 1355 et
592 1322 630 1355 de
642 1332 725 1355 novo
743 1322 927 1364 examinari,
943 1332 979 1355 ac
996 1322 1129 1365 proinde

385 1376 534 1409 nonnulla
550 1375 619 1408 iura
636 1381 666 1408 et
683 1375 871 1409 documenta
888 1377 950 1408 una
968 1386 1039 1408 curn
1057 1381 1129 1409 voto

386 1439 441 1462 seu
450 1429 695 1471 allegationibus
704 1429 870 1462 doctorum
885 1429 1129 1462 Lovaniensiuni

386 1488 416 1515 ct
447 1482 657 1515 Duacensium
694 1482 934 1515 universitatum
966 1482 1128 1515 exhibuit:

386 1535 501 1579 quibus
533 1541 639 1568 tamen
669 1535 899 1569 obiectionibus
934 1546 1004 1568 cuni
1037 1536 1131 1569 fuerit

387 1589 512 1622 abunde
529 1590 731 1630 satisfactum,
749 1590 945 1633 supplicatur
964 1589 1129 1622 declarari:

387 1644 433 1675 An
453 1643 598 1676 standum
618 1643 657 1676 sit
681 1643 713 1676 in
736 1643 947 1676 declaratione
971 1653 1025 1676 seu
1048 1642 1130 1676 deei-

388 1696 475 1729 sione
500 1696 550 1729 die
575 1706 594 1729 x
620 1696 769 1729 februarii
800 1696 945 1740 proxime
968 1696 1130 1740 praeteriti

389 1749 482 1792 edita,
507 1760 565 1782 nee
588 1750 651 1782 ne‘?

432 1803 487 1836 Die
513 1813 522 1835 1
547 1803 614 1835 iulii
638 1813 783 1837 nncxxln
812 1813 901 1836 saera
926 1804 1130 1846 congregatio

390 1856 597 1890 cardinalium
621 1856 750 1890 Concilii
776 1857 949 1890 Tridentini
975 1857 1132 1901 interpre-

389 1915 456 1942 tum
471 1909 607 1953 perstitit
623 1910 655 1942 in
671 1910 797 1943 decisis:

435 1963 494 2006 53.
512 1964 589 2006 Nos,
615 1963 785 1997 inviolabili
805 1964 1051 1997 declarationum
1077 1976 1132 1998 seu

391 2017 591 2050 decretorum
604 2016 789 2050 eorumdem
803 2017 1025 2057 observationi,
1039 2028 1132 2061 quan-

392 2078 456 2104 tum
489 2082 560 2103 cum
589 2071 723 2104 Domino
749 2081 938 2114 possumus,
967 2073 1132 2105 consulere

393 2125 540 2165 volentes,
558 2130 644 2156 motu
662 2124 802 2168 proprio,
820 2135 883 2157 non
900 2125 938 2156 ad
962 2124 1035 2157 dicti
1052 2125 1130 2157 Her-

393 2177 497 2209 manni
517 2177 667 2220 episcopi,
684 2177 733 2209 vel
750 2177 878 2209 alterius
899 2188 956 2220 pro
981 2188 1017 2209 eo
1041 2177 1132 2210 nobis

392 2241 485 2274 super
498 2231 557 2263 hoc
572 2231 693 2263 oblatae
707 2230 866 2273 petitionis
880 2230 1068 2271 instantiam,
1078 2230 1131 2263 sed

392 2296 427 2317 ex
447 2286 532 2318 certa
549 2284 679 2316 scientia
703 2294 739 2317 ac
764 2286 886 2318 matura
907 2284 1131 2318 deliberatione

392 2338 529 2372 nostris.
554 2337 781 2371 declarationes
813 2348 867 2370 seu
897 2338 1021 2370 decreta
1045 2348 1133 2381 prae-

393 2392 463 2432 fata,
481 2403 551 2423 rum
577 2391 723 2424 omnibus
748 2397 778 2424 et
802 2391 933 2433 singulis
950 2392 981 2423 in
1001 2392 1045 2424 cis
1062 2402 1133 2425 con-

393 2445 495 2484 tentis,
509 2445 681 2488 apostolica
705 2444 898 2484 auctoritate,
917 2450 1026 2477 tenore
1045 2455 1132 2488 prae—

393 2503 537 2538 sentiant,
555 2504 706 2541 perpetuo
727 2498 941 2541 approbamus
961 2503 991 2530 et
1015 2498 1131 2531 confir-

395 2562 533 2591 manius,
558 2552 704 2595 illiusque
728 2551 916 2585 inviolabilis
940 2552 1131 2596 apostolicae

1158 364 1274 403 sectus,
1299 363 1323 395 si
1356 362 1409 405 qui
1441 361 1471 394 in
1496 359 1679 404 praemissis
1707 365 1761 392 aut
1786 370 1898 392 eorum

1158 415 1263 459 aliquo
1287 414 1523 459 quomodolibet
1540 413 1766 446 intervenerint
1788 418 1842 446 aut
1857 412 1899 445 in-

1159 469 1328 502 tervenisse
1345 469 1406 502 dici
1432 469 1479 501 vel
1504 467 1625 502 censeri
1651 466 1762 510 possit,
1779 466 1900 510 supple-

1160 533 1239 555 mus.

1204 575 1262 619 5¹4,
1280 576 1489 609 Decernentes
1503 579 1683 619 praesentes
1693 572 1823 613 litteras,
1837 582 1902 605 om·
1938 581 2047 602 cunnum,
2062 586 2100 607 pm

1916 608 2037 629 eorumdum
2064 608 2102 628 de-

1160 628 1274 672 niaque
1298 634 1328 661 et
1353 628 1476 671 singula
1494 627 1524 660 in
1541 627 1586 660 eis
1604 630 1759 667 contenta,
1777 633 1901 668 semper
1916 636 2020 680 1⁰,‘{³¹⁰‘!¹.¹'¹
2036 634 2101 671 nra..-

1160 686 1190 714 et
1214 687 1371 725 perpetuo
1388 680 1500 721 valida,
1518 680 1609 713 firma
1623 685 1654 712 et
1677 677 1816 711 efficacia
1831 686 1901 709 esse
1916 666 2101 713 ai›1‘1³0¹iiii⁰;⁵⁵³'¹³⁵

1160 738 1190 768 et
1214 735 1291 774 sore,
1308 744 1445 778 suosque
1469 733 1630 777 plenarios
1649 731 1779 765 effectus
1796 729 1902 764 sortiri

1161 793 1191 821 et
1214 788 1376 828 obtinere,
1401 798 1436 820 ac
1460 787 1499 820 ab
1523 786 1670 820 omnibus
1694 790 1725 819 et
1753 783 1901 828 singulis,

1161 852 1240 884 quos
1261 841 1314 874 illa
1334 846 1538 882 concernunt,
1556 839 1781 874 inviolabiliter
1798 839 1904 872 obser-

1161 895 1241 935 vari;
1266 895 1374 938 sicque
1391 905 1449 938 per
1472 905 1688 938 quoscumque
1712 893 1831 927 iudices
1850 902 1903 925 or-

1160 947 1300 980 dinarios
1339 953 1370 980 et
1399 947 1580 996 delegatps,
1610 948 1704 981 etiam
1737 957 1902 980 causarum

1161 1001 1268 1045 palatii
1292 1001 1456 1045 apostolici
1481 1001 1656 1042 auditores,
1680 1001 1797 1045 ubique
1827 1000 1904 1034 iudi-

1161 1054 1226 1087 cari
1236 1059 1266 1087 et
1279 1054 1403 1087 definiri
1421 1054 1595 1095 debere,ac
1611 1054 1737 1087 irritum
1754 1059 1785 1086 et
1802 1053 1903 1094 inane,

1162 1108 1187 1140 si
1204 1118 1295 1141 secus
1312 1117 1410 1151 super
1433 1107 1482 1140 his
1501 1117 1519 1140 a
1543 1116 1715 1151 quoquam,
1728 1106 1837 1150 quavis
1853 1116 1905 1139 au-

1162 1161 1317 1202 ctoritate,
1327 1161 1462 1194 scienter
1471 1161 1518 1194 vel
1531 1160 1725 1203 ignoranter,
1735 1158 1905 1202 contigerit

1163 1215 1319 1248 attentari.

1207 1269 1221 1312 ἓ
1246 1268 1275 1301 5.
1306 1268 1459 1308 Quocirca
1490 1267 1722 1301 venerabilibus
1752 1265 1904 1300 fratribus
1920 1269 2104 1323 exssf'uelffigfflggg

1163 1322 1270 1355 Ioanni
1296 1322 1463 1355 Francisco
1488 1320 1667 1354 Patracensi
1694 1319 1848 1354 moderno
1875 1324 1905 1352 et
1920 1323 2024 1349 designat-

1164 1385 1222 1419 pro
1237 1381 1381 1419 tempore
1398 1375 1541 1408 existenti
1555 1378 1664 1408 nostro
1678 1378 1708 1408 et
1724 1373 1812 1407 Sedis
1825 1373 1905 1416 Apo-

1164 1429 1290 1463 stolicae
1315 1428 1345 1461 in
1370 1429 1504 1471 Belgicis
1528 1427 1700 1461 ditionibus
1724 1426 1850 1467 nuncio,
1869 1436 1904 1458 ac

1163 1482 1378 1516 Mecliliniensi
1406 1482 1663 1526 archiepiscopis,
1687 1491 1810 1514 necnon
1833 1480 1905 1524 epi-

1164 1547 1261 1580 scopo
1277 1536 1477 1578 Tornacensi,
1486 1546 1543 1580 per
1564 1540 1746 1580 praesentes
1759 1534 1903 1568 commit-

1164 1590 1260 1623 timus
1274 1595 1304 1623 et
1317 1589 1513 1631 mandamus,
1524 1594 1677 1633 quatenus
1691 1588 1761 1632 ipsi,
1771 1588 1820 1620 vel
1831 1587 1903 1628 duo,

1164 1648 1218 1676 aut
1236 1653 1317 1676 unus
1334 1654 1457 1684 eorum,
1474 1653 1531 1687 per
1548 1653 1591 1683 se,
1608 1643 1656 1675 vel
1676 1642 1784 1682 alium,
1802 1651 1856 1674 seu
1873 1651 1904 1673 a-

1163 1697 1232 1738 lios,
1250 1700 1430 1741 praesentes
1446 1697 1566 1729 litteras
1587 1700 1617 1730 et
1640 1696 1673 1728 in
1696 1695 1741 1728 eis
1759 1700 1905 1728 contenta

1164 1760 1392 1794 quaecumque,
1416 1750 1470 1783 ubi
1494 1755 1525 1783 et
1548 1749 1674 1793 quando
1699 1759 1779 1792 opus
1798 1747 1903 1787 fuerit,

1164 1808 1195 1836 et
1218 1803 1339 1847 quoties
1363 1813 1422 1847 pro
1438 1808 1526 1847 parte
1551 1803 1625 1836 dieti
1650 1801 1822 1835 Hermanni
1842 1811 1906 1834 mo-

1164 1856 1255 1890 derni
1274 1862 1305 1890 et
1329 1867 1387 1900 pro
1411 1861 1556 1900 tempore
1581 1855 1742 1888 existentis
1765 1854 1904 1898 episcopi

1164 1910 1378 1944 Atrebatensis
1401 1910 1517 1943 suerint
1541 1909 1697 1954 requisiti,
1723 1908 1906 1942 solemniter

1164 1964 1371 2008 publicantes,
1385 1964 1494 2008 eisque
1511 1964 1541 1996 in
1565 1962 1746 2007 praemissis
1770 1961 1905 1994 efficacis

1165 2018 1354 2051 defensionis
1378 2017 1536 2062 praesidio
1566 2017 1764 2056 assistentes,
1792 2015 1906 2048 saciant

1166 2072 1350 2104 auctoritate
1366 2074 1475 2105 nostra
1492 2071 1562 2103 illos
1577 2070 1824 2114 praemissorum
1841 2079 1905 2101 oni-

1165 2125 1251 2157 nium
1276 2130 1307 2157 et
1331 2125 1531 2167 singulorum
1551 2124 1664 2156 effectu
1688 2122 1819 2166 pacifice
1843 2121 1904 2154 srui

1165 2182 1195 2209 et
1212 2177 1360 2219 gaudere,
1377 2177 1566 2220 easdemque
1585 2180 1767 2220 praesentes
1786 2174 1905 2208 litteras

1166 2236 1196 2263 et
1212 2230 1243 2262 in
1264 2230 1307 2263 eis
1325 2235 1472 2265 contenta
1491 2229 1672 2263 huiusmodi
1689 2229 1727 2261 ab
1747 2228 1903 2267 omnibus,

1166 2283 1203 2315 ad
1228 2294 1307 2326 quos
1331 2288 1452 2327 spectat
1476 2288 1506 2316 et
1529 2294 1587 2326 pro
1611 2288 1753 2326 tempore
1777 2292 1905 2326 quomo-

1165 2336 1284 2370 dolibet
1308 2337 1470 2380 spectabit,
1491 2337 1713 2370 inviolabiliter
1730 2336 1903 2375 observarh

1166 2390 1413 2423 contradictores
1438 2390 1596 2434 quoslibet
1628 2395 1658 2422 et
1689 2390 1825 2422 rebelles
1847 2400 1905 2433 per

1166 2444 1344 2484 sententias,
1366 2454 1514 2477 censuras
1535 2447 1564 2477 et
1588 2453 1704 2487 poenas
1721 2442 1905 2476 ecelesiasti-

1166 2508 1227 2537 cas,
1252 2497 1373 2540 aliaque
1401 2503 1578 2541 opportuna
1604 2497 1681 2530 iuris
1704 2502 1735 2530 et
1759 2497 1831 2530 sacti
1856 2507 1904 2530 re-

1166 2551 1267 2584 media
1285 2579 1292 2592 ,
1317 2551 1524 2595 appellatione
1556 2551 1751 2595 postposita,
1776 2561 1903 2594 compc-

393 2604 549 2638 firmitatis
574 2605 673 2637 robur
697 2605 880 2646 adiicimus,
905 2616 941 2638 ac
969 2615 1078 2638 omnes
1102 2610 1132 2638 et
1165 2605 1296 2646 scendo,
1321 2605 1464 2639 invocato
1489 2605 1582 2638 etiam
1609 2605 1647 2638 ad
1671 2605 1750 2647 hoc,
1774 2604 1799 2638 si
1824 2615 1904 2648 opus

394 2657 544 2701 singulos,
562 2661 623 2691 tani
642 2658 720 2691 iuris
736 2669 831 2701 quani
848 2658 931 2698 tacti,
951 2663 980 2692 et
1005 2659 1132 2702 quosvis
1165 2658 1269 2697 suerit,
1287 2658 1402 2691 auxilio
1420 2658 1540 2692 brachii
1557 2658 1715 2691 secularis.
