2269 3235
494 236 556 269 696
1036 239 1212 266 BULLARIUM
1236 238 1388 264 nemmem

535 307 661 331 (nursam
681 299 886 335 concernunt,
901 304 963 338 qua
980 297 1010 327 in
1029 294 1181 338 parochos
1199 292 1370 333 seculares,
1389 292 1466 335 ipsis
1486 288 1705 334 praescribere
1728 293 1836 324 taxam
1861 290 1978 324 emolu-

538 355 724 389 mentorum,
751 353 781 382 et
805 347 997 390 compellere
1024 348 1135 391 poenis
1160 350 1191 380 et
1215 346 1360 379 censuris
1385 352 1402 378 a
1427 342 1542 387 quibus
1574 351 1633 375 non
1659 345 1792 386 possunt
1817 341 1938 376 absolvi
1964 353 1981 376 a

540 405 604 436 suis
629 400 866 444 superioribus,
894 401 956 433 458
982 411 1001 432 a
1025 403 1055 433 et
1079 399 1104 432 b.

450 456 631 490 Manilensis
656 453 812 487 dioecesis
838 455 867 485 in
893 453 991 485 lnrliis
1017 452 1221 495 Pliilippinis,
1247 451 1308 483 537
1335 450 1368 489 ὸς
1394 448 1556 492 regulares
1581 451 1767 481 exercentes
1791 457 1900 481 curam
1917 450 1984 482 ani-

536 517 658 540 marum
683 506 807 539 subsint
832 505 1042 539 iurisdictioni
1070 504 1302 547 archiepiscopi
1327 504 1358 535 in
1389 503 1427 535 iis
1452 510 1533 546 quae
1565 500 1604 534 ad
1637 500 1755 534 dictam
1778 509 1887 534 curam
1912 510 1985 544 per-

541 562 656 599 tinent,
683 558 762 591 ibid.

451 612 622 656 Maphaeus
647 611 817 644 cardinalis
846 610 1038 644 Barberinus
1063 612 1094 644 in
1119 610 1296 644 Romanum
1328 608 1513 642 Pontificem
1546 606 1690 649 eligitur,
1717 607 1732 639 1
1760 616 1789 639 α.
1822 605 1898 639 l'ide
1922 605 1982 639 Ur-

541 664 643 698 banus
671 664 749 697 Vlll.
1000 704 1008 711 ,

449 718 630 751 Maranliam
656 719 853 761 provinciam
878 716 1034 750 ecclesiae
1057 717 1088 749 S⁴
1113 716 1286 749 Salvatoris
1310 716 1447 748 restituit
1471 713 1617 748 Urbanus
1642 713 1723 754 VIII,
1750 713 1812 746 184
1838 713 1866 745 b.

452 771 610 804 Mar-chiae
637 771 855 804 Anconitanae
880 769 1086 811 gubernatori
1104 769 1175 802 data
1197 767 1328 801 facultas
1353 767 1500 810 capiendi
1525 768 1757 810 possessionem
1782 766 1915 799 ducatus
1934 764 1987 798 Ur-

540 824 605 856 bini
630 826 798 857 eveniente
824 833 899 856 casu
924 822 1136 856 devolutionis
1162 821 1247 854 illius
1272 821 1311 854 ad
1337 820 1450 853 Sedem
1476 819 1706 863 Apostolicam,
1729 820 1790 853 296
1809 819 1835 861 h,
1852 822 1882 853 et
1906 818 1987 852 aliae

540 878 643 921 quoad
668 886 835 917 annonam,
854 876 1013 913 bannitos,
1032 878 1103 916 ete,
1129 875 1190 908 297
1216 884 1252 913 α;
1278 883 1361 917 quae
1384 874 1447 906 sint
1471 872 1636 906 facultates
1661 874 1761 916 ipsius
1777 872 1816 906 ad
1829 881 1987 906 annonam

542 930 733 970 curandam,
756 928 835 962 ibid.

454 983 620 1016 Marcellus
645 983 830 1016 Sacchcttus
856 982 1068 1025 depositarius
1093 982 1209 1018 montis
1234 979 1309 1013 salis
1333 978 1372 1012 ab
1399 978 1523 1012 Urbano
1548 978 1618 1011 VIII
1644 979 1753 1021 erecti,
1779 979 1833 1023 qui
1857 978 1896 1012 de
1921 978 1989 1011 sol-

542 1035 646 1068 vendo
671 1036 790 1068 fruetus
816 1034 948 1068 cuilibet
968 1035 1135 1067 montistae
1160 1043 1195 1067 se
1220 1032 1362 1076 obligare
1387 1031 1519 1073 debeat,
1547 1031 1609 1065 423
1635 1032 1663 1064 b.

454 1089 621 1123 Marcellus
646 1090 729 1122 card.
757 1089 885 1126 Lantes,
913 1089 974 1121 404
1001 1087 1028 1120 b-

454 1143 622 1186 Margarita
640 1145 756 1176 coniux
775 1142 911 1186 Philippi
930 1142 971 1175 111
989 1142 1075 1184 regis
1092 1140 1238 1174 catholici
1256 1147 1370 1184 preces
1387 1138 1478 1172 offert
1497 1148 1554 1181 pro
1572 1139 1809 1172 canonizatione
1827 1138 1857 1172 S.
1877 1138 1991 1182 Ignatii

543 1197 678 1238 Loiolae,
706 1197 744 1230 23
766 1197 791 1229 b.

457 1250 624 1294 Margarita
655 1250 712 1294 (B.)
742 1250 781 1282 de
815 1249 950 1282 Cortona
976 1248 1122 1281 monialis
1154 1247 1251 1280 Tertii
1282 1244 1414 1280 Ordinis
1447 1245 1477 1279 S.
1502 1245 1680 1287 Francisci‚
1707 1246 1747 1279 80
1777 1245 1803 1278 b.
1830 1245 1991 1279 Indultum

541 1302 724 1336 celebrandi
743 1302 781 1334 de
800 1311 836 1334 ea
855 1302 984 1334 missam
1006 1304 1036 1333 et
1056 1299 1211 1333 recitandi
1229 1300 1370 1332 officium
1390 1300 1421 1331 in
1444 1302 1506 1332 toto
1524 1298 1645 1334 Ordine
1666 1299 1696 1332 S.
1715 1299 1886 1340 Francisci‚
1905 1299 1942 1331 81
1961 1309 1991 1331 α.

455 1356 553 1390 Maria
577 1358 693 1389 coniux
718 1355 924 1389 Maximiliani
949 1354 975 1387 lI
1000 1356 1086 1398 regis
1110 1353 1324 1387 Romanorum
1349 1351 1507 1396 supplicat
1538 1362 1595 1395 pro
1620 1351 1707 1386 cultu
1731 1352 1764 1385 Β.
1790 1352 1904 1395 Ignatii
1928 1351 1992 1385 Lo-

545 1410 634 1451 iolae,
662 1410 753 1447 23,st

455 1462 553 1497 Maria
578 1463 729 1496 Ludovici
754 1463 839 1506 regis
863 1462 1057 1495 Francorum
1081 1464 1182 1495 mater
1205 1461 1302 1494 instat
1326 1469 1382 1504 pro
1407 1459 1645 1492 canonizatione
1669 1458 1699 1492 S.
1724 1458 1862 1502 Philippi
1885 1458 1992 1500 Nerii,

545 1516 583 1549 11
606 1517 633 1548 b.

454 1569 549 1603 Maria
574 1569 761 1612 Magdalena
787 1569 932 1603 Austriae
958 1567 1185 1609 archislucissa‚
1213 1567 1274 1600 456
1300 1566 1316 1599 b
1341 1569 1371 1600 et
1396 1566 1459 1599 539
1484 1576 1513 1599 a.

454 1622 550 1656 Maria
573 1623 758 1666 Magdalena
785 1623 843 1666 (B.)
870 1623 909 1656 de
934 1623 1040 1656 Pazzis
1061 1621 1217 1657 Ordinem
1241 1619 1480 1654 Carmelitarum
1508 1619 1666 1662 professa⁷
1690 1619 1752 1652 539
1774 1630 1804 1652 u.
1833 1617 1993 1653 Indultum

544 1676 698 1709 recitandi
723 1676 763 1709 ile
788 1685 825 1709 ea
850 1677 1000 1717 officium,
1027 1676 1090 1709 539
1117 1676 1144 1708 b.

456 1728 554 1763 Maria
578 1729 775 1772 Magdalena,
800 1730 956 1772 monialis,
974 1739 1062 1762 soror
1078 1729 1111 1761 B.
1130 1728 1289 1762 Francisci
1308 1726 1446 1768 xaverii,
1466 1728 1663 1760 vocationem
1688 1727 1793 1760 fratris
1818 1727 1996 1770 praesensit

547 1787 577 1816 et
593 1782 723 1823 adiuvit,
750 1783 790 1816 34
816 1783 841 1815 b.

455 1836 553 1870 Maria
578 1837 764 1880 Magdalena
792 1836 897 1879 (Ven.)
924 1836 964 1869 de
989 1836 1096 1869 Pazzis
1120 1835 1289 1869 Beatarum
1314 1834 1386 1868 albo
1411 1833 1580 1877 adscripta,
1608 1834 1668 1867 457
1694 1844 1724 1866 a.

454 1889 571 1924 Mariae
589 1891 649 1934 (B.)
667 1891 705 1924 de
724 1890 915 1924 Castellariis
933 1890 1183 1933 (Monasterium)
1205 1888 1335 1924 Ordinis
1353 1887 1580 1928 CisterciensiS,
1603 1887 1642 1920 46
1668 1897 1705 1926 a;
1730 1887 1838 1920 unitur
1862 1885 1998 1929 Congre-

543 1945 664 1987 gationi
687 1944 826 1978 Oratorii
851 1944 1048 1984 Par-islensis,
1075 1944 1114 1976 46
1140 1954 1169 1976 α.

456 1996 572 2031 Mariae
598 1997 656 2041 (B.)
682 1998 951 2031 Tbeutonicorum
968 1996 1089 2038 militia,
1112 1997 1152 2031 95
1175 1996 1211 2037 ὸ,-
1228 1995 1274 2030 illi
1300 1995 1468 2039 privilegia
1493 1997 1677 2038 competunt
1698 1993 1845 2038 hospitali
1862 1993 1892 2027 S.
1910 1993 1998 2027 Ioan-

547 2052 596 2084 nis
621 2051 900 2095 Hierosolymitani
925 2059 1079 2084 concessa
1101 2049 1180 2083 ibid.

455 2103 572 2138 Mariae
598 2105 654 2149 (S.)
681 2105 720 2138 ad
749 2105 894 2138 Martires
920 2104 960 2137 de
992 2103 1076 2138 Urbe
1108 2103 1255 2145 ecelesia,
1290 2102 1353 2136 63⁶2
1379 2112 1409 2134 ct.
1436 2101 1538 2142 Quale
1563 2102 1612 2135 ius
1635 2099 1751 2134 habeat
1775 2108 1872 2144 super
1890 2098 1997 2143 platea

548 2160 633 2192 cirea
658 2168 727 2192 eam
753 2159 864 2202 posita,
888 2157 964 2190 ibid.

457 2211 575 2246 Mariae
601 2212 658 2255 (S.)
697 2211 934 2255 Transtyberim
965 2210 1101 2244 ecclesia
1134 2210 1303 2254 deputatur
1334 2208 1403 2242 loco
1435 2208 1590 2242 ecclesiae
1624 2207 1654 2241 S.
1693 2207 1783 2242 Pauli
1814 2217 1871 2251 pro
1898 2205 1997 2241 indul-

547 2267 654 2309 gentia
678 2267 751 2299 anni
777 2266 888 2305 sancti,
914 2264 978 2298 C,279
1005 2265 1021 2297 b
1047 2267 1078 2297 et
1102 2274 1164 2308 seq.

458 2318 576 2352 Mariae
603 2319 660 2362 (S.)
687 2319 727 2352 de
752 2318 872 2362 Populo
898 2318 1035 2351 eeclesia
1060 2317 1247 2361 designatur
1271 2316 1339 2350 loco
1364 2316 1520 2350 ecclesiae
1545 2315 1575 2350 S.
1600 2314 1778 2349 Sebastiani
1802 2324 1858 2359 pro
1875 2318 1999 2358 septem

548 2371 641 2405 Urbis
666 2372 819 2405 ecclesias
845 2371 1046 2405 visitantibus
1073 2380 1154 2404 anno
1179 2369 1320 2411 iubilaei‚
1348 2370 1407 2403 281
1436 2381 1455 2402 a
1478 2380 1541 2414 seq.

458 2424 682 2458 Maronitarum
706 2426 877 2468 collegium
902 2427 933 2458 in
958 2424 1063 2458 Monte
1088 2423 1208 2457 Libano
1233 2427 1384 2465 erectum,
1411 2424 1475 2457 358
1500 2433 1529 2456 a.
1555 2422 1804 2457 Constitutiones
1828 2420 1868 2455 ab
1893 2420 1997 2455 alum-

548 2480 597 2510 nis
623 2479 810 2520 servandae⁷
838 2480 900 2512 360
926 2490 945 2511 α
971 2489 1032 2523 seq.

458 2531 638 2565 Martiniani
662 2542 699 2565 ac
725 2533 901 2566 Fui-nenses
926 2532 1047 2566 habiles
1071 2530 1251 2565 redduntur
1276 2534 1307 2565 et
1331 2529 1534 2564 declarantur
1561 2529 1601 2564 ad
1618 2529 1790 2573 dignitates
1808 2530 1840 2562 in
1859 2528 1997 2572 capitulo

550 2585 674 2628 iprensi
699 2584 888 2619 obtinendas
915 2585 978 2619 446
1004 2585 1030 2618 b.

459 2635 613 2680 Martyres
638 2636 736 2681 (ven.)
763 2639 876 2681 viginti
901 2641 962 2673 tres
987 2647 1027 2672 ex
1051 2637 1174 2673 Ordine
1208 2636 1344 2672 fratrum
1376 2638 1535 2674 Minorum
1562 2638 1592 2673 S.
1618 2637 1782 2673 Francisci
1806 2636 1847 2672 de
1876 2635 1998 2673 Obser-
