2269 3235
107 261 157 290 An.
174 262 202 289 C.
225 259 293 288 1624

134 910 237 932 Custodes
252 910 291 931 Re·

108 938 254 961 formatorum.
269 940 291 958 ut

107 965 231 991 congreg-iri
244 970 291 990 pos-

106 992 155 1015 sint,
170 991 272 1012 decernit.

125 1389 293 1413 visitantesque

110 1416 152 1436 duo
160 1418 183 1436 ut.
194 1415 243 1441 eligi
259 1421 293 1435 va-

109 1443 173 1464 leant.

140 1868 167 1888 Et
186 1867 243 1894 quod
260 1867 297 1888 mi-

114 1894 179 1915 nister
195 1895 298 1920 generalis

114 1925 189 1942 contra
226 1921 298 1942 Refor-

114 1950 182 1968 matos
197 1948 298 1974 procede-

114 1980 137 1996 re
153 1976 227 2001 possit.

144 2135 181 2156 Vel
189 2142 202 2156 a
210 2140 301 2156 conven-

116 2162 173 2184 tibus
183 2168 300 2184 removere.

127 2349 304 2370 Coustitutionem

119 2376 232 2397 Clementis
258 2376 303 2397 Vttt

119 2405 144 2424 de
156 2404 241 2423 novitiis
251 2409 304 2423 reei-

119 2431 202 2457 tuendis
211 2431 304 2450 innovat.

917 258 1057 283 tinuimus

305 308 397 347 dum:
430 308 519 341 sinito
549 313 652 341 autem
686 306 922 341 deliberationis
948 318 1046 346 anuo,

303 361 483 395 huiusmodi
522 373 699 404 regressum
734 361 776 393 illi
810 347 1065 412 eoncedendum:

303 415 498 453 nullatenus,
525 416 583 448 nisi
609 426 646 448 vo
672 415 783 454 modo,
808 425 871 457 quo
898 414 1046 446 transitus

303 469 342 501 ad
379 469 644 502 Reformationcni
677 468 827 500 fratribus
866 467 904 499 de
933 466 1046 499 Obser-

304 523 407 555 vantia
432 534 487 556 seu
511 523 548 556 de
574 521 703 555 Familia
728 520 928 559 conceditur;
953 531 970 552 a
990 520 1064 556 sra-,

305 577 406 609 tribus
430 587 504 610 vero
521 577 559 609 de
583 574 787 609 Observantia
819 585 872 606 seu
890 574 928 605 de
949 562 1064 605 Fami-¹

304 630 402 670 milia,
418 630 457 662 ad
483 630 678 663 Resormatos
701 628 836 660 transire
860 627 1046 665 volentibus,

304 683 471 717 Clementis
495 689 526 717 et
550 682 636 716 Pauli
661 682 941 726 praedecessorum
962 691 1048 724 prae-

305 736 462 770 dictorum
487 735 743 776 constitutiones,
775 735 935 778 ipsiusque
960 733 1045 767 Pauli

305 789 431 823 decreta
451 799 547 833 super
566 789 627 822 hoc
651 792 794 822 emanata
826 786 1048 820 inviolabiliter

305 842 503 876 observanda
515 853 523 882 ;

350 897 365 940 g
389 896 418 929 8.
443 896 490 929 Ad
511 896 586 929 haec
616 895 648 928 in
677 895 823 940 capitulis
848 895 1049 939 generalibus

305 950 447 983 eiusdem
467 949 593 983 Ordinis
618 950 649 982 in
666 950 752 983 ltalia
772 950 968 983 celebrandis
986 960 1050 982 oni—

306 1014 361 1037 nes
386 1004 531 1038 custodes
555 1004 743 1047 congregari
768 1003 806 1035 ad
834 1008 948 1036 statuta
968 1003 1067 1035 felicit

307 1068 418 1091 eorum
443 1058 600 1101 gubernio
625 1061 804 1101 opportuna
821 1057 999 1097 condenda3
1020 1062 1050 1089 et

307 1111 433 1154 quando
458 1111 594 1154 capitula
618 1111 777 1153 generalia
797 1111 861 1142 sive
882 1120 1052 1153 congrega-

307 1165 407 1198 tiones
431 1165 612 1198 huiusmodi
637 1175 699 1198 non
724 1164 978 1202 celebrabuntur,
997 1175 1051 1196 cu-

308 1218 413 1251 stodes
445 1218 575 1261 singulis
612 1218 755 1250 trienniis
788 1218 819 1250 in
853 1218 934 1249 alma
967 1216 1051 1249 Urbe

307 1273 415 1304 nostra
429 1282 500 1304 cum
515 1271 691 1304 assistentia
704 1270 893 1314 protectoris
907 1281 964 1313 pro
979 1274 1053 1304 tem-

307 1334 385 1367 pore
409 1323 568 1356 existentis
592 1324 711 1367 pariter
735 1323 941 1366 congregari;

353 1376 368 1420 ἓ
392 1376 421 1409 9.
448 1377 550 1409 Unum
575 1387 650 1409 vero
666 1387 725 1420 pro
739 1387 916 1419 ,regnorum
933 1377 1054 1421 Neapo-

309 1429 347 1462 lis
371 1433 401 1463 et
423 1429 559 1470 Siciliae,
583 1435 613 1462 et
636 1430 771 1462 alterum
791 1441 828 1462 ex
853 1430 928 1473 ipsis
947 1430 1055 1463 Refor-

309 1483 402 1516 matis
426 1483 603 1516 visitatores
631 1494 690 1527 pro
719 1483 849 1527 reliquis
874 1484 979 1516 ltaliae
1004 1494 1053 1516 re-

310 1537 569 1578 formationibus,
594 1538 632 1570 ab
665 1538 783 1570 eisdem
809 1538 992 1570 custodibus
1016 1538 1054 1570 de

310 1591 446 1625 triennio
470 1592 502 1624 in
527 1592 710 1631 triennium,
734 1591 772 1624 de
797 1598 906 1625 nostro
931 1597 1054 1629 tamen,

310 1645 359 1678 vel
384 1646 600 1679 Romanorum
625 1645 827 1686 Pontificum,
851 1656 887 1678 ac
915 1645 1072 1678 eiusdenr

311 1698 435 1732 Ordinis
458 1700 541 1743 apud
564 1710 622 1732 nos
646 1704 677 1732 et
700 1700 912 1743 Apostolicam
943 1700 1055 1733 Sedem

311 1753 502 1797 protectoris
525 1764 584 1797 pro
616 1757 756 1797 tempore
781 1753 980 1787 existentium
1006 1764 1056 1786 rc-

311 1808 449 1852 spective
473 1818 639 1848 consensu,
664 1808 756 1851 eligi;

357 1862 372 1904 §i
396 1861 449 1894 ²10.
474 1863 517 1895 Ac
531 1868 639 1895 contra
652 1873 742 1906 quos,
756 1872 811 1894 seu
824 1872 935 1894 eorum
951 1871 1058 1905 quem·

313 1914 399 1955 libet,
417 1915 442 1947 si
459 1915 636 1959 deliquerit,
662 1916 843 1958 generalem
866 1915 1057 1954 ministrum,

314 1979 386 2002 cum
418 1968 594 2002 interventu
626 1969 842 2013 procuratoris
871 1969 1057 2002 eorumdem

314 2022 568 2056 Reformatorum
586 2033 621 2055 ac
638 2023 751 2056 maiori
777 2028 865 2066 parte
890 2023 1057 2055 custodum

314 2076 363 2110 sui
387 2076 557 2116 districtus,
574 2076 748 2120 procedere
768 2087 859 2120 posse
879 2087 914 2109 ac
931 2076 1058 2115 debere;

360 2130 375 2173 ἓ
399 2130 451 2163 11.
476 2130 576 2163 Porro
600 2130 713 2163 fratres
737 2131 934 2163 Resorniatos
951 2130 989 2162 ab
1006 2140 1059 2162 eo-

316 2194 386 2217 rum
399 2185 615 2224 conventibus,
628 2184 688 2217 nisi
706 2195 741 2217 ex
760 2187 854 2217 causa
871 2184 902 2216 in
919 2183 1060 2217 definito-

317 2238 365 2271 rio
383 2238 466 2271 illius
485 2238 720 2272 reformationis
739 2239 787 2271 vel
805 2239 844 2270 ab
860 2238 971 2271 eodem
990 2248 1059 2281 pro-

317 2296 438 2324 tectore
451 2293 595 2335 probaffi,
613 2292 771 2325 removeri
795 2291 924 2324 minime
944 2302 1036 2335 posse
1051 2302 1058 2330 3
1075 2308 1077 2314 ι

362 2346 377 2388 ἕ
397 2345 448 2378 1⁶2.
474 2346 734 2379 Constitutionem
755 2352 859 2378 autem
876 2345 913 2377 de
931 2355 993 2378 non
1011 2345 1076 2377 ‘ad-¹

319 2398 478 2432 mittendis
503 2400 542 2432 ad
565 2400 707 2433 habitum
731 2400 770 2433 ab
795 2399 1059 2438 Obseiwantibus,

319 2462 374 2484 seu
398 2452 437 2484 de
460 2452 601 2493 Familia,
626 2453 762 2493 novitiis,
786 2453 840 2486 sed
866 2464 882 2485 a
903 2453 1061 2485 Reforma-

319 2506 368 2546 tis,
393 2511 459 2538 tum
484 2506 568 2540 iuxta
591 2507 716 2541 decreta
733 2507 874 2540 eiusdem
893 2506 1060 2539 Clementis

319 2560 582 2604 praedecessoris,
608 2561 749 2594 innovari
778 2572 813 2593 ac
839 2560 1061 2593 inviolabiliter

319 2613 480 2647 observari
506 2614 664 2655 volumus,
689 2614 907 2653 decernimus,
933 2614 1061 2646 innova-

320 2679 400 2709 mus,
425 2668 644 2702 constituimus
669 2671 699 2702 et
722 2668 927 2701 declaramus.

1065 948 1335 998 3p1·aedeeess01·is
1363 947 1486 987 litteris,
1508 958 1566 979 nec
1593 957 1656 980 non
1681 947 1828 980 omnibus

1083 258 1139 282 vin
1164 259 1210 282 rr.
1729 246 1793 281 1023
1840 258 1929 283 inte.
1954 257 2020 284 1624

1126 310 1140 349 ,ξ
1165 307 1215 339 113.
1235 306 1443 339 Dicet-nentes
1460 304 1552 338 etiarn
1577 310 1758 349 praesentes
1776 305 1822 337 lit·
1864 320 1974 342 umam..
1994 323 2020 343 if.

1081 366 1162 392 teras
1180 366 1210 393 et
1231 361 1260 392 in
1286 360 1331 392 cis
1349 364 1493 394 contenta
1510 370 1726 403 quaecumque
1745 370 1822 391 sem-
1838 350 2021 397 ΪῙῙΓῙᾏΜΖΞΜᾏΨ

1083 426 1139 458 per
1167 421 1196 446 et
1221 420 1372 458 perpetuo
1395 415 1504 455 valida,
1522 416 1614 447 lirina
1635 419 1664 447 et
1684 413 1822 447 efficacia

1081 478 1149 500 esse
1181 473 1209 499 et
1235 470 1311 507 sore,
1343 480 1378 500 ae
1410 469 1448 500 ab
1481 469 1627 501 omnibus
1659 479 1738 511 quos
1772 467 1824 499 illa

1081 527 1272 554 concernunt
1296 522 1388 553 etiam
1408 521 1627 555 inviolabiliter
1645 520 1823 560 otis-ervum

1081 574 1187 617 sicque
1201 585 1258 617 per
1275 585 1492 618 quoscumque
1511 575 1628 607 iudices
1646 574 1825 607 ordinarios

1080 631 1111 660 et
1133 627 1304 670 delegatos,
1326 627 1419 660 etiam
1444 638 1609 660 causarum
1629 628 1733 671 palatii
1754 637 1826 671 apo·

1081 680 1183 713 stolici
1208 681 1385 722 auditoreS,
1412 680 1543 713 iudicari
1568 686 1597 713 et
1623 680 1749 713 detiniri
1776 679 1827 712 de-

1081 733 1166 774 bere,
1191 744 1227 767 ac
1252 734 1377 767 irritum
1402 739 1433 766 et
1456 734 1557 773 inane,
1582 733 1607 766 si
1625 744 1714 766 secus
1730 743 1827 777 super

1081 787 1130 820 his
1143 798 1160 820 a
1175 798 1344 831 quoquam,
1360 787 1469 831 quavis
1482 787 1678 827 auctoritate,
1692 787 1828 820 scienter

1082 841 1130 874 vel
1155 842 1348 884 ignoranter,
1366 841 1534 884 contigerit
1559 840 1714 874 attentari.

1127 896 1141 938 ἓ
1166 895 1217 927 14.
1239 896 1306 928 Non
1333 895 1529 928 obstantibus
1555 893 1654 938 ipsius
1682 893 1827 937 Gregorii
1912 910 2027 937 unwano

1844 940 2004 959 contrariorum.

1084 1002 1154 1042 illis,
1172 1013 1251 1045 quae
1268 1002 1299 1034 in
1316 1002 1361 1035 eis
1386 1002 1484 1034 voluit
1508 1012 1571 1034 non
1592 1002 1728 1044 obstare⁷
1749 1006 1829 1034 cete-

1084 1056 1191 1100 risque
1209 1056 1376 1089 contrariis
1393 1056 1654 1099 quibuscumque.

1129 1111 1144 1153 ξ,
1157 1110 1208 1143 16.
1219 1110 1371 1143 Volumus
1384 1115 1500 1150 autem,
1514 1110 1598 1153 quod
1615 1109 1827 1153 praesentium

1086 1164 1300 1206 transumptis,
1321 1163 1412 1196 etlam
1435 1163 1607 1206 impressis,
1625 1173 1719 1195 manu
1737 1162 1830 1195 alicu·

1086 1216 1133 1249 ius
1157 1217 1271 1249 notarii
1296 1216 1413 1259 publici
1445 1217 1642 1260 subscriptis,
1670 1221 1700 1249 et
1725 1216 1829 1258 sigillo

1086 1281 1239 1314 personae
1264 1271 1295 1302 in
1319 1270 1470 1312 dignitate
1488 1270 1699 1302 ecclesiastica
1718 1270 1831 1303 consti-

1086 1329 1171 1356 tutae
1196 1323 1336 1362 munitis,
1360 1323 1469 1355 eadem
1490 1334 1620 1367 prorsus
1645 1323 1722 1355 fides
1740 1323 1772 1355 in
1789 1323 1832 1355 iu-

1087 1377 1169 1409 dicio
1186 1382 1216 1409 et
1233 1382 1322 1409 extra
1340 1377 1414 1409 illud
1436 1376 1633 1417 adhibeatur,
1658 1387 1739 1419 quae
1757 1377 1832 1420 ipsis

1087 1431 1298 1473 originalibus
1318 1431 1431 1463 litteris
1448 1430 1662 1470 adhiberetur,
1679 1430 1705 1462 si
1729 1430 1833 1463 forent

1087 1484 1244 1517 exhibitae
1261 1485 1309 1516 vel
1326 1488 1478 1517 ostensae.

1133 1538 1243 1571 Datum
1277 1539 1414 1577 Romae,
1439 1538 1521 1581 apud
1546 1538 1576 1571 S.
1598 1538 1747 1579 Petrum,
1774 1538 1832 1570 sub

1088 1592 1203 1624 annulo
1221 1591 1399 1631 piscatoris,
1419 1592 1470 1624 die
1487 1591 1540 1624 vn‘
1559 1591 1663 1624 martii
1679 1601 1832 1631 nncxxw,

1089 1646 1289 1689 pontificatus
1307 1645 1406 1678 nostri
1424 1655 1506 1678 anno
1524 1656 1544 1679 1.

1126 1708 1184 1735 Dat.
1200 1708 1243 1735 die
1259 1709 1273 1735 7
1291 1708 1379 1735 martii
1393 1709 1471 1739 1624,
1487 1708 1580 1743 pontis.
1598 1716 1668 1735 anno
1684 1715 1702 1735 1.

1883 1124 1946 1146 Fides
1968 1127 2029 1146 tran-

1843 1155 1979 1179 sumptorum.

1426 1853 1499 1886 XLI.

1091 1933 1364 1977 ,archiepiscopus
1388 1933 1643 1966 Mediolanensis
1659 1931 1836 1976 deputatur

1136 1986 1388 2018 administrator
1399 1990 1572 2029 perpetuus
1590 1985 1763 2017 seminarii
1778 1985 1836 2018 As-

1137 2050 1245 2081 conae,
1275 2041 1438 2074 Comensis
1462 2039 1612 2072 dioecesis
1623 2038 1643 2071 ².

1300 2121 1438 2148 Urbanus
1455 2121 1533 2154 Papa
1549 2120 1629 2153 vm,

1217 2167 1253 2193 ad
1273 2169 1450 2199 perpetuam
1469 2165 1513 2192 rei
1533 2164 1715 2192 memoriam.

1136 2237 1302 2280 Cupientes
1327 2247 1492 2280 prospero,
1511 2236 1655 2279 felicique
1676 2234 1835 2268 seminarii

1093 2290 1295 2323 ecelesiastici
1331 2289 1439 2333 oppidi
1475 2290 1615 2322 Asconae
1629 2316 1636 2328 ,
1673 2287 1836 2321 Comensis

1093 2343 1256 2383 dioecesis,
1277 2343 1308 2375 in
1332 2343 1447 2375 tinibus
1471 2348 1575 2374 tamen
1598 2341 1837 2374 Mediolanensis

1093 2397 1246 2430 dioecesis
1259 2397 1432 2435 existentis,
1449 2396 1595 2438 regimini
1617 2401 1646 2427 et
1670 2395 1836 2438 gubernio,

1093 2456 1244 2495 quantum
1269 2461 1340 2482 cum
1366 2450 1499 2482 Domino
1520 2459 1697 2492 possumus,
1723 2458 1838 2482 consu-

1094 2506 1169 2544 lere,
1187 2504 1225 2536 de
1249 2503 1475 2536 venerabilium
1502 2503 1635 2535 fratrum
1656 2507 1838 2536 nostrorum

1095 2560 1123 2592 S.
1142 2560 1176 2591 R.
1196 2558 1227 2590 E.
1245 2557 1449 2589 cardinalium
1468 2557 1548 2589 sacri
1567 2557 1696 2590 Concilii
1714 2557 1839 2590 Triden-

1878 2248 1999 2274 Deputatio.
2009 2248 2035 2268 dn

1852 2280 1893 2301 qua
1908 2276 1929 2295 in
1940 2275 2033 2295 rubi-ica.

1133 2633 1143 2656 t
1162 2630 1232 2656 Edit.
1250 2629 1328 2655 Main.
1345 2629 1424 2655 hahet
1440 2635 1466 2655 vi
1482 2629 1508 2655 in
1526 2633 1598 2656 textu
1613 2630 1650 2664 (R.
1667 2630 1716 2663 τ.).

1131 2675 1147 2701 ἰ).
1168 2674 1205 2701 Ex
1224 2675 1334 2709 Regest.
1356 2675 1383 2700 in
1403 2674 1505 2702 Secret.
1527 2674 1604 2701 Brev.
