2269 3235
119 226 169 253 An.
185 224 212 252 C.
235 223 304 251 1625

143 710 255 736 Gregorius
266 710 302 730 XV

119 737 212 758 osticium
245 740 303 757 nota-

119 766 187 784 natus
219 768 303 789 proces·

119 796 164 810 sum
178 795 242 815 super
252 795 303 816 qua-

119 817 303 842 litatibuspromo-

120 843 234 863 vannorum
275 842 303 863 ad

119 869 221 890 ecclesias
283 871 304 889 et

123 895 297 916 monasteriorum

119 922 298 943 consistoriatium

119 948 216 970 instituit.

158 2413 313 2440 Constituitque

130 2441 213 2461 notario
259 2441 313 2462 sala·
350 2459 355 2464 .

131 2467 192 2488 rium.

931 226 1072 249 URBANUS
1095 226 1152 249 vm
1176 226 1222 249 Pr.

317 271 355 304 ad
378 281 470 304 usum
495 271 711 315 quotidianum
735 282 830 316 penes
848 272 949 316 ipsum
968 273 1056 305 cleri-

317 334 388 357 cum
413 324 524 358 Italum
556 330 772 366 remanerent;
804 336 841 358 ac
872 326 1056 359 recolendae

316 378 487 411 memoriae
513 378 584 411 Pius
609 379 691 423 Papa
709 379 746 411 lv
770 378 915 411 similiter
932 378 1058 422 praede-

317 441 422 464 cessor
447 431 504 464 sub
520 431 570 464 die
590 441 621 465 vi
642 431 828 475 septembris
845 431 916 464 anni
934 431 1057 464 Domini

317 483 453 518 Μυωαν1
477 484 575 518 libros
595 484 847 528 propositionum
864 489 895 517 et
913 489 1057 517 actorum

317 537 592 577 consistorialium‚
609 537 747 581 aliasque
773 537 945 580 scripturas
970 547 1058 581 prae-

317 590 425 632 dictas,
452 591 482 623 in
500 591 610 624 eodem
635 590 786 630 archivio,
803 590 886 634 quod
907 595 980 623 tunc
997 590 1056 623 iam

318 650 386 677 erat
409 645 616 688 designatum,
637 644 752 688 deponi
777 644 968 684 decreve1·it;

363 698 378 741 g
393 697 422 731 3.
444 698 480 731 Et
496 698 605 731 similis
623 698 796 732 memoriae
814 698 986 741 Gregorius
1007 698 1059 729 Pa-

317 761 356 795 pa
380 752 430 784 XV
454 752 571 795 pariter
594 751 819 795 praedecessor
842 756 949 785 noster
973 752 1057 795 (cum

318 804 524 838 informandis
555 809 586 837 et
618 805 810 838 instmendis
839 805 1058 848 processibus,

318 857 371 901 qui
385 867 480 902 super
489 858 690 901 qualitatibus
701 859 988 902 promovendorum
1003 869 1059 902 per

318 911 495 944 Romanurn
524 911 707 944 Pontificem
737 923 796 956 pro
825 917 967 956 tempore
992 912 1057 944 exi-

318 968 450 999 stentem
469 964 507 997 ad
529 965 732 998 ecclesiarum
759 965 985 999 cathedralium
1003 976 1058 1009 pa-

319 1023 439 1051 storum
464 1018 574 1052 solatio
598 1018 819 1053 destitutarum
844 1029 879 1051 ac
908 1023 1060 1052 monaste-

318 1071 440 1104 riorum
468 1071 732 1105 consistorialium
756 1082 815 1116 pro
840 1077 982 1115 tempore
1007 1082 1058 1104 va-

319 1125 455 1157 cantium
480 1125 635 1168 regimina
662 1135 698 1158 ac
723 1125 927 1158 ecclesiarum
945 1130 974 1157 et
992 1135 1059 1157 mo-

318 1178 529 1211 nasteriorum
555 1178 733 1211 huiusmodi
759 1183 841 1210 statu
866 1179 897 1210 in
918 1178 1059 1211 Romana

319 1231 407 1264 curia
432 1241 538 1265 coram
563 1231 680 1264 eisdem
701 1232 913 1264 cardinalibus
930 1232 1060 1265 formari

319 1289 350 1318 et
383 1285 503 1318 institui
539 1290 790 1325 consueverunt,
821 1285 925 1318 nullus
956 1290 1060 1318 certus

319 1342 447 1371 eatenus
471 1337 642 1371 destinatus
674 1348 728 1371 seu
756 1337 922 1381 deputatus
952 1338 1061 1370 fuisset

319 1392 470 1433 notarius,
496 1391 549 1424 sed
574 1391 613 1424 ad
637 1391 667 1424 id
692 1391 832 1424 muneris
857 1391 970 1424 notarii
1000 1392 1061 1435 ple-

320 1455 455 1488 rumque
471 1454 583 1488 parum
600 1444 693 1488 periti
710 1443 948 1484 adhiberentur)
962 1455 1060 1477 unum

320 1503 509 1541 perpetuum
532 1498 705 1532 notariatus
729 1497 868 1530 officium
894 1498 932 1530 ad
965 1498 1062 1530 instar

321 1551 455 1584 aliorum
479 1553 636 1585 Romanae
668 1552 777 1585 Curiae
809 1551 985 1585 officiorum
1014 1563 1062 1584 va-

322 1605 430 1647 cabile,
455 1605 545 1638 cuius
569 1605 733 1639 concessio.
756 1610 786 1637 et,
805 1605 985 1638 omnimoda
1002 1606 1062 1638 alia

321 1658 496 1702 dispositio,
521 1659 643 1703 quoties
669 1659 744 1692 illud
767 1670 823 1703 per
840 1659 971 1699 obitum,
989 1660 1062 1692 resi-

322 1712 511 1754 gnationem,
536 1712 763 1755 privationem,
787 1718 840 1745 aut
859 1713 935 1745 alias
952 1713 1062 1756 quovis

323 1764 417 1798 modo
426 1775 535 1798 vacare
545 1765 751 1808 contingeret,
759 1765 795 1797 ad
805 1766 979 1798 Romanum
988 1765 1064 1797 Pon-

322 1818 438 1851 tificem
460 1829 518 1862 pro
536 1824 676 1862 tempore
694 1819 876 1852 existentem
896 1824 1061 1863 spectaret,

322 1882 381 1916 pro
394 1882 456 1905 uno
470 1873 603 1913 notario,
617 1873 681 1916 qui,
700 1873 852 1916 privative
870 1872 973 1916 quoad
987 1873 1064 1906 alios

322 1935 549 1970 quoscumque,
575 1926 605 1958 in
630 1926 802 1958 formandis
823 1931 853 1958 et
873 1925 1064 1959 instruendis

323 1978 524 2022 processibus
548 1979 725 2022 praedictiS,
751 1990 829 2023 quos
846 1989 952 2012 coram
974 1979 1065 2012 dictis

323 2031 534 2065 cardinalibus
552 2033 615 2065 sive
641 2043 751 2065 eorum
776 2033 973 2066 auditoribus
1002 2033 1064 2066 sor-

323 2086 403 2118 mari
427 2090 457 2119 et
481 2086 592 2119 instrui
610 2086 757 2130 deinceps
774 2087 934 2130 perpetuis
952 2086 1065 2120 suturis

324 2139 521 2182 temporibus
539 2140 744 2183 contingeret,
766 2140 839 2184 ipsis
856 2140 1066 2172 cardinalibus

325 2202 380 2225 seu
400 2193 596 2227 auditoribus
615 2194 771 2235 assistere,
788 2205 823 2227 ac
841 2194 966 2227 testium
984 2194 1066 2227 dicta

326 2250 356 2278 et
373 2246 584 2290 depositiones
604 2248 635 2280 in
652 2248 787 2291 scriptis,
804 2258 860 2291 per
878 2258 919 2288 sc,
935 2248 982 2280 vel
997 2247 1068 2280 sub-

327 2298 468 2332 stitutum
492 2300 639 2334 idoneum
654 2328 661 2341 ,
686 2301 831 2344 redigere
859 2306 1018 2334 teneretur
1038 2305 1085 2333 ct,

327 2352 465 2393 deberet,
490 2356 624 2388 erexerit
648 2360 678 2388 et
702 2355 889 2395 instituerit,

329 2470 396 2492 eius
421 2462 562 2503 congrua
585 2460 656 2494 dote
682 2461 787 2495 omnia
801 2466 830 2494 et
847 2461 970 2504 singula
987 2471 1069 2493 emo-

329 2513 487 2555 lumenta,
512 2514 630 2557 regalia
655 2520 684 2547 et
707 2515 775 2548 iura
804 2525 860 2558 per
884 2514 962 2548 alios
985 2520 1070 2548 nota-

368 2586 378 2612 1
397 2584 481 2616 Quam
496 2584 538 2611 Pii
552 2583 585 2611 IV
601 2585 707 2613 constit.
725 2593 777 2613 non
798 2589 861 2621 puto
877 2593 936 2613 esse
956 2585 983 2612 in
1002 2585 1070 2614 But-

332 2631 407 2659 ῖανίο
424 2631 460 2667 (n,
478 2632 527 2666 T.).

373 2406 388 2450 g
411 2406 441 2439 4.
466 2407 576 2451 Illique
597 2408 640 2441 sic
665 2414 769 2442 erecto
795 2414 824 2441 et
844 2408 986 2441 instituto
1010 2418 1085 2451 pro³

1734 214 1797 246 409,

1091 274 1165 314 rios,
1189 274 1242 317 qui
1268 278 1357 305 antea
1387 272 1418 305 in
1447 271 1617 305 formandis
1649 271 1827 304 huiusmodi

1090 326 1290 368 processibus
1314 325 1430 358 eisdem
1456 324 1667 357 cardinalibus
1692 334 1746 356 seu
1774 334 1825 356 au-

1091 378 1246 411 ditoribus
1269 379 1431 412 astiterant
1459 390 1494 412 ac
1511 378 1592 411 dicta
1616 383 1645 410 et
1665 378 1831 421 depositio-

1092 441 1146 464 nes
1171 432 1330 475 praedicta
1348 432 1377 463 in
1400 432 1522 475 scriptis
1548 431 1744 474 redegerant,
1763 442 1831 474 per-

1092 484 1153 527 cipi
1178 485 1268 518 solita
1292 490 1322 517 et
1346 490 1504 524 consueta,
1530 486 1637 528 eisque
1663 489 1831 528 propterea

1092 537 1207 577 debita,
1240 543 1392 581 perpetuo
1424 538 1625 581 applicaverit
1661 542 1690 571 et
1721 548 1832 581 appro-

1092 590 1256 634 priaveriss

1137 644 1205 687 §5
1232 645 1274 677 Ac
1298 644 1436 677 officium
1469 644 1512 676 sic
1542 648 1680 676 erectum
1718 644 1831 676 dilecto

1093 698 1158 731 filio
1183 697 1327 731 Odoardo
1352 697 1536 731 Tibaldesco
1557 698 1672 729 clerico
1697 698 1833 740 Spoleta-

1092 761 1149 784 nae
1175 751 1328 784 dioecesis
1359 751 1549 784 concesserit
1573 756 1603 782 et
1627 751 1829 793 assignaverit

1092 815 1149 848 per
1166 804 1328 848 quasdam,
1346 803 1433 844 etc.¹;

1138 858 1152 900 ξ
1176 858 1205 889 6.
1231 858 1274 890 Ac
1298 857 1410 890 deinde
1435 857 1588 896 statuerit,
1612 857 1696 900 quod
1721 857 1759 889 de
1787 868 1833 889 ce-

1093 916 1161 944 tero
1187 910 1332 943 similiter
1357 910 1520 954 perpetuis
1548 910 1662 943 futuris
1687 911 1834 954 tempori-

1092 964 1150 997 bus
1167 974 1275 997 omnes
1293 969 1322 996 et
1339 963 1454 1008 singuli
1466 974 1642 1007 processus,
1657 974 1735 1007 quos
1748 969 1834 996 extra

1093 1017 1207 1051 dictam
1233 1018 1369 1059 curiam,
1395 1018 1425 1049 in
1451 1017 1628 1058 Germania,
1654 1017 1761 1057 Gallia,
1786 1018 1835 1049 Hi-

1094 1071 1214 1115 spania,
1235 1071 1410 1114 ceterisque
1434 1071 1597 1104 christiani
1622 1071 1708 1103 orbis
1728 1071 1834 1113 regnis

1093 1125 1263 1168 provinciis
1277 1128 1307 1159 et
1319 1124 1511 1167 regionibus,
1525 1134 1621 1168 super
1634 1124 1835 1167 qualitatibus

1094 1178 1383 1222 promovendorum
1411 1178 1449 1210 ad
1481 1188 1751 1222 quarumcumque
1784 1188 1835 1210 ca-

1094 1232 1284 1264 thedralium
1309 1232 1512 1264 ecclesiarum
1538 1236 1609 1264 tunc
1634 1235 1664 1265 ct
1686 1242 1745 1275 pro
1763 1236 1836 1264 tem—

1094 1296 1170 1329 pore
1190 1291 1355 1330 pastorum
1374 1285 1484 1318 solatio
1502 1285 1595 1317 eliam
1613 1284 1834 1317 destitutarum

1095 1345 1125 1371 et
1148 1339 1413 1372 monasteriorum
1438 1338 1704 1370 consistorialium
1735 1337 1836 1370 ubivis

1095 1392 1333 1426 consistentium
1358 1398 1386 1424 et
1412 1392 1523 1434 quovis
1540 1391 1635 1425 modo
1660 1391 1837 1424 vacantium

1096 1452 1125 1479 et
1150 1451 1370 1479 vacaturorum
1397 1445 1549 1488 regimina
1570 1456 1606 1478 ac
1634 1445 1837 1478 ecclesiarum

1095 1505 1125 1532 et
1139 1499 1404 1532 monasteriorum
1419 1498 1600 1531 huiusmodi
1612 1503 1692 1530 statu
1708 1497 1837 1531 formari

1096 1558 1126 1585 et
1150 1552 1188 1585 ad
1215 1552 1329 1585 dictam
1367 1552 1488 1584 curiam
1523 1552 1692 1584 transmitti
1722 1551 1839 1584 coutin-

1096 1613 1202 1649 geret,
1227 1612 1393 1650 postquam
1419 1617 1435 1637 a
1461 1605 1670 1637 cardinalibus
1701 1606 1838 1648 ipsarum

1096 1659 1257 1692 nationum
1269 1659 1511 1702 protectoribus,
1522 1658 1838 1701 comprotectoribus,

1097 1723 1151 1745 seu
1171 1711 1478 1756 proprotectoribus,
1504 1712 1550 1744 vel
1570 1711 1607 1743 iis
1623 1711 1675 1754 qui
1694 1711 1840 1744 ecclesias

1097 1772 1127 1798 et
1149 1765 1339 1799 monasteria
1363 1764 1543 1797 huiusmodi
1563 1765 1593 1796 in
1611 1769 1718 1797 nostro
1736 1770 1765 1796 et
1786 1765 1842 1797 Ro-

1098 1819 1181 1852 mani
1199 1818 1358 1852 Pontificis
1372 1829 1428 1861 pro
1444 1823 1584 1861 tempore
1598 1818 1759 1850 existentis
1772 1828 1842 1850 con-

1098 1873 1234 1913 sistorio,
1251 1878 1281 1905 ut
1307 1872 1405 1904 moris
1429 1877 1490 1912 est,
1522 1877 1745 1915 proponerent,
1771 1877 1799 1903 et
1825 1882 1842 1903 a

1099 1926 1310 1960 cardinalibus
1329 1926 1358 1958 in
1375 1925 1485 1958 ordine
1507 1925 1678 1968 prioribus,
1704 1925 1770 1965 visi,
1796 1935 1842 1957 re-

1099 1981 1226 2024 cogniti,
1246 1980 1411 2025 approbati
1429 1985 1455 2012 et
1478 1979 1646 2022 subscripti
1672 1980 1783 2015 forent,
1804 1979 1842 2011 ab

1100 2035 1177 2079 ipsis
1194 2034 1415 2074 cardinalibus,
1436 2044 1490 2066 seu
1507 2044 1617 2066 eorum
1636 2032 1841 2071 amlitoribus,

1100 2093 1129 2122 et
1166 2089 1202 2121 iis
1235 2088 1273 2120 ad
1306 2099 1385 2132 quos
1417 2092 1572 2131 spectaret
1608 2092 1677 2118 aute
1713 2086 1841 2118 cedulae

1100 2142 1327 2175 consistorialis
1353 2141 1627 2184 subscriptionem,
1654 2151 1707 2172 scu
1733 2140 1842 2171 saltem

1101 2195 1184 2228 illius
1208 2195 1350 2238 partibus
1375 2194 1655 2236 consignationem,
1680 2193 1841 2236 praedicto

1101 2248 1255 2290 Odoardo,
1274 2248 1422 2291 quamdiu
1433 2247 1570 2280 officium
1583 2247 1778 2290 praedictum
1792 2246 1844 2278 ob-

1102 2302 1224 2343 tineret,
1250 2301 1379 2344 eiusque
1405 2301 1435 2332 in
1460 2300 1513 2333 illo
1539 2299 1782 2338 successmibus,
1804 2299 1843 2331 ad

1102 2355 1247 2388 effectum
1266 2355 1334 2387 illos
1355 2354 1571 2395 conservandi,
1597 2352 1676 2385 tradi
1694 2358 1721 2385 et
1745 2353 1844 2385 consi-

1102 2408 1202 2451 gnari,
1216 2407 1311 2439 iidem
1330 2417 1403 2439 vero
1417 2406 1579 2439 Odoardus
1599 2411 1628 2438 ct,
1646 2417 1843 2438 successores

1103 2461 1172 2494 illos
1186 2461 1229 2493 sic
1242 2460 1286 2492 eis
1299 2459 1500 2502 consignatos
1517 2464 1675 2503 tamquam
1694 2459 1844 2502 praedicti

1103 2514 1196 2548 officii
1221 2524 1388 2557 processus
1413 2517 1442 2545 et
1467 2513 1638 2556 scripturas
1662 2513 1741 2545 bene
1766 2518 1796 2545 et
1813 2512 1845 2544 sl—

1103 2568 1214 2601 deliter
1239 2576 1435 2606 conservare,
1461 2571 1501 2608 et,
1525 2566 1629 2610 quoad
1653 2566 1721 2599 fieri
1739 2572 1845 2610 posset

1142 2633 1149 2658 1
1170 2631 1241 2658 Hanc
1259 2630 1318 2657 vide
1334 2630 1359 2657 iu
1375 2633 1439 2657 tom.
1459 2637 1504 2665 xit,
1521 2638 1582 2666 pag.
1600 2630 1651 2658 555
1666 2630 1706 2663 (n.
1724 2636 1772 2665 ix).

1844 224 1891 250 An,
1913 223 1940 249 C.
1961 224 2026 250 1625

1895 870 1968 896 illique
1984 876 2032 895 pro-

1849 902 1921 917 cessus*
1960 904 2032 917 niune&

1850 926 1906 942 ulra
1953 930 2032 944 ruriam

1851 950 1916 969 tat-tos
1927 950 1979 969 tradi
1991 956 2033 970 tus-

1850 978 1889 999 sit,
1906 979 1927 995 ut
1942 977 2032 996 custodi·

1851 1005 1927 1023 rentur.
