2269 3235
258 261 307 287 An.
323 260 352 287 c.
369 261 438 287 1025
484 251 547 283 388

283 906 366 927 Causae
384 906 441 925 insti-

256 934 329 953 tut-uili
344 933 440 958 generate

257 960 375 980 arrlmiuiu
422 960 441 979 in

258 986 322 1008 Urbe.

454 319 515 353 que
540 309 693 348 molestia,
719 309 977 351 fortunarumque
1001 318 1129 341 suarum
1147 309 1190 342 ia-

455 364 554 404 ctura,
574 364 753 406 frequenter
778 362 893 395 exoriri
918 367 948 395 et
972 363 1078 405 vigere
1102 363 1192 396 intel-

455 415 596 457 ligimus,
622 414 788 447 commoda
813 412 916 458 aliqua
940 415 1061 449 ratione
1086 416 1192 460 provi-

454 468 593 508 deamus,
618 472 657 508 ct,
683 478 741 511 pro
765 467 846 501 felici
870 479 1041 512 progressu
1065 479 1193 511 eorum,

455 532 534 564 quae
559 527 727 565 propterea
752 532 769 553 a
793 521 883 555 uobis
908 522 1103 564 ordinantur,
1127 524 1194 557 illo-

455 584 525 606 rum
547 584 655 607 euram
677 574 877 617 egregiorum
903 575 1042 609 virorum
1062 576 1195 620 pruden-

457 627 514 659 tiae
529 626 766 670 demandemus,
782 638 918 671 quorum
932 631 1029 673 opera
1046 634 1077 662 et
1093 629 1194 663 studio

456 679 587 713 feliciter
609 680 836 723 gubernentur,
854 692 889 715 ac
906 682 974 715 lites
992 682 1112 716 facilius
1132 687 1194 715 ter-

457 733 625 775 minentur,
638 739 733 778 prout
745 746 803 778 pro
817 735 951 769 iustitiae
965 736 1195 780 complemento

456 792 485 820 et
510 788 708 821 subditorum
729 789 913 822 eorumdem
934 789 1055 833 quiete¹
1073 790 1196 834 conspi-

456 841 556 874 cimus
581 842 613 874 in
636 842 786 876 Dominos
810 843 963 877 alubi-iter
987 843 1144 886 expedire.

501 895 516 937 ξ
538 895 561 927 1.
580 896 655 929 Cum
674 896 777 939 itaque
792 896 842 939 <ex
860 895 1091 939 multiplicitate
1107 900 1138 928 et
1154 895 1197 928 di-

458 948 603 981 versitate
627 949 823 981 notariorum
850 948 951 989 Urbis,
969 954 998 981 et
1017 948 1197 991 aliquorum

457 1001 550 1033 etiam
575 1011 612 1034 ex
638 1001 681 1033 eis
702 1000 861 1044 imperitia
884 1005 914 1034 et
937 1001 1141 1043 negligentia,
1162 1012 1197 1034 ac

458 1053 737 1087 instrumentorum
758 1059 788 1086 et
812 1054 945 1087 aliarum
967 1054 1197 1098 scripturarum

457 1107 651 1148 confusione,
671 1117 706 1140 ac
720 1106 880 1140 incuriosa
897 1107 1048 1149 custodia,
1062 1107 1198 1152 plurima

456 1161 570 1193 damna
591 1165 621 1192 et
644 1159 846 1193 incommoda
870 1159 1003 1195 subditis
1028 1160 1145 1194 nostris
1169 1164 1199 1194 et

456 1214 525 1246 aliis
550 1213 696 1256 irrogari,
722 1214 896 1247 maximum
918 1214 1011 1247 etiam
1032 1214 1199 1248 detrimen-

457 1272 523 1300 tum
541 1267 613 1300 fidei
627 1267 770 1312 publicae
784 1268 817 1301 in
830 1267 896 1301 dies
913 1267 1032 1309 inferri,
1044 1268 1199 1301 eamdem-

456 1331 516 1364 que
536 1331 600 1354 non
625 1332 722 1365 parvo
737 1321 768 1354 in
785 1321 968 1354 discrimine
985 1321 1155 1355 falsitatum
1169 1327 1199 1355 et

455 1374 601 1407 fraudum
627 1375 763 1415 versari,
794 1374 931 1407 vicissim
961 1385 1035 1408 vero
1060 1385 1096 1408 ex
1121 1375 1199 1408 dili-

457 1427 542 1470 genti
569 1427 755 1461 eorumdem
776 1428 1059 1461 instrumentorum
1077 1434 1107 1461 et
1127 1428 1200 1462 seri-

457 1486 623 1524 pturarum
642 1483 718 1514 cura
734 1481 884 1515 falsitates
902 1487 931 1515 et
947 1482 1073 1515 fraudes
1090 1492 1199 1515 omnes

458 1535 578 1575 evitari,
591 1535 730 1568 dominia
748 1546 856 1568 rerum
882 1546 917 1569 ac
941 1536 1011 1568 iura
1028 1536 1199 1580 unicuique

458 1588 648 1629 conservari,
667 1589 791 1633 aliaque
810 1599 873 1622 non
891 1589 1015 1622 modica
1034 1589 1200 1633 pervenire

458 1642 539 1675 bona
564 1642 637 1675 satis
655 1643 854 1686 exploratum
879 1648 909 1676 et
933 1643 1056 1676 abunde
1073 1654 1201 1687 perspe-

459 1701 544 1729 ctum
568 1696 739 1737 habentes,
764 1701 794 1729 et
818 1696 849 1729 in
873 1697 1032 1740 plerisque
1053 1697 1201 1730 dominiis

459 1755 489 1782 et
512 1750 695 1793 regionibus
720 1750 844 1791 exteris,
869 1760 905 1783 ac
929 1750 1021 1784 etiam
1046 1751 1201 1784 Rornano-

459 1814 531 1837 rum
556 1804 744 1837 Pontificum
773 1804 1052 1848 praedecessorum
1075 1810 1200 1839 nostro-

460 1868 532 1890 rum
557 1858 742 1891 auctoritate
766 1858 831 1891 fere
856 1858 887 1890 in
911 1858 1058 1891 omnibus
1075 1858 1203 1892 civitati-

460 1910 520 1943 bus
552 1915 582 1943 et
613 1910 690 1944 locis
722 1911 826 1945 Status
861 1911 961 1944 nostri
992 1912 1202 1945 Ecclesiastiei

460 1963 586 2007 publiea
610 1969 640 1997 et
663 1964 831 2007 generalia,
857 1970 887 1998 et
910 1965 943 1998 in
967 1965 1100 2010 ipsamet
1118 1966 1202 2000 Urbe

459 2018 569 2050 nostra
585 2017 738 2061 quaedam
757 2017 969 2062 particularia,
994 2019 1203 2063 Capitolinum

461 2070 605 2104 videlicet
642 2075 671 2105 et
695 2072 853 2105 Romanae
886 2071 1014 2113 Curiae,
1039 2077 1069 2106 et
1096 2073 1204 2106 forsan

461 2125 531 2165 alia,
548 2125 688 2158 arcliivia
708 2130 811 2158 erecta
828 2130 858 2158 et
878 2118 1018 2158 instituta
1042 2125 1148 2167 fuisse,
1167 2136 1203 2159 ex

462 2178 506 2211 eis
530 2184 635 2211 tamen
659 2178 718 2211 alia
742 2178 774 2211 in
801 2178 1040 2213 desuetudinem
1072 2179 1203 2220 abiisse,

463 2231 523 2264 alia
539 2232 571 2264 in
588 2232 694 2265 multis
714 2231 860 2274 deficere,
885 2242 987 2277 neque
1004 2243 1061 2277 per
1081 2231 1133 2265 illa
1149 2233 1204 2266 hu-

462 2286 597 2319 iusmodi
611 2286 830 2328 incommodis,
847 2286 968 2320 damnis
985 2290 1015 2321 et
1030 2286 1203 2328 fraudibus,

464 2339 652 2383 illarumque
668 2339 818 2384 periculis
835 2340 1028 2374 sufficienter
1044 2340 1204 2384 provideri

465 2392 762 2433 animadvertentes3
789 2397 819 2426 et
843 2404 880 2426 ex
904 2393 1069 2427 annalibus
1098 2403 1205 2427 sacrae

467 2446 615 2480 historiae
632 2447 804 2480 Romanam
823 2447 995 2480 Ecclesiam
1013 2447 1088 2481 olim
1105 2447 1206 2480 archi-

467 2500 550 2532 vium
575 2501 737 2544 publicum
757 2501 814 2535 sub
832 2502 959 2535 nomine
981 2500 1205 2546 cartophylacii

466 2553 622 2596 habuisse,
637 2560 666 2587 et
680 2555 904 2600 cartophylaeii
917 2555 1055 2589 officium
1074 2565 1206 2598 magnae

466 2607 625 2650 dignitatis
641 2614 671 2640 et
687 2610 880 2643 auctoritatis
893 2609 975 2654 apud
990 2609 1131 2644 eamdem
1148 2610 1208 2644 Ro-

503 2671 513 2697 1
532 2669 603 2699 Edit.
618 2670 701 2699 Maia.
715 2671 780 2707 legit
794 2671 887 2708 quien·
901 2673 940 2708 (a.
956 2672 1005 2709 aa).

1026 260 1203 284 BULLARIUM
1228 259 1382 284 ROMANUM

1227 318 1350 341 mauam
1375 307 1545 341 Ecclesiam
1563 311 1592 341 et
1616 307 1727 341 Sedem
1754 307 1964 352 Apostolicam

1227 361 1374 401 extitisse,
1389 359 1542 393 memoria
1556 364 1749 404 repetentes;
1767 366 1796 394 et
1812 361 1964 405 praemis-

1228 415 1287 456 sis,
1307 419 1457 458 quantum
1484 414 1514 446 in
1539 413 1629 447 nobis
1649 418 1704 456 est,
1723 424 1892 447 occurrere
1916 425 1967 447 eu-

1229 469 1362 513 pientes)
1387 468 1473 501 nulla
1498 467 1558 499 alia
1582 467 1701 501 ratione
1726 467 1820 501 satius
1847 468 1968 511 praedi-

1229 521 1286 555 ctis
1299 521 1416 554 nostris
1429 520 1561 553 subditis
1574 524 1604 553 et
1625 519 1694 552 aliis
1709 519 1856 553 omnibus
1873 529 1966 563 quam

1229 584 1285 617 per
1309 573 1500 607 erectionem
1527 572 1658 606 archivii
1682 571 1800 616 publici
1825 577 1855 605 et
1878 582 1969 615 gene-

1229 627 1303 660 ralis
1327 627 1358 659 in
1381 626 1464 661 dicta
1482 626 1574 667 Urbe,
1599 626 1637 659 ad
1654 625 1739 669 quod
1762 625 1969 661 instrumenta

1230 681 1357 724 publica
1386 686 1416 714 et
1446 682 1525 714 aliae
1549 681 1725 725 scripturae
1749 691 1805 725 per
1828 680 1967 714 eiusdem

1231 734 1322 767 Urbis
1347 734 1487 768 notarios
1515 738 1545 768 et
1575 734 1653 767 alios
1677 733 1895 777 infrascriptos
1916 743 1968 766 ro-

1229 792 1300 830 gata
1324 798 1383 831 pro
1408 793 1550 832 tempore
1578 787 1694 821 deferri
1717 793 1747 821 et
1771 787 1803 820 in
1819 797 1856 820 eo
1873 797 1971 820 asser—

1230 840 1295 872 vari
1322 841 1474 882 debeant,
1498 841 1677 874 consultum
1702 840 1742 873 iri
1766 850 1969 879 eenseamus;

1230 903 1288 937 pro
1313 893 1496 927 earumdem
1521 894 1614 928 Urbis
1633 898 1663 927 et
1686 894 1844 927 Romanae
1861 894 1970 928 Curiae

1231 951 1439 987 ornamento,
1464 952 1495 980 et
1524 947 1808 981 instrumentorum
1833 958 1868 981 ae
1893 947 1970 980 scri-

1231 1004 1397 1043 pturarum
1415 1001 1479 1034 tuta
1497 1005 1528 1033 et
1547 1002 1701 1044 perpetua
1724 1001 1971 1042 conservatione,

1231 1058 1414 1087 nostrorum
1439 1053 1639 1087 subditorum
1664 1058 1694 1088 et
1718 1055 1852 1088 aliorum
1876 1065 1968 1087 secu-

1231 1107 1333 1148 ritate,
1350 1118 1386 1141 ac
1405 1107 1531 1152 publiea
1555 1113 1585 1141 et
1607 1108 1731 1152 privata
1755 1108 1897 1141 omnium
1917 1108 1973 1141 uti-

1232 1160 1327 1204 litate,
1345 1161 1384 1194 ad
1404 1162 1597 1196 erectionem
1621 1161 1802 1196 huiusmodi
1826 1161 1972 1195 devenire

1232 1214 1439 1249 decrevimus.

1277 1268 1292 1311 ἓ
1316 1268 1345 1301 2.
1372 1268 1456 1303 Motu
1480 1268 1577 1312 igitur
1601 1268 1742 1312 proprio,
1767 1279 1830 1302 non
1854 1268 1892 1301 ad
1916 1268 1972 1301 ali-

1233 1322 1322 1355 euius
1345 1321 1437 1355 nobis
1461 1333 1557 1366 super
1582 1323 1642 1356 hoe
1667 1323 1790 1356 oblatae
1814 1322 1973 1367 petitionis

1232 1374 1422 1416 instantiam,
1444 1375 1498 1409 sed
1523 1386 1559 1409 ex
1584 1378 1667 1411 certa
1692 1376 1823 1409 scientia
1840 1382 1871 1409 et
1886 1378 1973 1409 mera

1233 1428 1458 1463 deliberatione
1490 1430 1628 1471 nostris,
1654 1440 1689 1463 ac
1714 1429 1753 1463 de
1784 1430 1973 1474 apostolieae

1234 1482 1396 1525 potestatis
1409 1482 1613 1526 plenitudine,
1627 1482 1801 1516 archivium
1816 1482 1972 1526 generale,

1235 1535 1395 1570 Urbanum
1418 1536 1677 1581 nuncupandum,
1698 1536 1755 1570 sub
1778 1536 1974 1580 protectione

1234 1594 1264 1621 et
1288 1591 1435 1634 suprema
1468 1590 1757 1634 superintendentia
1788 1589 1894 1623 dilecti
1918 1589 1975 1622 filii

1235 1642 1393 1676 Francisci
1425 1643 1454 1677 S.
1479 1643 1619 1686 Agathae
1650 1642 1774 1676 diaconi
1809 1642 1976 1676 cardinalis

1235 1695 1397 1729 Barberini
1410 1697 1592 1741 nuncupati,
1606 1696 1706 1730 nostri
1719 1697 1892 1730 secundum
1909 1707 1976 1730 ear-

1235 1760 1308 1783 nem
1326 1760 1362 1783 ex
1379 1750 1477 1783 fratre
1501 1761 1653 1794 germano
1678 1751 1810 1794 nepotis,
1828 1750 1895 1783 eius
1912 1750 1975 1784 vita

1236 1803 1386 1845 durante,
1404 1809 1451 1845 et,
1468 1809 1538 1848 post
1562 1804 1646 1838 illius
1670 1804 1803 1845 obitum,
1820 1804 1913 1838 unius
1939 1814 1975 1838 ex

1237 1857 1377 1891 eiusdem
1401 1863 1527 1891 sanctae
1551 1859 1709 1892 Romanae
1733 1858 1891 1891 Ecclesiae
1912 1868 1977 1891 ear-

1237 1911 1393 1945 dinalibus
1408 1921 1465 1955 per
1481 1922 1540 1956 pro
1557 1917 1699 1956 tempore
1716 1911 1900 1946 existentem
1916 1912 1977 1945 Ro-

1237 1975 1365 1999 manum
1398 1965 1582 1999 Pontificem
1606 1965 1645 1998 ad
1668 1965 1699 1998 id
1723 1964 1901 2009 specialiter
1929 1965 1979 1999 de-

1237 2019 1368 2064 putandi
1381 2018 1401 2061 ¹,
1425 2019 1458 2052 in
1489 2019 1572 2053 dicta
1596 2019 1698 2061 Urbe,
1722 2019 1754 2052 in
1783 2019 1854 2053 loco
1878 2029 1978 2063 prope

1238 2074 1372 2117 plateam
1397 2073 1551 2117 Principis
1581 2073 1806 2116 Apostolorum
1831 2072 1869 2105 de
1893 2072 1978 2105 Urbe

1237 2131 1450 2170 nuncupatam
1463 2137 1521 2170 per
1529 2136 1587 2159 nos
1599 2126 1771 2169 designato,
1783 2129 1822 2165 et,
1831 2135 1890 2169 pro
1901 2125 1979 2158 eius-

1238 2179 1309 2212 dem
1333 2179 1464 2212 archivii
1489 2179 1645 2222 generalis
1668 2178 1752 2212 bono
1776 2178 1932 2221 regimine
1949 2183 1979 2211 et

1238 2232 1517 2275 administratione,
1526 2243 1625 2266 unum
1639 2232 1891 2266 conservatoriae
1901 2232 1979 2265 eius-

1238 2286 1310 2319 dem
1334 2285 1465 2319 arcliivii
1489 2285 1645 2329 generalis
1670 2285 1811 2319 officium
1835 2295 1894 2329 pro
1915 2295 1978 2318 uno

1239 2339 1354 2373 clerieo
1375 2340 1424 2372 vel
1443 2339 1523 2373 laico
1547 2339 1713 2383 utriusque
1738 2338 1816 2371 iuris
1840 2338 1979 2380 doctore,

1239 2394 1318 2427 vitae
1338 2404 1374 2427 ae
1398 2404 1524 2427 morum
1550 2393 1707 2437 probitate
1731 2398 1761 2426 et
1784 2392 1979 2436 experientia

1238 2446 1390 2491 praedito,
1404 2457 1440 2480 ac
1453 2446 1529 2479 alias
1546 2446 1712 2480 sufficienti
1725 2451 1756 2479 et
1771 2446 1894 2487 idoneo,
1909 2456 1981 2479 con-

1240 2503 1399 2535 servatore
1423 2499 1555 2534 arehivii
1580 2499 1737 2543 generalis
1762 2499 1881 2533 Urbani
1904 2508 1982 2532 nun-

1240 2555 1394 2599 cupando,
1418 2554 1456 2587 ad
1481 2560 1624 2587 nostrum
1639 2559 1669 2587 et
1685 2565 1743 2598 pro
1761 2559 1903 2597 tempore
1921 2554 1981 2586 exi·
2022 2561 2049 2582 Ac
2066 2565 2180 2582 conserva·

1996 2590 2069 2609 torem.

1241 2608 1349 2642 stentis
1373 2608 1505 2642 Romani
1530 2608 1690 2642 Pontificis
1706 2613 1818 2641 nutum
1834 2607 1980 2651 ponendo

1279 2674 1291 2702 1
1308 2671 1375 2703 Male
1390 2672 1454 2704 edit.
1469 2672 1549 2704 nain.
1564 2672 1630 2710 legit
1644 2672 1843 2709 deputandum
1856 2672 1896 2708 (a.
1911 2672 1962 2708 Τ,).

1977 259 2030 286 An.
2047 259 2077 287 C.
2095 259 2175 287 1625·

2051 1277 2171 1298 Arctitvturn

1988 1304 2095 1352 H'ijlpauum
2114 1305 2172 1325 insti-

2025 1864 2091 1891 Eique
2107 1863 2176 1884 cardi·

1991 1892 2060 1913 nalem
2073 1891 2175 1917 praeficit,
