<?xml version="1.0" encoding="UTF-8"?>
<!DOCTYPE html PUBLIC "-//W3C//DTD XHTML 1.0 Transitional//EN"
    "http://www.w3.org/TR/xhtml1/DTD/xhtml1-transitional.dtd">
<html xmlns="http://www.w3.org/1999/xhtml" xml:lang="en" lang="en">
 <head>
  <title>
</title>
<meta http-equiv="Content-Type" content="text/html;charset=utf-8" />
  <meta name='ocr-system' content='tesseract 3.04.00' />
  <meta name='ocr-capabilities' content='ocr_page ocr_carea ocr_par ocr_line ocrx_word'/>
</head>
<body>
  <div class='ocr_page' id='page_1' title='image "./bullarumdiplomat13cath_0252.png"; bbox 0 0 2269 3235; ppageno 0'>
   <div class='ocr_carea' id='block_1_1' title="bbox 224 265 401 293">
    <p class='ocr_par' dir='ltr' id='par_1_1' title="bbox 224 265 401 293">
     <span class='ocr_line' id='line_1_1' title="bbox 224 265 401 293; baseline 0.011 -2"><span class='ocrx_word' id='word_1_1' title='bbox 224 266 270 293; x_wconf 80' lang='grc' dir='ltr'>Λη.</span> <span class='ocrx_word' id='word_1_2' title='bbox 283 265 310 293; x_wconf 87' lang='lat' dir='ltr'>C.</span> <span class='ocrx_word' id='word_1_3' title='bbox 334 265 401 293; x_wconf 70' lang='lat'>162⁴</span> 
     </span>
    </p>
   </div>
   <div class='ocr_carea' id='block_1_2' title="bbox 222 593 404 616">
    <p class='ocr_par' dir='ltr' id='par_1_2' title="bbox 222 593 404 616">
     <span class='ocr_line' id='line_1_2' title="bbox 222 593 404 616; baseline -0.016 0"><span class='ocrx_word' id='word_1_4' title='bbox 222 593 279 616; x_wconf 71' lang='lat' dir='ltr'>AEtas</span> <span class='ocrx_word' id='word_1_5' title='bbox 287 595 307 615; x_wconf 76' lang='lat' dir='ltr'>et</span> <span class='ocrx_word' id='word_1_6' title='bbox 316 594 404 615; x_wconf 32' lang='lat' dir='ltr'>litterae,</span> 
     </span>
    </p>
   </div>
   <div class='ocr_carea' id='block_1_3' title="bbox 252 1605 345 1626">
    <p class='ocr_par' dir='ltr' id='par_1_3' title="bbox 252 1605 345 1626">
     <span class='ocr_line' id='line_1_3' title="bbox 252 1605 345 1626; baseline 0 -2"><span class='ocrx_word' id='word_1_7' title='bbox 252 1605 345 1626; x_wconf 72' lang='lat' dir='ltr'>Vocatie.</span> 
     </span>
    </p>
   </div>
   <div class='ocr_carea' id='block_1_4' title="bbox 231 2138 411 2185">
    <p class='ocr_par' dir='ltr' id='par_1_4' title="bbox 231 2138 411 2185">
     <span class='ocr_line' id='line_1_4' title="bbox 259 2138 411 2159; baseline 0.013 -2"><span class='ocrx_word' id='word_1_8' title='bbox 259 2138 411 2159; x_wconf 79' lang='lat' dir='ltr'>Conversorum</span> 
     </span>
     <span class='ocr_line' id='line_1_5' title="bbox 231 2167 348 2185; baseline 0.009 -1"><span class='ocrx_word' id='word_1_9' title='bbox 231 2167 348 2185; x_wconf 55' lang='lat' dir='ltr'>instructio.</span> 
     </span>
    </p>
   </div>
   <div class='ocr_carea' id='block_1_5' title="bbox 419 311 1167 2494">
    <p class='ocr_par' dir='ltr' id='par_1_5' title="bbox 419 311 1160 561">
     <span class='ocr_line' id='line_1_6' title="bbox 419 311 1156 356; baseline -0.001 -8"><span class='ocrx_word' id='word_1_10' title='bbox 419 325 481 348; x_wconf 91' lang='lat' dir='ltr'>non</span> <span class='ocrx_word' id='word_1_11' title='bbox 494 314 543 355; x_wconf 89' lang='lat' dir='ltr'>sit,</span> <span class='ocrx_word' id='word_1_12' title='bbox 561 319 591 348; x_wconf 88' lang='lat' dir='ltr'>et</span> <span class='ocrx_word' id='word_1_13' title='bbox 607 314 802 348; x_wconf 87' lang='lat' dir='ltr'>conditiones</span> <span class='ocrx_word' id='word_1_14' title='bbox 818 324 835 346; x_wconf 89' lang='lat' dir='ltr'>a</span> <span class='ocrx_word' id='word_1_15' title='bbox 852 311 949 347; x_wconf 88' lang='lat' dir='ltr'>sacris</span> <span class='ocrx_word' id='word_1_16' title='bbox 974 314 1156 356; x_wconf 88' lang='lat' dir='ltr'>canonibus,</span> 
     </span>
     <span class='ocr_line' id='line_1_7' title="bbox 420 366 1159 411; baseline -0.001 -10"><span class='ocrx_word' id='word_1_17' title='bbox 420 378 680 411; x_wconf 76' lang='lat' dir='ltr'>summorumque</span> <span class='ocrx_word' id='word_1_18' title='bbox 712 367 899 400; x_wconf 85' lang='lat' dir='ltr'>Pontificum</span> <span class='ocrx_word' id='word_1_19' title='bbox 933 366 1159 401; x_wconf 87' lang='lat' dir='ltr'>constitutioni-</span> 
     </span>
     <span class='ocr_line' id='line_1_8' title="bbox 420 419 1160 465; baseline -0.003 -11"><span class='ocrx_word' id='word_1_20' title='bbox 420 421 478 454; x_wconf 82' lang='lat' dir='ltr'>bus</span> <span class='ocrx_word' id='word_1_21' title='bbox 502 420 711 465; x_wconf 87' lang='lat' dir='ltr'>praescriptas</span> <span class='ocrx_word' id='word_1_22' title='bbox 729 430 790 452; x_wconf 92' lang='lat' dir='ltr'>non</span> <span class='ocrx_word' id='word_1_23' title='bbox 811 420 932 459; x_wconf 89' lang='lat' dir='ltr'>habeat,</span> <span class='ocrx_word' id='word_1_24' title='bbox 950 419 1035 452; x_wconf 90' lang='lat' dir='ltr'>iuxta</span> <span class='ocrx_word' id='word_1_25' title='bbox 1054 419 1160 452; x_wconf 91' lang='lat' dir='ltr'>decre-</span> 
     </span>
     <span class='ocr_line' id='line_1_9' title="bbox 421 472 1158 517; baseline -0.003 -10"><span class='ocrx_word' id='word_1_26' title='bbox 421 479 486 507; x_wconf 87' lang='lat' dir='ltr'>tum</span> <span class='ocrx_word' id='word_1_27' title='bbox 513 484 608 517; x_wconf 85' lang='lat' dir='ltr'>super</span> <span class='ocrx_word' id='word_1_28' title='bbox 633 474 732 505; x_wconf 78' lang='lat' dir='ltr'>forma</span> <span class='ocrx_word' id='word_1_29' title='bbox 757 473 927 517; x_wconf 87' lang='lat' dir='ltr'>recipiendi</span> <span class='ocrx_word' id='word_1_30' title='bbox 951 472 1085 507; x_wconf 89' lang='lat' dir='ltr'>novitios</span> <span class='ocrx_word' id='word_1_31' title='bbox 1108 472 1158 506; x_wconf 92' lang='lat' dir='ltr'>die</span> 
     </span>
     <span class='ocr_line' id='line_1_10' title="bbox 421 525 857 561; baseline -0.005 -1"><span class='ocrx_word' id='word_1_32' title='bbox 421 536 474 561; x_wconf 80' lang='lat' dir='ltr'>xlx</span> <span class='ocrx_word' id='word_1_33' title='bbox 500 526 573 559; x_wconf 90' lang='lat' dir='ltr'>maii</span> <span class='ocrx_word' id='word_1_34' title='bbox 598 536 685 559; x_wconf 75' lang='lat' dir='ltr'>nucu</span> <span class='ocrx_word' id='word_1_35' title='bbox 710 525 857 559; x_wconf 87' lang='lat' dir='ltr'>cditum¹.</span> 
     </span>
    </p>

    <p class='ocr_par' dir='ltr' id='par_1_6' title="bbox 420 579 1164 1572">
     <span class='ocr_line' id='line_1_11' title="bbox 463 579 1160 624; baseline -0.001 -11"><span class='ocrx_word' id='word_1_36' title='bbox 463 579 600 623; x_wconf 85' lang='lat' dir='ltr'>Quisque</span> <span class='ocrx_word' id='word_1_37' title='bbox 626 579 824 623; x_wconf 86' lang='lat' dir='ltr'>recipiendus</span> <span class='ocrx_word' id='word_1_38' title='bbox 853 579 882 612; x_wconf 91' lang='lat' dir='ltr'>in</span> <span class='ocrx_word' id='word_1_39' title='bbox 908 579 1013 624; x_wconf 90' lang='lat' dir='ltr'>aliquo</span> <span class='ocrx_word' id='word_1_40' title='bbox 1045 579 1160 612; x_wconf 83' lang='lat' dir='ltr'>Ordine</span> 
     </span>
     <span class='ocr_line' id='line_1_12' title="bbox 421 633 1160 676; baseline 0 -11"><span class='ocrx_word' id='word_1_41' title='bbox 421 633 573 676; x_wconf 77' lang='lat' dir='ltr'>regulari,</span> <span class='ocrx_word' id='word_1_42' title='bbox 599 633 692 666; x_wconf 89' lang='lat' dir='ltr'>etiam</span> <span class='ocrx_word' id='word_1_43' title='bbox 718 633 980 673; x_wconf 67' lang='lat' dir='ltr'>Mendicanfium,</span> <span class='ocrx_word' id='word_1_44' title='bbox 1005 633 1036 665; x_wconf 90' lang='lat' dir='ltr'>in</span> <span class='ocrx_word' id='word_1_45' title='bbox 1062 635 1097 665; x_wconf 82' lang='lat' dir='ltr'>ea</span> <span class='ocrx_word' id='word_1_46' title='bbox 1121 633 1160 666; x_wconf 88' lang='lat' dir='ltr'>sit</span> 
     </span>
     <span class='ocr_line' id='line_1_13' title="bbox 420 686 1159 731; baseline 0.001 -13"><span class='ocrx_word' id='word_1_47' title='bbox 420 691 521 720; x_wconf 83' lang='lat' dir='ltr'>aetate</span> <span class='ocrx_word' id='word_1_48' title='bbox 541 687 737 727; x_wconf 85' lang='lat' dir='ltr'>constitutus,</span> <span class='ocrx_word' id='word_1_49' title='bbox 763 697 857 731; x_wconf 89' lang='lat' dir='ltr'>quam</span> <span class='ocrx_word' id='word_1_50' title='bbox 881 686 948 719; x_wconf 91' lang='lat' dir='ltr'>eius</span> <span class='ocrx_word' id='word_1_51' title='bbox 971 686 1110 727; x_wconf 84' lang='lat' dir='ltr'>Ordinis,</span> <span class='ocrx_word' id='word_1_52' title='bbox 1128 686 1159 719; x_wconf 91' lang='lat' dir='ltr'>in</span> 
     </span>
     <span class='ocr_line' id='line_1_14' title="bbox 420 739 1159 784; baseline 0 -13"><span class='ocrx_word' id='word_1_53' title='bbox 420 750 482 784; x_wconf 88' lang='lat' dir='ltr'>quo</span> <span class='ocrx_word' id='word_1_54' title='bbox 507 739 688 783; x_wconf 78' lang='lat' dir='ltr'>recipietur,</span> <span class='ocrx_word' id='word_1_55' title='bbox 714 739 872 782; x_wconf 82' lang='lat' dir='ltr'>regularia</span> <span class='ocrx_word' id='word_1_56' title='bbox 896 739 1036 772; x_wconf 88' lang='lat' dir='ltr'>instituta</span> <span class='ocrx_word' id='word_1_57' title='bbox 1060 744 1091 771; x_wconf 90' lang='lat' dir='ltr'>et</span> <span class='ocrx_word' id='word_1_58' title='bbox 1107 750 1159 772; x_wconf 92' lang='lat' dir='ltr'>or-</span> 
     </span>
     <span class='ocr_line' id='line_1_15' title="bbox 420 792 1157 836; baseline -0.003 -10"><span class='ocrx_word' id='word_1_59' title='bbox 420 793 595 827; x_wconf 89' lang='lat' dir='ltr'>dinationes</span> <span class='ocrx_word' id='word_1_60' title='bbox 609 793 789 836; x_wconf 87' lang='lat' dir='ltr'>requirunt;</span> <span class='ocrx_word' id='word_1_61' title='bbox 806 803 874 826; x_wconf 88' lang='lat' dir='ltr'>eam</span> <span class='ocrx_word' id='word_1_62' title='bbox 892 802 966 825; x_wconf 88' lang='lat' dir='ltr'>vero</span> <span class='ocrx_word' id='word_1_63' title='bbox 982 792 1157 825; x_wconf 86' lang='lat' dir='ltr'>litterarum</span> 
     </span>
     <span class='ocr_line' id='line_1_16' title="bbox 420 845 1159 887; baseline -0.004 -7"><span class='ocrx_word' id='word_1_64' title='bbox 420 847 582 880; x_wconf 88' lang='lat' dir='ltr'>scientiam</span> <span class='ocrx_word' id='word_1_65' title='bbox 608 847 739 887; x_wconf 85' lang='lat' dir='ltr'>calleat,</span> <span class='ocrx_word' id='word_1_66' title='bbox 763 851 816 879; x_wconf 89' lang='lat' dir='ltr'>aut</span> <span class='ocrx_word' id='word_1_67' title='bbox 847 846 929 878; x_wconf 90' lang='lat' dir='ltr'>illius</span> <span class='ocrx_word' id='word_1_68' title='bbox 954 845 1159 878; x_wconf 82' lang='lat' dir='ltr'>addiscendae</span> 
     </span>
     <span class='ocr_line' id='line_1_17' title="bbox 420 899 1159 945; baseline -0.004 -11"><span class='ocrx_word' id='word_1_69' title='bbox 420 911 509 945; x_wconf 87' lang='lat' dir='ltr'>spem</span> <span class='ocrx_word' id='word_1_70' title='bbox 534 901 695 934; x_wconf 80' lang='lat' dir='ltr'>indubiam</span> <span class='ocrx_word' id='word_1_71' title='bbox 721 900 928 944; x_wconf 80' lang='lat' dir='ltr'>praeseferat,</span> <span class='ocrx_word' id='word_1_72' title='bbox 953 905 988 932; x_wconf 88' lang='lat' dir='ltr'>ut</span> <span class='ocrx_word' id='word_1_73' title='bbox 1011 899 1159 939; x_wconf 80' lang='lat' dir='ltr'>minores,</span> 
     </span>
     <span class='ocr_line' id='line_1_18' title="bbox 421 952 1160 997; baseline -0.004 -10"><span class='ocrx_word' id='word_1_74' title='bbox 421 958 460 995; x_wconf 87' lang='lat' dir='ltr'>et,</span> <span class='ocrx_word' id='word_1_75' title='bbox 478 954 542 986; x_wconf 91' lang='lat' dir='ltr'>suis</span> <span class='ocrx_word' id='word_1_76' title='bbox 555 954 762 997; x_wconf 79' lang='lat' dir='ltr'>temporibus,</span> <span class='ocrx_word' id='word_1_77' title='bbox 780 952 914 985; x_wconf 88' lang='lat' dir='ltr'>maiores</span> <span class='ocrx_word' id='word_1_78' title='bbox 929 952 1056 985; x_wconf 83' lang='lat' dir='ltr'>ordines</span> <span class='ocrx_word' id='word_1_79' title='bbox 1076 952 1160 985; x_wconf 85' lang='lat' dir='ltr'>iuxta</span> 
     </span>
     <span class='ocr_line' id='line_1_19' title="bbox 420 1005 1159 1048; baseline -0.004 -8"><span class='ocrx_word' id='word_1_80' title='bbox 420 1006 545 1040; x_wconf 87' lang='lat' dir='ltr'>decreta</span> <span class='ocrx_word' id='word_1_81' title='bbox 565 1006 645 1038; x_wconf 87' lang='lat' dir='ltr'>sacri</span> <span class='ocrx_word' id='word_1_82' title='bbox 662 1006 791 1039; x_wconf 88' lang='lat' dir='ltr'>Concilii</span> <span class='ocrx_word' id='word_1_83' title='bbox 808 1005 981 1038; x_wconf 68' lang='lat' dir='ltr'>Tridentini</span> <span class='ocrx_word' id='word_1_84' title='bbox 1002 1005 1159 1048; x_wconf 79' lang='lat' dir='ltr'>suscipere</span> 
     </span>
     <span class='ocr_line' id='line_1_20' title="bbox 421 1058 1159 1102; baseline -0.001 -10"><span class='ocrx_word' id='word_1_85' title='bbox 421 1060 520 1092; x_wconf 84' lang='lat' dir='ltr'>valeat</span> <span class='ocrx_word' id='word_1_86' title='bbox 551 1059 624 1102; x_wconf 89' lang='lat' dir='ltr'>(sed</span> <span class='ocrx_word' id='word_1_87' title='bbox 653 1059 678 1091; x_wconf 94' lang='lat' dir='ltr'>si</span> <span class='ocrx_word' id='word_1_88' title='bbox 704 1059 792 1102; x_wconf 88' lang='lat' dir='ltr'>quis,</span> <span class='ocrx_word' id='word_1_89' title='bbox 824 1069 940 1092; x_wconf 91' lang='lat' dir='ltr'>annum</span> <span class='ocrx_word' id='word_1_90' title='bbox 973 1058 1159 1101; x_wconf 72' lang='lat' dir='ltr'>vigesimum</span> 
     </span>
     <span class='ocr_line' id='line_1_21' title="bbox 420 1112 1159 1156; baseline -0.003 -11"><span class='ocrx_word' id='word_1_91' title='bbox 420 1113 563 1156; x_wconf 88' lang='lat' dir='ltr'>quintum</span> <span class='ocrx_word' id='word_1_92' title='bbox 588 1112 743 1145; x_wconf 86' lang='lat' dir='ltr'>excedens</span> <span class='ocrx_word' id='word_1_93' title='bbox 760 1112 798 1144; x_wconf 87' lang='lat' dir='ltr'>ad</span> <span class='ocrx_word' id='word_1_94' title='bbox 820 1112 960 1144; x_wconf 87' lang='lat' dir='ltr'>habitum</span> <span class='ocrx_word' id='word_1_95' title='bbox 980 1112 1159 1154; x_wconf 81' lang='lat' dir='ltr'>regularem</span> 
     </span>
     <span class='ocr_line' id='line_1_22' title="bbox 420 1164 1161 1209; baseline -0.003 -11"><span class='ocrx_word' id='word_1_96' title='bbox 420 1165 540 1198; x_wconf 79' lang='lat' dir='ltr'>admitti</span> <span class='ocrx_word' id='word_1_97' title='bbox 578 1165 803 1209; x_wconf 72' lang='lat' dir='ltr'>postulaverit,</span> <span class='ocrx_word' id='word_1_98' title='bbox 830 1169 860 1198; x_wconf 89' lang='lat' dir='ltr'>et</span> <span class='ocrx_word' id='word_1_99' title='bbox 884 1164 952 1198; x_wconf 87' lang='lat' dir='ltr'>talis</span> <span class='ocrx_word' id='word_1_100' title='bbox 976 1164 1161 1198; x_wconf 89' lang='lat' dir='ltr'>eruditionis</span> 
     </span>
     <span class='ocr_line' id='line_1_23' title="bbox 420 1218 1160 1262; baseline -0.004 -10"><span class='ocrx_word' id='word_1_101' title='bbox 420 1219 565 1262; x_wconf 86' lang='lat' dir='ltr'>inexpers</span> <span class='ocrx_word' id='word_1_102' title='bbox 590 1219 734 1251; x_wconf 83' lang='lat' dir='ltr'>inventus</span> <span class='ocrx_word' id='word_1_103' title='bbox 757 1218 862 1258; x_wconf 90' lang='lat' dir='ltr'>fuerit,</span> <span class='ocrx_word' id='word_1_104' title='bbox 887 1218 918 1250; x_wconf 93' lang='lat' dir='ltr'>in</span> <span class='ocrx_word' id='word_1_105' title='bbox 936 1228 1160 1251; x_wconf 81' lang='lat' dir='ltr'>conversorum</span> 
     </span>
     <span class='ocr_line' id='line_1_24' title="bbox 422 1271 1162 1315; baseline -0.003 -11"><span class='ocrx_word' id='word_1_106' title='bbox 422 1277 551 1312; x_wconf 86' lang='lat' dir='ltr'>tantum,</span> <span class='ocrx_word' id='word_1_107' title='bbox 568 1271 682 1315; x_wconf 90' lang='lat' dir='ltr'>quibus</span> <span class='ocrx_word' id='word_1_108' title='bbox 699 1272 874 1304; x_wconf 89' lang='lat' dir='ltr'>litterarum</span> <span class='ocrx_word' id='word_1_109' title='bbox 894 1271 1022 1303; x_wconf 83' lang='lat' dir='ltr'>scientia</span> <span class='ocrx_word' id='word_1_110' title='bbox 1035 1281 1097 1304; x_wconf 90' lang='lat' dir='ltr'>non</span> <span class='ocrx_word' id='word_1_111' title='bbox 1116 1276 1162 1303; x_wconf 77' lang='lat' dir='ltr'>est</span> 
     </span>
     <span class='ocr_line' id='line_1_25' title="bbox 421 1325 1162 1368; baseline -0.004 -9"><span class='ocrx_word' id='word_1_112' title='bbox 421 1325 607 1366; x_wconf 84' lang='lat' dir='ltr'>necessaria,</span> <span class='ocrx_word' id='word_1_113' title='bbox 632 1335 799 1358; x_wconf 84' lang='lat' dir='ltr'>numerum</span> <span class='ocrx_word' id='word_1_114' title='bbox 821 1325 1003 1367; x_wconf 81' lang='lat' dir='ltr'>reseratur);</span> <span class='ocrx_word' id='word_1_115' title='bbox 1029 1325 1087 1368; x_wconf 90' lang='lat' dir='ltr'>ipsi</span> <span class='ocrx_word' id='word_1_116' title='bbox 1112 1335 1162 1357; x_wconf 87' lang='lat' dir='ltr'>au-</span> 
     </span>
     <span class='ocr_line' id='line_1_26' title="bbox 421 1378 1163 1421; baseline -0.003 -10"><span class='ocrx_word' id='word_1_117' title='bbox 421 1385 483 1411; x_wconf 88' lang='lat' dir='ltr'>tem</span> <span class='ocrx_word' id='word_1_118' title='bbox 509 1378 652 1411; x_wconf 86' lang='lat' dir='ltr'>conversi</span> <span class='ocrx_word' id='word_1_119' title='bbox 676 1388 739 1411; x_wconf 92' lang='lat' dir='ltr'>non</span> <span class='ocrx_word' id='word_1_120' title='bbox 769 1378 960 1421; x_wconf 83' lang='lat' dir='ltr'>recipiantur</span> <span class='ocrx_word' id='word_1_121' title='bbox 985 1383 1055 1410; x_wconf 89' lang='lat' dir='ltr'>ante</span> <span class='ocrx_word' id='word_1_122' title='bbox 1081 1378 1163 1420; x_wconf 78' lang='lat' dir='ltr'>vige-</span> 
     </span>
     <span class='ocr_line' id='line_1_27' title="bbox 422 1430 1161 1465; baseline -0.003 -1"><span class='ocrx_word' id='word_1_123' title='bbox 422 1431 535 1464; x_wconf 84' lang='lat' dir='ltr'>simum</span> <span class='ocrx_word' id='word_1_124' title='bbox 560 1431 668 1465; x_wconf 89' lang='lat' dir='ltr'>aetatis</span> <span class='ocrx_word' id='word_1_125' title='bbox 694 1441 766 1463; x_wconf 90' lang='lat' dir='ltr'>suae</span> <span class='ocrx_word' id='word_1_126' title='bbox 791 1440 908 1463; x_wconf 89' lang='lat' dir='ltr'>anuum</span> <span class='ocrx_word' id='word_1_127' title='bbox 925 1435 955 1463; x_wconf 90' lang='lat' dir='ltr'>et</span> <span class='ocrx_word' id='word_1_128' title='bbox 971 1430 1030 1463; x_wconf 91' lang='lat' dir='ltr'>nisi</span> <span class='ocrx_word' id='word_1_129' title='bbox 1051 1431 1161 1463; x_wconf 89' lang='lat' dir='ltr'>saltem</span> 
     </span>
     <span class='ocr_line' id='line_1_28' title="bbox 422 1484 1164 1529; baseline 0 -12"><span class='ocrx_word' id='word_1_130' title='bbox 422 1485 590 1529; x_wconf 89' lang='lat' dir='ltr'>praecipua</span> <span class='ocrx_word' id='word_1_131' title='bbox 603 1484 764 1518; x_wconf 86' lang='lat' dir='ltr'>doctrinae</span> <span class='ocrx_word' id='word_1_132' title='bbox 777 1484 965 1518; x_wconf 83' lang='lat' dir='ltr'>christianae</span> <span class='ocrx_word' id='word_1_133' title='bbox 983 1484 1084 1528; x_wconf 86' lang='lat' dir='ltr'>capita</span> <span class='ocrx_word' id='word_1_134' title='bbox 1112 1494 1164 1517; x_wconf 91' lang='lat' dir='ltr'>no-</span> 
     </span>
     <span class='ocr_line' id='line_1_29' title="bbox 424 1538 533 1572; baseline 0.009 -2"><span class='ocrx_word' id='word_1_135' title='bbox 424 1538 533 1572; x_wconf 81' lang='lat' dir='ltr'>verint.</span> 
     </span>
    </p>

    <p class='ocr_par' dir='ltr' id='par_1_7' title="bbox 423 1591 1167 2108">
     <span class='ocr_line' id='line_1_30' title="bbox 466 1591 1163 1636; baseline 0 -11"><span class='ocrx_word' id='word_1_136' title='bbox 466 1592 599 1625; x_wconf 89' lang='lat' dir='ltr'>Demum</span> <span class='ocrx_word' id='word_1_137' title='bbox 613 1592 794 1636; x_wconf 89' lang='lat' dir='ltr'>superiores</span> <span class='ocrx_word' id='word_1_138' title='bbox 808 1591 976 1635; x_wconf 84' lang='lat' dir='ltr'>diligenter</span> <span class='ocrx_word' id='word_1_139' title='bbox 988 1591 1163 1636; x_wconf 81' lang='lat' dir='ltr'>exquirant,</span> 
     </span>
     <span class='ocr_line' id='line_1_31' title="bbox 423 1645 1163 1690; baseline 0.001 -14"><span class='ocrx_word' id='word_1_140' title='bbox 423 1656 485 1690; x_wconf 83' lang='lat' dir='ltr'>quo</span> <span class='ocrx_word' id='word_1_141' title='bbox 510 1645 637 1689; x_wconf 84' lang='lat' dir='ltr'>spiritu,</span> <span class='ocrx_word' id='word_1_142' title='bbox 663 1655 725 1689; x_wconf 89' lang='lat' dir='ltr'>qua</span> <span class='ocrx_word' id='word_1_143' title='bbox 756 1650 860 1678; x_wconf 89' lang='lat' dir='ltr'>mente</span> <span class='ocrx_word' id='word_1_144' title='bbox 891 1655 928 1678; x_wconf 86' lang='lat' dir='ltr'>ac</span> <span class='ocrx_word' id='word_1_145' title='bbox 952 1645 1109 1679; x_wconf 88' lang='lat' dir='ltr'>voluntate</span> <span class='ocrx_word' id='word_1_146' title='bbox 1133 1645 1163 1677; x_wconf 91' lang='lat' dir='ltr'>id</span> 
     </span>
     <span class='ocr_line' id='line_1_32' title="bbox 424 1697 1163 1742; baseline -0.003 -10"><span class='ocrx_word' id='word_1_147' title='bbox 424 1699 579 1742; x_wconf 85' lang='lat' dir='ltr'>regularis</span> <span class='ocrx_word' id='word_1_148' title='bbox 596 1698 677 1731; x_wconf 86' lang='lat' dir='ltr'>vitae</span> <span class='ocrx_word' id='word_1_149' title='bbox 694 1709 793 1741; x_wconf 81' lang='lat' dir='ltr'>genus</span> <span class='ocrx_word' id='word_1_150' title='bbox 809 1697 973 1741; x_wconf 78' lang='lat' dir='ltr'>elegerint,</span> <span class='ocrx_word' id='word_1_151' title='bbox 993 1708 1087 1741; x_wconf 88' lang='lat' dir='ltr'>quem</span> <span class='ocrx_word' id='word_1_152' title='bbox 1105 1697 1163 1730; x_wconf 92' lang='lat' dir='ltr'>sibi</span> 
     </span>
     <span class='ocr_line' id='line_1_33' title="bbox 424 1750 1164 1796; baseline -0.003 -11"><span class='ocrx_word' id='word_1_153' title='bbox 424 1752 519 1786; x_wconf 85' lang='lat' dir='ltr'>finem</span> <span class='ocrx_word' id='word_1_154' title='bbox 552 1752 793 1796; x_wconf 88' lang='lat' dir='ltr'>proposuerint,</span> <span class='ocrx_word' id='word_1_155' title='bbox 826 1762 902 1784; x_wconf 90' lang='lat' dir='ltr'>num</span> <span class='ocrx_word' id='word_1_156' title='bbox 934 1751 1000 1784; x_wconf 89' lang='lat' dir='ltr'>zelo</span> <span class='ocrx_word' id='word_1_157' title='bbox 1024 1750 1164 1784; x_wconf 89' lang='lat' dir='ltr'>melioris</span> 
     </span>
     <span class='ocr_line' id='line_1_34' title="bbox 424 1804 1166 1849; baseline -0.003 -11"><span class='ocrx_word' id='word_1_158' title='bbox 424 1805 524 1848; x_wconf 85' lang='lat' dir='ltr'>frugis</span> <span class='ocrx_word' id='word_1_159' title='bbox 547 1816 583 1838; x_wconf 87' lang='lat' dir='ltr'>ac</span> <span class='ocrx_word' id='word_1_160' title='bbox 607 1804 804 1849; x_wconf 83' lang='lat' dir='ltr'>perfectioris</span> <span class='ocrx_word' id='word_1_161' title='bbox 827 1805 917 1844; x_wconf 87' lang='lat' dir='ltr'>vitae,</span> <span class='ocrx_word' id='word_1_162' title='bbox 943 1809 972 1837; x_wconf 93' lang='lat' dir='ltr'>et</span> <span class='ocrx_word' id='word_1_163' title='bbox 995 1809 1030 1836; x_wconf 91' lang='lat' dir='ltr'>ut</span> <span class='ocrx_word' id='word_1_164' title='bbox 1053 1804 1116 1837; x_wconf 92' lang='lat' dir='ltr'>Deo</span> <span class='ocrx_word' id='word_1_165' title='bbox 1132 1804 1166 1836; x_wconf 92' lang='lat' dir='ltr'>li-</span> 
     </span>
     <span class='ocr_line' id='line_1_35' title="bbox 425 1857 1165 1902; baseline -0.004 -10"><span class='ocrx_word' id='word_1_166' title='bbox 425 1859 531 1892; x_wconf 88' lang='lat' dir='ltr'>berius</span> <span class='ocrx_word' id='word_1_167' title='bbox 548 1858 692 1891; x_wconf 86' lang='lat' dir='ltr'>famulari</span> <span class='ocrx_word' id='word_1_168' title='bbox 709 1858 838 1902; x_wconf 84' lang='lat' dir='ltr'>possint,</span> <span class='ocrx_word' id='word_1_169' title='bbox 856 1868 894 1890; x_wconf 85' lang='lat' dir='ltr'>an</span> <span class='ocrx_word' id='word_1_170' title='bbox 909 1858 1014 1901; x_wconf 86' lang='lat' dir='ltr'>potius</span> <span class='ocrx_word' id='word_1_171' title='bbox 1030 1857 1165 1897; x_wconf 79' lang='lat' dir='ltr'>levitate,</span> 
     </span>
     <span class='ocr_line' id='line_1_36' title="bbox 425 1911 1165 1956; baseline -0.003 -11"><span class='ocrx_word' id='word_1_172' title='bbox 425 1913 473 1946; x_wconf 86' lang='lat' dir='ltr'>vel</span> <span class='ocrx_word' id='word_1_173' title='bbox 497 1914 635 1946; x_wconf 91' lang='lat' dir='ltr'>humano</span> <span class='ocrx_word' id='word_1_174' title='bbox 653 1912 759 1956; x_wconf 89' lang='lat' dir='ltr'>aliquo</span> <span class='ocrx_word' id='word_1_175' title='bbox 777 1912 900 1952; x_wconf 80' lang='lat' dir='ltr'>affectu,</span> <span class='ocrx_word' id='word_1_176' title='bbox 918 1917 971 1944; x_wconf 85' lang='lat' dir='ltr'>aut.</span> <span class='ocrx_word' id='word_1_177' title='bbox 987 1911 1165 1945; x_wconf 86' lang='lat' dir='ltr'>inordinato</span> 
     </span>
     <span class='ocr_line' id='line_1_37' title="bbox 427 1967 1165 2009; baseline -0.003 -9"><span class='ocrx_word' id='word_1_178' title='bbox 427 1967 532 2000; x_wconf 87' lang='lat' dir='ltr'>animo</span> <span class='ocrx_word' id='word_1_179' title='bbox 557 1967 730 2008; x_wconf 81' lang='lat' dir='ltr'>ducantur,</span> <span class='ocrx_word' id='word_1_180' title='bbox 757 1970 786 1998; x_wconf 92' lang='lat' dir='ltr'>et</span> <span class='ocrx_word' id='word_1_181' title='bbox 815 1976 854 1998; x_wconf 89' lang='lat' dir='ltr'>an</span> <span class='ocrx_word' id='word_1_182' title='bbox 885 1976 995 1999; x_wconf 90' lang='lat' dir='ltr'>eorum</span> <span class='ocrx_word' id='word_1_183' title='bbox 1019 1970 1165 2009; x_wconf 87' lang='lat' dir='ltr'>parentes</span> 
     </span>
     <span class='ocr_line' id='line_1_38' title="bbox 427 2019 1167 2065; baseline -0.004 -11"><span class='ocrx_word' id='word_1_184' title='bbox 427 2031 486 2065; x_wconf 89' lang='lat' dir='ltr'>ope</span> <span class='ocrx_word' id='word_1_185' title='bbox 510 2026 540 2053; x_wconf 88' lang='lat' dir='ltr'>et</span> <span class='ocrx_word' id='word_1_186' title='bbox 564 2020 703 2053; x_wconf 87' lang='lat' dir='ltr'>subsidio</span> <span class='ocrx_word' id='word_1_187' title='bbox 721 2019 861 2064; x_wconf 83' lang='lat' dir='ltr'>ipsorum</span> <span class='ocrx_word' id='word_1_188' title='bbox 883 2019 1057 2061; x_wconf 80' lang='lat' dir='ltr'>indigentes</span> <span class='ocrx_word' id='word_1_189' title='bbox 1076 2019 1167 2051; x_wconf 88' lang='lat' dir='ltr'>desti-</span> 
     </span>
     <span class='ocr_line' id='line_1_39' title="bbox 428 2078 563 2108; baseline -0.007 -1"><span class='ocrx_word' id='word_1_190' title='bbox 428 2078 563 2108; x_wconf 86' lang='lat' dir='ltr'>tuantur.</span> 
     </span>
    </p>

    <p class='ocr_par' dir='ltr' id='par_1_8' title="bbox 428 2126 1167 2494">
     <span class='ocr_line' id='line_1_40' title="bbox 472 2126 1166 2170; baseline -0.003 -10"><span class='ocrx_word' id='word_1_191' title='bbox 472 2127 659 2161; x_wconf 90' lang='lat' dir='ltr'>Provideant</span> <span class='ocrx_word' id='word_1_192' title='bbox 691 2136 837 2170; x_wconf 87' lang='lat' dir='ltr'>quoque,</span> <span class='ocrx_word' id='word_1_193' title='bbox 870 2131 902 2159; x_wconf 89' lang='lat' dir='ltr'>ut</span> <span class='ocrx_word' id='word_1_194' title='bbox 933 2136 1041 2159; x_wconf 90' lang='lat' dir='ltr'>omnes</span> <span class='ocrx_word' id='word_1_195' title='bbox 1073 2126 1166 2158; x_wconf 83' lang='lat' dir='ltr'>etiam</span> 
     </span>
     <span class='ocr_line' id='line_1_41' title="bbox 428 2179 1163 2225; baseline -0.005 -11"><span class='ocrx_word' id='word_1_196' title='bbox 428 2181 569 2214; x_wconf 87' lang='lat' dir='ltr'>conversi</span> <span class='ocrx_word' id='word_1_197' title='bbox 595 2180 777 2225; x_wconf 83' lang='lat' dir='ltr'>recipiendi,</span> <span class='ocrx_word' id='word_1_198' title='bbox 802 2179 986 2224; x_wconf 82' lang='lat' dir='ltr'>priusquam</span> <span class='ocrx_word' id='word_1_199' title='bbox 1011 2179 1048 2211; x_wconf 88' lang='lat' dir='ltr'>ad</span> <span class='ocrx_word' id='word_1_200' title='bbox 1072 2179 1163 2211; x_wconf 87' lang='lat' dir='ltr'>habi-</span> 
     </span>
     <span class='ocr_line' id='line_1_42' title="bbox 428 2232 1167 2278; baseline -0.004 -10"><span class='ocrx_word' id='word_1_201' title='bbox 428 2240 493 2268; x_wconf 88' lang='lat' dir='ltr'>tum</span> <span class='ocrx_word' id='word_1_202' title='bbox 508 2235 686 2278; x_wconf 77' lang='lat' dir='ltr'>regularem</span> <span class='ocrx_word' id='word_1_203' title='bbox 707 2234 920 2274; x_wconf 81' lang='lat' dir='ltr'>admittantur,</span> <span class='ocrx_word' id='word_1_204' title='bbox 933 2234 971 2266; x_wconf 87' lang='lat' dir='ltr'>ab</span> <span class='ocrx_word' id='word_1_205' title='bbox 988 2233 1035 2273; x_wconf 87' lang='lat' dir='ltr'>iis,</span> <span class='ocrx_word' id='word_1_206' title='bbox 1053 2232 1167 2276; x_wconf 88' lang='lat' dir='ltr'>quibus</span> 
     </span>
     <span class='ocr_line' id='line_1_43' title="bbox 430 2287 1166 2330; baseline -0.004 -8"><span class='ocrx_word' id='word_1_207' title='bbox 430 2300 542 2322; x_wconf 85' lang='lat' dir='ltr'>munus</span> <span class='ocrx_word' id='word_1_208' title='bbox 567 2289 627 2322; x_wconf 92' lang='lat' dir='ltr'>hoc</span> <span class='ocrx_word' id='word_1_209' title='bbox 651 2288 824 2328; x_wconf 81' lang='lat' dir='ltr'>incumbit,</span> <span class='ocrx_word' id='word_1_210' title='bbox 849 2287 886 2320; x_wconf 88' lang='lat' dir='ltr'>de</span> <span class='ocrx_word' id='word_1_211' title='bbox 917 2287 1047 2330; x_wconf 75' lang='lat' dir='ltr'>regula,</span> <span class='ocrx_word' id='word_1_212' title='bbox 1073 2297 1166 2329; x_wconf 87' lang='lat' dir='ltr'>quam</span> 
     </span>
     <span class='ocr_line' id='line_1_44' title="bbox 429 2340 1166 2387; baseline -0.008 -11"><span class='ocrx_word' id='word_1_213' title='bbox 429 2342 598 2387; x_wconf 83' lang='lat' dir='ltr'>professuri</span> <span class='ocrx_word' id='word_1_214' title='bbox 616 2346 702 2382; x_wconf 87' lang='lat' dir='ltr'>sunt,</span> <span class='ocrx_word' id='word_1_215' title='bbox 720 2342 822 2374; x_wconf 85' lang='lat' dir='ltr'>tribus</span> <span class='ocrx_word' id='word_1_216' title='bbox 842 2341 922 2373; x_wconf 91' lang='lat' dir='ltr'>votis</span> <span class='ocrx_word' id='word_1_217' title='bbox 941 2340 1166 2379; x_wconf 69' lang='lat' dir='ltr'>essentialibus,</span> 
     </span>
     <span class='ocr_line' id='line_1_45' title="bbox 429 2392 1167 2439; baseline -0.007 -10"><span class='ocrx_word' id='word_1_218' title='bbox 429 2401 571 2439; x_wconf 85' lang='lat' dir='ltr'>statuque</span> <span class='ocrx_word' id='word_1_219' title='bbox 589 2394 727 2438; x_wconf 80' lang='lat' dir='ltr'>regulari</span> <span class='ocrx_word' id='word_1_220' title='bbox 745 2399 775 2427; x_wconf 88' lang='lat' dir='ltr'>et</span> <span class='ocrx_word' id='word_1_221' title='bbox 792 2394 860 2427; x_wconf 91' lang='lat' dir='ltr'>aliis</span> <span class='ocrx_word' id='word_1_222' title='bbox 874 2394 1026 2437; x_wconf 87' lang='lat' dir='ltr'>cuiusque</span> <span class='ocrx_word' id='word_1_223' title='bbox 1043 2392 1167 2427; x_wconf 85' lang='lat' dir='ltr'>Ordinis</span> 
     </span>
     <span class='ocr_line' id='line_1_46' title="bbox 429 2446 1167 2494; baseline -0.005 -12"><span class='ocrx_word' id='word_1_224' title='bbox 429 2449 641 2494; x_wconf 70' lang='lat' dir='ltr'>peculiaribus</span> <span class='ocrx_word' id='word_1_225' title='bbox 665 2448 813 2481; x_wconf 86' lang='lat' dir='ltr'>institutis</span> <span class='ocrx_word' id='word_1_226' title='bbox 839 2453 869 2481; x_wconf 87' lang='lat' dir='ltr'>et</span> <span class='ocrx_word' id='word_1_227' title='bbox 893 2446 1167 2481; x_wconf 83' lang='lat' dir='ltr'>constitutionibus</span> 
     </span>
    </p>
   </div>
   <div class='ocr_carea' id='block_1_6' title="bbox 999 263 1355 290">
    <p class='ocr_par' dir='ltr' id='par_1_9' title="bbox 999 263 1355 290">
     <span class='ocr_line' id='line_1_47' title="bbox 999 263 1355 290; baseline 0 -1"><span class='ocrx_word' id='word_1_228' title='bbox 999 264 1176 290; x_wconf 76' lang='lat' dir='ltr'>BULLARIUM</span> <span class='ocrx_word' id='word_1_229' title='bbox 1200 263 1355 290; x_wconf 65' lang='lat' dir='ltr'>Romnum</span> 
     </span>
    </p>
   </div>
   <div class='ocr_carea' id='block_1_7' title="bbox 1192 311 1942 2485">
    <p class='ocr_par' dir='ltr' id='par_1_10' title="bbox 1192 311 1932 569">
     <span class='ocr_line' id='line_1_48' title="bbox 1192 311 1932 358; baseline 0 -12"><span class='ocrx_word' id='word_1_230' title='bbox 1192 313 1420 358; x_wconf 78' lang='lat' dir='ltr'>professionem</span> <span class='ocrx_word' id='word_1_231' title='bbox 1438 311 1657 354; x_wconf 90' lang='lat' dir='ltr'>admittendos,</span> <span class='ocrx_word' id='word_1_232' title='bbox 1674 322 1784 346; x_wconf 90' lang='lat' dir='ltr'>verum</span> <span class='ocrx_word' id='word_1_233' title='bbox 1801 317 1832 347; x_wconf 90' lang='lat' dir='ltr'>et</span> <span class='ocrx_word' id='word_1_234' title='bbox 1848 313 1932 347; x_wconf 88' lang='lat' dir='ltr'>obla-</span> 
     </span>
     <span class='ocr_line' id='line_1_49' title="bbox 1194 366 1930 411; baseline 0 -10"><span class='ocrx_word' id='word_1_235' title='bbox 1194 372 1250 409; x_wconf 72' lang='grc' dir='ltr'>ῑος,</span> <span class='ocrx_word' id='word_1_236' title='bbox 1274 373 1309 401; x_wconf 91' lang='lat' dir='ltr'>ut</span> <span class='ocrx_word' id='word_1_237' title='bbox 1332 371 1464 407; x_wconf 89' lang='lat' dir='ltr'>vocant,</span> <span class='ocrx_word' id='word_1_238' title='bbox 1487 366 1648 410; x_wconf 89' lang='lat' dir='ltr'>recipere,</span> <span class='ocrx_word' id='word_1_239' title='bbox 1677 366 1761 400; x_wconf 86' lang='lat' dir='ltr'>circa</span> <span class='ocrx_word' id='word_1_240' title='bbox 1789 367 1930 411; x_wconf 89' lang='lat' dir='ltr'>ipsorum</span> 
     </span>
     <span class='ocr_line' id='line_1_50' title="bbox 1193 419 1932 463; baseline 0 -9"><span class='ocrx_word' id='word_1_241' title='bbox 1193 421 1372 454; x_wconf 89' lang='lat' dir='ltr'>oblatorum</span> <span class='ocrx_word' id='word_1_242' title='bbox 1404 419 1617 463; x_wconf 84' lang='lat' dir='ltr'>receptionem</span> <span class='ocrx_word' id='word_1_243' title='bbox 1649 428 1856 463; x_wconf 85' lang='lat' dir='ltr'>unaquaeque</span> <span class='ocrx_word' id='word_1_244' title='bbox 1886 431 1932 454; x_wconf 88' lang='lat' dir='ltr'>re-</span> 
     </span>
     <span class='ocr_line' id='line_1_51' title="bbox 1193 471 1932 517; baseline 0 -11"><span class='ocrx_word' id='word_1_245' title='bbox 1193 474 1267 516; x_wconf 78' lang='lat' dir='ltr'>ligio</span> <span class='ocrx_word' id='word_1_246' title='bbox 1292 484 1363 507; x_wconf 89' lang='lat' dir='ltr'>suas</span> <span class='ocrx_word' id='word_1_247' title='bbox 1388 472 1564 517; x_wconf 86' lang='lat' dir='ltr'>peculiares</span> <span class='ocrx_word' id='word_1_248' title='bbox 1588 471 1836 513; x_wconf 88' lang='lat' dir='ltr'>constitutiones,</span> <span class='ocrx_word' id='word_1_249' title='bbox 1863 483 1932 517; x_wconf 77' lang='lat' dir='ltr'>spe-</span> 
     </span>
     <span class='ocr_line' id='line_1_52' title="bbox 1193 524 1876 569; baseline -0.001 -11"><span class='ocrx_word' id='word_1_250' title='bbox 1193 526 1344 569; x_wconf 87' lang='lat' dir='ltr'>cialiaque</span> <span class='ocrx_word' id='word_1_251' title='bbox 1369 525 1510 559; x_wconf 85' lang='lat' dir='ltr'>instituta</span> <span class='ocrx_word' id='word_1_252' title='bbox 1532 524 1702 558; x_wconf 87' lang='lat' dir='ltr'>observare</span> <span class='ocrx_word' id='word_1_253' title='bbox 1725 527 1876 558; x_wconf 83' lang='lat' dir='ltr'>teneatur.</span> 
     </span>
    </p>

    <p class='ocr_par' dir='ltr' id='par_1_11' title="bbox 1192 577 1933 836">
     <span class='ocr_line' id='line_1_53' title="bbox 1237 577 1932 623; baseline -0.003 -11"><span class='ocrx_word' id='word_1_254' title='bbox 1237 579 1346 612; x_wconf 85' lang='lat' dir='ltr'>Statim</span> <span class='ocrx_word' id='word_1_255' title='bbox 1366 583 1458 623; x_wconf 86' lang='lat' dir='ltr'>atquc</span> <span class='ocrx_word' id='word_1_256' title='bbox 1475 578 1583 611; x_wconf 87' lang='lat' dir='ltr'>novitii</span> <span class='ocrx_word' id='word_1_257' title='bbox 1599 577 1637 610; x_wconf 92' lang='lat' dir='ltr'>ad</span> <span class='ocrx_word' id='word_1_258' title='bbox 1654 577 1796 610; x_wconf 89' lang='lat' dir='ltr'>habitum</span> <span class='ocrx_word' id='word_1_259' title='bbox 1813 577 1932 622; x_wconf 88' lang='lat' dir='ltr'>recepti</span> 
     </span>
     <span class='ocr_line' id='line_1_54' title="bbox 1193 630 1931 672; baseline -0.004 -6"><span class='ocrx_word' id='word_1_260' title='bbox 1193 638 1223 666; x_wconf 89' lang='lat' dir='ltr'>et</span> <span class='ocrx_word' id='word_1_261' title='bbox 1247 633 1278 666; x_wconf 90' lang='lat' dir='ltr'>in</span> <span class='ocrx_word' id='word_1_262' title='bbox 1301 634 1406 666; x_wconf 91' lang='lat' dir='ltr'>locum</span> <span class='ocrx_word' id='word_1_263' title='bbox 1423 632 1591 666; x_wconf 91' lang='lat' dir='ltr'>novitiatus</span> <span class='ocrx_word' id='word_1_264' title='bbox 1611 630 1782 664; x_wconf 90' lang='lat' dir='ltr'>introducti</span> <span class='ocrx_word' id='word_1_265' title='bbox 1806 630 1931 672; x_wconf 87' lang='lat' dir='ltr'>fuerint,</span> 
     </span>
     <span class='ocr_line' id='line_1_55' title="bbox 1193 685 1932 730; baseline -0.004 -11"><span class='ocrx_word' id='word_1_266' title='bbox 1193 697 1250 730; x_wconf 89' lang='lat' dir='ltr'>per</span> <span class='ocrx_word' id='word_1_267' title='bbox 1274 687 1453 729; x_wconf 80' lang='lat' dir='ltr'>generalem</span> <span class='ocrx_word' id='word_1_268' title='bbox 1478 685 1618 718; x_wconf 92' lang='lat' dir='ltr'>omnium</span> <span class='ocrx_word' id='word_1_269' title='bbox 1642 689 1844 728; x_wconf 86' lang='lat' dir='ltr'>peccatorum</span> <span class='ocrx_word' id='word_1_270' title='bbox 1861 694 1932 718; x_wconf 87' lang='lat' dir='ltr'>con-</span> 
     </span>
     <span class='ocr_line' id='line_1_56' title="bbox 1192 737 1933 773; baseline -0.004 0"><span class='ocrx_word' id='word_1_271' title='bbox 1192 740 1358 773; x_wconf 89' lang='lat' dir='ltr'>fcssionem</span> <span class='ocrx_word' id='word_1_272' title='bbox 1379 739 1473 773; x_wconf 89' lang='lat' dir='ltr'>totius</span> <span class='ocrx_word' id='word_1_273' title='bbox 1498 743 1657 772; x_wconf 86' lang='lat' dir='ltr'>anteactae</span> <span class='ocrx_word' id='word_1_274' title='bbox 1674 737 1755 771; x_wconf 90' lang='lat' dir='ltr'>vitae</span> <span class='ocrx_word' id='word_1_275' title='bbox 1775 737 1933 771; x_wconf 87' lang='lat' dir='ltr'>eonscien-</span> 
     </span>
     <span class='ocr_line' id='line_1_57' title="bbox 1193 793 1723 836; baseline -0.006 -10"><span class='ocrx_word' id='word_1_276' title='bbox 1193 794 1267 826; x_wconf 90' lang='lat' dir='ltr'>tiam</span> <span class='ocrx_word' id='word_1_277' title='bbox 1293 793 1459 825; x_wconf 88' lang='lat' dir='ltr'>discutiant.</span> <span class='ocrx_word' id='word_1_278' title='bbox 1483 797 1512 825; x_wconf 93' lang='lat' dir='ltr'>et</span> <span class='ocrx_word' id='word_1_279' title='bbox 1536 795 1723 836; x_wconf 77' lang='lat' dir='ltr'>expurgent.</span> 
     </span>
    </p>

    <p class='ocr_par' dir='ltr' id='par_1_12' title="bbox 1193 843 1937 1422">
     <span class='ocr_line' id='line_1_58' title="bbox 1235 843 1934 890; baseline -0.004 -10"><span class='ocrx_word' id='word_1_280' title='bbox 1235 847 1323 886; x_wconf 90' lang='lat' dir='ltr'>Quod</span> <span class='ocrx_word' id='word_1_281' title='bbox 1348 857 1421 880; x_wconf 88' lang='lat' dir='ltr'>vero</span> <span class='ocrx_word' id='word_1_282' title='bbox 1447 847 1486 878; x_wconf 89' lang='lat' dir='ltr'>ad</span> <span class='ocrx_word' id='word_1_283' title='bbox 1508 846 1569 879; x_wconf 90' lang='lat' dir='ltr'>loci</span> <span class='ocrx_word' id='word_1_284' title='bbox 1589 846 1771 890; x_wconf 82' lang='lat' dir='ltr'>qualitatem</span> <span class='ocrx_word' id='word_1_285' title='bbox 1789 843 1934 878; x_wconf 88' lang='lat' dir='ltr'>uniuscu-</span> 
     </span>
     <span class='ocr_line' id='line_1_59' title="bbox 1193 898 1932 943; baseline -0.004 -10"><span class='ocrx_word' id='word_1_286' title='bbox 1193 901 1302 943; x_wconf 90' lang='lat' dir='ltr'>iusque</span> <span class='ocrx_word' id='word_1_287' title='bbox 1319 900 1486 933; x_wconf 85' lang='lat' dir='ltr'>novitiatus</span> <span class='ocrx_word' id='word_1_288' title='bbox 1503 903 1630 943; x_wconf 89' lang='lat' dir='ltr'>spectat,</span> <span class='ocrx_word' id='word_1_289' title='bbox 1647 899 1735 932; x_wconf 87' lang='lat' dir='ltr'>locus</span> <span class='ocrx_word' id='word_1_290' title='bbox 1752 898 1932 932; x_wconf 91' lang='lat' dir='ltr'>huiusmodi</span> 
     </span>
     <span class='ocr_line' id='line_1_60' title="bbox 1193 953 1933 997; baseline -0.003 -11"><span class='ocrx_word' id='word_1_291' title='bbox 1193 954 1322 997; x_wconf 82' lang='lat' dir='ltr'>propria</span> <span class='ocrx_word' id='word_1_292' title='bbox 1353 954 1499 986; x_wconf 77' lang='lat' dir='ltr'>clausura</span> <span class='ocrx_word' id='word_1_293' title='bbox 1523 953 1562 985; x_wconf 88' lang='lat' dir='ltr'>ab</span> <span class='ocrx_word' id='word_1_294' title='bbox 1586 955 1623 986; x_wconf 80' lang='lat' dir='ltr'>ea</span> <span class='ocrx_word' id='word_1_295' title='bbox 1647 958 1737 996; x_wconf 90' lang='lat' dir='ltr'>parte</span> <span class='ocrx_word' id='word_1_296' title='bbox 1761 956 1933 985; x_wconf 87' lang='lat' dir='ltr'>conventus</span> 
     </span>
     <span class='ocr_line' id='line_1_61' title="bbox 1193 1005 1933 1049; baseline -0.001 -11"><span class='ocrx_word' id='word_1_297' title='bbox 1193 1011 1221 1038; x_wconf 90' lang='lat' dir='ltr'>et</span> <span class='ocrx_word' id='word_1_298' title='bbox 1249 1006 1451 1046; x_wconf 83' lang='lat' dir='ltr'>monasterii,</span> <span class='ocrx_word' id='word_1_299' title='bbox 1476 1006 1507 1037; x_wconf 93' lang='lat' dir='ltr'>in</span> <span class='ocrx_word' id='word_1_300' title='bbox 1537 1015 1599 1048; x_wconf 89' lang='lat' dir='ltr'>qua</span> <span class='ocrx_word' id='word_1_301' title='bbox 1632 1005 1750 1048; x_wconf 82' lang='lat' dir='ltr'>degunt</span> <span class='ocrx_word' id='word_1_302' title='bbox 1778 1005 1933 1049; x_wconf 88' lang='lat' dir='ltr'>professi,</span> 
     </span>
     <span class='ocr_line' id='line_1_62' title="bbox 1194 1057 1935 1102; baseline -0.004 -10"><span class='ocrx_word' id='word_1_303' title='bbox 1194 1064 1377 1102; x_wconf 83' lang='lat' dir='ltr'>segregatus</span> <span class='ocrx_word' id='word_1_304' title='bbox 1394 1059 1443 1099; x_wconf 84' lang='lat' dir='ltr'>sit,</span> <span class='ocrx_word' id='word_1_305' title='bbox 1460 1063 1553 1101; x_wconf 88' lang='lat' dir='ltr'>atque</span> <span class='ocrx_word' id='word_1_306' title='bbox 1569 1057 1744 1097; x_wconf 89' lang='lat' dir='ltr'>distinctus,</span> <span class='ocrx_word' id='word_1_307' title='bbox 1758 1057 1935 1101; x_wconf 87' lang='lat' dir='ltr'>habeatque</span> 
     </span>
     <span class='ocr_line' id='line_1_63' title="bbox 1195 1111 1937 1154; baseline -0.004 -9"><span class='ocrx_word' id='word_1_308' title='bbox 1195 1117 1239 1146; x_wconf 88' lang='lat' dir='ltr'>tot</span> <span class='ocrx_word' id='word_1_309' title='bbox 1251 1112 1289 1145; x_wconf 91' lang='lat' dir='ltr'>ad</span> <span class='ocrx_word' id='word_1_310' title='bbox 1303 1111 1522 1145; x_wconf 89' lang='lat' dir='ltr'>dormiendum</span> <span class='ocrx_word' id='word_1_311' title='bbox 1536 1111 1664 1144; x_wconf 89' lang='lat' dir='ltr'>cellulas</span> <span class='ocrx_word' id='word_1_312' title='bbox 1678 1115 1847 1154; x_wconf 88' lang='lat' dir='ltr'>separatas,</span> <span class='ocrx_word' id='word_1_313' title='bbox 1861 1115 1937 1153; x_wconf 89' lang='lat' dir='ltr'>quot</span> 
     </span>
     <span class='ocr_line' id='line_1_64' title="bbox 1195 1163 1937 1205; baseline -0.004 -7"><span class='ocrx_word' id='word_1_314' title='bbox 1195 1170 1286 1198; x_wconf 90' lang='lat' dir='ltr'>erunt</span> <span class='ocrx_word' id='word_1_315' title='bbox 1316 1175 1449 1198; x_wconf 91' lang='lat' dir='ltr'>numero</span> <span class='ocrx_word' id='word_1_316' title='bbox 1480 1164 1609 1205; x_wconf 88' lang='lat' dir='ltr'>novitii,</span> <span class='ocrx_word' id='word_1_317' title='bbox 1633 1164 1681 1196; x_wconf 93' lang='lat' dir='ltr'>vel</span> <span class='ocrx_word' id='word_1_318' title='bbox 1714 1163 1937 1197; x_wconf 88' lang='lat' dir='ltr'>dormitorium</span> 
     </span>
     <span class='ocr_line' id='line_1_65' title="bbox 1195 1215 1936 1262; baseline -0.004 -11"><span class='ocrx_word' id='word_1_319' title='bbox 1195 1220 1237 1251; x_wconf 84' lang='lat' dir='ltr'>ita</span> <span class='ocrx_word' id='word_1_320' title='bbox 1256 1228 1368 1262; x_wconf 80' lang='lat' dir='ltr'>capax,</span> <span class='ocrx_word' id='word_1_321' title='bbox 1394 1221 1428 1251; x_wconf 91' lang='lat' dir='ltr'>ut</span> <span class='ocrx_word' id='word_1_322' title='bbox 1452 1228 1511 1261; x_wconf 91' lang='lat' dir='ltr'>pro</span> <span class='ocrx_word' id='word_1_323' title='bbox 1536 1216 1668 1260; x_wconf 81' lang='lat' dir='ltr'>singulis</span> <span class='ocrx_word' id='word_1_324' title='bbox 1693 1215 1808 1259; x_wconf 82' lang='lat' dir='ltr'>singuli</span> <span class='ocrx_word' id='word_1_325' title='bbox 1829 1215 1936 1250; x_wconf 86' lang='lat' dir='ltr'>lectuli</span> 
     </span>
     <span class='ocr_line' id='line_1_66' title="bbox 1195 1269 1936 1313; baseline -0.004 -9"><span class='ocrx_word' id='word_1_326' title='bbox 1195 1271 1360 1304; x_wconf 91' lang='lat' dir='ltr'>commode</span> <span class='ocrx_word' id='word_1_327' title='bbox 1391 1270 1488 1303; x_wconf 88' lang='lat' dir='ltr'>sterni</span> <span class='ocrx_word' id='word_1_328' title='bbox 1519 1269 1660 1313; x_wconf 86' lang='lat' dir='ltr'>possint,</span> <span class='ocrx_word' id='word_1_329' title='bbox 1689 1269 1721 1301; x_wconf 90' lang='lat' dir='ltr'>in</span> <span class='ocrx_word' id='word_1_330' title='bbox 1750 1279 1812 1312; x_wconf 92' lang='lat' dir='ltr'>quo</span> <span class='ocrx_word' id='word_1_331' title='bbox 1842 1269 1936 1301; x_wconf 87' lang='lat' dir='ltr'>etiam</span> 
     </span>
     <span class='ocr_line' id='line_1_67' title="bbox 1195 1322 1936 1358; baseline -0.004 -1"><span class='ocrx_word' id='word_1_332' title='bbox 1195 1325 1308 1358; x_wconf 88' lang='lat' dir='ltr'>cellula</span> <span class='ocrx_word' id='word_1_333' title='bbox 1332 1324 1379 1356; x_wconf 87' lang='lat' dir='ltr'>vel</span> <span class='ocrx_word' id='word_1_334' title='bbox 1405 1329 1510 1356; x_wconf 87' lang='lat' dir='ltr'>certus</span> <span class='ocrx_word' id='word_1_335' title='bbox 1539 1333 1574 1356; x_wconf 86' lang='lat' dir='ltr'>ac</span> <span class='ocrx_word' id='word_1_336' title='bbox 1599 1322 1825 1355; x_wconf 88' lang='lat' dir='ltr'>determinatus</span> <span class='ocrx_word' id='word_1_337' title='bbox 1848 1322 1936 1356; x_wconf 90' lang='lat' dir='ltr'>locus</span> 
     </span>
     <span class='ocr_line' id='line_1_68' title="bbox 1195 1374 1913 1422; baseline -0.006 -11"><span class='ocrx_word' id='word_1_338' title='bbox 1195 1389 1254 1422; x_wconf 91' lang='lat' dir='ltr'>pro</span> <span class='ocrx_word' id='word_1_339' title='bbox 1279 1377 1441 1420; x_wconf 84' lang='lat' dir='ltr'>magistro,</span> <span class='ocrx_word' id='word_1_340' title='bbox 1466 1376 1596 1420; x_wconf 86' lang='lat' dir='ltr'>eiusque</span> <span class='ocrx_word' id='word_1_341' title='bbox 1616 1375 1702 1409; x_wconf 86' lang='lat' dir='ltr'>socio</span> <span class='ocrx_word' id='word_1_342' title='bbox 1727 1374 1913 1419; x_wconf 86' lang='lat' dir='ltr'>reperiatur.</span> 
     </span>
    </p>

    <p class='ocr_par' dir='ltr' id='par_1_13' title="bbox 1196 1428 1939 1741">
     <span class='ocr_line' id='line_1_69' title="bbox 1239 1428 1937 1473; baseline -0.004 -10"><span class='ocrx_word' id='word_1_343' title='bbox 1239 1431 1273 1463; x_wconf 92' lang='lat' dir='ltr'>In</span> <span class='ocrx_word' id='word_1_344' title='bbox 1297 1441 1334 1464; x_wconf 90' lang='lat' dir='ltr'>eo</span> <span class='ocrx_word' id='word_1_345' title='bbox 1359 1430 1469 1470; x_wconf 83' lang='lat' dir='ltr'>etiam,</span> <span class='ocrx_word' id='word_1_346' title='bbox 1497 1434 1622 1473; x_wconf 87' lang='lat' dir='ltr'>praeter</span> <span class='ocrx_word' id='word_1_347' title='bbox 1653 1428 1729 1461; x_wconf 87' lang='lat' dir='ltr'>alias</span> <span class='ocrx_word' id='word_1_348' title='bbox 1753 1438 1937 1461; x_wconf 90' lang='lat' dir='ltr'>communes</span> 
     </span>
     <span class='ocr_line' id='line_1_70' title="bbox 1196 1480 1939 1527; baseline -0.007 -9"><span class='ocrx_word' id='word_1_349' title='bbox 1196 1483 1447 1524; x_wconf 86' lang='lat' dir='ltr'>commoditates,</span> <span class='ocrx_word' id='word_1_350' title='bbox 1472 1487 1562 1527; x_wconf 90' lang='lat' dir='ltr'>aptus</span> <span class='ocrx_word' id='word_1_351' title='bbox 1586 1482 1674 1515; x_wconf 88' lang='lat' dir='ltr'>locus</span> <span class='ocrx_word' id='word_1_352' title='bbox 1698 1481 1778 1514; x_wconf 88' lang='lat' dir='ltr'>adsit</span> <span class='ocrx_word' id='word_1_353' title='bbox 1794 1481 1832 1513; x_wconf 85' lang='lat' dir='ltr'>ad</span> <span class='ocrx_word' id='word_1_354' title='bbox 1849 1480 1939 1525; x_wconf 89' lang='lat' dir='ltr'>spiri-</span> 
     </span>
     <span class='ocr_line' id='line_1_71' title="bbox 1197 1534 1937 1577; baseline -0.004 -6"><span class='ocrx_word' id='word_1_355' title='bbox 1197 1539 1294 1572; x_wconf 87' lang='lat' dir='ltr'>tuales</span> <span class='ocrx_word' id='word_1_356' title='bbox 1319 1537 1512 1577; x_wconf 87' lang='lat' dir='ltr'>collationes,</span> <span class='ocrx_word' id='word_1_357' title='bbox 1529 1546 1583 1569; x_wconf 89' lang='lat' dir='ltr'>seu</span> <span class='ocrx_word' id='word_1_358' title='bbox 1600 1534 1808 1568; x_wconf 85' lang='lat' dir='ltr'>conferentias</span> <span class='ocrx_word' id='word_1_359' title='bbox 1825 1534 1937 1568; x_wconf 82' lang='lat' dir='ltr'>facien—</span> 
     </span>
     <span class='ocr_line' id='line_1_72' title="bbox 1196 1587 1937 1632; baseline -0.007 -7"><span class='ocrx_word' id='word_1_360' title='bbox 1196 1592 1261 1632; x_wconf 89' lang='lat' dir='ltr'>das,</span> <span class='ocrx_word' id='word_1_361' title='bbox 1275 1602 1311 1624; x_wconf 87' lang='lat' dir='ltr'>ac</span> <span class='ocrx_word' id='word_1_362' title='bbox 1327 1590 1476 1624; x_wconf 88' lang='lat' dir='ltr'>lectiones</span> <span class='ocrx_word' id='word_1_363' title='bbox 1493 1588 1778 1631; x_wconf 87' lang='lat' dir='ltr'>instructionesque</span> <span class='ocrx_word' id='word_1_364' title='bbox 1794 1587 1937 1631; x_wconf 85' lang='lat' dir='ltr'>magistri</span> 
     </span>
     <span class='ocr_line' id='line_1_73' title="bbox 1197 1642 1939 1688; baseline -0.005 -9"><span class='ocrx_word' id='word_1_365' title='bbox 1197 1645 1376 1686; x_wconf 89' lang='lat' dir='ltr'>audiendas,</span> <span class='ocrx_word' id='word_1_366' title='bbox 1391 1645 1471 1678; x_wconf 89' lang='lat' dir='ltr'>etin</span> <span class='ocrx_word' id='word_1_367' title='bbox 1491 1654 1586 1688; x_wconf 90' lang='lat' dir='ltr'>quem</span> <span class='ocrx_word' id='word_1_368' title='bbox 1603 1643 1725 1688; x_wconf 77' lang='lat' dir='ltr'>hyemis</span> <span class='ocrx_word' id='word_1_369' title='bbox 1741 1647 1883 1686; x_wconf 88' lang='lat' dir='ltr'>tempore</span> <span class='ocrx_word' id='word_1_370' title='bbox 1899 1642 1939 1675; x_wconf 91' lang='lat' dir='ltr'>ad</span> 
     </span>
     <span class='ocr_line' id='line_1_74' title="bbox 1197 1696 1937 1741; baseline -0.007 -8"><span class='ocrx_word' id='word_1_371' title='bbox 1197 1699 1441 1733; x_wconf 88' lang='lat' dir='ltr'>calefaciendum</span> <span class='ocrx_word' id='word_1_372' title='bbox 1459 1709 1491 1731; x_wconf 93' lang='lat' dir='ltr'>se</span> <span class='ocrx_word' id='word_1_373' title='bbox 1507 1698 1579 1741; x_wconf 80' lang='lat' dir='ltr'>igne</span> <span class='ocrx_word' id='word_1_374' title='bbox 1597 1696 1759 1730; x_wconf 88' lang='lat' dir='ltr'>communi</span> <span class='ocrx_word' id='word_1_375' title='bbox 1773 1696 1937 1739; x_wconf 88' lang='lat' dir='ltr'>recipiant.</span> 
     </span>
    </p>

    <p class='ocr_par' dir='ltr' id='par_1_14' title="bbox 1198 1748 1940 1955">
     <span class='ocr_line' id='line_1_75' title="bbox 1241 1748 1940 1794; baseline -0.007 -9"><span class='ocrx_word' id='word_1_376' title='bbox 1241 1751 1418 1786; x_wconf 90' lang='lat' dir='ltr'>Oratorium</span> <span class='ocrx_word' id='word_1_377' title='bbox 1434 1751 1575 1794; x_wconf 88' lang='lat' dir='ltr'>insuper,</span> <span class='ocrx_word' id='word_1_378' title='bbox 1588 1760 1643 1783; x_wconf 86' lang='lat' dir='ltr'>seu</span> <span class='ocrx_word' id='word_1_379' title='bbox 1656 1748 1806 1793; x_wconf 86' lang='lat' dir='ltr'>cappella,</span> <span class='ocrx_word' id='word_1_380' title='bbox 1819 1748 1844 1781; x_wconf 90' lang='lat' dir='ltr'>si</span> <span class='ocrx_word' id='word_1_381' title='bbox 1858 1758 1940 1781; x_wconf 93' lang='lat' dir='ltr'>com-</span> 
     </span>
     <span class='ocr_line' id='line_1_76' title="bbox 1198 1801 1939 1848; baseline -0.007 -10"><span class='ocrx_word' id='word_1_382' title='bbox 1198 1806 1289 1839; x_wconf 91' lang='lat' dir='ltr'>mode</span> <span class='ocrx_word' id='word_1_383' title='bbox 1314 1805 1383 1837; x_wconf 82' lang='lat' dir='ltr'>sieri</span> <span class='ocrx_word' id='word_1_384' title='bbox 1408 1803 1542 1848; x_wconf 88' lang='lat' dir='ltr'>poterit,</span> <span class='ocrx_word' id='word_1_385' title='bbox 1567 1803 1605 1836; x_wconf 87' lang='lat' dir='ltr'>ad</span> <span class='ocrx_word' id='word_1_386' title='bbox 1629 1802 1764 1835; x_wconf 89' lang='lat' dir='ltr'>novitios</span> <span class='ocrx_word' id='word_1_387' title='bbox 1792 1802 1823 1834; x_wconf 91' lang='lat' dir='ltr'>in</span> <span class='ocrx_word' id='word_1_388' title='bbox 1847 1801 1939 1845; x_wconf 91' lang='lat' dir='ltr'>spiri-</span> 
     </span>
     <span class='ocr_line' id='line_1_77' title="bbox 1198 1854 1938 1902; baseline -0.007 -11"><span class='ocrx_word' id='word_1_389' title='bbox 1198 1859 1351 1899; x_wconf 90' lang='lat' dir='ltr'>tualibus,</span> <span class='ocrx_word' id='word_1_390' title='bbox 1376 1857 1563 1902; x_wconf 88' lang='lat' dir='ltr'>praesertim</span> <span class='ocrx_word' id='word_1_391' title='bbox 1588 1856 1620 1888; x_wconf 89' lang='lat' dir='ltr'>in</span> <span class='ocrx_word' id='word_1_392' title='bbox 1645 1854 1864 1895; x_wconf 90' lang='lat' dir='ltr'>caeremoniis,</span> <span class='ocrx_word' id='word_1_393' title='bbox 1889 1864 1938 1887; x_wconf 92' lang='lat' dir='ltr'>ec—</span> 
     </span>
     <span class='ocr_line' id='line_1_78' title="bbox 1199 1908 1902 1955; baseline -0.007 -10"><span class='ocrx_word' id='word_1_394' title='bbox 1199 1912 1442 1955; x_wconf 83' lang='lat' dir='ltr'>clesiasticisque</span> <span class='ocrx_word' id='word_1_395' title='bbox 1459 1909 1671 1943; x_wconf 80' lang='lat' dir='ltr'>functionibus</span> <span class='ocrx_word' id='word_1_396' title='bbox 1695 1908 1902 1948; x_wconf 85' lang='lat' dir='ltr'>exercendos,</span> 
     </span>
    </p>

    <p class='ocr_par' dir='ltr' id='par_1_15' title="bbox 1199 1962 1942 2380">
     <span class='ocr_line' id='line_1_79' title="bbox 1242 1962 1938 2008; baseline -0.006 -10"><span class='ocrx_word' id='word_1_397' title='bbox 1242 1966 1359 1999; x_wconf 90' lang='lat' dir='ltr'>Hortus</span> <span class='ocrx_word' id='word_1_398' title='bbox 1384 1974 1510 2008; x_wconf 90' lang='lat' dir='ltr'>quoque</span> <span class='ocrx_word' id='word_1_399' title='bbox 1534 1962 1703 2008; x_wconf 88' lang='lat' dir='ltr'>peculiaris</span> <span class='ocrx_word' id='word_1_400' title='bbox 1719 1962 1758 1995; x_wconf 87' lang='lat' dir='ltr'>ad</span> <span class='ocrx_word' id='word_1_401' title='bbox 1776 1962 1938 1995; x_wconf 87' lang='lat' dir='ltr'>honestam</span> 
     </span>
     <span class='ocr_line' id='line_1_80' title="bbox 1199 2016 1940 2059; baseline -0.004 -9"><span class='ocrx_word' id='word_1_402' title='bbox 1199 2018 1426 2052; x_wconf 86' lang='lat' dir='ltr'>recreationem</span> <span class='ocrx_word' id='word_1_403' title='bbox 1452 2017 1530 2049; x_wconf 89' lang='lat' dir='ltr'>bene</span> <span class='ocrx_word' id='word_1_404' title='bbox 1555 2016 1722 2049; x_wconf 88' lang='lat' dir='ltr'>conclusus</span> <span class='ocrx_word' id='word_1_405' title='bbox 1754 2020 1846 2059; x_wconf 88' lang='lat' dir='ltr'>atque</span> <span class='ocrx_word' id='word_1_406' title='bbox 1871 2025 1940 2047; x_wconf 91' lang='lat' dir='ltr'>mu-</span> 
     </span>
     <span class='ocr_line' id='line_1_81' title="bbox 1199 2067 1940 2111; baseline -0.005 -7"><span class='ocrx_word' id='word_1_407' title='bbox 1199 2072 1282 2104; x_wconf 86' lang='lat' dir='ltr'>nitus</span> <span class='ocrx_word' id='word_1_408' title='bbox 1318 2071 1418 2111; x_wconf 85' lang='lat' dir='ltr'>adsit,</span> <span class='ocrx_word' id='word_1_409' title='bbox 1456 2070 1504 2103; x_wconf 88' lang='lat' dir='ltr'>sin</span> <span class='ocrx_word' id='word_1_410' title='bbox 1533 2070 1637 2102; x_wconf 88' lang='lat' dir='ltr'>minus</span> <span class='ocrx_word' id='word_1_411' title='bbox 1667 2069 1796 2102; x_wconf 91' lang='lat' dir='ltr'>hortum</span> <span class='ocrx_word' id='word_1_412' title='bbox 1828 2067 1940 2101; x_wconf 89' lang='lat' dir='ltr'>ceteris</span> 
     </span>
     <span class='ocr_line' id='line_1_82' title="bbox 1200 2121 1942 2165; baseline -0.005 -8"><span class='ocrx_word' id='word_1_413' title='bbox 1200 2124 1349 2157; x_wconf 85' lang='lat' dir='ltr'>fratribus</span> <span class='ocrx_word' id='word_1_414' title='bbox 1363 2133 1563 2157; x_wconf 88' lang='lat' dir='ltr'>communem</span> <span class='ocrx_word' id='word_1_415' title='bbox 1577 2121 1781 2155; x_wconf 88' lang='lat' dir='ltr'>recreationis</span> <span class='ocrx_word' id='word_1_416' title='bbox 1797 2126 1942 2165; x_wconf 89' lang='lat' dir='ltr'>tempore</span> 
     </span>
     <span class='ocr_line' id='line_1_83' title="bbox 1200 2174 1942 2220; baseline -0.005 -10"><span class='ocrx_word' id='word_1_417' title='bbox 1200 2178 1426 2220; x_wconf 80' lang='lat' dir='ltr'>ingrediantur.</span> <span class='ocrx_word' id='word_1_418' title='bbox 1451 2176 1529 2220; x_wconf 84' lang='lat' dir='ltr'>Ipsis</span> <span class='ocrx_word' id='word_1_419' title='bbox 1553 2186 1628 2208; x_wconf 84' lang='lat' dir='ltr'>vero</span> <span class='ocrx_word' id='word_1_420' title='bbox 1652 2174 1777 2207; x_wconf 85' lang='lat' dir='ltr'>novitiis</span> <span class='ocrx_word' id='word_1_421' title='bbox 1798 2174 1841 2207; x_wconf 91' lang='lat' dir='ltr'>ibi</span> <span class='ocrx_word' id='word_1_422' title='bbox 1859 2184 1942 2207; x_wconf 91' lang='lat' dir='ltr'>com-</span> 
     </span>
     <span class='ocr_line' id='line_1_84' title="bbox 1201 2228 1942 2272; baseline -0.004 -9"><span class='ocrx_word' id='word_1_423' title='bbox 1201 2231 1395 2264; x_wconf 74' lang='lat' dir='ltr'>morantibus</span> <span class='ocrx_word' id='word_1_424' title='bbox 1412 2230 1535 2262; x_wconf 87' lang='lat' dir='ltr'>curabit</span> <span class='ocrx_word' id='word_1_425' title='bbox 1559 2229 1708 2272; x_wconf 81' lang='lat' dir='ltr'>magister</span> <span class='ocrx_word' id='word_1_426' title='bbox 1726 2239 1798 2261; x_wconf 90' lang='lat' dir='ltr'>cum</span> <span class='ocrx_word' id='word_1_427' title='bbox 1815 2228 1877 2261; x_wconf 87' lang='lat' dir='ltr'>loci</span> <span class='ocrx_word' id='word_1_428' title='bbox 1895 2238 1942 2261; x_wconf 93' lang='lat' dir='ltr'>su-</span> 
     </span>
     <span class='ocr_line' id='line_1_85' title="bbox 1200 2280 1942 2328; baseline -0.005 -11"><span class='ocrx_word' id='word_1_429' title='bbox 1200 2284 1334 2328; x_wconf 85' lang='lat' dir='ltr'>perioris</span> <span class='ocrx_word' id='word_1_430' title='bbox 1358 2283 1543 2316; x_wconf 85' lang='lat' dir='ltr'>auctoritate</span> <span class='ocrx_word' id='word_1_431' title='bbox 1569 2282 1607 2324; x_wconf 82' lang='lat' dir='ltr'>(si</span> <span class='ocrx_word' id='word_1_432' title='bbox 1632 2292 1712 2325; x_wconf 88' lang='lat' dir='ltr'>opus</span> <span class='ocrx_word' id='word_1_433' title='bbox 1728 2281 1835 2324; x_wconf 83' lang='lat' dir='ltr'>fuerit)</span> <span class='ocrx_word' id='word_1_434' title='bbox 1855 2291 1894 2314; x_wconf 89' lang='lat' dir='ltr'>ne</span> <span class='ocrx_word' id='word_1_435' title='bbox 1911 2280 1942 2313; x_wconf 92' lang='lat' dir='ltr'>in</span> 
     </span>
     <span class='ocr_line' id='line_1_86' title="bbox 1200 2335 1870 2380; baseline -0.006 -9"><span class='ocrx_word' id='word_1_436' title='bbox 1200 2337 1346 2371; x_wconf 88' lang='lat' dir='ltr'>eumdem</span> <span class='ocrx_word' id='word_1_437' title='bbox 1373 2337 1539 2380; x_wconf 85' lang='lat' dir='ltr'>quisquam</span> <span class='ocrx_word' id='word_1_438' title='bbox 1564 2335 1643 2368; x_wconf 86' lang='lat' dir='ltr'>alius</span> <span class='ocrx_word' id='word_1_439' title='bbox 1667 2335 1870 2378; x_wconf 82' lang='lat' dir='ltr'>ingrediatur.</span> 
     </span>
    </p>

    <p class='ocr_par' dir='ltr' id='par_1_16' title="bbox 1201 2388 1942 2485">
     <span class='ocr_line' id='line_1_87' title="bbox 1244 2388 1942 2429; baseline -0.004 -5"><span class='ocrx_word' id='word_1_440' title='bbox 1244 2391 1289 2424; x_wconf 83' lang='lat' dir='ltr'>Ad</span> <span class='ocrx_word' id='word_1_441' title='bbox 1314 2390 1493 2423; x_wconf 89' lang='lat' dir='ltr'>huiusmodi</span> <span class='ocrx_word' id='word_1_442' title='bbox 1511 2390 1615 2422; x_wconf 87' lang='lat' dir='ltr'>locum</span> <span class='ocrx_word' id='word_1_443' title='bbox 1631 2388 1797 2422; x_wconf 86' lang='lat' dir='ltr'>novitiatus</span> <span class='ocrx_word' id='word_1_444' title='bbox 1815 2388 1942 2429; x_wconf 88' lang='lat' dir='ltr'>nemini,</span> 
     </span>
     <span class='ocr_line' id='line_1_88' title="bbox 1201 2441 1942 2485; baseline -0.005 -7"><span class='ocrx_word' id='word_1_445' title='bbox 1201 2444 1341 2478; x_wconf 84' lang='lat' dir='ltr'>eiusdem</span> <span class='ocrx_word' id='word_1_446' title='bbox 1372 2443 1419 2476; x_wconf 76' lang='lat' dir='ltr'>vel</span> <span class='ocrx_word' id='word_1_447' title='bbox 1452 2442 1580 2475; x_wconf 89' lang='lat' dir='ltr'>alterius</span> <span class='ocrx_word' id='word_1_448' title='bbox 1612 2442 1754 2483; x_wconf 89' lang='lat' dir='ltr'>Ordinis,</span> <span class='ocrx_word' id='word_1_449' title='bbox 1783 2441 1942 2485; x_wconf 81' lang='lat' dir='ltr'>regulari,</span> 
     </span>
    </p>
   </div>
   <div class='ocr_carea' id='block_1_8' title="bbox 430 2494 1943 2599">
    <p class='ocr_par' dir='ltr' id='par_1_17' title="bbox 430 2494 1943 2599">
     <span class='ocr_line' id='line_1_89' title="bbox 430 2494 1942 2545; baseline -0.005 -10"><span class='ocrx_word' id='word_1_450' title='bbox 430 2503 595 2545; x_wconf 77' lang='lat' dir='ltr'>diligenter</span> <span class='ocrx_word' id='word_1_451' title='bbox 609 2502 814 2535; x_wconf 88' lang='lat' dir='ltr'>instruantur.</span> <span class='ocrx_word' id='word_1_452' title='bbox 828 2502 864 2535; x_wconf 89' lang='lat' dir='ltr'>Et</span> <span class='ocrx_word' id='word_1_453' title='bbox 874 2501 946 2545; x_wconf 90' lang='lat' dir='ltr'>quia</span> <span class='ocrx_word' id='word_1_454' title='bbox 960 2499 1166 2545; x_wconf 85' lang='lat' dir='ltr'>quarumdam</span> <span class='ocrx_word' id='word_1_455' title='bbox 1183 2494 1185 2514; x_wconf 85' lang='lat'><strong>¹</strong></span> <span class='ocrx_word' id='word_1_456' title='bbox 1201 2499 1294 2532; x_wconf 85' lang='lat' dir='ltr'>etiam</span> <span class='ocrx_word' id='word_1_457' title='bbox 1320 2502 1491 2531; x_wconf 88' lang='lat' dir='ltr'>conventus</span> <span class='ocrx_word' id='word_1_458' title='bbox 1524 2501 1553 2529; x_wconf 89' lang='lat' dir='ltr'>et</span> <span class='ocrx_word' id='word_1_459' title='bbox 1584 2495 1766 2529; x_wconf 88' lang='lat' dir='ltr'>monasterii</span> <span class='ocrx_word' id='word_1_460' title='bbox 1800 2495 1942 2535; x_wconf 85' lang='lat' dir='ltr'>officiali,</span> 
     </span>
     <span class='ocr_line' id='line_1_90' title="bbox 430 2550 1943 2599; baseline -0.005 -10"><span class='ocrx_word' id='word_1_461' title='bbox 430 2556 619 2599; x_wconf 73' lang='lat' dir='ltr'>religionum</span> <span class='ocrx_word' id='word_1_462' title='bbox 637 2556 734 2588; x_wconf 89' lang='lat' dir='ltr'>moris</span> <span class='ocrx_word' id='word_1_463' title='bbox 748 2561 794 2588; x_wconf 87' lang='lat' dir='ltr'>est</span> <span class='ocrx_word' id='word_1_464' title='bbox 813 2555 929 2588; x_wconf 88' lang='lat' dir='ltr'>nedum</span> <span class='ocrx_word' id='word_1_465' title='bbox 947 2564 1114 2588; x_wconf 87' lang='lat' dir='ltr'>conversos</span> <span class='ocrx_word' id='word_1_466' title='bbox 1130 2553 1168 2585; x_wconf 88' lang='lat' dir='ltr'>ad</span> <span class='ocrx_word' id='word_1_467' title='bbox 1203 2554 1266 2586; x_wconf 91' lang='lat' dir='ltr'>ullo</span> <span class='ocrx_word' id='word_1_468' title='bbox 1279 2563 1418 2596; x_wconf 88' lang='lat' dir='ltr'>unquam</span> <span class='ocrx_word' id='word_1_469' title='bbox 1433 2556 1574 2596; x_wconf 87' lang='lat' dir='ltr'>tempore</span> <span class='ocrx_word' id='word_1_470' title='bbox 1587 2551 1644 2584; x_wconf 89' lang='lat' dir='ltr'>sub</span> <span class='ocrx_word' id='word_1_471' title='bbox 1658 2550 1768 2595; x_wconf 88' lang='lat' dir='ltr'>quovis</span> <span class='ocrx_word' id='word_1_472' title='bbox 1779 2553 1943 2594; x_wconf 86' lang='lat' dir='ltr'>praetextu</span> 
     </span>
    </p>
   </div>
   <div class='ocr_carea' id='block_1_9' title="bbox 465 2602 1944 2662">
    <p class='ocr_par' dir='ltr' id='par_1_18' title="bbox 465 2602 1944 2662">
     <span class='ocr_line' id='line_1_91' title="bbox 465 2602 1944 2662; baseline -0.005 -8"><span class='ocrx_word' id='word_1_473' title='bbox 465 2628 479 2654; x_wconf 81' lang='lat'><strong>1</strong></span> <span class='ocrx_word' id='word_1_474' title='bbox 497 2626 552 2653; x_wconf 75' lang='lat' dir='ltr'>noc</span> <span class='ocrx_word' id='word_1_475' title='bbox 571 2627 712 2654; x_wconf 86' lang='lat' dir='ltr'>decretum</span> <span class='ocrx_word' id='word_1_476' title='bbox 732 2630 773 2654; x_wconf 86' lang='lat' dir='ltr'>est</span> <span class='ocrx_word' id='word_1_477' title='bbox 792 2626 864 2662; x_wconf 89' lang='lat' dir='ltr'>quod</span> <span class='ocrx_word' id='word_1_478' title='bbox 884 2625 1023 2662; x_wconf 83' lang='lat' dir='ltr'>praecedit</span> <span class='ocrx_word' id='word_1_479' title='bbox 1037 2633 1098 2662; x_wconf 83' lang='lat' dir='ltr'>pag.</span> <span class='ocrx_word' id='word_1_480' title='bbox 1119 2624 1170 2652; x_wconf 77' lang='lat'>214</span> <span class='ocrx_word' id='word_1_481' title='bbox 1203 2607 1304 2640; x_wconf 64' lang='lat' dir='ltr'>adiffls</span> <span class='ocrx_word' id='word_1_482' title='bbox 1319 2611 1432 2651; x_wconf 58' lang='lat' dir='ltr'>pateat&gt;</span> <span class='ocrx_word' id='word_1_483' title='bbox 1452 2610 1673 2650; x_wconf 56' lang='lat' dir='ltr'>praeterquam</span> <span class='ocrx_word' id='word_1_484' title='bbox 1688 2603 1851 2647; x_wconf 61' lang='lat' dir='ltr'>magisu&#39;Q</span> <span class='ocrx_word' id='word_1_485' title='bbox 1865 2602 1944 2636; x_wconf 67' lang='lat' dir='ltr'>eius&#39;</span> 
     </span>
    </p>
   </div>
   <div class='ocr_carea' id='block_1_10' title="bbox 433 2673 527 2707">
    <p class='ocr_par' dir='ltr' id='par_1_19' title="bbox 433 2673 527 2707">
     <span class='ocr_line' id='line_1_92' title="bbox 433 2673 527 2707; baseline 0 -8"><span class='ocrx_word' id='word_1_486' title='bbox 433 2673 468 2707; x_wconf 67' lang='grc' dir='ltr'>(ιι.</span> <span class='ocrx_word' id='word_1_487' title='bbox 480 2673 527 2706; x_wconf 84' lang='grc' dir='ltr'>τ.).</span> 
     </span>
    </p>
   </div>
   <div class='ocr_carea' id='block_1_11' title="bbox 1204 2657 1944 2706">
    <p class='ocr_par' dir='ltr' id='par_1_20' title="bbox 1204 2657 1944 2706">
     <span class='ocr_line' id='line_1_93' title="bbox 1204 2657 1944 2706; baseline -0.008 -11"><span class='ocrx_word' id='word_1_488' title='bbox 1204 2671 1265 2706; x_wconf 92' lang='lat' dir='ltr'>que</span> <span class='ocrx_word' id='word_1_489' title='bbox 1289 2660 1386 2702; x_wconf 89' lang='lat' dir='ltr'>socio,</span> <span class='ocrx_word' id='word_1_490' title='bbox 1411 2670 1447 2694; x_wconf 88' lang='lat' dir='ltr'>ac</span> <span class='ocrx_word' id='word_1_491' title='bbox 1472 2659 1565 2693; x_wconf 85' lang='lat' dir='ltr'>etiam</span> <span class='ocrx_word' id='word_1_492' title='bbox 1590 2657 1772 2692; x_wconf 90' lang='lat' dir='ltr'>monasterii</span> <span class='ocrx_word' id='word_1_493' title='bbox 1797 2661 1849 2690; x_wconf 87' lang='lat' dir='ltr'>aut</span> <span class='ocrx_word' id='word_1_494' title='bbox 1874 2666 1944 2690; x_wconf 90' lang='lat' dir='ltr'>con-</span> 
     </span>
    </p>
   </div>
   <div class='ocr_carea' id='block_1_12' title="bbox 1942 265 2124 294">
    <p class='ocr_par' dir='ltr' id='par_1_21' title="bbox 1942 265 2124 294">
     <span class='ocr_line' id='line_1_94' title="bbox 1942 265 2124 294; baseline 0.011 -2"><span class='ocrx_word' id='word_1_495' title='bbox 1942 265 1992 293; x_wconf 80' lang='lat' dir='ltr'>An.</span> <span class='ocrx_word' id='word_1_496' title='bbox 2005 265 2032 293; x_wconf 91' lang='lat' dir='ltr'>C.</span> <span class='ocrx_word' id='word_1_497' title='bbox 2056 266 2124 294; x_wconf 70' lang='lat'>¹62⁴</span> 
     </span>
    </p>
   </div>
   <div class='ocr_carea' id='block_1_13' title="bbox 1946 594 2131 670">
    <p class='ocr_par' dir='ltr' id='par_1_22' title="bbox 1946 594 2131 670">
     <span class='ocr_line' id='line_1_95' title="bbox 1973 594 2131 620; baseline 0 -5"><span class='ocrx_word' id='word_1_498' title='bbox 1973 594 2081 615; x_wconf 78' lang='lat' dir='ltr'>Confessio</span> <span class='ocrx_word' id='word_1_499' title='bbox 2096 600 2131 620; x_wconf 68' lang='lat' dir='ltr'>ge-</span> 
     </span>
     <span class='ocr_line' id='line_1_96' title="bbox 1946 621 2131 647; baseline 0.005 -6"><span class='ocrx_word' id='word_1_500' title='bbox 1946 621 2024 642; x_wconf 78' lang='lat' dir='ltr'>neralis</span> <span class='ocrx_word' id='word_1_501' title='bbox 2032 624 2131 647; x_wconf 77' lang='lat' dir='ltr'>praemit-</span> 
     </span>
     <span class='ocr_line' id='line_1_97' title="bbox 1947 648 2017 670; baseline 0.029 -2"><span class='ocrx_word' id='word_1_502' title='bbox 1947 648 2017 670; x_wconf 75' lang='lat' dir='ltr'>tenda.</span> 
     </span>
    </p>
   </div>
   <div class='ocr_carea' id='block_1_14' title="bbox 1948 859 2132 908">
    <p class='ocr_par' dir='ltr' id='par_1_23' title="bbox 1948 859 2132 908">
     <span class='ocr_line' id='line_1_98' title="bbox 2014 859 2132 880; baseline 0 0"><span class='ocrx_word' id='word_1_503' title='bbox 2014 859 2132 880; x_wconf 75' lang='lat' dir='ltr'>Novitiatos</span> 
     </span>
     <span class='ocr_line' id='line_1_99' title="bbox 1948 885 2078 908; baseline 0 -2"><span class='ocrx_word' id='word_1_504' title='bbox 1948 886 1988 907; x_wconf 82' lang='lat' dir='ltr'>loci</span> <span class='ocrx_word' id='word_1_505' title='bbox 2005 885 2078 908; x_wconf 80' lang='lat' dir='ltr'>forma.</span> 
     </span>
    </p>
   </div>
  </div>
 </body>
</html>
