2269 3235
139 230 191 257 An.
207 229 237 256 C.
253 227 322 255 1626

161 1034 277 1057 tudunum.
292 1034 318 1054 de

134 1066 175 1087 quo
191 1061 211 1081 iu
227 1061 318 1082 rubrica.

149 2253 263 2283 Dcrugatio
272 2260 318 2275 con-

135 2282 255 2302 uariorum.

171 2413 234 2434 Fides
249 2414 319 2435 danda

135 2442 277 2467 transumptis.

942 228 1084 252 URBANUS
1109 228 1165 252 VIII
1189 228 1236 251 Pr.

335 275 488 308 virtutum
513 279 544 308 et
575 276 749 319 gratiarum
782 286 817 309 ae
848 275 1073 309 miraculorum

335 327 424 361 donis
453 338 470 361 a
494 328 628 362 Domino
660 329 811 363 illustrata
841 329 906 362 suit.
932 330 1074 372 Quapro-

334 386 406 425 pter
430 381 647 415 Ferdinandus
672 393 804 425 magnus
829 382 902 422 dux,
927 386 957 414 01
980 381 1074 414 illaria

335 434 515 477 Magdalena
532 435 745 468 arcliiducissa
768 445 889 468 necnon
910 434 1074 475 Christiua,

334 498 466 531 magnae
491 488 634 521 ducissae
659 488 785 531 viduae,
812 498 847 520 ac
871 488 1022 531 priorissa
1047 492 1075 521 et

334 541 487 574 moniales
510 542 688 586 praedictae
712 541 804 574 nobis
828 541 990 574 humiliter
1006 552 1076 585 sup-

334 594 444 637 plicari
468 595 618 636 fecerunt,
643 599 686 635 ut,
709 594 807 627 donec
832 594 1075 627 canonizationis

334 647 437 681 honor
461 647 561 681 dictae
584 647 715 680 ancillae
739 647 793 680 Dei
818 647 932 680 Mariae
954 647 1076 690 Magda-

335 700 422 733 lenae
446 700 486 734 ob
511 700 577 733 eius
613 700 795 733 excellentia
825 700 937 732 merita
970 700 1074 733 divina

334 754 493 798 aspirante
517 753 619 796 gratia
649 753 688 785 ab
712 754 894 797 Apostolica
918 754 997 788 Sede
1021 754 1075 787 de-

334 810 490 847 cernatur,
504 806 612 839 eadem
633 805 745 839 ancilla
761 806 815 839 Dei
841 807 935 839 Maria
955 807 1076 850 Magda-

333 861 402 892 lena
424 860 516 893 Beata
540 860 734 904 nuncupari,
760 866 853 904 atque
878 861 1017 893 ossicium
1045 866 1074 893 ct

334 914 429 947 missa
453 913 491 947 de
515 915 551 947 ea
575 919 609 946 ut
630 914 711 946 infra
728 914 855 948 recitari
872 920 899 947 et
921 914 1074 948 celebrari

334 967 441 1011 possit.
681 960 684 961 ⁷

378 1021 393 1064 ἓ
418 1020 446 1053 9,.
472 1020 574 1060 Quare
597 1030 670 1061 nos,
696 1031 731 1054 rc
755 1020 844 1064 prius
868 1032 924 1065 per
949 1031 1076 1054 venera-

333 1073 413 1106 biles
437 1074 551 1107 fratres
575 1079 700 1107 nostros
724 1074 753 1108 S.
780 1075 813 1107 R.
843 1075 874 1107 E.
901 1074 1075 1108 cardinales

334 1126 431 1160 saeris
444 1127 558 1160 ritibus
575 1128 781 1171 praepositos,
795 1127 909 1171 quibus
925 1138 993 1161 eam
1008 1139 1076 1161 exa—

334 1180 514 1213 minandam
538 1180 765 1221 mandavimus,
783 1186 905 1214 mature
924 1181 1074 1223 discussa,

334 1233 373 1265 de
398 1233 584 1266 eorumdem
610 1233 817 1266 cardinalium
843 1234 992 1275 consilio,
1017 1235 1075 1267 liu-

333 1286 469 1320 iusmodi
490 1286 770 1330 supplicationibus
791 1287 940 1328 inclinati,
960 1293 994 1321 ut
1007 1289 1075 1332 ipsa

332 1340 444 1373 aneilla
467 1340 522 1373 Dei
545 1340 641 1372 Maria
665 1340 846 1383 Magdalena
863 1341 894 1373 in
912 1346 1074 1385 posterum

333 1394 425 1427 Beata
444 1394 631 1438 nuncupari,
652 1394 854 1437 officiumque
872 1399 901 1427 et
926 1395 1020 1428 missa
1037 1396 1075 1428 de

332 1449 370 1480 ea
393 1452 554 1491 tamquam
585 1447 624 1480 de
656 1448 815 1481 communi
848 1449 983 1491 Yirginis
1012 1460 1075 1482 non

335 1502 479 1546 Martyris
504 1502 589 1536 iuxta
612 1502 755 1535 rubricas
780 1504 914 1536 missalis
939 1509 969 1536 et
996 1504 1073 1537 brc-

334 1555 423 1588 viarii
448 1555 571 1588 romani
597 1555 629 1587 in
654 1556 800 1588 omnibus
825 1561 854 1589 et
879 1556 1011 1599 singulis
1036 1558 1076 1590 01-

336 1609 438 1642 vitatis
462 1608 661 1642 Florentinae
683 1609 832 1654 ecelesiis,
847 1614 877 1642 et
892 1610 942 1642 bic
960 1611 1075 1643 Itomae

331 1672 393 1706 pro
418 1661 576 1705 praesenti
601 1672 682 1695 anno
703 1662 863 1695 dumtaxat
887 1662 918 1694 in
943 1664 1074 1696 ecclesia

332 1715 361 1749 S.
387 1715 511 1749 Ioannis
535 1716 691 1759 Baptistae
722 1716 856 1749 nationis
881 1716 1075 1749 Florentino-

332 1780 413 1810 rum,
430 1769 463 1801 in
480 1779 541 1812 qua
560 1769 800 1802 beatificationis
824 1769 1006 1803 huiusmodi
1026 1781 1075 1803 so-

331 1822 477 1856 lemnitas
495 1822 714 1863 celebrabitur,
732 1822 763 1854 in
781 1822 919 1856 eiusdem
945 1823 1075 1856 ancillae

332 1876 386 1909 Dei
410 1876 524 1909 Mariae
556 1876 755 1920 Magdalenae
786 1877 910 1918 obitus,
935 1887 991 1910 seu
1015 1878 1075 1910 alia

333 1929 536 1973 subsequenti
552 1939 615 1962 non
632 1929 783 1973 impedita
803 1930 862 1971 die,
880 1941 897 1962 a
914 1931 1075 1974 quibusvis
1091 1943 1093 1951 ⁸

333 1983 455 2017 clericis
490 1988 520 2016 et
554 1983 749 2027 presbyteris
782 1988 844 2016 tam
881 1985 1075 2017 secularibus

332 2046 426 2080 quam
451 2036 651 2079 regularibus
667 2036 794 2069 recitari
812 2041 841 2069 et
858 2037 1011 2070 celebrari
1029 2048 1075 2070 re-

332 2089 469 2133 spective
492 2089 593 2133 possit
609 2094 639 2122 et
657 2091 764 2132 valeat,
783 2090 954 2134 apostolica
973 2095 1075 2125 aucto-

332 2142 432 2184 ritate,
449 2147 558 2175 tenore
578 2143 802 2186 praesentium,
827 2149 980 2187 perpetuo
1005 2156 1075 2178 con-

333 2195 474 2229 cedimus
497 2201 527 2229 et
547 2195 756 2239 indulgemus.

378 2249 393 2292 ἓ
416 2248 446 2282 3.
470 2250 539 2283 Non
571 2249 765 2283 obstantibus
798 2250 1074 2285 constitutionibus

335 2306 365 2334 et
389 2302 638 2336 ordinationibus
669 2304 870 2347 apostolicis,
900 2306 1073 2350 ceterisque

335 2356 500 2390 contrariis
520 2357 779 2402 quibuscumque.

378 2409 394 2452 g
417 2408 447 2441 4.
472 2409 622 2443 Volumus
653 2415 776 2452 autem,
802 2417 835 2444 ut
859 2413 1073 2456 praesentium

334 2462 547 2506 transumptis,
561 2474 655 2496 manu
672 2465 804 2499 alicuius
825 2467 939 2499 notarii
956 2467 1074 2511 publici

334 2515 527 2560 subsc1·iptiS‚
542 2522 572 2549 et
587 2517 689 2560 sigillo
706 2529 858 2562 personae
876 2519 907 2552 in
924 2520 1074 2563 dignitate

334 2569 545 2603 ecclesiastica
565 2570 749 2605 constitutae
767 2573 905 2615 munitis,
923 2573 1031 2606 eadem
1044 2585 1075 2607 11-

333 2623 430 2667 bique
453 2623 530 2656 sides
553 2623 748 2666 adhibeatur,
773 2637 852 2670 quae
880 2627 958 2671 ipsis
981 2638 1073 2671 prae-

415 2685 495 2714 Bull.
515 2686 599 2714 Rom.
621 2702 654 2707 -
672 2687 731 2715 Vol.
748 2688 831 2716 XIII.
995 2689 1030 2716 58

1109 275 1248 308 sentibus
1273 275 1486 317 adhiberetur,
1513 274 1537 308 si
1564 274 1666 308 forent
1694 274 1850 309 exhibitae

1110 330 1155 362 rel
1181 335 1331 366 ostensae.

1154 383 1264 415 Datum
1291 383 1417 423 Romae,
1445 383 1528 427 apud
1553 383 1581 415 S.
1607 382 1735 416 Mariam
1761 381 1851 414 Maio—

1110 446 1187 477 rem,
1213 436 1271 468 sul)
1296 437 1411 470 annulo
1429 437 1606 477 Piscatoris,
1624 436 1673 469 (lie
1699 446 1753 469 vni
1776 435 1848 468 maii

1110 499 1261 530 tincxxri,
1276 491 1475 533 pontificatus
1496 491 1593 523 nostri
1619 500 1700 523 anno
1718 500 1760 523 111.

1145 550 1204 577 Dat.
1222 550 1265 577 die
1280 551 1297 577 8
1312 551 1373 577 maii
1396 551 1477 586 1626,
1499 552 1593 587 pontis.
1613 561 1683 579 anno
1704 559 1743 579 111,

1412 693 1534 727 CXCIII.

1110 772 1322 815 Confirmatio
1337 773 1546 806 resolutionis
1559 774 1779 817 quorumdcwn
1796 776 1851 808 du-

1154 826 1282 858 biorum
1307 827 1393 859 circa
1418 837 1460 866 XI,
1485 837 1550 859 xvu
1574 837 1698 860 necnon
1716 838 1782 861 xxn
1802 840 1852 861 ca-

1151 880 1224 922 pita
1247 891 1320 913 sess
1345 890 1406 913 xxv
1427 881 1469 913 Dc
1487 881 1695 923 Regularibus
1715 882 1853 916 Concilii

1157 933 1343 967 Tridentini
1352 945 1411 977 per
1424 945 1550 967 sacram
1565 935 1853 978 Conqreqotz'onem

1154 988 1257 1029 stinctae
1274 998 1334 1031 pro
1352 988 1590 1032 archiepiscopo
1611 988 1790 1022 Manilensi
1816 989 1852 1022 in

1152 1040 1286 1074 bediis&

1313 1121 1449 1149 Urbanus
1471 1122 1549 1156 Papa
1568 1123 1646 1156 VIII,

1253 1165 1289 1192 ad
1309 1165 1441 1194 futuram
1461 1166 1504 1194 rei
1524 1167 1704 1195 memoriam.

1153 1236 1167 1279 ἓ
1189 1236 1213 1268 l.
1232 1236 1351 1280 Exponi
1368 1237 1459 1269 nobis
1476 1248 1579 1281 nuper
1596 1238 1666 1271 fecit
1688 1239 1851 1272 venerabi-

1109 1289 1145 1322 lis
1162 1289 1258 1322 frater
1278 1281 1534 1335 archiepiscopus
1555 1292 1741 1335 ManilensiS,
1756 1293 1851 1336 quod,

1109 1342 1215 1376 habito
1246 1353 1304 1386 per
1339 1354 1410 1376 eum
1440 1344 1478 1376 ad
1514 1345 1709 1378 venerabiles
1739 1346 1852 1379 fratres

1108 1401 1233 1430 nostros
1258 1402 1382 1430 sanctae
1403 1398 1561 1431 Romanae
1579 1399 1737 1432 Ecclesiae
1754 1400 1852 1432 cardi-

1109 1449 1194 1482 nales
1215 1450 1295 1483 sacri
1321 1451 1450 1483 Concilii
1472 1451 1645 1484 Tridentini
1663 1453 1851 1497 interpretes

1110 1512 1206 1546 super
1226 1502 1436 1547 infrascriptis
1453 1504 1555 1537 dubiis
1576 1516 1725 1538 recursu:

1153 1555 1260 1589 Primo
1278 1556 1437 1599 videlicet,
1458 1568 1497 1590 an
1514 1558 1699 1599 iurisdictio,
1717 1559 1851 1593 visitatio

1110 1612 1139 1640 et
1163 1609 1319 1642 eorrectio
1344 1610 1375 1642 in
1401 1621 1466 1654 cap.
1492 1621 1524 1644 XI
1549 1612 1595 1644 De
1618 1612 1848 1656 Regynlaribn&

1109 1670 1183 1693 sess.
1202 1671 1276 1702 xxv,
1295 1662 1454 1706 episcopis
1469 1663 1585 1697 tributa
1598 1674 1692 1707 super
1704 1665 1852 1708 parochis

1109 1715 1318 1758 regularibus,
1332 1716 1526 1759 intelligatur
1547 1718 1667 1758 eadem,
1685 1729 1779 1762 quam
1799 1729 1852 1752 su-

1108 1780 1165 1812 per
1182 1769 1328 1813 parochis
1346 1771 1543 1803 secularibus
1567 1771 1703 1812 liabent,
1729 1777 1758 1804 et
1782 1772 1852 1806 ideo

1109 1823 1133 1855 si
1151 1823 1251 1856 dictos
1267 1824 1423 1867 parochos
1439 1825 1601 1867 regulares
1615 1825 1783 1869 episcopus
1796 1836 1852 1869 po-

1110 1876 1182 1909 terit
1207 1878 1414 1921 compellere,
1440 1888 1480 1910 ne
1504 1878 1655 1911 excedant
1686 1883 1789 1911 [axam
1814 1879 1852 1911 ab

1109 1930 1177 1973 ipso
1198 1930 1310 1963 factam
1327 1942 1422 1975 super
1439 1932 1660 1965 emolumentis
1684 1931 1854 1976 baptisma-

1109 1988 1186 2024 tum,
1209 1984 1497 2025 matrimoniorum,
1523 1985 1712 2018 funeralium
1731 1991 1759 2018 et
1776 1986 1852 2019 alio<

1109 2048 1190 2077 rum,
1216 2037 1336 2071 etiamsi
1361 2038 1400 2071 ad
1424 2038 1483 2072 hoc
1507 2039 1666 2072 licentiam
1685 2039 1722 2071 ab
1741 2050 1851 2072 eorum

1109 2091 1546 2135 superioribusregularibus
1561 2093 1607 2126 rel
1621 2092 1764 2136 capitulis
1777 2104 1851 2136 pro-

1109 2143 1293 2177 vincialibus
1311 2145 1463 2178 habeant:

1153 2197 1312 2240 Secundo,
1345 2210 1417 2231 011111
1448 2199 1566 2232 dietum
1593 2200 1762 2233 concilium
1794 2211 1848 2233 ca-

1108 2251 1170 2294 pite
1196 2262 1262 2285 xvn
1294 2253 1339 2285 De
1366 2253 1588 2297 Reslntaribus
1613 2253 1754 2285 eiusdem
1780 2264 1847 2286 ses-

1109 2306 1204 2339 sionis
1229 2306 1386 2348 decernat,
1413 2312 1447 2339 ut
1471 2307 1640 2351 episeopus
1664 2307 1712 2340 bis
1737 2308 1852 2341 exami-

1108 2365 1180 2401 net,
1207 2370 1287 2404 quae
1314 2360 1466 2393 moniales
1490 2360 1559 2393 sieri
1586 2361 1714 2401 volunt,
1745 2361 1851 2405 primo

1116 2413 1251 2454 scilicet,
1276 2414 1400 2457 quando
1424 2414 1566 2447 habitum
1591 2414 1781 2459 suscipiunt,
1808 2426 1854 2449 se-

1109 2467 1211 2500 cundo
1231 2478 1316 2508 vero,
1335 2471 1476 2512 tempore
1492 2468 1707 2512 professionis,
1729 2479 1767 2501 an
1792 2469 1852 2502 hoc

1109 2521 1202 2555 etiam
1226 2521 1419 2565 intelligatur
1442 2522 1474 2554 in
1497 2522 1696 2556 monasteriis
1713 2523 1853 2567 superio-

1146 2637 1157 2663 1
1176 2636 1214 2663 Ex
1229 2636 1336 2671 Regest.
1353 2636 1380 2663 in
1396 2636 1496 2664 Secret.
1514 2636 1591 2664 Brev.

1753 217 1817 251 457
1865 228 1912 254 Au.
1930 227 1958 254 C,
1981 227 2048 255 ¹626

1893 1566 1963 1587 Dubia
1976 1566 2002 1586 ab
2018 1572 2051 1587 ar-

1867 1593 2052 1618 ctuopiscopoMa·

1867 1620 1945 1641 Dtlt'nsi
1973 1625 2050 1647 propo-

1867 1647 1916 1668 sita.
