2269 3235
229 249 278 276 An.
301 248 328 275 (1.
354 248 419 276 ieet
464 240 530 273 ΞΜ

228 316 264 330 nes
301 311 412 331 musicales

229 339 276 363 typo
292 337 388 358 citantur,

260 1746 297 1776 Yet
314 1746 399 1767 scholae

216 1779 309 1802 musicae
350 1778 399 1799 ape-

216 1802 301 1820 uantur.

240 2385 324 2405 Gratias
335 2385 395 2410 spiri-

213 2413 279 2431 tuales
287 2412 396 2431 confi-‹itii-

213 2437 251 2458 bus
266 2439 371 2459 concedit.

428 297 490 341 qui,
509 297 612 338 nullis,
638 297 683 330 rel
709 298 815 331 saltem
841 297 1066 340 incompositis,
1089 298 1165 330 artis

429 351 565 383 musicae
600 350 779 383 huiusmodi
814 350 923 383 studiis
955 355 1007 383 aut
1042 350 1164 393 legibus

428 405 567 446 servatis,
593 405 715 448 publice
741 404 819 447 typis
844 404 1007 437 mandare‘
1026 415 1089 437 non
1113 415 1164 438 ve-

428 463 545 497 rentur,
563 458 709 490 omnibus
733 462 761 491 et
787 458 917 501 singulis
936 458 1101 502 utriusque
1119 469 1164 492 se-

428 523 483 543 xus
496 511 760 552 christifidelibus,
770 516 798 545 et
811 513 995 555 praesertim
1008 512 1161 545 librorum

426 563 670 607 impressoribus
689 569 718 598 et
735 565 925 609 bibliopolis,
940 566 997 598 sub
1014 566 1164 610 quingen—

427 622 529 649 torum
562 617 747 651 ducatorum
773 619 840 651 auri
866 618 903 651 dc
934 621 1078 661 camera,
1104 630 1161 663 pro

425 671 487 702 una
513 681 656 704 camerae
680 677 805 704 nostrae
829 672 1029 716 apostolicae,
1049 683 1084 705 ac
1103 683 1161 716 pro

424 723 484 755 alia
510 724 611 757 eidem
637 725 895 766 confraternitati,
912 736 948 759 ac
964 736 1022 769 pro
1039 725 1161 769 reliqua

424 776 522 810 tertiis
548 778 691 821 partibus
716 779 889 812 accusatori
915 784 945 811 et
969 778 1064 811 iudici
1088 789 1160 812 exe-

423 830 529 873 quenti
552 830 811 864 irremissibiliter
835 832 1105 875 applicandorum,
1124 842 1160 864 eo

422 882 499 926 ipso,
518 883 635 927 absque
652 885 715 917 ulla
733 885 953 926 declaratione,
971 884 1160 917 incurrenda

421 939 538 979 poena,
567 947 606 969 nc
630 937 668 969 dc
693 942 797 971 cetero
826 938 856 969 in
887 937 969 970 Urbe
997 948 1161 980 quascum-

421 1000 482 1032 que
499 995 561 1021 tam
579 990 726 1033 proprias
742 1001 835 1033 quam
858 990 974 1023 alienas
994 990 1160 1034 musicales

421 1043 665 1085 compositiones
685 1048 715 1075 et
739 1049 886 1076 moctetta
906 1044 1043 1076 cuiusvis
1070 1054 1171 1087 gene-s

420 1095 463 1128 ris
488 1101 517 1128 et
541 1096 657 1139 speciei
681 1096 854 1137 existentia,
879 1097 941 1130 iam
966 1108 1023 1140 per
1046 1098 1161 1140 quosli-

419 1148 472 1181 bet
496 1148 635 1181 eiusdem
664 1149 739 1182 artis
770 1149 887 1193 peritos
912 1150 1105 1194 composita,
1131 1155 1160 1185 et

419 1200 456 1233 de
470 1205 574 1234 cetero
589 1202 806 1245 componenda
819 1206 848 1236 et
861 1203 1084 1246 imprimenda,
1096 1204 1159 1236 sive

418 1253 457 1286 ad
474 1254 572 1297 ipsam
591 1255 706 1288 Urbem
724 1256 762 1288 ad
779 1256 924 1289 effectum
942 1257 1159 1300 impressionis

419 1308 665 1351 transmittenda,
676 1310 795 1353 absque
805 1310 931 1353 speciali
942 1316 1158 1344 correctorum

418 1371 473 1393 seu
497 1362 674 1395 revisorum
693 1363 732 1395 ab
753 1363 820 1407 ipsa
837 1363 1092 1397 confraternitate
1110 1365 1159 1398 de-

417 1420 598 1459 putatorum
625 1417 750 1451 licentia
774 1417 805 1449 in
830 1418 956 1462 scriptis
978 1418 1157 1459 obtinenda,

417 1479 496 1512 quae
521 1475 626 1503 tamen
650 1470 748 1513 gratis
765 1471 895 1504 concedi
912 1471 1032 1513 debeat,
1050 1472 1158 1516 impri-

417 1533 514 1563 mere,
539 1528 591 1556 aut
615 1523 654 1555 ab
679 1524 739 1557 alio
755 1525 802 1556 vel
820 1525 888 1557 aliis
913 1524 1068 1568 impressa
1084 1535 1157 1558 ven-

416 1576 491 1609 dere
515 1587 570 1609 seu
594 1577 714 1609 venalia
746 1577 879 1619 habere,
905 1578 953 1611 vel
977 1589 1157 1622 proponere

416 1640 544 1673 quoquo
569 1630 663 1663 modo
688 1630 800 1663 audeat
825 1641 878 1663 seu
904 1638 1094 1675 praesumat,
1112 1632 1158 1664 in-

416 1682 599 1716 terdicimus
619 1687 649 1717 et
672 1683 887 1726 prohibemus.

460 1736 475 1779 ξ,
500 1736 527 1769 7.
553 1737 599 1769 Ad
623 1737 700 1769 haec
717 1738 762 1780 (ut
780 1737 818 1769 ad
836 1738 978 1781 publicas
997 1739 1073 1771 artis
1091 1750 1156 1772 mu-

415 1788 496 1821 sicae
526 1789 707 1822 lmiusmodi
738 1791 860 1823 scholas
892 1791 923 1823 in
958 1791 1041 1824 dicta
1071 1792 1154 1825 Urbe

414 1842 599 1885 aperiendas
622 1843 758 1886 imperiti
784 1844 961 1877 nullatenus
992 1844 1155 1877 admittan-

414 1895 478 1938 tur)
499 1895 598 1929 dictae
616 1896 872 1937 confraternitati,
889 1897 972 1940 quod
990 1897 1028 1930 de
1048 1904 1153 1931 cetero

413 1958 523 1981 omnes
548 1954 578 1981 et
602 1949 729 1992 singuli,
755 1949 819 1982 sive
843 1950 949 1983 clerici
975 1951 1039 1984 sive
1066 1952 1152 1993 laici,

412 2002 488 2035 artis
508 2002 646 2036 musicae
667 2003 848 2037 huiusmodi
872 2004 996 2037 scholas
1020 2004 1050 2036 in
1072 2005 1153 2039 dicta

413 2053 495 2088 Urbe
519 2057 652 2100 aperire,
674 2057 705 2089 in
722 2057 830 2101 eisque
850 2058 974 2101 publice
1000 2059 1150 2092 musicam

411 2109 525 2143 docere
540 2111 687 2151 volentes,
702 2110 858 2159 licentiam
873 2111 911 2144 ab
924 2111 1043 2145 eisdem
1060 2112 1153 2156 depu-
1167 2114 1169 2138 ἒ

411 2163 482 2197 tatis
496 2164 527 2196 in
541 2164 666 2208 scriptis
676 2170 706 2197 et
719 2165 821 2207 sigillo
832 2165 971 2198 eiusdem
985 2166 1152 2200 confrater·
1167 2190 1169 2204 ;

411 2217 516 2250 nitatis
539 2218 702 2259 munitam,
727 2229 806 2262 quae
831 2220 928 2262 gratis
949 2220 1150 2261 concedatur,

411 2276 518 2313 petere
539 2277 569 2304 et
593 2271 734 2305 obtinere
743 2272 764 2313 ⁴²,
785 2273 970 2307 auctoritate
994 2279 1023 2306 et
1040 2279 1149 2307 tenore

412 2325 636 2367 praesentium,
654 2325 856 2359 concedimus
883 2330 913 2359 et
939 2326 1148 2370 indulgemus.

456 2379 470 2421 ἓ
495 2380 523 2410 8.
549 2379 722 2420 Postremo,
747 2385 780 2412 ut
804 2379 886 2413 dicta
909 2381 1150 2414 confraternitas

412 2433 532 2465 maiora
555 2433 587 2465 in
611 2433 676 2466 dies
701 2433 849 2477 suscipiat
873 2434 1083 2475 incrementa,
1111 2435 1149 2468 de

411 2486 635 2529 omnipotentis
659 2486 713 2519 Dei
738 2487 956 2521 misericordia
985 2498 1019 2521 ac
1048 2489 1151 2522 beato-

411 2550 479 2571 rum
507 2540 589 2572 Petri
614 2545 643 2573 et
667 2541 753 2573 Pauli
777 2542 994 2585 apostolorum
1011 2542 1078 2575 eius
1095 2552 1149 2575 au-

447 2611 457 2637 1
474 2610 651 2646 Subintellige
666 2613 882 2647 compositiones
897 2613 1049 2640 musicales
1060 2613 1147 2649 (nm).

444 2656 460 2682 '2
475 2655 567 2684 Subde
578 2658 691 2692 possint
707 2659 748 2685 vel
763 2658 881 2687 debeant
896 2659 935 2694 (n.
951 2658 998 2694 T.).

1011 250 1188 274 BULLARIUM
1213 249 1368 275 ROMANUM

1201 298 1343 332 ctoritate
1368 298 1488 338 confisi,
1502 297 1648 332 omnibus
1665 304 1696 332 et
1710 299 1842 343 singulis
1858 300 1940 334 chri·

1200 351 1404 392 stisidelibus,
1435 351 1488 395 qui
1511 351 1626 385 dictam
1651 352 1937 389 confraternitatem

1199 405 1406 448 imposterum
1432 404 1658 448 ingredientur,
1682 405 1732 439 die
1753 406 1856 450 primo
1884 417 1938 441 eo-

1199 469 1270 492 rum
1305 459 1485 502 ingressus,
1517 459 1542 492 si
1575 469 1649 492 vero
1681 460 1876 503 poenitentes
1906 466 1937 494 et

1198 512 1332 545 confessi
1356 512 1586 546 sanctissimum
1604 512 1819 546 Eucharistiae
1838 523 1938 547 sacra-

1197 570 1337 598 mentum
1362 565 1566 609 sumpserint,
1590 565 1782 610 plenariam;

1241 620 1256 663 ἓ
1280 618 1308 652 9.
1334 620 1462 654 Necnon
1485 630 1569 653 nunc
1586 624 1616 652 et
1638 630 1697 664 pro
1722 624 1864 664 tempore
1887 619 1937 653 de-

1197 673 1323 716 scriptis
1346 678 1377 706 et
1401 673 1617 707 describendis
1648 674 1679 706 in
1711 673 1794 706 dicta
1818 674 1937 707 confra-

1196 727 1340 760 ternitate
1360 727 1571 761 confratribus
1588 727 1619 760 in
1640 727 1806 761 cuiuslibet
1825 737 1937 761 eorum

1197 779 1306 812 mortis
1337 780 1488 821 articulo,
1521 781 1546 813 si
1576 790 1648 814 vere
1679 780 1876 824 poenitentes
1907 785 1938 813 et

1196 832 1340 873 confessi,
1353 843 1389 865 ac
1406 836 1494 867 sacra
1510 833 1733 867 communione
1746 833 1864 874 refecti,
1877 834 1935 875 vel,

1195 890 1348 927 quatenus
1365 885 1395 918 id
1408 885 1510 919 facere
1522 887 1729 930 nequiverint,
1743 887 1852 920 saltem
1866 897 1937 920 con-

1196 938 1260 970 triti
1283 948 1400 970 nomen
1423 938 1493 971 Iesu
1507 966 1514 979 ‚
1546 950 1601 972 ore
1633 940 1659 972 si
1682 940 1864 984 potuerint,
1889 940 1936 973 sin

1195 996 1299 1023 autem
1323 991 1418 1024 corde
1443 991 1554 1025 devote
1578 992 1811 1036 invocaverint,
1840 993 1935 1026 etiam

1195 1044 1387 1087 plenariam,
1702 1076 1706 1080 .

1239 1097 1254 1141 ἓ
1278 1096 1330 1130 10.
1354 1098 1399 1131 Ac
1418 1098 1535 1131 eisdem
1553 1108 1636 1132 nunc
1656 1103 1686 1132 et
1708 1110 1768 1143 pro
1791 1104 1936 1144 tempore

1195 1150 1401 1184 existentibus
1424 1151 1646 1193 confratribus,
1663 1152 1755 1186 etiam
1774 1163 1847 1186 vere
1865 1162 1936 1197 poe-

1194 1204 1363 1238 nitentibus
1393 1210 1422 1238 et
1452 1205 1622 1246 confessis,
1647 1216 1683 1239 ac
1707 1206 1816 1239 eadem
1846 1209 1935 1240 sacra

1195 1258 1416 1292 communione
1440 1258 1574 1299 refectis,
1591 1259 1644 1302 qui
1668 1259 1846 1303 praedictae
1864 1270 1936 1293 con-

1195 1311 1397 1344 fraternitatis
1414 1312 1589 1354 ecclesiam,
1607 1313 1655 1345 vel
1672 1313 1858 1356 cappellam,
1880 1323 1935 1346 seu

1194 1365 1369 1398 oratorium
1393 1365 1443 1398 die
1467 1366 1545 1399 sesto
1569 1365 1598 1399 S.
1623 1366 1774 1400 Caeciliae
1791 1367 1934 1411 aprimis

1193 1419 1333 1462 vesperis
1368 1430 1467 1462 usque
1501 1419 1540 1452 ad
1578 1430 1725 1453 occasum
1758 1420 1833 1453 solis
1865 1421 1934 1454 festi

1193 1472 1374 1505 huiusmodi
1394 1473 1525 1516 singulis
1549 1473 1639 1506 annis
1662 1473 1773 1507 devote
1793 1473 1934 1507 visitave-

1192 1526 1264 1566 rint,
1289 1530 1318 1560 et
1342 1526 1385 1559 ibi
1403 1537 1460 1570 pro
1480 1527 1726 1560 christianorum
1750 1527 1934 1571 principum

1192 1579 1372 1620 concordia,
1397 1580 1629 1613 haereticorum
1653 1581 1872 1624 extirpatione,
1897 1590 1934 1614 ac

1191 1638 1315 1665 sanctae
1339 1633 1444 1667 Matris
1468 1633 1625 1666 Ecclesiae
1643 1634 1845 1675 exaltatione,
1865 1634 1933 1678 pias

1190 1686 1228 1718 ad
1252 1686 1350 1719 Deum
1375 1697 1487 1730 preces
1508 1686 1686 1728 effuderint,
1703 1687 1878 1731 plenariam
1895 1688 1933 1721 si-

1189 1739 1306 1772 militer
1330 1740 1471 1773 omnium
1497 1745 1701 1783 peccatorum
1725 1751 1855 1774 suorum
1888 1741 1934 1773 in-

1189 1792 1382 1834 dulgentiam
1399 1797 1429 1826 et
1445 1793 1664 1826 remissionem
1680 1793 1933 1827 misericorditer

1188 1845 1219 1878 in
1243 1846 1376 1879 Domino
1401 1846 1603 1880 concedimus
1627 1851 1657 1879 et
1682 1847 1863 1890 elargimur.

1232 1898 1247 1941 ξ,
1269 1898 1319 1931 211.
1340 1899 1472 1942 Insuper
1490 1899 1581 1932 dictis
1598 1899 1818 1943 confratribus,
1837 1900 1932 1933 etiam

1188 1962 1260 1984 vere
1283 1952 1515 1995 poenitentibus
1535 1957 1565 1985 et
1590 1953 1756 1994 confessis,
1780 1963 1816 1986 ac
1841 1956 1932 1988 sacra

1187 2006 1411 2039 communione
1434 2006 1568 2046 refectiS,
1594 2006 1768 2048 ecclesiam,
1790 2007 1839 2040 vel
1859 2018 1932 2051 cap-

1185 2060 1312 2102 pellam,
1338 2070 1393 2093 seu
1418 2060 1594 2093 oratorium
1618 2060 1801 2093 huiusmodi
1826 2060 1859 2093 in
1884 2060 1931 2093 Vi<

1186 2112 1338 2145 sitationis
1363 2113 1472 2146 beatae
1496 2113 1610 2147 Mariae
1635 2113 1782 2157 Virginis,
1807 2124 1843 2147 ac
1863 2123 1930 2147 san-

1186 2171 1310 2199 ctorum
1334 2167 1529 2209 Angelorum
1561 2167 1742 2208 Custodum,
1767 2172 1798 2200 et
1822 2173 1929 2201 sancto

1185 2231 1256 2252 rum
1280 2220 1424 2263 Gregorii
1450 2226 1480 2253 et
1502 2221 1614 2254 Leonis
1638 2221 1685 2262 ΙΙ,
1710 2222 1928 2255 Romanorum

1185 2273 1385 2315 Pontificum,
1411 2274 1496 2308 festis
1521 2274 1650 2315 diebus,
1675 2280 1709 2307 ut
1737 2275 1928 2318 praefertur,

1185 2327 1389 2369 visitantibus,
1408 2332 1438 2360 et
1458 2327 1574 2361 ibidem
1598 2328 1770 2369 orantibus,
1794 2339 1858 2372 quo
1878 2328 1927 2362 die

1182 2381 1416 2424 praedictorum
1440 2381 1471 2413 id
1495 2381 1627 2424 egerint,
1648 2386 1766 2426 septem
1784 2392 1884 2416 annos
1898 2387 1928 2416 et

1183 2435 1311 2468 totidem
1337 2435 1570 2479 quadragenas3

1227 2488 1242 2531 ἓ
1266 2488 1317 2521 12.
1342 2488 1469 2527 Quoties
1498 2499 1572 2522 vero
1598 2488 1701 2522 missis
1726 2492 1757 2523 et
1780 2489 1848 2523 aliis
1879 2489 1926 2523 di-

1949 252 2000 281 Au.
2020 252 2048 282 C.
2063 254 2134 283 1624

1183 2541 1262 2574 vinis
1275 2542 1385 2575 officiis
1398 2542 1429 2574 in
1442 2542 1525 2575 dicta
1542 2542 1684 2585 ecclesia,
1703 2543 1752 2576 vel
1770 2543 1934 2587 cappella‚·

1182 2595 1229 2627 vel
1255 2595 1394 2628 oratorio
1418 2606 1476 2639 pro
1500 2600 1644 2639 tempore
1673 2595 1870 2629 celebrandis
1894 2601 1925 2630 et

1183 2648 1362 2690 recitandis,
1390 2658 1446 2682 seu
1467 2650 1766 2694 congregationibus
1789 2650 1925 2695 publicis
