2269 3235
270 258 318 284 An.
339 257 366 284 C.
383 258 453 284 1626

294 2292 374 2314 Causae
388 2294 449 2315 huius

267 2318 432 2343 Constitutionis.

498 250 563 282 448

468 307 560 340 ctiani
586 306 858 349 derogatoriaruin
883 304 1102 346 (lcrogatoriis,
1128 303 1207 337 aliis-

467 371 527 404 que
560 359 786 393 efficacioribus
817 363 846 390 et
878 357 1010 391 insolitis
1042 357 1205 400 clausulis,

468 412 726 455 irritantibusque
751 416 776 443 ct
797 411 866 443 aliis
883 410 1026 453 decretis,
1044 410 1075 443 in
1093 421 1207 453 genere

468 466 515 499 vel
539 465 569 498 in
587 464 699 508 specie,
716 474 752 497 ac
769 464 843 497 alias
857 464 887 497 in
904 464 1097 497 contrarium
1117 474 1207 508 prae-

468 519 637 551 missorum
662 517 899 561 quomodolibet
930 517 1107 557 concessis,
1132 527 1206 550 con-

467 571 609 612 firmatis,
636 571 819 615 approbatis
847 576 876 604 et
904 571 1067 605 innovatis.
1090 571 1207 611 Quibus

467 625 614 658 omnibus
634 619 664 658 et
688 625 828 668 singulis,
850 625 971 658 etiamsi
996 636 1056 669 pro
1081 625 1207 658 illorum

468 678 633 711 sufficienti
659 679 861 722 derogatione
885 679 923 711 de
947 679 1017 721 illis,
1035 689 1208 722 eorumque

468 731 540 765 totis
575 732 737 766 tenoribus
773 733 938 776 specialis,
968 732 1123 776 specifica,
1155 742 1207 764 ex-

467 795 575 828 pressa
600 790 631 818 et
655 785 823 825 individua,
843 795 906 819 non
929 790 1032 818 autem
1053 795 1109 829 per
1127 785 1208 818 clau-

468 839 550 871 sulas
574 839 736 882 generales
756 839 839 871 idem
856 839 1072 882 importantes,
1090 837 1207 871 mentio

468 903 523 925 seu
547 892 674 936 quaevis
692 892 751 924 alia
772 891 932 935 expressio
957 890 1100 924 habenda
1116 896 1206 932 esset,

468 945 594 978 illorum
621 950 744 978 tenores
768 945 985 989 praesentibus
1001 955 1060 988 pro
1085 954 1208 988 expres-

468 999 509 1031 sis
530 1004 559 1031 et
583 998 621 1031 ad
645 999 778 1031 verbum
803 998 927 1031 insertis
951 997 1122 1038 habentes,
1147 997 1207 1030 illis

467 1051 542 1084 alias
559 1051 591 1084 in
615 1062 672 1084 suo
690 1051 805 1084 robore
822 1051 1047 1095 permansuris,
1064 1051 1123 1083 hae
1140 1051 1206 1084 vice

467 1105 627 1137 dumtaxat
652 1105 829 1148 specialiter
853 1109 882 1139 et
906 1115 1053 1148 expresse
1076 1104 1207 1147 deroga-

469 1169 547 1201 mus,
562 1158 737 1202 ceterisque
754 1158 920 1191 contrariis
937 1158 1205 1201 quibuscumque:

467 1216 519 1246 aut
536 1212 561 1245 si
582 1212 761 1256 praedictis,
778 1212 825 1244 vel
847 1211 1009 1255 quibusvis
1026 1211 1104 1251 aliis,
1123 1221 1207 1244 eom-

468 1265 603 1298 muniter
616 1266 663 1298 vel
681 1265 815 1308 divisim,
828 1265 866 1297 ab
879 1264 1058 1309 Apostolica
1072 1264 1111 1297 sit
1127 1264 1206 1298 Sede

468 1319 621 1352 indultum
636 1346 644 1360 ‚
665 1319 749 1363 quod
773 1318 936 1359 interdici,
961 1318 1130 1362 suspendi,
1158 1319 1206 1351 vel

467 1372 733 1406 excommunicari
757 1383 820 1406 non
848 1372 969 1416 possint
999 1383 1055 1416 per
1086 1372 1206 1405 litteras

467 1426 653 1470 apostolicas
683 1436 745 1459 non
778 1426 925 1459 facientes
949 1426 1074 1470 plenam
1099 1430 1129 1458 et
1153 1436 1205 1459 ex-

466 1490 605 1523 pressam
631 1490 666 1512 ae
691 1479 729 1512 de
753 1480 850 1513 verbo
874 1479 913 1512 ad
936 1480 1069 1512 verbum
1094 1479 1132 1512 de
1158 1479 1205 1512 in-

466 1533 553 1566 dulto
577 1533 757 1567 huiusmodi
783 1533 983 1566 mentionem.

510 1588 623 1620 Datum
648 1587 782 1627 Romae,
810 1587 893 1631 apud
918 1586 946 1620 S.
971 1587 1097 1620 Petrum
1112 1613 1119 1627 ,
1148 1586 1205 1619 sub

466 1642 581 1674 annulo
614 1641 797 1682 piscatoris,
822 1641 871 1673 die
896 1651 906 1674 1
930 1641 1034 1673 martii
1052 1650 1204 1683 Mocxxvl,

466 1695 664 1739 pontificatus
687 1695 786 1728 nostri
809 1705 890 1728 anno
908 1705 951 1728 ιιι.

502 1757 560 1785 Dat.
577 1757 620 1785 die
638 1759 648 1785 1
667 1758 755 1785 martii
772 1758 850 1793 16026,
867 1757 961 1793 pontif.
979 1766 1050 1786 anno
1066 1764 1102 1785 111.

767 1873 900 1908 CXCVII.

468 1947 587 1981 Contra
612 1946 826 1987 eoetrabentm,
849 1956 903 1979 sea
921 1946 1143 1989 permittentes
1170 1950 1206 1979 ut

509 2000 728 2033 extrahantur
764 2000 841 2033 libri
878 2010 914 2032 ac
953 2000 1052 2032 ctiam
1091 2010 1206 2032 manu-

508 2054 630 2097 scripta
649 2065 669 2086 a
686 2053 887 2087 bibliothecis
906 2054 1050 2096 fratrum
1071 2052 1205 2088 Ordinis

508 2106 780 2140 Praeclicatorztm
793 2106 812 2139 ¹.

672 2179 809 2207 Urbanus
826 2179 905 2213 Papa
924 2178 999 2206 VIII.

589 2225 625 2252 acl
644 2227 819 2259 perpetuam
839 2224 884 2252 rei
899 2224 1081 2252 memoriam.

508 2286 594 2327 Cum,
615 2286 695 2320 sicut
718 2286 850 2320 dilectus
875 2285 958 2319 filius
978 2286 1076 2319 Lucas
1095 2285 1206 2319 Castel-

464 2341 553 2384 linas,
571 2340 695 2375 Ordinis
712 2340 846 2374 fratrum
861 2340 1116 2374 Praedicatorum
1136 2350 1206 2384 pro-

502 2428 510 2452 i
541 2427 664 2454 Similem
688 2425 911 2461 prohibitionem,
933 2434 981 2461 pro
998 2426 1204 2453 conservatione

464 2467 694 2494 bibliothecarum
711 2467 823 2494 fratrum
839 2467 970 2494 Minorum
982 2466 1015 2493 de
1026 2466 1205 2494 Observantia

465 2506 569 2533 Ordinis
583 2507 608 2534 S.
623 2507 768 2542 Francisci‚
781 2507 844 2534 fecit
858 2507 945 2534 Sixtus
960 2507 979 2533 V
996 2507 1023 2533 in
1044 2506 1133 2534 Const.
1150 2514 1204 2540 civ,

466 2548 535 2573 (sum
553 2548 636 2581 sicut,
656 2551 722 2575 tom.
747 2554 802 2580 vin,
826 2556 887 2583 pag.
908 2547 969 2575 928.
992 2548 1072 2575 Cuius
1095 2547 1204 2582 mitiga-

466 2587 565 2613 tionem
587 2588 672 2614 habes
694 2589 851 2623 impressam
868 2588 894 2615 in
911 2588 1071 2623 compendio
1094 2588 1205 2615 Bullarii

465 2641 477 2654 a
494 2627 582 2654 Flavio
599 2628 750 2656 cherubino
766 2629 838 2657 edito
853 2629 904 2656 sub
924 2629 1011 2657 schol.
1028 2637 1036 2657 ι
1051 2629 1204 2665 praedictae

465 2667 672 2696 constitutionis.

1037 256 1214 279 nuttnnluln
1239 254 1390 279 ROMANUM

1240 308 1367 337 curator
1387 303 1552 347 generalis,
1565 303 1656 337 nobis
1673 305 1784 349 exponi
1801 305 1883 348 secit,
1894 307 1978 350 quod

1240 358 1390 391 hactenus
1425 362 1622 402 compertum
1657 358 1769 401 suerit,
1794 360 1977 403 nonnullos,

1241 411 1503 444 conscientiarum
1528 421 1657 444 suarum
1689 410 1857 455 prodigos,
1881 413 1980 447 libros

1240 474 1276 497 ex
1294 464 1495 497 bibliothecis
1516 463 1682 497 domorum
1700 465 1893 507 regularium
1906 465 1980 499 dicti

1241 517 1365 551 Ordinis
1388 518 1473 551 furto
1505 516 1721 562 subripuisse,
1751 527 1787 550 ac
1817 517 1981 562 subripere

1241 576 1271 604 et
1295 581 1351 604 seu
1374 571 1548 611 extrahere,
1569 575 1662 614 atquc
1686 570 1770 615 apud
1793 581 1826 604 se
1850 572 1895 605 uti
1911 582 1982 616 pro-

1241 624 1326 669 prios
1343 624 1375 657 in
1395 634 1489 668 grave
1513 624 1691 657 animarum
1711 634 1839 657 suarum
1860 625 1981 669 perieu-

1242 678 1306 711 lum
1330 683 1360 711 et
1383 678 1538 711 dictarum
1562 678 1824 711 bibliothecarum
1849 678 1977 723 praeiu-

1241 732 1358 765 dicium
1383 731 1537 765 retinere:

1286 786 1301 829 ἓ
1320 785 1350 818 1.
1367 786 1439 827 Nos,
1457 785 1649 829 praemissis,
1667 790 1818 829 quantum
1835 785 1927 820 nobis
1942 797 1979 819 ex
1995 797 2178 851 qupf⁰¹¹¹b⁵gqg¹a⁰

2025 831 2037 846 ἃ
2047 831 2068 846 Η]
2083 831 2107 846 su
2124 831 2141 846 ῐΊ
2172 840 2177 846 .

1241 836 1303 869 alto
1328 836 1521 877 conceditur,
1546 836 1690 877 obviare,
1716 841 1746 869 et
1769 836 1910 880 ipsarum
1938 837 1981 870 bi-

1241 889 1470 922 bliothecarum
1502 890 1732 923 conservationi
1763 895 1793 923 et
1816 896 1980 924 manuten-

1241 941 1318 974 tioni
1342 942 1506 975 consulere
1530 942 1678 983 volentes,
1699 943 1981 987 supplicationibus

1240 995 1314 1028 dicti
1339 996 1440 1028 Lucae
1464 995 1592 1029 nomine
1616 995 1707 1029 nobis
1732 1007 1827 1040 super
1850 997 1911 1030 hoc
1927 997 1982 1030 hu-

1241 1049 1356 1082 militer
1380 1049 1535 1093 porrectis
1566 1049 1726 1091 inclinati,
1749 1060 1788 1082 ne
1813 1049 1851 1082 de
1875 1054 1982 1084 cetero

1240 1103 1423 1147 quisquam,
1445 1103 1554 1147 quavis
1578 1103 1763 1137 auctoritate
1787 1103 1932 1147 fungens,
1949 1104 1983 1136 li-

1239 1158 1325 1200 bros,
1352 1157 1527 1201 quinterna,
1548 1158 1631 1199 folia,
1651 1158 1715 1190 sive
1735 1157 1898 1201 impressa,
1918 1158 1982 1192 sive

1240 1211 1462 1255 manuscripta,
1477 1211 1675 1244 bibliothecis
1699 1211 1868 1244 domorum
1891 1222 1982 1255 regu-

1239 1265 1353 1297 larium
1370 1264 1444 1298 dicti
1469 1264 1594 1298 Ordinis
1619 1265 1769 1298 haetenus
1785 1265 1907 1307 donata,
1926 1276 1982 1298 seu

1239 1318 1395 1362 assignata
1410 1346 1417 1360 ,
1438 1323 1468 1351 et
1491 1319 1523 1351 in
1546 1323 1708 1362 posterum
1733 1317 1897 1360 donanda,
1926 1328 1981 1351 seu

1239 1372 1436 1416 assignanda,
1454 1382 1490 1405 cx
1515 1371 1632 1404 eisdem
1657 1371 1857 1405 bibliothecis
1881 1376 1981 1405 extra-

1239 1425 1325 1466 here,
1350 1436 1406 1458 scu
1429 1429 1463 1458 ut
1487 1424 1693 1458 extrahantur
1717 1424 1911 1468 permittere,
1929 1431 1982 1459 aut

1240 1479 1437 1520 consentire,
1465 1478 1523 1512 sub
1552 1478 1662 1522 quovis
1686 1479 1828 1522 quaesito
1853 1479 1958 1513 colore
1973 1506 1981 1520 ,

1239 1537 1414 1577 praetextu,
1439 1532 1488 1565 vel
1512 1531 1652 1574 ingenio,
1678 1531 1791 1565 audeat
1815 1542 1870 1565 seu
1893 1543 1983 1576 prae-

1239 1589 1360 1627 sumat,
1394 1585 1451 1618 sub
1484 1585 1832 1628 excommunicationis,
1860 1595 1983 1619 necnon

1239 1638 1423 1683 privationis
1441 1638 1525 1671 vocis
1538 1638 1654 1672 activae
1668 1643 1697 1671 et
1708 1638 1847 1682 passivae
1861 1639 1981 1682 poenis,

1238 1703 1295 1737 per
1319 1692 1577 1726 contrafacientes
1602 1702 1639 1725 eo
1663 1692 1731 1735 ipso
1762 1692 1981 1735 incurrendis,

1239 1746 1412 1791 apostoliea
1426 1745 1620 1786 auctoritate,
1636 1750 1743 1778 tenore
1759 1746 1981 1790 praesentium,

1240 1799 1456 1833 interdicimus
1482 1804 1511 1832 et
1535 1798 1751 1843 prohibemus.

1284 1853 1299 1896 g
1315 1852 1344 1885 ⁶2.
1363 1853 1432 1887 Non
1448 1851 1644 1885 obstantibus
1661 1851 1936 1885 constitutionibus
1953 1857 1983 1886 et

1240 1906 1489 1940 ordinationibus
1525 1905 1727 1949 apostolicis,
1751 1915 1875 1939 necnon
1908 1905 1982 1940 dicti

1240 1960 1364 1994 Ordinis
1388 1965 1418 1993 et
1438 1959 1605 1993 domorum
1623 1958 1818 2002 regularium
1836 1970 1983 2003 quarum-

1240 2024 1375 2058 cumque
1400 2013 1507 2057 (etiam
1533 2013 1718 2056 iuramento,
1744 2013 1982 2047 confirmatione

1240 2068 1421 2112 apostolica,
1440 2068 1488 2101 vel
1513 2067 1622 2112 quavis
1639 2066 1788 2100 firmitate
1810 2067 1981 2111 roboratis)

1239 2122 1362 2156 statutis
1376 2127 1406 2154 et
1418 2121 1707 2162 consuetudinibus,
1725 2120 1898 2170 ceterisque
1912 2131 1982 2155 eon-

1239 2176 1343 2208 trariis
1363 2175 1626 2218 quibuscumque.

1283 2229 1298 2272 §
1321 2227 1351 2261 3.
1368 2228 1520 2261 Volumus
1539 2232 1643 2261 autem
1662 2227 1747 2272 quod
1766 2229 1981 2272 praesentium

1238 2282 1452 2326 transumptis,
1478 2281 1570 2314 etiam
1596 2281 1772 2325 impressis,
1794 2292 1889 2315 manu
1919 2283 1979 2316 ali-

1239 2336 1327 2369 cuius
1344 2335 1458 2370 notarii
1477 2335 1596 2379 publici
1617 2335 1813 2379 subscriptis,
1832 2340 1862 2369 et
1877 2337 1981 2380 sigillo

1238 2390 1370 2423 alicuius
1386 2399 1540 2434 personae
1554 2389 1585 2421 in
1602 2388 1753 2432 dignitate
1770 2389 1982 2424 ecclesiastiea

1239 2444 1424 2478 constitutae
1441 2443 1579 2486 munitis,
1593 2443 1701 2476 eadem
1718 2453 1849 2487 prorsus
1865 2444 1982 2487 ubique

1238 2498 1316 2531 fides
1340 2497 1536 2539 adhibeatur,
1558 2506 1638 2542 quae
1662 2497 1866 2531 adhiberetur
1889 2508 1981 2541 prae-

1239 2552 1388 2593 sentibus,
1406 2552 1431 2585 si
1455 2552 1557 2585 forent
1582 2551 1737 2584 exhibitae
1755 2552 1803 2584 vel
1827 2556 1979 2585 ostensae:

1239 2606 1385 2649 quodque
1405 2609 1603 2649 transumpta
1623 2604 1804 2638 huiusmodi
1828 2605 1860 2637 in
1884 2605 1979 2638 valvis

1238 2659 1392 2693 dictarum
1416 2658 1691 2702 bibliothecarum,
1716 2659 1765 2692 vel
1789 2658 1894 2703 aliquo
1918 2658 1980 2693 alio

1988 258 2040 286 An.
2061 258 2091 286 C.
2108 258 2177 286 1626

2066 1862 2181 1893 Derogatio

1997 1892 2158 1912 contrariorum.

2046 2237 2108 2259 Fides
2123 2240 2181 2259 tran-

1996 2267 2132 2292 sumptorum.
