2269 3235
246 232 296 258 Λιι.
313 233 341 258 (3.
367 231 431 257 1027

480 220 542 252 58ss

444 279 562 318 sitiisse,
588 282 762 321 opportune
780 275 928 308 omnibus
950 274 1185 307 necessitatibus

445 331 621 363 occurrisse
647 336 672 363 et
700 329 883 373 providisse,
905 328 1033 372 eiusque
1061 327 1185 361 decreta

446 389 475 418 et
500 384 643 416 mamlata
675 383 795 415 debitae
829 381 1030 424 exequutioni
1056 381 1184 413 ‹lenian-

447 438 512 470 dari
531 447 664 475 eurasse,
683 441 713 468 et
730 445 808 478 quae
834 435 872 467 sit
897 445 988 467 eausa
1013 434 1185 468 scientiae?

490 492 517 523 ti.
546 491 589 521 An
615 489 690 521 sciat
714 499 785 520 eum
812 498 903 531 saepe
933 488 1116 521 solemniter
1141 498 1187 521 cc—

447 544 593 581 lelnasse,
619 541 832 574 ordinationes
856 541 940 573 iuxta
964 541 1185 575 necessitatum

447 594 635 637 exigentiam
650 595 806 637 hahuisse,
821 595 1070 628 confirmationis
1087 605 1188 628 sacra-

446 654 585 681 mentum
620 648 833 689 ministrasse,
863 654 1029 692 ceteraque
1060 649 1186 693 pontifi-

447 702 524 734 calia
550 702 738 742 exercuisse,
759 707 787 734 et
813 713 892 745 quae
918 703 957 735 sit
974 713 1067 735 eausa
1092 702 1188 735 seien-

448 755 534 787 tiae‘?

492 809 519 841 7.
546 809 591 840 An
617 808 693 841 sciat
716 819 786 840 eum
814 808 945 851 pietatis,
975 808 1135 841 eharitatis
1159 813 1189 840 et

447 862 631 905 prudentiae
663 862 693 894 in
717 862 922 905 gubernamlo
950 861 1109 905 specimen
1135 861 1187 894 de-

447 915 539 956 disse,
557 926 591 947 ae
617 915 712 947 verbo
737 920 763 947 et
790 916 934 958 exemplo
958 915 1138 958 proiecisse,
1160 920 1186 947 et

449 980 528 1012 quae
554 969 593 1001 sit
617 978 709 1001 eausa
735 968 905 1000 scientiae?

493 1022 521 1055 8.
547 1022 593 1054 An
623 1021 698 1054 seiat
731 1032 802 1053 eum
834 1021 1006 1064 prudenter
1037 1021 1188 1064 ubilibet,

449 1082 478 1108 et
503 1076 669 1118 diligenter
687 1085 718 1107 se
744 1074 877 1117 gessisse
906 1074 936 1106 in
966 1074 1189 1116 defendendis,

450 1128 680 1169 conseri-andis,
698 1133 728 1160 et
747 1127 899 1169 augendis
919 1121 1190 1161 iurisdictionilnls

450 1182 601 1226 spirituali
627 1186 657 1213 et
682 1181 858 1225 temporali,
884 1181 1016 1224 iuribus,
1040 1192 1076 1214 ac
1099 1181 1190 1215 bonis

450 1236 597 1269 omnibus
618 1246 691 1268 suae
713 1235 872 1276 ecelesiae,
891 1239 919 1269 et
941 1246 1019 1279 quae
1040 1236 1079 1269 sit
1099 1247 1191 1269 eausa

450 1289 596 1321 scientiae
611 1289 625 1321 ‘3

495 1342 523 1374 a.
550 1343 595 1374 An
620 1342 693 1375 sciat
720 1352 792 1374 vere
810 1343 845 1375 ea
866 1341 1008 1375 doctrina
1033 1342 1135 1386 ipsum
1154 1343 1191 1375 ad

452 1406 600 1440 praesens
624 1396 756 1439 pollere,
777 1406 856 1439 quae
874 1395 903 1427 in
925 1396 1073 1439 episcopo
1092 1397 1193 1440 requi-

453 1450 543 1490 ritur,
568 1449 605 1482 ad
638 1450 699 1483 hoe
723 1455 757 1481 ut
782 1450 879 1493 possit
904 1450 981 1482 alios
1005 1450 1138 1493 docere,
1164 1456 1191 1483 et

453 1516 531 1549 quae
557 1505 595 1537 sit
620 1516 711 1537 eausa
731 1505 907 1537 scimuiac‘?

504 1558 548 1591 10.
563 1560 608 1592 An
623 1559 752 1602 dignum
767 1570 838 1591 eum
853 1559 1081 1603 existimet,qui
1099 1564 1195 1592 trans-

454 1613 572 1645 feratur
604 1612 643 1645 ad
676 1612 840 1645 ecelesiam
866 1613 919 1655 tl„
948 1616 978 1646 et
1001 1623 1039 1644 an
1072 1618 1195 1645 censeat

455 1666 521 1699 eius
546 1666 782 1699 translationem
807 1666 873 1699 fore
898 1666 955 1710 ipsi
985 1666 1135 1699 eeclesiae
1159 1667 1193 1700 N

454 1720 564 1752 utilem
590 1725 619 1752 et
643 1720 828 1763 proficuam,
854 1725 882 1752 et
908 1730 1005 1763 quare
1029 1719 1071 1752 ita
1094 1720 1197 1752 existi-

456 1778 520 1806 met
544 1776 573 1806 et
597 1773 744 1805 censeat?

458 1853 530 1886 Quid
551 1853 730 1880 servandum
746 1853 826 1881 circa
841 1853 1070 1886 inquisitionem
1086 1854 1198 1882 facien-

493 1897 558 1924 dam
578 1898 608 1924 in
625 1898 789 1931 qualitates
807 1905 919 1931 eorum,
937 1898 987 1931 qui
1002 1898 1033 1925 in
1050 1899 1197 1925 consisto—

494 1943 538 1969 rio
558 1942 751 1976 promovendi
772 1945 843 1969 sunt
869 1943 919 1969 vel
946 1942 1140 1970 confirmandi
1161 1943 1198 1970 ad

495 1987 659 2021 dignitates
681 1987 847 2014 abhatiates
874 1990 904 2014 et
929 1988 1082 2021 prioratus
1102 1990 1132 2014 et
1151 1994 1197 2014 ro-

494 2031 605 2066 qimina
625 2031 887 2064 monasteriorum,
910 2032 955 2058 rel
976 2031 1051 2058 alias
1072 2032 1198 2066 Regula-

493 2077 571 2104 rium
589 2078 808 2111 praefecturas.

505 2149 617 2182 Eadem
645 2149 750 2181 onmia
775 2148 925 2181 servanda
953 2154 1032 2191 sunt,
1058 2159 1138 2192 quae
1159 2149 1201 2182 di-

460 2210 543 2236 ctmn
568 2208 613 2235 est
640 2202 756 2235 servari
781 2202 896 2235 debere
921 2202 951 2234 in
975 2203 1200 2246 promovendis

461 2258 499 2290 ad
508 2257 655 2290 ecelesias
666 2256 870 2296 cathedrales,
881 2256 1066 2299 praesertim
1076 2257 1200 2301 quando

462 2317 586 2356 praeter
611 2322 718 2344 curam
745 2316 771 2343 et
805 2311 946 2353 regimen
972 2311 1200 2345 monachorum

462 2376 581 2397 annexa
599 2370 644 2397 est
662 2364 853 2397 monasterio
871 2364 1045 2397 iurisdictio
1061 2365 1203 2409 spiritua-

464 2419 497 2450 lis
524 2419 570 2451 rel
596 2417 777 2462 temporalis
802 2418 833 2449 in
856 2418 1017 2461 populum.

508 2473 577 2503 ‘ideo
592 2483 685 2515 super
702 2471 842 2504 eiusdem
858 2471 1110 2514 interrogatoriis
1130 2483 1201 2505 exa-

465 2525 600 2557 minandi
614 2530 685 2557 sunt
699 2529 801 2565 testes,
816 2525 941 2557 mutatis
956 2531 1057 2558 tamen
1076 2531 1200 2558 niutan-

465 2578 519 2609 di>
541 2583 685 2621 respectu
709 2578 858 2611 ecelesiae
879 2578 1066 2611 cathedralis
1089 2582 1119 2612 et
1138 2589 1200 2612 res-

464 2634 556 2675 pectu
575 2631 767 2674 monasterii,
786 2632 833 2665 vel
858 2631 1016 2675 dignitatis
1032 2632 1197 2676 regularis.

1019 227 1195 251 BULLARIUM
1222 226 1375 250 HOMANUM

1264 274 1402 307 Addatur
1428 275 1705 318 interrogatorium
1731 276 1812 309 circa
1836 275 1957 320 profes-

1221 328 1340 361 sionem
1366 328 1511 369 Ordinis,
1537 332 1567 361 et
1603 333 1727 372 tempus
1756 339 1774 361 a
1795 339 1857 373 quo
1888 339 1956 362 eam

1220 381 1337 414 emisit:
1356 382 1439 414 cirea
1462 392 1538 414 vero
1555 385 1687 415 aetatem
1708 381 1840 416 sufficiat
1864 382 1957 415 inter-

1219 446 1332 478 rogare
1357 439 1386 469 et
1410 435 1490 468 seire
1514 435 1602 467 cuius
1626 434 1734 469 aetatis
1754 434 1802 476 sit,
1827 445 1889 468 non
1912 446 1958 468 re-

1220 489 1402 533 stringendo
1427 500 1460 522 sc
1484 489 1521 521 ad
1546 488 1746 532 trigesimum
1771 498 1887 521 annum
1912 499 1960 521 ex-

1221 544 1355 587 pletum;
1378 548 1487 587 postea
1511 541 1595 575 enini
1616 541 1781 582 videbitur,
1798 551 1837 574 an
1853 541 1886 575 in
1902 541 1960 575 liu-

1221 596 1354 629 iusmodi
1392 594 1609 640 promovendo
1639 595 1678 628 sit
1707 597 1790 628 aetas
1820 594 1961 637 legitima

1221 654 1364 693 respectu
1390 648 1570 692 dignitatis,
1595 647 1633 681 ad
1663 658 1757 691 quam
1782 647 1960 691 promoveri

1221 702 1321 735 debet.

1265 755 1373 795 Quoad
1397 756 1582 797 doctrinam,
1601 766 1670 789 cum
1692 754 1900 800 promovendi
1924 755 1963 788 ad

1222 809 1403 842 huiusmodi
1428 809 1595 853 dignitates
1626 809 1787 852 regulares
1812 819 1874 842 non
1903 809 1964 842 sint

1222 873 1278 906 per
1303 863 1436 895 eoncilia
1464 863 1623 906 generalia
1657 862 1797 895 adstricti
1822 862 1860 895 ad
1885 873 1959 905 gra-

1223 916 1298 948 dum
1324 915 1517 957 doctoratus,
1535 917 1598 949 sive
1618 916 1772 957 licentiae,
1789 917 1836 950 vel
1857 916 1894 949 ad
1911 927 1964 960 pu-

1224 968 1324 1001 blicae
1349 969 1527 1002 academiae
1552 969 1778 1011 testimonium,
1796 975 1826 1002 ct
1850 969 1965 1003 nihilo-

1225 1022 1327 1055 minus
1344 1033 1479 1066 aequum
1497 1023 1544 1063 sit,
1563 1027 1596 1057 ut
1609 1024 1645 1056 ea
1658 1023 1800 1056 doctrina
1818 1023 1964 1067 polleant,

1224 1086 1285 1119 qua
1309 1086 1388 1109 onus
1413 1076 1471 1109 sibi
1493 1075 1718 1120 imponendum
1744 1076 1899 1109 sustinere
1918 1087 1966 1109 va-

1225 1129 1326 1169 leantg
1360 1130 1490 1173 praelati
1526 1129 1721 1174 inquirentes
1756 1129 1895 1163 studiose
1931 1140 1966 1163 ac

1225 1183 1392 1225 diligenter
1417 1184 1577 1228 inquirere
1602 1183 1761 1217 debebunt
1785 1193 1880 1227 super
1905 1183 1963 1216 do-

1225 1237 1324 1270 ctrina
1342 1237 1496 1271 eiusmodi
1517 1248 1725 1282 personarum
1739 1237 1824 1271 iuxta
1838 1237 1966 1271 modum

1226 1296 1252 1323 et
1271 1291 1405 1323 sormam
1429 1291 1575 1335 superius
1591 1296 1739 1333 notatam,
1759 1296 1794 1324 ut
1809 1292 1967 1325 Romanus

1226 1345 1387 1387 Pontifex,
1411 1346 1519 1379 habita
1547 1345 1789 1387 informatione,
1814 1356 1966 1390 quaenam

1227 1398 1265 1431 sit
1288 1399 1495 1442 promovendi
1521 1399 1663 1433 doctrina
1687 1399 1826 1432 iudicare
1849 1399 1968 1443 possit,

1227 1462 1265 1484 an
1291 1453 1329 1485 sit
1354 1453 1432 1493 talis,
1450 1453 1574 1496 qualem
1595 1452 1729 1496 dignitas
1747 1452 1799 1485 illa
1824 1452 1920 1495 exigit
1940 1457 1969 1485 et

1229 1505 1369 1549 requirit.

1229 1578 1310 1605 Circa
1331 1578 1400 1605 fidei
1418 1578 1637 1612 professionem
1657 1577 1851 1606 emittendam
1872 1585 1888 1605 a
1903 1585 1970 1612 pro-

1264 1622 1414 1650 movendis
1446 1626 1507 1650 tam
1539 1623 1575 1649 ad
1604 1623 1750 1650 ecclesias
1781 1623 1969 1651 cathedrales

1266 1674 1353 1701 quam
1374 1667 1410 1694 ad
1430 1667 1594 1701 dignitates
1614 1668 1779 1702 regulares.

1274 1721 1358 1754 Fidei
1384 1721 1537 1764 professio
1569 1721 1662 1754 debet
1689 1721 1789 1754 emitti
1813 1721 1844 1754 in
1870 1721 1970 1754 mani-

1230 1774 1288 1807 bus
1309 1774 1450 1818 praelati,
1467 1774 1506 1806 ad
1530 1785 1624 1818 quem
1649 1774 1809 1818 inquisitio
1834 1776 1971 1818 (servato

1231 1827 1341 1860 ordine
1362 1828 1506 1871 superius
1531 1828 1627 1872 dieto)
1652 1828 1797 1871 pertinet,
1818 1839 1835 1861 a
1864 1839 1926 1872 quo
1947 1829 1972 1861 si

1231 1881 1468 1924 promovendus
1493 1881 1586 1924 longe
1614 1881 1716 1922 distet,
1745 1881 1861 1925 poterit
1889 1881 1971 1915 idem

1231 1935 1387 1977 praelatus
1408 1934 1613 1978 subdelegare
1638 1935 1851 1979 receptionem
1872 1935 1972 1969 dietae

1231 1987 1435 2031 professionis
1455 1987 1637 2029 Ordinatio,
1663 1988 1712 2021 cui
1737 1989 1972 2032 promovendus

1233 2041 1364 2075 vicinior
1388 2042 1456 2075 crit.

1277 2096 1436 2129 Praelatus
1460 2096 1590 2140 recipiet
1614 2096 1840 2140 professionem
1866 2097 1939 2130 fidei
1956 2109 1972 2131 a

1233 2150 1467 2194 promovendo,
1496 2156 1661 2194 praesente
1685 2150 1808 2184 notario
1833 2151 1972 2194 publico,

1233 2215 1268 2237 ac
1289 2205 1427 2245 testibus,
1446 2205 1512 2248 ipse
1527 2209 1631 2238 autem
1649 2205 1884 2248 promovendus
1904 2217 1972 2238 eam

1234 2257 1354 2290 emittet
1377 2258 1509 2300 genibus
1534 2258 1623 2291 ssexis
1647 2263 1717 2291 ante
1737 2259 1923 2302 praelatum,
1944 2265 1974 2291 et

1234 2311 1265 2343 in
1282 2311 1343 2344 sine
1364 2311 1520 2354 tangendo
1538 2311 1689 2344 ambabus
1709 2311 1854 2345 inanibus
1873 2323 1975 2346 sacro-

1233 2369 1339 2397 sancta
1364 2365 1531 2408 Evangelia
1553 2369 1583 2397 et.
1609 2365 1972 2409 spondendo,wovendo

1233 2428 1268 2450 ac
1293 2417 1436 2459 iurando,
1461 2423 1557 2462 prout
1581 2418 1612 2450 in
1633 2419 1756 2460 forma,
1782 2429 1818 2452 ea
1841 2418 1974 2452 deoscu-

1232 2471 1356 2504 labitur.

1278 2524 1431 2558 Profitens
1447 2524 1571 2558 duobus
1588 2525 1620 2557 in
1636 2525 1724 2566 locis,
1744 2525 1774 2558 in
1788 2525 1903 2570 quibus
1918 2537 1974 2561 no-

1234 2589 1305 2612 men
1319 2584 1349 2612 et
1361 2589 1537 2622 cognomen
1547 2589 1637 2623 suum
1649 2579 1891 2623 exprimendum
1905 2581 1973 2622 erit,

1234 2643 1270 2666 ea
1286 2632 1445 2666 dumtaxat
1465 2635 1519 2668 sua
1536 2632 1665 2678 propria
1689 2643 1785 2667 manu
1809 2633 1973 2669 adscribet.

1967 227 2016 255 An.
2038 228 2068 255 C.
2085 228 2151 257 1627
