2269 3235
152 261 205 292 An.
220 262 250 292 C.
269 261 344 292 ¹624

187 433 284 454 Urbanus
299 432 337 453 hu-

155 460 244 481 iusmodi
268 459 338 485 prohi-

153 487 255 507 bitionem
264 485 337 506 contir-

154 515 198 535 mat.
212 529 216 537 ,
255 513 338 534 statutis

155 542 228 560 eontra
265 539 338 560 inobe-

155 566 238 588 dionius
251 566 332 593 poenis.

189 1874 228 1898 Qui
243 1878 304 1894 secus
319 1878 340 1893 e-

156 1901 232 1926 gerini.
241 1900 268 1921 ad
280 1905 340 1921 suam

163 1927 331 1954 congregatione

157 1954 226 1975 redire
241 1954 339 1975 debeant.

192 2302 277 2324 Poenae
292 2306 341 2322 coii-

156 2331 191 2350 tra
220 2328 342 2355 superiores

157 2356 265 2382 regulares
276 2371 281 2379 ,
306 2357 341 2381 qui

157 2388 194 2403 eos
216 2388 257 2404 non
276 2382 342 2403 tradi·

157 2409 234 2430 derint.

958 262 1101 287 unnnnus

349 321 422 345 rum
447 316 573 345 tenores
596 310 816 356 praesentibus
847 320 906 355 pro
936 310 1092 354 expressis

350 365 462 399 haberi
487 366 643 407 volumus,
667 366 790 410 plenius
814 364 1001 398 continetur.

396 420 411 463 ἓ
427 419 457 453 2.
478 419 567 453 Nunc
583 424 686 453 autem
700 429 767 459 nos,
781 417 893 451 maiori
908 417 1090 451 eorumdem

352 473 484 506 fratrum
509 473 606 517 quieti
631 477 661 506 et
684 476 873 515 augmento,
897 470 1092 514 feliciorique

353 526 518 560 directioni
542 525 734 570 peramplius
758 525 923 558 consulere
943 524 1092 563 volentes,

354 579 635 625 supplicationibus
659 577 764 611 dilecti
795 577 851 610 filii
876 577 1093 622 procuratoris

354 632 511 677 generalis
535 631 674 665 eiusdem
695 630 949 674 congregationis
965 630 1093 664 nomine

354 686 445 720 nobis
470 695 563 729 super
579 685 638 717 hoc
655 684 817 717 humiliter
837 683 993 728 porrectis
1009 683 1094 716 incli-

352 740 432 782 nati,
457 737 541 783 quod
557 737 595 771 de
612 741 717 771 cetero
737 738 842 770 nullus
859 738 992 770 fratrum
1007 747 1094 781 prae-

352 793 509 826 dictorum
533 796 605 835 post
629 791 777 824 emissam
802 791 834 824 in
859 791 942 824 dicta
961 791 1094 834 Congre-

352 845 477 888 gatione
507 843 756 888 professionem,
788 849 822 877 ut
845 844 1033 888 praefertur,
1064 850 1094 877 et

351 897 470 941 absque
493 897 625 930 Romani
658 896 817 930 Pontificis
849 897 973 930 licentia
1005 908 1094 941 prae-

351 950 453 992 dicta,
486 950 524 983 ad
556 951 653 984 alium
685 962 917 995 quemcumque
944 951 1093 985 Ordinem

351 1004 593 1038 Mendicantium
618 1009 649 1038 et
672 1014 735 1037 non
759 1005 1012 1047 Mendicantium,
1030 1015 1094 1038 mo-

351 1058 539 1100 nachorum,
564 1069 619 1092 seu
642 1058 921 1100 Discalceatomm,
946 1064 999 1091 aut
1022 1059 1095 1092 alia-

352 1123 424 1146 rum
440 1123 712 1157 quarumcumque
729 1113 931 1156 religionum,
949 1118 1012 1145 tam
1031 1124 1095 1146 ere-

353 1172 474 1201 ctarum
498 1177 592 1210 quam
618 1166 857 1210 erigendarum,
883 1167 976 1200 etiam
1002 1167 1095 1199 einis-

353 1220 450 1254 sionis
462 1220 565 1264 quarti
580 1219 652 1260 voti,
667 1230 721 1253 seu
735 1220 931 1264 perfectioris
948 1226 976 1253 et
994 1220 1096 1253 linini-

352 1273 440 1307 lioris
465 1273 545 1306 vitae
569 1274 838 1317 praesumptione,
858 1279 910 1307 aut
928 1274 1094 1307 strictioris
1111 1288 1112 1302 ³

352 1327 481 1370 regulae
513 1337 569 1360 seu
603 1326 821 1360 observantiae
851 1332 1016 1371 praetextu
1048 1328 1113 1360 veli

352 1379 627 1424 cohtemplatione‚
644 1384 697 1413 aut
713 1380 774 1413 alia
797 1380 998 1424 quantumvis
1016 1380 1096 1413 iusta

352 1439 383 1468 et
405 1433 561 1478 probabili
586 1439 637 1466 aut
662 1433 804 1477 legitima
824 1436 930 1475 causa,
947 1434 1005 1467 sub
1021 1445 1096 1478 apo-

352 1487 464 1520 stasiae
480 1491 511 1520 et
527 1487 672 1519 infamiae
697 1492 869 1531 perpetuae
887 1489 971 1530 nota,
993 1498 1029 1520 ac
1048 1498 1096 1520 ex-

353 1540 648 1574 communicationis
673 1540 752 1573 latae
777 1540 950 1573 sententiae
974 1544 1094 1584 poena.

353 1604 386 1628 se
409 1594 580 1627 transferre
604 1593 717 1626 audeat
740 1604 795 1626 seu
820 1600 1018 1637 praesumat,
1044 1606 1095 1627 ex-

353 1653 445 1693 cepto
475 1647 637 1680 dumtaxat
660 1647 775 1681 Ordine
801 1647 1094 1689 carthusianorum,

352 1705 388 1734 ut
409 1701 608 1745 praefertur,
633 1706 786 1744 quatenus
816 1701 854 1733 ad
886 1701 975 1733 illurn
1010 1706 1095 1734 tran-

353 1754 463 1788 seundi
488 1754 646 1787 licentiam
671 1764 688 1786 a
712 1754 777 1787 suis
802 1754 1021 1799 superioribus
1044 1766 1096 1799 pe—

354 1809 459 1843 tierint
482 1812 512 1843 et
528 1808 731 1842 obtinuerint.

399 1864 414 1907 g
438 1862 467 1896 3.
493 1863 530 1895 Et
553 1862 746 1906 quicumque
771 1873 860 1897 secus
884 1863 1003 1904 fecerit,
1023 1875 1095 1897 cuin

354 1917 493 1961 primum
510 1916 646 1960 desuper
658 1917 797 1950 monitus
813 1917 917 1958 fuerit,
930 1918 1017 1950 nulla
1031 1929 1096 1951 mo-

354 1972 391 2003 ra
414 1975 468 2003 aut
491 1970 691 2004 excusatione
715 1975 745 2002 et
769 1981 969 2014 quacumque
993 1972 1096 2015 appel-

354 2024 489 2065 latione,
513 2024 607 2058 etiam
626 2024 676 2057 -ad
707 2034 765 2058 nos
789 2035 845 2057 seu
877 2024 988 2058 Sedein
1013 2025 1096 2069 Apo-

354 2078 505 2119 stolicam⁷
527 2078 731 2122 interpositis,
757 2078 795 2110 ad
820 2088 908 2111 suam
933 2078 1095 2122 propriam

352 2132 635 2176 Congregationom
646 2131 761 2172 redire,
771 2136 801 2164 et
815 2132 1015 2176 superiorum
1028 2143 1097 2166 suo-

354 2196 426 2219 rum
459 2185 648 2219 correctioni
680 2196 712 2219 se
745 2185 931 2220 submittere
966 2186 1095 2219 omnino

355 2243 509 2272 teneatur.

401 2293 416 2337 ἓ
440 2293 469 2326 4.
495 2293 626 2326 Praelati
647 2303 721 2326 vero
742 2292 897 2326 dictarum
922 2303 1095 2336 congrega-

357 2346 488 2387 tionum,
513 2357 549 2379 ac
572 2347 708 2380 aliorum
733 2347 885 2381 Ordinum
910 2351 940 2379 et
968 2347 1095 2390 religio-

355 2411 433 2434 num
456 2400 648 2442 huiusmodi,
667 2401 754 2445 ipsos
779 2401 822 2434 sic
844 2401 1021 2442 translatos,
1042 2412 1095 2434 seu

356 2454 503 2498 fugitivos
515 2459 545 2487 et
558 2459 724 2498 apostatas,
738 2455 867 2488 minime
882 2455 1028 2495 retinere,
1043 2455 1095 2487 sed

355 2518 420 2548 θος,
441 2507 562 2541 etiamsi
586 2518 698 2541 novam
723 2508 952 2552 professionem
973 2509 1097 2551 regula-

355 2571 423 2594 rem
457 2560 641 2601 emiserint,
666 2561 724 2593 sub
757 2561 933 2605 privatione
965 2572 1095 2594 suorum

355 2613 544 2654 officiorum,
569 2623 604 2647 ac
628 2613 739 2646 similis
763 2614 1096 2648 excommunicationis

345 2669 470 2712 poena,
495 2667 560 2701 suis
585 2667 811 2712 superioribus,
836 2669 884 2702 vel
909 2667 948 2701 ab
972 2668 1017 2702 eis
1040 2669 1094 2702 de-

1133 262 1190 287 viii
1213 263 1260 288 PP.
1768 251 1827 286 191
1880 262 1929 288 An.
1946 261 1973 289 c.
1993 261 2059 289 1625

1126 310 1287 354 putandis,
1314 309 1344 343 id
1369 309 1601 355 requirentibus
1617 315 1647 343 et
1670 309 1863 353 petentibus,

1127 365 1230 397 statim
1263 365 1379 408 absque
1406 364 1516 397 iudicis
1541 363 1717 397 ministerio
1742 363 1865 397 tradere

1126 422 1157 450 et
1180 418 1367 460 consignare
1391 418 1539 458 debcant,
1564 417 1734 461 apostolica
1759 421 1865 450 aucto-

1127 470 1236 512 ritate,
1267 476 1374 504 tenore
1397 471 1621 515 praesentium,
1647 470 1812 503 statuimus
1837 473 1865 503 et

1127 523 1318 556 ordinamus.

1172 577 1186 619 ξ
1210 576 1239 609 5.
1265 577 1473 610 Deccriientes
1493 578 1547 618 sir,
1565 583 1595 610 et
1612 588 1674 611 non
1692 578 1792 617 aliter,
1809 588 1866 622 per
1909 590 2029 612 clausulae.

1127 641 1344 674 quoscumque
1373 630 1491 663 iudices
1523 631 1700 664 ordinarios
1727 637 1757 665 et
1783 632 1867 664 dele-

1128 689 1232 727 gatos,
1260 684 1353 717 etiam
1383 694 1549 717 causarum
1575 685 1679 728 palatii
1706 685 1868 729 apostolici

1127 737 1304 778 auditores,
1325 737 1456 770 iudicari
1476 742 1506 770 et
1530 737 1654 770 definiri
1678 737 1811 777 debere,
1834 748 1870 771 ac

1128 791 1252 823 irritum
1284 796 1313 823 et
1345 790 1454 831 inane,
1484 791 1508 823 si
1541 801 1630 824 secus
1655 801 1749 834 super
1774 791 1823 823 liis
1854 802 1869 823 a

1128 855 1297 888 quoquam,
1316 844 1424 888 quavis
1449 844 1643 884 auctoritate,
1664 844 1797 877 scienter
1823 844 1868 876 rel

1128 899 1322 941 ignoranter,
1347 898 1513 941 contigerit
1538 897 1692 931 attentari.

1174 952 1188 995 ξ
1202 951 1230 984 6.
1246 952 1313 985 Non
1328 951 1527 984 obstantibus
1541 951 1688 984 omnibus
1705 951 1775 991 illis,
1789 962 1868 995 quac

1129 1005 1159 1038 in
1173 1006 1263 1039 dictis
1276 1005 1388 1038 litteris
1405 1015 1552 1038 concessa
1564 1010 1635 1038 sunt
1657 1015 1720 1038 non
1733 1005 1868 1045 obstare,

1129 1059 1303 1102 ceterisque
1328 1059 1494 1103 contrariis
1519 1059 1778 1102 quibuscumque.

1174 1114 1188 1156 ἓ
1214 1113 1241 1145 7.
1260 1113 1411 1146 Volumus
1428 1118 1542 1153 autem,
1561 1113 1643 1156 quod
1658 1112 1868 1157 praesentium

1130 1167 1345 1210 transumptis,
1370 1166 1463 1198 etiam
1490 1166 1669 1210 impressis,
1696 1177 1789 1199 manu
1814 1167 1869 1199 ali-

1130 1220 1219 1252 cuius
1233 1219 1347 1253 notarii
1364 1219 1484 1263 publici
1502 1219 1698 1263 subscriptis,
1718 1226 1747 1252 et
1764 1219 1868 1262 sigillo

1129 1273 1261 1306 alicuius
1279 1282 1433 1316 personae
1451 1272 1482 1304 in
1494 1271 1645 1315 dignitate
1661 1272 1870 1305 ecclesiastica

1130 1327 1317 1360 constitutae
1343 1326 1484 1366 munitis,
1509 1326 1618 1358 eadem
1643 1337 1774 1369 prorsus
1794 1326 1871 1358 fides

1130 1380 1326 1420 adhibeatur,
1336 1390 1415 1423 quae
1430 1379 1648 1423 praesentibus
1659 1379 1871 1418 adhiberetur,

1131 1434 1156 1466 si
1181 1434 1283 1466 forent
1307 1433 1462 1466 exhibitae
1487 1433 1534 1465 vel
1560 1438 1711 1465 ostensae.

1174 1488 1286 1521 Datum
1311 1488 1438 1528 Romae,
1466 1487 1548 1531 apud
1574 1487 1602 1520 S.
1627 1487 1755 1520 Mariam
1780 1486 1874 1520 Maio-

1131 1552 1209 1582 rem,
1227 1541 1284 1574 sub
1309 1541 1424 1574 annulo
1444 1540 1621 1580 Piscatoris,
1646 1539 1696 1572 die
1721 1551 1752 1574 ix
1776 1551 1871 1584 augu-

1131 1596 1168 1629 sti
1194 1605 1337 1630 MDCXXIV
1362 1595 1561 1639 pontificatus
1586 1594 1685 1628 nostri
1708 1604 1790 1627 anno
1808 1604 1826 1627 1.

1954 964 2067 989 Der-agatii·

1885 994 1939 1012 couti
1946 997 2044 1012 ariorum.

1921 1125 1983 1146 Fidus
1999 1125 2067 1146 danda

1885 1155 2029 1178 transumptis.

1167 1659 1224 1686 Dat.
1242 1658 1285 1686 die
1300 1659 1316 1686 9
1332 1659 1440 1694 augusti
1460 1658 1535 1692 1624,
1561 1657 1655 1693 pontif.
1673 1665 1744 1685 anno
1764 1664 1782 1684 1.

1439 1810 1565 1844 LXXIX.

1130 1891 1286 1925 Facullos
1310 1892 1417 1924 Lucae
1436 1891 1580 1925 Antonio
1604 1890 1703 1924 Virili·
1728 1891 1874 1924 commis-

1174 1946 1262 1978 sario
1282 1945 1457 1988 apostolico
1477 1946 1513 1977 in
1534 1945 1690 1978 dominiis
1707 1944 1799 1977 (flecis
1820 1945 1875 1977 Ur-

1175 1999 1244 2032 biiii·
1261 1999 1393 2033 creandi
1409 2001 1553 2033 notarios·
1567 1998 1585 2031 ¹.

1131 2079 1245 2107 Dilecto
1266 2079 1328 2107 filio
1348 2080 1492 2114 magistro
1508 2080 1604 2106 Lucae
1624 2078 1752 2106 Antonio
1775 2078 1872 2112 virili,

1148 2125 1180 2152 in
1196 2123 1326 2158 utraque
1344 2123 1502 2159 signatura
1517 2123 1624 2151 nostra
1639 2123 1854 2157 referendario,

1335 2170 1472 2197 Urbanus
1493 2170 1572 2203 Papa
1591 2169 1668 2196 vm.

1406 2222 1522 2250 Dilecte
1542 2222 1596 2254 fili,

1180 2268 1310 2295 salutem
1325 2270 1356 2295 et.
1370 2267 1565 2301 apostolicam
1579 2267 1828 2295 benedictionem.

1926 2355 2030 2375 Facultas,
2048 2355 2074 2374 rte

1890 2388 1931 2407 qua
1948 2382 1967 2402 in
1982 2382 2074 2402 rubrica.

1176 2347 1190 2391 ξ
1215 2347 1243 2380 l.
1270 2347 1308 2379 L’i,
1324 2346 1473 2391 penuriae
1491 2346 1687 2379 notariorum
1706 2357 1761 2380 seu
1779 2347 1874 2380 tabel-

1131 2401 1251 2434 lionum
1277 2400 1448 2444 apostolica
1477 2400 1663 2433 auctoritate
1694 2404 1871 2434 creatorum

1132 2454 1273 2488 in'Statu
1297 2457 1327 2487 et
1351 2453 1464 2486 ducatu
1488 2453 1598 2487 Urbini
1623 2454 1740 2496 vigenti
1766 2454 1873 2488 subve-

1131 2508 1199 2540 nire
1211 2509 1324 2549 valeas,
1339 2508 1405 2548 tibi,
1419 2512 1452 2540 ut
1466 2518 1683 2552 quoscumque
1697 2508 1781 2541 viros
1798 2508 1870 2550 vita,

1131 2562 1282 2603 moribus,
1308 2562 1494 2603 litteratura,
1515 2562 1647 2606 aliisque
1667 2562 1871 2606 qualitatibus

1165 2680 1176 2706 1
1194 2677 1231 2705 Ex
1248 2677 1354 2714 Regest.
1372 2677 1397 2705 in
1412 2677 1513 2705 Secret.
1530 2677 1607 2705 Brev.
