2269 3235
248 262 296 288 An.
318 262 347 288 C.
368 261 434 288 ¹625

314 1867 445 1888 Concordiae

261 1898 329 1916 tenor.

479 251 543 285 :344

444 310 624 354 spaniarum
658 308 723 349 regi
753 305 908 339 catholico
931 303 1083 348 praedicti
1107 302 1181 336 Phi-

446 363 520 407 lippi
548 363 582 394 lv
612 361 695 402 regis
711 370 768 391 avo
789 359 827 391 ad
848 357 1098 401 quinquennium
1115 367 1186 390 con-

445 426 575 455 cessam,
590 420 620 446 et
633 418 741 457 postea
755 411 874 455 pluries
891 422 907 443 a
925 409 1111 444 recolendae
1124 420 1186 443 me-

446 469 563 501 muriae
581 466 734 509 Gregorio
747 465 824 505 XIII,
842 470 873 497 et
888 463 1000 497 deinde
1017 474 1034 496 a
1050 463 1135 497 Sixto
1152 463 1185 504 V,

446 526 475 555 ct
510 519 711 564 postmodum
736 529 753 551 a
785 517 939 561 Gregorio
963 517 1046 557 xlv,
1071 526 1089 549 a
1113 516 1184 549 Cle-

447 579 549 607 mente
574 574 649 614 vlit,
669 583 704 606 ac
725 572 859 616 denique
877 582 894 604 a
910 571 1006 604 Paulo
1023 571 1056 613 V,
1077 571 1188 604 Roma-

446 627 494 661 nis
508 626 711 660 Pontificibus
729 625 1026 670 praedecessoribus
1042 621 1186 664 nostris¹⁷

447 681 549 713 cidem
576 679 718 723 Philippo
739 680 774 720 ll,
792 689 828 712 ac
848 678 950 711 clarae
967 677 1110 710 similiter
1127 686 1189 709 me-

449 734 568 767 moriae
586 733 730 776 Philippo
745 732 782 764 lll
801 731 899 775 ipsius
916 730 1053 774 Philippi
1066 730 1091 762 Il
1105 733 1187 771 nato,

449 793 478 820 et
501 787 575 820 dicti
596 785 730 829 Philippi
748 785 784 817 lv
802 783 946 827 genitori7
964 783 1093 827 pluries,
1111 787 1141 815 et
1157 782 1189 814 in

450 842 559 875 ultima
584 840 651 873 vice
686 839 725 872 ad
759 838 844 871 aliud
879 835 1148 881 quinquennium,
1172 845 1189 867 a

450 894 605 938 principio
629 892 702 925 anui
727 900 857 924 nocxxn
883 890 1075 929 inchoatum,
1103 893 1134 921 et
1158 888 1190 920 in

450 949 511 981 fine
536 947 608 980 anni
634 955 774 979 nnexxvl
797 942 987 983 finiendum,
1017 941 1190 985 respective

451 1005 653 1045 prorogatam
678 1003 708 1031 et
732 996 916 1030 extensam²
940 996 1052 1038 (prout
1075 994 1107 1026 in
1132 993 1192 1026 sin-

451 1054 533 1097 gulis
553 1051 737 1098 eorumdem
756 1049 1036 1094 praedecessorum
1057 1047 1192 1090 desuper

452 1106 605 1150 expeditis
630 1104 761 1144 litteris,
789 1113 923 1147 quarum
954 1107 1078 1134 tenores
1102 1110 1193 1144 prae-

452 1160 592 1194 sentibus
616 1170 675 1203 pro
708 1157 865 1202 expressis
894 1155 1004 1189 baberi
1027 1155 1193 1194 volumus,

452 1214 575 1258 plenius
608 1212 808 1254 continetur),
834 1211 859 1244 si
888 1209 1005 1243 eisdem
1037 1207 1133 1241 niodo
1165 1212 1192 1239 et

453 1268 564 1309 forma,
590 1266 704 1310 quibus
729 1274 877 1298 concessa
902 1269 962 1305 est,
994 1260 1194 1305 exequutioni

454 1320 706 1360 demandaretur,
732 1319 761 1351 id
786 1328 848 1351 non
873 1317 940 1350 sine
964 1315 1103 1349 ciusdem
1121 1315 1195 1348 cleri

456 1373 657 1407 incommodo
682 1372 793 1416 exequi
818 1375 944 1415 posset,
974 1369 1197 1413 cupientesque

458 1427 639 1472 praemissis
663 1427 699 1458 ea
714 1452 721 1465 ,
746 1435 807 1468 qua
831 1423 899 1456 fieri
926 1427 1053 1467 posset,
1077 1421 1198 1454 ratione

457 1481 593 1521 occurri,
610 1490 672 1524 quo
687 1479 809 1512 facilius
824 1477 885 1518 illa,
899 1477 937 1510 ad
950 1486 1030 1520 quae
1043 1478 1198 1516 tenentur,

458 1535 497 1567 ab
522 1534 597 1578 ipsis
622 1532 787 1576 adinqileri
810 1531 942 1570 valeant,
959 1530 1108 1574 ipsaeque
1132 1539 1201 1573 per-

459 1598 553 1621 sonae
571 1585 798 1620 ecclesiasticae
816 1594 895 1618 onus
912 1583 973 1616 illis
987 1593 1055 1616 eam
1073 1582 1113 1616 ob
1133 1593 1202 1615 cau-

460 1653 526 1674 sam
552 1640 736 1673 incumbens
767 1642 953 1682 supportare
984 1636 1105 1670 facilius
1133 1646 1202 1680 pos-

460 1695 542 1735 sint,
575 1694 613 1727 ad
647 1692 879 1736 infrascriptam
909 1690 1111 1724 concordiam
1145 1700 1202 1733 per

461 1758 571 1781 earum
606 1751 829 1791 procuratores
859 1745 898 1777 ad
928 1744 988 1777 hoc
1025 1743 1202 1788 specialiter

461 1802 626 1846 deputatos
650 1800 862 1833 devenerunt:

506 1856 521 1899 g
545 1855 574 1888 ΞΣ.
600 1854 633 1887 In
650 1853 778 1898 primis,
799 1851 884 1895 quod
908 1850 1088 1894 praedictus
1105 1854 1202 1883 status

462 1907 691 1942 ecclesiasticus
711 1916 846 1940 coronae
865 1905 1014 1939 Castellae
1039 1909 1069 1937 et
1092 1903 1203 1947 Legio-

461 1963 509 1996 nis
529 1962 640 1995 darent
660 1966 690 1994 et
709 1959 867 1993 solverent
890 1958 973 1992 dicto
1002 1957 1149 2001 Philippo
1166 1957 1203 1990 IV

462 2015 541 2059 regi,
572 2025 627 2048 seu
651 2023 804 2058 personae
828 2012 866 2044 ab
891 2022 928 2044 eo
952 2011 1128 2054 deputatae,
1148 2010 1204 2043 du-

462 2074 569 2102 centos
585 2072 615 2100 et
631 2066 859 2111 quinquaginta
883 2064 970 2097 mille
993 2063 1134 2104 ducatos,
1151 2063 1204 2107 qui

462 2122 666 2155 ascenderent
680 2120 718 2153 ad
735 2129 902 2152 numerum
920 2117 1090 2160 nonaginta
1106 2116 1203 2149 trium

464 2176 640 2209 millionum
673 2178 704 2206 et
739 2172 1014 2216 septingentorum
1049 2171 1205 2215 quinqua-

463 2230 549 2273 ginta
578 2228 713 2261 millium
746 2225 1041 2270 morapefinorum,
1066 2224 1206 2268 quolibet

464 2294 556 2323 anno,
573 2281 761 2316 durantibus
782 2281 920 2324 quinque
945 2279 1033 2312 annis
1056 2288 1207 2323 proroga-

466 2337 568 2377 tionis,
583 2346 643 2380 pro
657 2335 704 2376 iis,
721 2345 800 2378 quae
813 2333 852 2367 ad
864 2332 1045 2366 huiusmodi
1062 2331 1207 2365 effectum

466 2391 550 2423 dieto
571 2389 638 2432 regi
662 2389 827 2429 debentur,
847 2392 877 2420 et
901 2386 939 2419 ad
964 2396 1036 2419 eum
1055 2389 1207 2430 spectant,

468 2445 587 2478 ratione
612 2443 769 2476 dictorum
802 2451 975 2484 regnorum
1006 2439 1156 2473 Castellae
1179 2444 1210 2472 et

503 2534 515 2559 1
530 2532 584 2559 Cfr.
598 2531 674 2560 Pauli
684 2532 706 2558 V
718 2530 830 2559 Constit.
842 2535 938 2563 ccrvn,
949 2531 1016 2556 tom.
1027 2534 1073 2563 xn,
1086 2535 1145 2564 pag.
1157 2527 1210 2555 280

469 2585 544 2613 seqq.
560 2578 600 2612 (n.
616 2578 666 2609 12).

503 2622 520 2647 2
536 2621 602 2648 Male
618 2620 662 2648 ed.
679 2620 759 2648 Main.
775 2619 841 2655 legit
858 2620 1051 2654 prorogatum
1068 2619 1096 2646 et
1110 2619 1210 2644 exten-

468 2674 532 2695 sum
548 2666 587 2701 (a.
602 2666 650 2701 T.).

1025 254 1204 279 mmmmm!
1228 252 1382 278 ROMANUM

1220 301 1365 345 Legionis
1383 301 1460 344 (non
1484 298 1724 344 comprehensis
1747 299 1778 332 in
1801 298 1958 343 praesenti

1220 354 1390 389 concordia
1407 358 1437 386 et
1453 353 1659 397 repartitione
1673 352 1830 386 dictorum
1847 352 1960 385 dueen-

1219 415 1324 443 torum
1339 413 1369 442 et
1388 407 1615 452 quinquaginta
1629 405 1762 439 millium
1773 406 1959 439 ducatorum

1220 463 1341 506 regnis¹
1356 461 1542 505 AragonlaC,
1552 459 1751 494 Catlialoniae
1764 462 1794 494 et
1803 459 1960 492 Valentiae

1220 526 1256 549 ac
1269 515 1378 548 insulis
1392 513 1616 553 adiacentibus,
1629 513 1670 545 ita
1683 517 1718 545 ut
1734 511 1835 545 dictus
1847 511 1962 555 Philip-

1221 578 1281 612 pus
1301 568 1337 601 IV
1358 577 1413 600 rex
1438 566 1477 600 ab
1502 565 1577 610 ipsis
1601 565 1701 609 possit
1724 564 1850 607 exigere
1874 564 1961 605 illud,

1222 621 1307 667 quod
1327 621 1385 654 sibi
1403 631 1439 654 cx
1455 619 1679 664 prorogatione
1695 617 1876 651 huiusmodi
1893 628 1963 661 pro-

1222 674 1316 715 venit,
1333 676 1463 717 excepta
1476 672 1608 706 ccclesia
1621 670 1785 711 (Ji-tolensi,
1799 670 1888 704 cuius
1905 670 1964 703 dis-

1223 727 1337 771 positio
1362 732 1392 760 et
1415 737 1488 770 pars
1508 725 1683 768 ingreditur
1708 729 1738 756 et
1762 728 1964 767 computatur

1222 781 1285 812 una
1302 790 1373 812 cum
1388 783 1467 813 statu
1480 778 1691 812 ecclesiastico
1706 787 1840 810 coronae
1853 776 1965 810 Castel-

1223 832 1270 864 lae
1281 837 1310 864 et
1320 831 1487 875 Legionis),
1498 836 1528 864 ct
1541 831 1613 874 quia
1627 830 1846 863 transactionis
1856 834 1885 862 et
1895 839 1966 862 con-

1224 884 1349 918 cordiae
1373 884 1554 917 huiusmodi
1586 884 1829 916 instrumentum
1844 909 1851 923 ‚
1884 888 1966 915 antc-

1225 947 1319 980 quam
1345 937 1464 979 gratiae
1487 936 1666 980 praedictae
1689 936 1873 979 prorogatio
1898 946 1965 969 cur-

1226 1000 1296 1023 rere
1314 989 1477 1033 inciperet,
1491 989 1634 1032 stipulari
1651 988 1800 1030 debebat,
1818 988 1849 1021 id
1863 992 1966 1022 autem

1228 1043 1341 1076 sactum
1356 1042 1486 1075 minime
1503 1042 1568 1082 suit,
1587 1041 1660 1085 quia
1677 1041 1827 1074 ccclesiae
1839 1041 1968 1075 distule-

1228 1101 1310 1138 runt,
1327 1095 1454 1128 insimul
1473 1105 1505 1127 se
1529 1104 1724 1137 congregare
1747 1094 1784 1126 ad
1802 1104 1874 1127 eum
1898 1094 1970 1127 effe-

1229 1155 1324 1190 ctum,
1339 1149 1408 1182 ideo
1421 1149 1480 1181 hac
1496 1148 1644 1181 dilatione
1661 1147 1793 1181 durante
1806 1148 1894 1182 datae
1906 1148 1971 1181 sue-

1229 1207 1302 1236 runt
1315 1202 1454 1243 cedulae,
1468 1202 1562 1245 vulgo
1577 1201 1749 1242 lihramas,
1763 1211 1905 1234 summae
1918 1200 1972 1233 du-

1231 1260 1394 1291 centorum
1407 1261 1437 1289 et
1449 1255 1677 1299 quinquaginta
1690 1254 1775 1287 mille
1784 1254 1970 1288 ducatorum

1231 1310 1269 1342 ab
1286 1309 1331 1343 eis
1348 1309 1494 1342 solvenda
1514 1309 1545 1341 in
1562 1308 1625 1341 fine
1642 1307 1718 1340 iunii
1742 1313 1772 1340 et
1791 1308 1972 1341 novembris

1232 1363 1304 1396 anni
1329 1372 1472 1396 Mnoxxni
1496 1373 1554 1406 pro
1579 1361 1746 1394 medietate
1770 1361 1801 1393 in
1824 1362 1973 1404 argentea

1233 1422 1262 1449 et
1278 1417 1377 1449 altera
1394 1416 1559 1449 medietate
1572 1415 1604 1447 in
1617 1416 1713 1447 aenea
1728 1416 1865 1455 moneta,
1878 1424 1972 1458 quam

1234 1471 1328 1514 vulgo
1344 1470 1382 1503 de
1401 1470 1514 1503 Vellon
1529 1474 1722 1513 nuncupant,
1744 1479 1802 1513 pro
1819 1468 1973 1502 fructibus

1234 1524 1307 1557 anni
1331 1533 1472 1564 mncxxn,
1492 1523 1545 1567 qui
1561 1523 1620 1556 suit
1635 1522 1757 1566 primus
1774 1521 1868 1555 huius
1887 1522 1976 1565 quin-

1235 1577 1362 1621 quennii
1387 1577 1488 1610 eidem
1513 1576 1657 1620 Philippo
1682 1576 1721 1609 Ill
1737 1575 1816 1618 regi,
1836 1580 1871 1608 ut
1889 1586 1977 1619 prae-

1235 1632 1344 1673 fertur,
1361 1630 1472 1663 ultimo
1490 1629 1664 1673 prorogati,
1681 1633 1711 1663 et
1727 1628 1896 1671 solverunt,
1913 1639 1977 1662 non

1236 1684 1432 1719 obstantibus
1455 1683 1733 1728 protestationibus
1757 1683 1846 1716 sactis
1860 1710 1868 1724 ‚
1892 1682 1976 1727 quod

1236 1748 1299 1772 non
1319 1737 1514 1778 tenebantur,
1528 1742 1558 1770 et
1577 1737 1645 1770 aliis
1662 1737 1774 1777 causis,
1788 1742 1833 1770 est
1849 1741 1977 1780 pactum

1237 1796 1268 1825 et
1283 1790 1421 1825 conditio
1446 1790 1539 1823 huius
1559 1790 1779 1823 transactionis
1799 1795 1829 1822 et
1850 1799 1978 1823 concor-

1237 1845 1327 1886 diae,
1352 1844 1437 1889 quod
1461 1854 1519 1888 pro
1544 1843 1699 1876 solutione
1728 1842 1809 1876 facta
1833 1842 1871 1875 de
1896 1842 1978 1875 dicto

1238 1909 1347 1932 mense
1367 1909 1426 1942 pro
1452 1897 1620 1931 medietate
1651 1897 1683 1929 in
1710 1897 1836 1930 moneta
1868 1906 1979 1939 argen-

1238 1954 1288 1986 tea
1324 1951 1495 1996 quidquam
1531 1950 1643 1983 deduci
1673 1950 1722 1983 vel
1757 1949 1880 1982 detrahi
1914 1948 1976 1982 mi-

1237 2006 1323 2039 nime
1342 2005 1473 2047 debeat,
1494 2009 1524 2037 et
1543 2003 1644 2048 quod,
1670 2003 1791 2037 ratione
1816 2002 1980 2037 solutionis

1238 2060 1336 2093 sactae
1353 2058 1390 2091 de
1411 2068 1519 2091 mense
1535 2057 1716 2090 novembris
1728 2056 1886 2100 sequentis
1900 2056 1982 2099 pari-

1240 2119 1286 2146 ter
1311 2113 1342 2145 in
1367 2113 1493 2146 moneta
1524 2112 1691 2154 argentea,
1718 2110 1832 2143 solutio
1863 2108 1980 2142 mensis

1240 2166 1316 2199 iunii
1348 2166 1421 2198 anni
1452 2174 1593 2198 Mncxxlv
1618 2163 1657 2196 ab
1690 2163 1765 2206 ipsis
1791 2163 1822 2195 in
1854 2163 1981 2195 moneta

1240 2220 1335 2252 aenea
1367 2219 1406 2251 de
1441 2218 1549 2251 Vellon
1579 2218 1758 2260 nuncupata
1791 2215 1890 2259 recipi
1925 2215 1980 2248 de-

1240 2273 1326 2306 beat:
1345 2277 1375 2305 et
1394 2271 1478 2316 quod
1494 2275 1605 2315 quarta
1621 2280 1696 2314 pars
1716 2275 1836 2314 septem
1857 2269 1983 2302 solutio-

1241 2335 1317 2358 num
1342 2323 1611 2363 successivarum‚
1636 2333 1715 2367 quae
1740 2322 1984 2366 complebuntur

1242 2381 1274 2413 in
1298 2380 1359 2413 fine
1387 2378 1460 2412 anni
1494 2387 1649 2411 nncxxvn
1664 2404 1671 2418 ‚
1706 2376 1819 2409 debeat
1852 2376 1922 2409 fieri
1952 2376 1984 2408 in

1243 2435 1370 2468 moneta
1395 2433 1557 2476 argentea,
1581 2436 1611 2464 et
1635 2431 1713 2464 aliae
1737 2435 1800 2463 tres
1823 2433 1929 2474 partes
1953 2429 1985 2462 in

1243 2489 1369 2522 moneta
1394 2488 1491 2520 aenea
1515 2485 1554 2519 de
1578 2485 1687 2518 Vellon
1710 2485 1900 2528 nuncupata,
1924 2494 1982 2527 pro

1244 2541 1426 2576 huiusmodi
1450 2539 1676 2585 quinquennio,
1697 2538 1814 2583 absque
1838 2549 1875 2571 eo
1899 2537 1985 2581 quod

1244 2596 1393 2639 deinceps
1416 2594 1558 2627 trahatur
1574 2593 1605 2626 in
1622 2591 1893 2636 consequentiam,
1910 2600 1987 2635 quas

1282 2660 1294 2686 1
1312 2657 1378 2686 Male
1393 2656 1437 2686 ed.
1453 2656 1532 2685 Main.
1548 2655 1613 2693 legit
1627 2655 1712 2691 reqni
1725 2655 1764 2690 (n.
1780 2654 1831 2689 τ.).

1968 249 2019 276 An.
2040 249 2070 277 C.
2088 247 2156 277 1625
