<?xml version="1.0" encoding="UTF-8"?>
<!DOCTYPE html PUBLIC "-//W3C//DTD XHTML 1.0 Transitional//EN"
    "http://www.w3.org/TR/xhtml1/DTD/xhtml1-transitional.dtd">
<html xmlns="http://www.w3.org/1999/xhtml" xml:lang="en" lang="en">
 <head>
  <title>
</title>
<meta http-equiv="Content-Type" content="text/html;charset=utf-8" />
  <meta name='ocr-system' content='tesseract 3.04.00' />
  <meta name='ocr-capabilities' content='ocr_page ocr_carea ocr_par ocr_line ocrx_word'/>
</head>
<body>
  <div class='ocr_page' id='page_1' title='image "./bullarumdiplomat13cath_0477.png"; bbox 0 0 2269 3235; ppageno 0'>
   <div class='ocr_carea' id='block_1_1' title="bbox 124 271 308 303">
    <p class='ocr_par' dir='ltr' id='par_1_1' title="bbox 124 271 308 303">
     <span class='ocr_line' id='line_1_1' title="bbox 124 271 308 303; baseline -0.011 -1"><span class='ocrx_word' id='word_1_1' title='bbox 124 271 172 303; x_wconf 65' lang='grc' dir='ltr'>λη.</span> <span class='ocrx_word' id='word_1_2' title='bbox 187 274 216 302; x_wconf 84' lang='lat' dir='ltr'>C.</span> <span class='ocrx_word' id='word_1_3' title='bbox 239 273 308 301; x_wconf 75' lang='lat'>1626</span> 
     </span>
    </p>
   </div>
   <div class='ocr_carea' id='block_1_2' title="bbox 937 270 1228 295">
    <p class='ocr_par' dir='ltr' id='par_1_2' title="bbox 937 270 1228 295">
     <span class='ocr_line' id='line_1_2' title="bbox 937 270 1228 295; baseline -0.007 -1"><span class='ocrx_word' id='word_1_4' title='bbox 937 271 1077 295; x_wconf 78' lang='lat' dir='ltr'>unnANth</span> <span class='ocrx_word' id='word_1_5' title='bbox 1103 270 1155 293; x_wconf 78' lang='lat' dir='ltr'>l&#39;lll</span> <span class='ocrx_word' id='word_1_6' title='bbox 1181 271 1228 293; x_wconf 72' lang='lat'>1¹1².</span> 
     </span>
    </p>
   </div>
   <div class='ocr_carea' id='block_1_3' title="bbox 324 320 1082 2715">
    <p class='ocr_par' dir='ltr' id='par_1_3' title="bbox 324 320 1082 2715">
     <span class='ocr_line' id='line_1_3' title="bbox 324 320 1062 365; baseline -0.007 -10"><span class='ocrx_word' id='word_1_7' title='bbox 324 329 411 355; x_wconf 84' lang='lat' dir='ltr'>ceses</span> <span class='ocrx_word' id='word_1_8' title='bbox 427 320 590 354; x_wconf 84' lang='lat' dir='ltr'>divisimus</span> <span class='ocrx_word' id='word_1_9' title='bbox 603 325 633 354; x_wconf 88' lang='lat' dir='ltr'>et</span> <span class='ocrx_word' id='word_1_10' title='bbox 650 320 871 365; x_wconf 79' lang='lat' dir='ltr'>separavimus,</span> <span class='ocrx_word' id='word_1_11' title='bbox 893 330 928 352; x_wconf 86' lang='lat' dir='ltr'>ac</span> <span class='ocrx_word' id='word_1_12' title='bbox 956 320 1062 362; x_wconf 84' lang='lat' dir='ltr'>lpren-</span> 
     </span>
     <span class='ocr_line' id='line_1_4' title="bbox 325 371 1063 416; baseline -0.005 -9"><span class='ocrx_word' id='word_1_13' title='bbox 325 373 350 408; x_wconf 91' lang='lat' dir='ltr'>si</span> <span class='ocrx_word' id='word_1_14' title='bbox 374 383 484 416; x_wconf 85' lang='lat' dir='ltr'>unam,</span> <span class='ocrx_word' id='word_1_15' title='bbox 510 373 737 407; x_wconf 83' lang='lat' dir='ltr'>Audomarensi</span> <span class='ocrx_word' id='word_1_16' title='bbox 762 382 837 405; x_wconf 90' lang='lat' dir='ltr'>vero</span> <span class='ocrx_word' id='word_1_17' title='bbox 861 371 1000 405; x_wconf 82' lang='lat' dir='ltr'>ecclesiis</span> <span class='ocrx_word' id='word_1_18' title='bbox 1028 381 1063 403; x_wconf 88' lang='lat' dir='ltr'>ac</span> 
     </span>
     <span class='ocr_line' id='line_1_5' title="bbox 328 425 1065 471; baseline -0.003 -11"><span class='ocrx_word' id='word_1_19' title='bbox 328 427 445 460; x_wconf 85' lang='lat' dir='ltr'>mensis</span> <span class='ocrx_word' id='word_1_20' title='bbox 469 426 700 471; x_wconf 88' lang='lat' dir='ltr'>episcopalibus</span> <span class='ocrx_word' id='word_1_21' title='bbox 725 425 877 469; x_wconf 89' lang='lat' dir='ltr'>reliquam</span> <span class='ocrx_word' id='word_1_22' title='bbox 905 429 1010 468; x_wconf 86' lang='lat' dir='ltr'>partes</span> <span class='ocrx_word' id='word_1_23' title='bbox 1035 428 1065 458; x_wconf 85' lang='lat' dir='ltr'>et</span> 
     </span>
     <span class='ocr_line' id='line_1_6' title="bbox 328 476 1064 520; baseline -0.007 -7"><span class='ocrx_word' id='word_1_24' title='bbox 328 479 487 513; x_wconf 84' lang='lat' dir='ltr'>dioeceses</span> <span class='ocrx_word' id='word_1_25' title='bbox 512 479 686 513; x_wconf 85' lang='lat' dir='ltr'>subdivisas</span> <span class='ocrx_word' id='word_1_26' title='bbox 713 476 892 511; x_wconf 89' lang='lat' dir='ltr'>huiusmodi</span> <span class='ocrx_word' id='word_1_27' title='bbox 922 487 980 520; x_wconf 86' lang='lat' dir='ltr'>pro</span> <span class='ocrx_word' id='word_1_28' title='bbox 1009 478 1064 508; x_wconf 67' lang='lat' dir='ltr'>suit</span> 
     </span>
     <span class='ocr_line' id='line_1_7' title="bbox 326 530 1064 578; baseline -0.008 -11"><span class='ocrx_word' id='word_1_29' title='bbox 326 543 450 578; x_wconf 85' lang='lat' dir='ltr'>quaque</span> <span class='ocrx_word' id='word_1_30' title='bbox 474 532 609 566; x_wconf 89' lang='lat' dir='ltr'>dioecesi</span> <span class='ocrx_word' id='word_1_31' title='bbox 640 537 670 565; x_wconf 89' lang='lat' dir='ltr'>et</span> <span class='ocrx_word' id='word_1_32' title='bbox 693 535 783 575; x_wconf 88' lang='lat' dir='ltr'>parte</span> <span class='ocrx_word' id='word_1_33' title='bbox 806 530 887 563; x_wconf 88' lang='lat' dir='ltr'>dotis</span> <span class='ocrx_word' id='word_1_34' title='bbox 910 534 1064 573; x_wconf 86' lang='lat' dir='ltr'>perpetuo</span> 
     </span>
     <span class='ocr_line' id='line_1_8' title="bbox 326 582 1065 631; baseline -0.008 -11"><span class='ocrx_word' id='word_1_35' title='bbox 326 585 579 631; x_wconf 84' lang='lat' dir='ltr'>applicavimus]‚</span> <span class='ocrx_word' id='word_1_36' title='bbox 596 584 789 618; x_wconf 85' lang='lat' dir='ltr'>attendentes</span> <span class='ocrx_word' id='word_1_37' title='bbox 806 582 900 627; x_wconf 82' lang='lat' dir='ltr'>quod,</span> <span class='ocrx_word' id='word_1_38' title='bbox 912 583 936 615; x_wconf 90' lang='lat' dir='ltr'>si</span> <span class='ocrx_word' id='word_1_39' title='bbox 953 582 1065 626; x_wconf 81' lang='lat' dir='ltr'>priscis</span> 
     </span>
     <span class='ocr_line' id='line_1_9' title="bbox 327 637 1065 684; baseline -0.008 -10"><span class='ocrx_word' id='word_1_40' title='bbox 327 639 534 684; x_wconf 79' lang='lat' dir='ltr'>temporibus,</span> <span class='ocrx_word' id='word_1_41' title='bbox 551 639 625 672; x_wconf 90' lang='lat' dir='ltr'>dum</span> <span class='ocrx_word' id='word_1_42' title='bbox 649 637 724 671; x_wconf 88' lang='lat' dir='ltr'>dicti</span> <span class='ocrx_word' id='word_1_43' title='bbox 747 637 855 681; x_wconf 84' lang='lat' dir='ltr'>populi</span> <span class='ocrx_word' id='word_1_44' title='bbox 880 637 994 670; x_wconf 89' lang='lat' dir='ltr'>sensim</span> <span class='ocrx_word' id='word_1_45' title='bbox 1019 647 1065 669; x_wconf 87' lang='lat' dir='ltr'>ac-</span> 
     </span>
     <span class='ocr_line' id='line_1_10' title="bbox 327 690 1066 733; baseline -0.005 -7"><span class='ocrx_word' id='word_1_46' title='bbox 327 693 518 733; x_wconf 86' lang='lat' dir='ltr'>crescebant,</span> <span class='ocrx_word' id='word_1_47' title='bbox 542 691 580 725; x_wconf 86' lang='lat' dir='ltr'>dc</span> <span class='ocrx_word' id='word_1_48' title='bbox 604 691 692 725; x_wconf 90' lang='lat' dir='ltr'>novis</span> <span class='ocrx_word' id='word_1_49' title='bbox 720 690 859 724; x_wconf 88' lang='lat' dir='ltr'>ecclesiis</span> <span class='ocrx_word' id='word_1_50' title='bbox 882 690 1066 723; x_wconf 86' lang='lat' dir='ltr'>cathedrali-</span> 
     </span>
     <span class='ocr_line' id='line_1_11' title="bbox 327 743 1066 790; baseline -0.005 -11"><span class='ocrx_word' id='word_1_51' title='bbox 327 746 406 787; x_wconf 88' lang='lat' dir='ltr'>bus,</span> <span class='ocrx_word' id='word_1_52' title='bbox 434 744 625 790; x_wconf 83' lang='lat' dir='ltr'>optimisque</span> <span class='ocrx_word' id='word_1_53' title='bbox 657 743 854 788; x_wconf 87' lang='lat' dir='ltr'>praesulibus</span> <span class='ocrx_word' id='word_1_54' title='bbox 885 748 1066 787; x_wconf 85' lang='lat' dir='ltr'>opportuno</span> 
     </span>
     <span class='ocr_line' id='line_1_12' title="bbox 327 797 1068 843; baseline -0.009 -10"><span class='ocrx_word' id='word_1_55' title='bbox 327 804 470 843; x_wconf 88' lang='lat' dir='ltr'>ternpore</span> <span class='ocrx_word' id='word_1_56' title='bbox 492 801 695 843; x_wconf 89' lang='lat' dir='ltr'>prospectum</span> <span class='ocrx_word' id='word_1_57' title='bbox 716 797 833 839; x_wconf 79' lang='lat' dir='ltr'>suisset,</span> <span class='ocrx_word' id='word_1_58' title='bbox 858 797 998 841; x_wconf 85' lang='lat' dir='ltr'>profecto</span> <span class='ocrx_word' id='word_1_59' title='bbox 1022 800 1068 830; x_wconf 85' lang='lat' dir='ltr'>tot</span> 
     </span>
     <span class='ocr_line' id='line_1_13' title="bbox 327 850 1069 896; baseline -0.004 -11"><span class='ocrx_word' id='word_1_60' title='bbox 327 851 503 896; x_wconf 87' lang='lat' dir='ltr'>perniciosa</span> <span class='ocrx_word' id='word_1_61' title='bbox 526 851 692 884; x_wconf 80' lang='lat' dir='ltr'>haeresum</span> <span class='ocrx_word' id='word_1_62' title='bbox 718 850 875 893; x_wconf 83' lang='lat' dir='ltr'>dogmata,</span> <span class='ocrx_word' id='word_1_63' title='bbox 891 850 1005 894; x_wconf 88' lang='lat' dir='ltr'>quibus</span> <span class='ocrx_word' id='word_1_64' title='bbox 1020 860 1069 882; x_wconf 90' lang='lat' dir='ltr'>re-</span> 
     </span>
     <span class='ocr_line' id='line_1_14' title="bbox 328 903 1069 949; baseline -0.003 -11"><span class='ocrx_word' id='word_1_65' title='bbox 328 905 404 949; x_wconf 81' lang='lat' dir='ltr'>ligio</span> <span class='ocrx_word' id='word_1_66' title='bbox 427 904 596 938; x_wconf 84' lang='lat' dir='ltr'>christiana</span> <span class='ocrx_word' id='word_1_67' title='bbox 619 904 735 948; x_wconf 87' lang='lat' dir='ltr'>passim</span> <span class='ocrx_word' id='word_1_68' title='bbox 760 904 917 937; x_wconf 86' lang='lat' dir='ltr'>laceratur</span> <span class='ocrx_word' id='word_1_69' title='bbox 941 907 968 937; x_wconf 87' lang='lat' dir='ltr'>et</span> <span class='ocrx_word' id='word_1_70' title='bbox 995 903 1069 936; x_wconf 78' lang='lat' dir='ltr'>ailli-</span> 
     </span>
     <span class='ocr_line' id='line_1_15' title="bbox 328 957 1069 1002; baseline -0.003 -11"><span class='ocrx_word' id='word_1_71' title='bbox 328 958 422 1002; x_wconf 83' lang='lat' dir='ltr'>gitur,</span> <span class='ocrx_word' id='word_1_72' title='bbox 435 957 519 991; x_wconf 90' lang='lat' dir='ltr'>haud</span> <span class='ocrx_word' id='word_1_73' title='bbox 535 957 577 991; x_wconf 90' lang='lat' dir='ltr'>ita</span> <span class='ocrx_word' id='word_1_74' title='bbox 589 957 741 991; x_wconf 86' lang='lat' dir='ltr'>violenter</span> <span class='ocrx_word' id='word_1_75' title='bbox 752 957 953 990; x_wconf 89' lang='lat' dir='ltr'>invaluissent</span> <span class='ocrx_word' id='word_1_76' title='bbox 964 968 971 996; x_wconf 89' lang='lat'>;</span> <span class='ocrx_word' id='word_1_77' title='bbox 986 967 1069 990; x_wconf 91' lang='lat' dir='ltr'>nunc</span> 
     </span>
     <span class='ocr_line' id='line_1_16' title="bbox 328 1010 1070 1054; baseline -0.003 -9"><span class='ocrx_word' id='word_1_78' title='bbox 328 1017 442 1054; x_wconf 84' lang='lat' dir='ltr'>autern,</span> <span class='ocrx_word' id='word_1_79' title='bbox 468 1021 539 1045; x_wconf 88' lang='lat' dir='ltr'>curn</span> <span class='ocrx_word' id='word_1_80' title='bbox 564 1011 602 1044; x_wconf 88' lang='lat' dir='ltr'>ad</span> <span class='ocrx_word' id='word_1_81' title='bbox 619 1011 670 1043; x_wconf 88' lang='lat' dir='ltr'>illa</span> <span class='ocrx_word' id='word_1_82' title='bbox 688 1010 822 1043; x_wconf 85' lang='lat' dir='ltr'>arcenda</span> <span class='ocrx_word' id='word_1_83' title='bbox 838 1015 867 1043; x_wconf 88' lang='lat' dir='ltr'>et.</span> <span class='ocrx_word' id='word_1_84' title='bbox 886 1010 1070 1054; x_wconf 81' lang='lat' dir='ltr'>extirpanda</span> 
     </span>
     <span class='ocr_line' id='line_1_17' title="bbox 329 1063 1068 1109; baseline -0.005 -10"><span class='ocrx_word' id='word_1_85' title='bbox 329 1077 365 1100; x_wconf 90' lang='lat' dir='ltr'>ac</span> <span class='ocrx_word' id='word_1_86' title='bbox 385 1065 477 1099; x_wconf 89' lang='lat' dir='ltr'>simul</span> <span class='ocrx_word' id='word_1_87' title='bbox 501 1064 635 1109; x_wconf 90' lang='lat' dir='ltr'>populos</span> <span class='ocrx_word' id='word_1_88' title='bbox 651 1063 738 1108; x_wconf 89' lang='lat' dir='ltr'>ipsos</span> <span class='ocrx_word' id='word_1_89' title='bbox 754 1063 786 1096; x_wconf 91' lang='lat' dir='ltr'>in</span> <span class='ocrx_word' id='word_1_90' title='bbox 802 1063 979 1096; x_wconf 75' lang='lat' dir='ltr'>sinceritate</span> <span class='ocrx_word' id='word_1_91' title='bbox 997 1063 1068 1096; x_wconf 86' lang='lat' dir='ltr'>fidei</span> 
     </span>
     <span class='ocr_line' id='line_1_18' title="bbox 329 1116 1067 1161; baseline -0.005 -9"><span class='ocrx_word' id='word_1_92' title='bbox 329 1118 534 1153; x_wconf 88' lang='lat' dir='ltr'>continendos</span> <span class='ocrx_word' id='word_1_93' title='bbox 551 1117 652 1150; x_wconf 90' lang='lat' dir='ltr'>dictus</span> <span class='ocrx_word' id='word_1_94' title='bbox 668 1116 892 1161; x_wconf 87' lang='lat' dir='ltr'>praedecessor</span> <span class='ocrx_word' id='word_1_95' title='bbox 908 1117 994 1149; x_wconf 87' lang='lat' dir='ltr'>nulla</span> <span class='ocrx_word' id='word_1_96' title='bbox 1010 1117 1067 1149; x_wconf 83' lang='lat' dir='ltr'>alia</span> 
     </span>
     <span class='ocr_line' id='line_1_19' title="bbox 330 1170 1069 1217; baseline -0.007 -10"><span class='ocrx_word' id='word_1_97' title='bbox 330 1183 428 1217; x_wconf 87' lang='lat' dir='ltr'>aeque</span> <span class='ocrx_word' id='word_1_98' title='bbox 452 1173 631 1216; x_wconf 77' lang='lat' dir='ltr'>opportuna</span> <span class='ocrx_word' id='word_1_99' title='bbox 655 1170 793 1203; x_wconf 88' lang='lat' dir='ltr'>remedia</span> <span class='ocrx_word' id='word_1_100' title='bbox 817 1170 954 1214; x_wconf 85' lang='lat' dir='ltr'>potuerit</span> <span class='ocrx_word' id='word_1_101' title='bbox 981 1170 1069 1202; x_wconf 87' lang='lat' dir='ltr'>adhi-</span> 
     </span>
     <span class='ocr_line' id='line_1_20' title="bbox 330 1223 1070 1269; baseline -0.004 -10"><span class='ocrx_word' id='word_1_102' title='bbox 330 1227 406 1259; x_wconf 90' lang='lat' dir='ltr'>bere</span> <span class='ocrx_word' id='word_1_103' title='bbox 435 1235 529 1269; x_wconf 84' lang='lat' dir='ltr'>quam</span> <span class='ocrx_word' id='word_1_104' title='bbox 553 1223 740 1268; x_wconf 84' lang='lat' dir='ltr'>supradicta,</span> <span class='ocrx_word' id='word_1_105' title='bbox 761 1228 795 1255; x_wconf 92' lang='lat' dir='ltr'>ut</span> <span class='ocrx_word' id='word_1_106' title='bbox 810 1233 845 1255; x_wconf 87' lang='lat' dir='ltr'>ea</span> <span class='ocrx_word' id='word_1_107' title='bbox 862 1223 945 1255; x_wconf 81' lang='lat' dir='ltr'>iuxta</span> <span class='ocrx_word' id='word_1_108' title='bbox 966 1223 1070 1256; x_wconf 81' lang='lat' dir='ltr'>cordis</span> 
     </span>
     <span class='ocr_line' id='line_1_21' title="bbox 331 1277 1071 1323; baseline -0.004 -10"><span class='ocrx_word' id='word_1_109' title='bbox 331 1280 378 1313; x_wconf 91' lang='lat' dir='ltr'>sui</span> <span class='ocrx_word' id='word_1_110' title='bbox 408 1284 501 1323; x_wconf 89' lang='lat' dir='ltr'>atque</span> <span class='ocrx_word' id='word_1_111' title='bbox 517 1277 617 1312; x_wconf 80' lang='lat' dir='ltr'>nostri</span> <span class='ocrx_word' id='word_1_112' title='bbox 641 1277 832 1310; x_wconf 89' lang='lat' dir='ltr'>desiderium</span> <span class='ocrx_word' id='word_1_113' title='bbox 856 1282 1022 1321; x_wconf 87' lang='lat' dir='ltr'>promptos</span> <span class='ocrx_word' id='word_1_114' title='bbox 1040 1282 1071 1310; x_wconf 86' lang='lat' dir='ltr'>et</span> 
     </span>
     <span class='ocr_line' id='line_1_22' title="bbox 330 1330 1071 1371; baseline -0.004 -5"><span class='ocrx_word' id='word_1_115' title='bbox 330 1333 435 1366; x_wconf 83' lang='lat' dir='ltr'>felices</span> <span class='ocrx_word' id='word_1_116' title='bbox 452 1332 623 1366; x_wconf 78' lang='lat' dir='ltr'>sortiantur</span> <span class='ocrx_word' id='word_1_117' title='bbox 639 1330 778 1371; x_wconf 80' lang='lat' dir='ltr'>effectus,</span> <span class='ocrx_word' id='word_1_118' title='bbox 795 1330 887 1363; x_wconf 87' lang='lat' dir='ltr'>etiam</span> <span class='ocrx_word' id='word_1_119' title='bbox 904 1331 1002 1363; x_wconf 86' lang='lat' dir='ltr'>nostri</span> <span class='ocrx_word' id='word_1_120' title='bbox 1017 1331 1071 1363; x_wconf 93' lang='lat' dir='ltr'>mi-</span> 
     </span>
     <span class='ocr_line' id='line_1_23' title="bbox 330 1383 1071 1430; baseline -0.004 -11"><span class='ocrx_word' id='word_1_121' title='bbox 330 1385 451 1420; x_wconf 87' lang='lat' dir='ltr'>nisterii</span> <span class='ocrx_word' id='word_1_122' title='bbox 474 1390 579 1430; x_wconf 88' lang='lat' dir='ltr'>partes</span> <span class='ocrx_word' id='word_1_123' title='bbox 599 1383 781 1429; x_wconf 81' lang='lat' dir='ltr'>praemissis</span> <span class='ocrx_word' id='word_1_124' title='bbox 798 1384 943 1424; x_wconf 82' lang='lat' dir='ltr'>adiicere,</span> <span class='ocrx_word' id='word_1_125' title='bbox 964 1395 999 1417; x_wconf 90' lang='lat' dir='ltr'>ac</span> <span class='ocrx_word' id='word_1_126' title='bbox 1019 1385 1071 1417; x_wconf 83' lang='lat' dir='ltr'>illa</span> 
     </span>
     <span class='ocr_line' id='line_1_24' title="bbox 331 1438 1071 1482; baseline -0.004 -9"><span class='ocrx_word' id='word_1_127' title='bbox 331 1440 478 1474; x_wconf 89' lang='lat' dir='ltr'>omnibus</span> <span class='ocrx_word' id='word_1_128' title='bbox 490 1438 692 1482; x_wconf 82' lang='lat' dir='ltr'>aliis,quibus</span> <span class='ocrx_word' id='word_1_129' title='bbox 706 1448 884 1482; x_wconf 86' lang='lat' dir='ltr'>possumus,</span> <span class='ocrx_word' id='word_1_130' title='bbox 898 1438 1071 1471; x_wconf 83' lang='lat' dir='ltr'>rationibus</span> 
     </span>
     <span class='ocr_line' id='line_1_25' title="bbox 331 1491 1072 1536; baseline -0.004 -10"><span class='ocrx_word' id='word_1_131' title='bbox 331 1494 439 1526; x_wconf 84' lang='lat' dir='ltr'>iuvare</span> <span class='ocrx_word' id='word_1_132' title='bbox 462 1497 493 1525; x_wconf 90' lang='lat' dir='ltr'>et</span> <span class='ocrx_word' id='word_1_133' title='bbox 509 1502 697 1536; x_wconf 86' lang='lat' dir='ltr'>promovere</span> <span class='ocrx_word' id='word_1_134' title='bbox 714 1491 863 1525; x_wconf 78' lang='lat' dir='ltr'>volentes,</span> <span class='ocrx_word' id='word_1_135' title='bbox 881 1501 1004 1524; x_wconf 87' lang='lat' dir='ltr'>necnon</span> <span class='ocrx_word' id='word_1_136' title='bbox 1020 1491 1072 1524; x_wconf 83' lang='lat' dir='ltr'>bo-</span> 
     </span>
     <span class='ocr_line' id='line_1_26' title="bbox 330 1545 1071 1589; baseline -0.005 -8"><span class='ocrx_word' id='word_1_137' title='bbox 330 1557 463 1589; x_wconf 80' lang='lat' dir='ltr'>norum,</span> <span class='ocrx_word' id='word_1_138' title='bbox 489 1546 692 1589; x_wconf 80' lang='lat' dir='ltr'>dignitatibus</span> <span class='ocrx_word' id='word_1_139' title='bbox 721 1556 756 1578; x_wconf 87' lang='lat' dir='ltr'>ac</span> <span class='ocrx_word' id='word_1_140' title='bbox 784 1545 1018 1579; x_wconf 85' lang='lat' dir='ltr'>canonicatibus</span> <span class='ocrx_word' id='word_1_141' title='bbox 1043 1551 1071 1578; x_wconf 88' lang='lat' dir='ltr'>et</span> 
     </span>
     <span class='ocr_line' id='line_1_27' title="bbox 331 1599 1072 1645; baseline -0.004 -12"><span class='ocrx_word' id='word_1_142' title='bbox 331 1599 517 1645; x_wconf 85' lang='lat' dir='ltr'>praebendis</span> <span class='ocrx_word' id='word_1_143' title='bbox 530 1599 737 1642; x_wconf 79' lang='lat' dir='ltr'>infrascriptis</span> <span class='ocrx_word' id='word_1_144' title='bbox 752 1608 809 1642; x_wconf 90' lang='lat' dir='ltr'>per</span> <span class='ocrx_word' id='word_1_145' title='bbox 821 1603 1003 1642; x_wconf 69' lang='lat' dir='ltr'>praesentes</span> <span class='ocrx_word' id='word_1_146' title='bbox 1017 1608 1072 1641; x_wconf 91' lang='lat' dir='ltr'>ap-</span> 
     </span>
     <span class='ocr_line' id='line_1_28' title="bbox 331 1651 1073 1699; baseline -0.005 -12"><span class='ocrx_word' id='word_1_147' title='bbox 331 1653 562 1699; x_wconf 77' lang='lat' dir='ltr'>plicandorum,</span> <span class='ocrx_word' id='word_1_148' title='bbox 577 1653 747 1692; x_wconf 85' lang='lat' dir='ltr'>fructuum,</span> <span class='ocrx_word' id='word_1_149' title='bbox 761 1651 941 1685; x_wconf 83' lang='lat' dir='ltr'>reddituum</span> <span class='ocrx_word' id='word_1_150' title='bbox 958 1656 988 1684; x_wconf 90' lang='lat' dir='ltr'>et</span> <span class='ocrx_word' id='word_1_151' title='bbox 1004 1662 1073 1695; x_wconf 82' lang='lat' dir='ltr'>pro-</span> 
     </span>
     <span class='ocr_line' id='line_1_29' title="bbox 332 1705 1073 1745; baseline -0.003 -6"><span class='ocrx_word' id='word_1_152' title='bbox 332 1712 482 1741; x_wconf 89' lang='lat' dir='ltr'>ventuum</span> <span class='ocrx_word' id='word_1_153' title='bbox 495 1716 586 1740; x_wconf 88' lang='lat' dir='ltr'>veros</span> <span class='ocrx_word' id='word_1_154' title='bbox 599 1715 719 1739; x_wconf 85' lang='lat' dir='ltr'>annuos</span> <span class='ocrx_word' id='word_1_155' title='bbox 732 1706 864 1745; x_wconf 80' lang='lat' dir='ltr'>valoreS,</span> <span class='ocrx_word' id='word_1_156' title='bbox 880 1715 1003 1738; x_wconf 82' lang='lat' dir='ltr'>necnon</span> <span class='ocrx_word' id='word_1_157' title='bbox 1015 1705 1073 1737; x_wconf 86' lang='lat' dir='ltr'>sin-</span> 
     </span>
     <span class='ocr_line' id='line_1_30' title="bbox 333 1759 1073 1805; baseline -0.004 -11"><span class='ocrx_word' id='word_1_158' title='bbox 333 1762 478 1805; x_wconf 83' lang='lat' dir='ltr'>gularum</span> <span class='ocrx_word' id='word_1_159' title='bbox 488 1760 674 1801; x_wconf 85' lang='lat' dir='ltr'>litterarum,</span> <span class='ocrx_word' id='word_1_160' title='bbox 682 1769 890 1804; x_wconf 80' lang='lat' dir='ltr'>processuum</span> <span class='ocrx_word' id='word_1_161' title='bbox 901 1764 930 1792; x_wconf 87' lang='lat' dir='ltr'>et</span> <span class='ocrx_word' id='word_1_162' title='bbox 941 1759 1073 1803; x_wconf 82' lang='lat' dir='ltr'>scriptu-</span> 
     </span>
     <span class='ocr_line' id='line_1_31' title="bbox 333 1813 1073 1859; baseline -0.004 -11"><span class='ocrx_word' id='word_1_163' title='bbox 333 1825 440 1848; x_wconf 84' lang='lat' dir='ltr'>rarum</span> <span class='ocrx_word' id='word_1_164' title='bbox 463 1814 698 1859; x_wconf 87' lang='lat' dir='ltr'>praedictorum</span> <span class='ocrx_word' id='word_1_165' title='bbox 724 1813 864 1846; x_wconf 87' lang='lat' dir='ltr'>veriores</span> <span class='ocrx_word' id='word_1_166' title='bbox 885 1818 1019 1854; x_wconf 83' lang='lat' dir='ltr'>tenores,</span> <span class='ocrx_word' id='word_1_167' title='bbox 1038 1824 1073 1846; x_wconf 88' lang='lat' dir='ltr'>ac</span> 
     </span>
     <span class='ocr_line' id='line_1_32' title="bbox 335 1867 1073 1911; baseline -0.001 -10"><span class='ocrx_word' id='word_1_168' title='bbox 335 1869 359 1902; x_wconf 91' lang='lat' dir='ltr'>si</span> <span class='ocrx_word' id='word_1_169' title='bbox 373 1869 412 1902; x_wconf 91' lang='lat' dir='ltr'>de</span> <span class='ocrx_word' id='word_1_170' title='bbox 429 1868 525 1901; x_wconf 89' lang='lat' dir='ltr'>verbo</span> <span class='ocrx_word' id='word_1_171' title='bbox 543 1867 581 1900; x_wconf 90' lang='lat' dir='ltr'>ad</span> <span class='ocrx_word' id='word_1_172' title='bbox 594 1867 726 1901; x_wconf 88' lang='lat' dir='ltr'>verbum</span> <span class='ocrx_word' id='word_1_173' title='bbox 740 1867 963 1907; x_wconf 84' lang='lat' dir='ltr'>insererentur,</span> <span class='ocrx_word' id='word_1_174' title='bbox 983 1878 1073 1911; x_wconf 81' lang='lat' dir='ltr'>prae-</span> 
     </span>
     <span class='ocr_line' id='line_1_33' title="bbox 335 1920 1074 1965; baseline -0.003 -10"><span class='ocrx_word' id='word_1_175' title='bbox 335 1921 473 1961; x_wconf 83' lang='lat' dir='ltr'>sentibus</span> <span class='ocrx_word' id='word_1_176' title='bbox 489 1931 547 1965; x_wconf 88' lang='lat' dir='ltr'>pro</span> <span class='ocrx_word' id='word_1_177' title='bbox 555 1921 720 1965; x_wconf 62' lang='lat' dir='ltr'>fexpressis</span> <span class='ocrx_word' id='word_1_178' title='bbox 732 1920 896 1957; x_wconf 74' lang='lat' dir='ltr'>habentes2</span> <span class='ocrx_word' id='word_1_179' title='bbox 917 1921 1074 1954; x_wconf 83' lang='lat' dir='ltr'>continuis</span> 
     </span>
     <span class='ocr_line' id='line_1_34' title="bbox 335 1974 1073 2018; baseline -0.003 -9"><span class='ocrx_word' id='word_1_180' title='bbox 335 1976 428 2009; x_wconf 88' lang='lat' dir='ltr'>etiam</span> <span class='ocrx_word' id='word_1_181' title='bbox 452 1974 684 2009; x_wconf 86' lang='lat' dir='ltr'>hortationibus</span> <span class='ocrx_word' id='word_1_182' title='bbox 712 1974 787 2007; x_wconf 85' lang='lat' dir='ltr'>dicti</span> <span class='ocrx_word' id='word_1_183' title='bbox 810 1974 945 2018; x_wconf 87' lang='lat' dir='ltr'>Philippi</span> <span class='ocrx_word' id='word_1_184' title='bbox 970 1975 1073 2017; x_wconf 80' lang='lat' dir='ltr'>regis,</span> 
     </span>
     <span class='ocr_line' id='line_1_35' title="bbox 335 2027 1076 2073; baseline -0.001 -11"><span class='ocrx_word' id='word_1_185' title='bbox 335 2030 366 2062; x_wconf 89' lang='lat' dir='ltr'>id</span> <span class='ocrx_word' id='word_1_186' title='bbox 390 2039 448 2073; x_wconf 90' lang='lat' dir='ltr'>pro</span> <span class='ocrx_word' id='word_1_187' title='bbox 472 2028 571 2061; x_wconf 85' lang='lat' dir='ltr'>salute</span> <span class='ocrx_word' id='word_1_188' title='bbox 595 2027 753 2062; x_wconf 90' lang='lat' dir='ltr'>dictorum</span> <span class='ocrx_word' id='word_1_189' title='bbox 771 2027 860 2061; x_wconf 82' lang='lat' dir='ltr'>enixe</span> <span class='ocrx_word' id='word_1_190' title='bbox 884 2038 1076 2072; x_wconf 75' lang='lat' dir='ltr'>prosequen-</span> 
     </span>
     <span class='ocr_line' id='line_1_36' title="bbox 336 2081 1076 2126; baseline -0.001 -10"><span class='ocrx_word' id='word_1_191' title='bbox 336 2083 385 2124; x_wconf 88' lang='lat' dir='ltr'>tis,</span> <span class='ocrx_word' id='word_1_192' title='bbox 398 2081 536 2116; x_wconf 84' lang='lat' dir='ltr'>excitati:</span> <span class='ocrx_word' id='word_1_193' title='bbox 550 2082 633 2115; x_wconf 86' lang='lat' dir='ltr'>Motu</span> <span class='ocrx_word' id='word_1_194' title='bbox 643 2081 773 2126; x_wconf 91' lang='lat' dir='ltr'>proprio</span> <span class='ocrx_word' id='word_1_195' title='bbox 784 2085 861 2115; x_wconf 79' lang='lat' dir='ltr'>etex</span> <span class='ocrx_word' id='word_1_196' title='bbox 879 2082 965 2114; x_wconf 79' lang='lat' dir='ltr'>certa</span> <span class='ocrx_word' id='word_1_197' title='bbox 980 2082 1076 2115; x_wconf 85' lang='lat' dir='ltr'>scien-</span> 
     </span>
     <span class='ocr_line' id='line_1_37' title="bbox 336 2135 1075 2179; baseline 0 -10"><span class='ocrx_word' id='word_1_198' title='bbox 336 2137 390 2179; x_wconf 76' lang='lat' dir='ltr'>tia,</span> <span class='ocrx_word' id='word_1_199' title='bbox 408 2147 444 2170; x_wconf 84' lang='lat' dir='ltr'>ac</span> <span class='ocrx_word' id='word_1_200' title='bbox 461 2136 553 2170; x_wconf 86' lang='lat' dir='ltr'>etiam</span> <span class='ocrx_word' id='word_1_201' title='bbox 571 2135 608 2168; x_wconf 93' lang='lat' dir='ltr'>de</span> <span class='ocrx_word' id='word_1_202' title='bbox 625 2135 814 2179; x_wconf 85' lang='lat' dir='ltr'>apostolicae</span> <span class='ocrx_word' id='word_1_203' title='bbox 830 2135 992 2179; x_wconf 87' lang='lat' dir='ltr'>potestatis</span> <span class='ocrx_word' id='word_1_204' title='bbox 1009 2136 1075 2179; x_wconf 88' lang='lat' dir='ltr'>plc-</span> 
     </span>
     <span class='ocr_line' id='line_1_38' title="bbox 337 2188 1077 2232; baseline -0.003 -9"><span class='ocrx_word' id='word_1_205' title='bbox 337 2190 487 2232; x_wconf 81' lang='lat' dir='ltr'>nitudine,</span> <span class='ocrx_word' id='word_1_206' title='bbox 500 2189 716 2230; x_wconf 78' lang='lat' dir='ltr'>divisionibus,</span> <span class='ocrx_word' id='word_1_207' title='bbox 730 2188 969 2222; x_wconf 87' lang='lat' dir='ltr'>limitationibus</span> <span class='ocrx_word' id='word_1_208' title='bbox 979 2193 1008 2221; x_wconf 90' lang='lat' dir='ltr'>et</span> <span class='ocrx_word' id='word_1_209' title='bbox 1018 2189 1077 2221; x_wconf 84' lang='lat' dir='ltr'>dis-</span> 
     </span>
     <span class='ocr_line' id='line_1_39' title="bbox 339 2242 1076 2286; baseline -0.001 -10"><span class='ocrx_word' id='word_1_210' title='bbox 339 2243 561 2277; x_wconf 85' lang='lat' dir='ltr'>tributionibus</span> <span class='ocrx_word' id='word_1_211' title='bbox 585 2243 861 2286; x_wconf 77' lang='lat' dir='ltr'>subdelegatorum</span> <span class='ocrx_word' id='word_1_212' title='bbox 896 2242 1076 2275; x_wconf 86' lang='lat' dir='ltr'>huiusmodi</span> 
     </span>
     <span class='ocr_line' id='line_1_40' title="bbox 340 2294 1076 2340; baseline 0 -12"><span class='ocrx_word' id='word_1_213' title='bbox 340 2295 372 2328; x_wconf 93' lang='lat' dir='ltr'>in</span> <span class='ocrx_word' id='word_1_214' title='bbox 389 2295 478 2328; x_wconf 86' lang='lat' dir='ltr'>dictis</span> <span class='ocrx_word' id='word_1_215' title='bbox 496 2296 696 2340; x_wconf 87' lang='lat' dir='ltr'>processibus</span> <span class='ocrx_word' id='word_1_216' title='bbox 712 2294 898 2340; x_wconf 84' lang='lat' dir='ltr'>specificatis</span> <span class='ocrx_word' id='word_1_217' title='bbox 918 2300 1076 2339; x_wconf 86' lang='lat' dir='ltr'>tamquam</span> 
     </span>
     <span class='ocr_line' id='line_1_41' title="bbox 342 2348 1078 2393; baseline 0 -12"><span class='ocrx_word' id='word_1_218' title='bbox 342 2349 372 2381; x_wconf 91' lang='lat' dir='ltr'>in</span> <span class='ocrx_word' id='word_1_219' title='bbox 394 2348 505 2382; x_wconf 88' lang='lat' dir='ltr'>melius</span> <span class='ocrx_word' id='word_1_220' title='bbox 527 2349 704 2383; x_wconf 86' lang='lat' dir='ltr'>reformatis</span> <span class='ocrx_word' id='word_1_221' title='bbox 721 2349 925 2390; x_wconf 81' lang='lat' dir='ltr'>inhaerendo,</span> <span class='ocrx_word' id='word_1_222' title='bbox 945 2359 981 2382; x_wconf 87' lang='lat' dir='ltr'>ac</span> <span class='ocrx_word' id='word_1_223' title='bbox 997 2349 1078 2393; x_wconf 86' lang='lat' dir='ltr'>prio-</span> 
     </span>
     <span class='ocr_line' id='line_1_42' title="bbox 341 2402 1078 2448; baseline 0.001 -14"><span class='ocrx_word' id='word_1_224' title='bbox 341 2413 392 2435; x_wconf 87' lang='lat' dir='ltr'>res</span> <span class='ocrx_word' id='word_1_225' title='bbox 415 2402 535 2436; x_wconf 87' lang='lat' dir='ltr'>litteras</span> <span class='ocrx_word' id='word_1_226' title='bbox 555 2403 734 2437; x_wconf 89' lang='lat' dir='ltr'>huiusmodi</span> <span class='ocrx_word' id='word_1_227' title='bbox 751 2403 856 2448; x_wconf 88' lang='lat' dir='ltr'>quoad</span> <span class='ocrx_word' id='word_1_228' title='bbox 880 2403 1078 2447; x_wconf 82' lang='lat' dir='ltr'>infrascripta</span> 
     </span>
     <span class='ocr_line' id='line_1_43' title="bbox 342 2455 1079 2500; baseline 0 -11"><span class='ocrx_word' id='word_1_229' title='bbox 342 2455 547 2498; x_wconf 84' lang='lat' dir='ltr'>immutando,</span> <span class='ocrx_word' id='word_1_230' title='bbox 576 2456 681 2490; x_wconf 87' lang='lat' dir='ltr'>omnia</span> <span class='ocrx_word' id='word_1_231' title='bbox 703 2462 734 2490; x_wconf 86' lang='lat' dir='ltr'>et</span> <span class='ocrx_word' id='word_1_232' title='bbox 758 2457 880 2500; x_wconf 81' lang='lat' dir='ltr'>singula</span> <span class='ocrx_word' id='word_1_233' title='bbox 900 2456 1079 2500; x_wconf 85' lang='lat' dir='ltr'>supradicta</span> 
     </span>
     <span class='ocr_line' id='line_1_44' title="bbox 343 2509 1078 2554; baseline -0.001 -11"><span class='ocrx_word' id='word_1_234' title='bbox 343 2509 467 2554; x_wconf 90' lang='lat' dir='ltr'>oppida,</span> <span class='ocrx_word' id='word_1_235' title='bbox 483 2514 595 2550; x_wconf 87' lang='lat' dir='ltr'>castra,</span> <span class='ocrx_word' id='word_1_236' title='bbox 616 2510 713 2551; x_wconf 84' lang='lat' dir='ltr'>villas,</span> <span class='ocrx_word' id='word_1_237' title='bbox 732 2510 812 2550; x_wconf 83' lang='lat' dir='ltr'>loca,</span> <span class='ocrx_word' id='word_1_238' title='bbox 837 2509 1078 2551; x_wconf 87' lang='lat' dir='ltr'>iurisdictiones,</span> 
     </span>
     <span class='ocr_line' id='line_1_45' title="bbox 342 2562 1080 2608; baseline -0.001 -12"><span class='ocrx_word' id='word_1_239' title='bbox 342 2563 502 2597; x_wconf 87' lang='lat' dir='ltr'>districtus</span> <span class='ocrx_word' id='word_1_240' title='bbox 532 2567 562 2596; x_wconf 90' lang='lat' dir='ltr'>et</span> <span class='ocrx_word' id='word_1_241' title='bbox 584 2562 663 2606; x_wconf 87' lang='lat' dir='ltr'>iura,</span> <span class='ocrx_word' id='word_1_242' title='bbox 687 2563 718 2596; x_wconf 91' lang='lat' dir='ltr'>in</span> <span class='ocrx_word' id='word_1_243' title='bbox 737 2563 911 2608; x_wconf 88' lang='lat' dir='ltr'>posteriore</span> <span class='ocrx_word' id='word_1_244' title='bbox 935 2563 1080 2606; x_wconf 78' lang='lat' dir='ltr'>designa-</span> 
     </span>
     <span class='ocr_line' id='line_1_46' title="bbox 344 2616 1082 2660; baseline -0.001 -10"><span class='ocrx_word' id='word_1_245' title='bbox 344 2616 427 2651; x_wconf 89' lang='lat' dir='ltr'>tione</span> <span class='ocrx_word' id='word_1_246' title='bbox 450 2616 726 2660; x_wconf 82' lang='lat' dir='ltr'>subdelegatorum</span> <span class='ocrx_word' id='word_1_247' title='bbox 742 2616 923 2650; x_wconf 86' lang='lat' dir='ltr'>huiusmodi</span> <span class='ocrx_word' id='word_1_248' title='bbox 941 2626 1082 2660; x_wconf 87' lang='lat' dir='ltr'>compre-</span> 
     </span>
     <span class='ocr_line' id='line_1_47' title="bbox 343 2670 1081 2715; baseline -0.004 -9"><span class='ocrx_word' id='word_1_249' title='bbox 343 2672 450 2715; x_wconf 84' lang='lat' dir='ltr'>hensa,</span> <span class='ocrx_word' id='word_1_250' title='bbox 468 2681 539 2705; x_wconf 91' lang='lat' dir='ltr'>cum</span> <span class='ocrx_word' id='word_1_251' title='bbox 557 2670 707 2713; x_wconf 78' lang='lat' dir='ltr'>ecclesiis,</span> <span class='ocrx_word' id='word_1_252' title='bbox 720 2671 928 2714; x_wconf 84' lang='lat' dir='ltr'>monasteriis,</span> <span class='ocrx_word' id='word_1_253' title='bbox 942 2670 1081 2714; x_wconf 83' lang='lat' dir='ltr'>collegiis</span> 
     </span>
    </p>
   </div>
   <div class='ocr_carea' id='block_1_4' title="bbox 1080 346 1100 2700">
    <p class='ocr_par' dir='ltr' id='par_1_4' title="bbox 1080 346 1100 2700">
     <span class='ocr_line' id='line_1_48' title="bbox 1080 346 1100 2700; baseline 0 0"><span class='ocrx_word' id='word_1_254' title='bbox 1080 346 1100 2700; x_wconf 95' lang='lat' dir='ltr'> </span> 
     </span>
    </p>
   </div>
   <div class='ocr_carea' id='block_1_5' title="bbox 1097 313 1879 2710">
    <p class='ocr_par' dir='ltr' id='par_1_5' title="bbox 1097 313 1879 2710">
     <span class='ocr_line' id='line_1_49' title="bbox 1097 313 1831 356; baseline -0.007 -7"><span class='ocrx_word' id='word_1_255' title='bbox 1097 323 1126 349; x_wconf 83' lang='lat' dir='ltr'>ct</span> <span class='ocrx_word' id='word_1_256' title='bbox 1156 317 1233 351; x_wconf 85' lang='lat' dir='ltr'>locis</span> <span class='ocrx_word' id='word_1_257' title='bbox 1257 315 1491 356; x_wconf 75' lang='lat' dir='ltr'>ecclesiasticis,</span> <span class='ocrx_word' id='word_1_258' title='bbox 1516 326 1552 348; x_wconf 81' lang='lat' dir='ltr'>ac</span> <span class='ocrx_word' id='word_1_259' title='bbox 1587 313 1780 347; x_wconf 85' lang='lat' dir='ltr'>secularibus</span> <span class='ocrx_word' id='word_1_260' title='bbox 1805 319 1831 345; x_wconf 86' lang='lat' dir='ltr'>et</span> 
     </span>
     <span class='ocr_line' id='line_1_50' title="bbox 1097 367 1834 414; baseline -0.007 -10"><span class='ocrx_word' id='word_1_261' title='bbox 1097 371 1305 414; x_wconf 83' lang='lat' dir='ltr'>regularibus,</span> <span class='ocrx_word' id='word_1_262' title='bbox 1324 371 1453 413; x_wconf 75' lang='lat' dir='ltr'>aliisque</span> <span class='ocrx_word' id='word_1_263' title='bbox 1480 368 1622 413; x_wconf 83' lang='lat' dir='ltr'>personis</span> <span class='ocrx_word' id='word_1_264' title='bbox 1646 371 1675 402; x_wconf 86' lang='lat' dir='ltr'>et</span> <span class='ocrx_word' id='word_1_265' title='bbox 1699 367 1834 412; x_wconf 81' lang='lat' dir='ltr'>populis,</span> 
     </span>
     <span class='ocr_line' id='line_1_51' title="bbox 1099 421 1834 468; baseline -0.005 -11"><span class='ocrx_word' id='word_1_266' title='bbox 1099 424 1273 468; x_wconf 78' lang='lat' dir='ltr'>ceterisque</span> <span class='ocrx_word' id='word_1_267' title='bbox 1298 424 1356 456; x_wconf 75' lang='lat' dir='ltr'>sub</span> <span class='ocrx_word' id='word_1_268' title='bbox 1389 424 1432 455; x_wconf 84' lang='lat' dir='ltr'>eis</span> <span class='ocrx_word' id='word_1_269' title='bbox 1466 421 1719 466; x_wconf 83' lang='lat' dir='ltr'>comprehensis,</span> <span class='ocrx_word' id='word_1_270' title='bbox 1744 431 1834 465; x_wconf 87' lang='lat' dir='ltr'>prac-</span> 
     </span>
     <span class='ocr_line' id='line_1_52' title="bbox 1098 475 1835 520; baseline -0.004 -11"><span class='ocrx_word' id='word_1_271' title='bbox 1098 478 1177 509; x_wconf 84' lang='lat' dir='ltr'>satae</span> <span class='ocrx_word' id='word_1_272' title='bbox 1201 477 1351 509; x_wconf 69' lang='lat' dir='ltr'>eeclesiae</span> <span class='ocrx_word' id='word_1_273' title='bbox 1376 477 1494 520; x_wconf 84' lang='lat' dir='ltr'>lprensi</span> <span class='ocrx_word' id='word_1_274' title='bbox 1520 477 1605 509; x_wconf 79' lang='lat' dir='ltr'>iuxta</span> <span class='ocrx_word' id='word_1_275' title='bbox 1629 475 1835 520; x_wconf 80' lang='lat' dir='ltr'>posteriorem</span> 
     </span>
     <span class='ocr_line' id='line_1_53' title="bbox 1099 529 1837 572; baseline 0 -11"><span class='ocrx_word' id='word_1_276' title='bbox 1099 529 1346 572; x_wconf 64' lang='lat' dir='ltr'>designationem</span> <span class='ocrx_word' id='word_1_277' title='bbox 1360 529 1551 570; x_wconf 84' lang='lat' dir='ltr'>huiusmodi⁷</span> <span class='ocrx_word' id='word_1_278' title='bbox 1567 529 1751 562; x_wconf 83' lang='lat' dir='ltr'>auctoritate</span> <span class='ocrx_word' id='word_1_279' title='bbox 1764 539 1837 572; x_wconf 88' lang='lat' dir='ltr'>apo-</span> 
     </span>
     <span class='ocr_line' id='line_1_54' title="bbox 1100 583 1837 627; baseline -0.001 -12"><span class='ocrx_word' id='word_1_280' title='bbox 1100 583 1219 623; x_wconf 65' lang='lat' dir='ltr'>stoliea,</span> <span class='ocrx_word' id='word_1_281' title='bbox 1235 587 1340 617; x_wconf 79' lang='lat' dir='ltr'>tenore</span> <span class='ocrx_word' id='word_1_282' title='bbox 1356 584 1577 627; x_wconf 83' lang='lat' dir='ltr'>praesentium,</span> <span class='ocrx_word' id='word_1_283' title='bbox 1594 588 1746 627; x_wconf 86' lang='lat' dir='ltr'>perpetuo</span> <span class='ocrx_word' id='word_1_284' title='bbox 1764 593 1837 615; x_wconf 86' lang='lat' dir='ltr'>cou-</span> 
     </span>
     <span class='ocr_line' id='line_1_55' title="bbox 1100 636 1838 677; baseline 0 -9"><span class='ocrx_word' id='word_1_285' title='bbox 1100 636 1240 669; x_wconf 89' lang='lat' dir='ltr'>ccdimus</span> <span class='ocrx_word' id='word_1_286' title='bbox 1270 640 1300 670; x_wconf 89' lang='lat' dir='ltr'>ct</span> <span class='ocrx_word' id='word_1_287' title='bbox 1331 637 1543 677; x_wconf 61' lang='lat' dir='ltr'>assignamus:</span> <span class='ocrx_word' id='word_1_288' title='bbox 1566 637 1691 669; x_wconf 75' lang='lat' dir='ltr'>Necnon</span> <span class='ocrx_word' id='word_1_289' title='bbox 1716 636 1746 668; x_wconf 91' lang='lat' dir='ltr'>in</span> <span class='ocrx_word' id='word_1_290' title='bbox 1771 646 1838 669; x_wconf 84' lang='lat' dir='ltr'>mo-</span> 
     </span>
     <span class='ocr_line' id='line_1_56' title="bbox 1100 689 1839 732; baseline 0.001 -12"><span class='ocrx_word' id='word_1_291' title='bbox 1100 689 1236 722; x_wconf 87' lang='lat' dir='ltr'>nasterio</span> <span class='ocrx_word' id='word_1_292' title='bbox 1252 690 1280 722; x_wconf 82' lang='lat' dir='ltr'>S.</span> <span class='ocrx_word' id='word_1_293' title='bbox 1296 689 1416 722; x_wconf 85' lang='lat' dir='ltr'>Martini</span> <span class='ocrx_word' id='word_1_294' title='bbox 1438 689 1585 732; x_wconf 77' lang='lat' dir='ltr'>praefato,</span> <span class='ocrx_word' id='word_1_295' title='bbox 1604 689 1692 722; x_wconf 86' lang='lat' dir='ltr'>cuius</span> <span class='ocrx_word' id='word_1_296' title='bbox 1709 689 1839 722; x_wconf 85' lang='lat' dir='ltr'>ecelesia</span> 
     </span>
     <span class='ocr_line' id='line_1_57' title="bbox 1102 742 1840 785; baseline -0.001 -10"><span class='ocrx_word' id='word_1_297' title='bbox 1102 743 1131 775; x_wconf 88' lang='lat' dir='ltr'>in</span> <span class='ocrx_word' id='word_1_298' title='bbox 1149 742 1359 775; x_wconf 83' lang='lat' dir='ltr'>cathedralem</span> <span class='ocrx_word' id='word_1_299' title='bbox 1378 742 1541 775; x_wconf 84' lang='lat' dir='ltr'>ecelesiam</span> <span class='ocrx_word' id='word_1_300' title='bbox 1557 742 1716 785; x_wconf 80' lang='lat' dir='ltr'>iprensem</span> <span class='ocrx_word' id='word_1_301' title='bbox 1737 748 1840 775; x_wconf 86' lang='lat' dir='ltr'>erecta</span> 
     </span>
     <span class='ocr_line' id='line_1_58' title="bbox 1101 795 1841 839; baseline 0 -11"><span class='ocrx_word' id='word_1_302' title='bbox 1101 795 1211 837; x_wconf 84' lang='lat' dir='ltr'>extitit,</span> <span class='ocrx_word' id='word_1_303' title='bbox 1227 801 1262 828; x_wconf 87' lang='lat' dir='ltr'>ut</span> <span class='ocrx_word' id='word_1_304' title='bbox 1281 796 1468 839; x_wconf 76' lang='lat' dir='ltr'>praefertur,</span> <span class='ocrx_word' id='word_1_305' title='bbox 1490 795 1611 827; x_wconf 84' lang='lat' dir='ltr'>etiamsi</span> <span class='ocrx_word' id='word_1_306' title='bbox 1635 795 1673 827; x_wconf 87' lang='lat' dir='ltr'>de</span> <span class='ocrx_word' id='word_1_307' title='bbox 1698 795 1750 828; x_wconf 92' lang='lat' dir='ltr'>illo</span> <span class='ocrx_word' id='word_1_308' title='bbox 1771 805 1841 828; x_wconf 88' lang='lat' dir='ltr'>con-</span> 
     </span>
     <span class='ocr_line' id='line_1_59' title="bbox 1102 838 1879 893; baseline -0.001 -12"><span class='ocrx_word' id='word_1_309' title='bbox 1102 849 1300 882; x_wconf 88' lang='lat' dir='ltr'>sistorialiter</span> <span class='ocrx_word' id='word_1_310' title='bbox 1323 849 1446 893; x_wconf 87' lang='lat' dir='ltr'>disponi</span> <span class='ocrx_word' id='word_1_311' title='bbox 1475 848 1681 889; x_wconf 79' lang='lat' dir='ltr'>consueverit,</span> <span class='ocrx_word' id='word_1_312' title='bbox 1707 858 1762 880; x_wconf 91' lang='lat' dir='ltr'>seu</span> <span class='ocrx_word' id='word_1_313' title='bbox 1792 847 1842 880; x_wconf 78' lang='lat' dir='ltr'>de·</span> <span class='ocrx_word' id='word_1_314' title='bbox 1872 838 1879 844; x_wconf 65' lang='grc'><em>“</em></span> 
     </span>
     <span class='ocr_line' id='line_1_60' title="bbox 1102 901 1839 944; baseline -0.003 -10"><span class='ocrx_word' id='word_1_315' title='bbox 1102 903 1181 944; x_wconf 86' lang='lat' dir='ltr'>beat,</span> <span class='ocrx_word' id='word_1_316' title='bbox 1206 913 1332 944; x_wconf 89' lang='lat' dir='ltr'>nomen,</span> <span class='ocrx_word' id='word_1_317' title='bbox 1351 903 1473 935; x_wconf 88' lang='lat' dir='ltr'>titulum</span> <span class='ocrx_word' id='word_1_318' title='bbox 1500 907 1529 935; x_wconf 88' lang='lat' dir='ltr'>et</span> <span class='ocrx_word' id='word_1_319' title='bbox 1553 901 1839 935; x_wconf 83' lang='lat' dir='ltr'>denominationem</span> 
     </span>
     <span class='ocr_line' id='line_1_61' title="bbox 1103 955 1842 1000; baseline -0.005 -11"><span class='ocrx_word' id='word_1_320' title='bbox 1103 957 1234 997; x_wconf 85' lang='lat' dir='ltr'>abbatis,</span> <span class='ocrx_word' id='word_1_321' title='bbox 1255 967 1309 989; x_wconf 92' lang='lat' dir='ltr'>seu</span> <span class='ocrx_word' id='word_1_322' title='bbox 1333 955 1505 1000; x_wconf 83' lang='lat' dir='ltr'>praepositi</span> <span class='ocrx_word' id='word_1_323' title='bbox 1529 955 1567 988; x_wconf 87' lang='lat' dir='ltr'>ad</span> <span class='ocrx_word' id='word_1_324' title='bbox 1592 955 1774 998; x_wconf 78' lang='lat' dir='ltr'>dignitatem</span> <span class='ocrx_word' id='word_1_325' title='bbox 1793 955 1842 987; x_wconf 78' lang='lat' dir='ltr'>ab·</span> 
     </span>
     <span class='ocr_line' id='line_1_62' title="bbox 1103 1009 1841 1053; baseline 0 -12"><span class='ocrx_word' id='word_1_326' title='bbox 1103 1009 1258 1050; x_wconf 65' lang='lat' dir='ltr'>batizdem,</span> <span class='ocrx_word' id='word_1_327' title='bbox 1284 1020 1338 1042; x_wconf 86' lang='lat' dir='ltr'>seu</span> <span class='ocrx_word' id='word_1_328' title='bbox 1361 1009 1617 1053; x_wconf 82' lang='lat' dir='ltr'>praepositurae,</span> <span class='ocrx_word' id='word_1_329' title='bbox 1642 1014 1841 1052; x_wconf 77' lang='lat' dir='ltr'>statumque,</span> 
     </span>
     <span class='ocr_line' id='line_1_63' title="bbox 1103 1063 1842 1106; baseline 0.001 -11"><span class='ocrx_word' id='word_1_330' title='bbox 1103 1064 1269 1096; x_wconf 85' lang='lat' dir='ltr'>essentiam</span> <span class='ocrx_word' id='word_1_331' title='bbox 1295 1067 1323 1097; x_wconf 89' lang='lat' dir='ltr'>et</span> <span class='ocrx_word' id='word_1_332' title='bbox 1348 1063 1491 1096; x_wconf 83' lang='lat' dir='ltr'>ordinem</span> <span class='ocrx_word' id='word_1_333' title='bbox 1518 1063 1696 1106; x_wconf 77' lang='lat' dir='ltr'>regulares,</span> <span class='ocrx_word' id='word_1_334' title='bbox 1721 1073 1842 1096; x_wconf 82' lang='lat' dir='ltr'>necnon</span> 
     </span>
     <span class='ocr_line' id='line_1_64' title="bbox 1103 1116 1842 1160; baseline 0.001 -12"><span class='ocrx_word' id='word_1_335' title='bbox 1103 1128 1174 1149; x_wconf 82' lang='lat' dir='ltr'>cum</span> <span class='ocrx_word' id='word_1_336' title='bbox 1199 1116 1338 1160; x_wconf 91' lang='lat' dir='ltr'>primum</span> <span class='ocrx_word' id='word_1_337' title='bbox 1359 1116 1449 1154; x_wconf 78' lang='lat' dir='ltr'>illos,</span> <span class='ocrx_word' id='word_1_338' title='bbox 1476 1127 1510 1149; x_wconf 88' lang='lat' dir='ltr'>ac</span> <span class='ocrx_word' id='word_1_339' title='bbox 1540 1116 1765 1149; x_wconf 84' lang='lat' dir='ltr'>monasterium</span> <span class='ocrx_word' id='word_1_340' title='bbox 1789 1127 1842 1149; x_wconf 88' lang='lat' dir='ltr'>seu</span> 
     </span>
     <span class='ocr_line' id='line_1_65' title="bbox 1105 1170 1844 1214; baseline 0.003 -13"><span class='ocrx_word' id='word_1_341' title='bbox 1105 1170 1356 1214; x_wconf 81' lang='lat' dir='ltr'>praeposituram</span> <span class='ocrx_word' id='word_1_342' title='bbox 1374 1170 1402 1203; x_wconf 75' lang='lat' dir='ltr'>S.</span> <span class='ocrx_word' id='word_1_343' title='bbox 1425 1170 1546 1203; x_wconf 80' lang='lat' dir='ltr'>Martini</span> <span class='ocrx_word' id='word_1_344' title='bbox 1571 1170 1761 1211; x_wconf 72' lang='lat' dir='ltr'>huiusmodi,</span> <span class='ocrx_word' id='word_1_345' title='bbox 1787 1181 1844 1214; x_wconf 91' lang='lat' dir='ltr'>per</span> 
     </span>
     <span class='ocr_line' id='line_1_66' title="bbox 1104 1223 1841 1257; baseline 0.001 -2"><span class='ocrx_word' id='word_1_346' title='bbox 1104 1234 1227 1257; x_wconf 79' lang='lat' dir='ltr'>cessum</span> <span class='ocrx_word' id='word_1_347' title='bbox 1253 1224 1299 1256; x_wconf 83' lang='lat' dir='ltr'>vel</span> <span class='ocrx_word' id='word_1_348' title='bbox 1325 1224 1487 1255; x_wconf 74' lang='lat' dir='ltr'>decessum</span> <span class='ocrx_word' id='word_1_349' title='bbox 1514 1224 1565 1256; x_wconf 82' lang='lat' dir='ltr'>illa</span> <span class='ocrx_word' id='word_1_350' title='bbox 1588 1234 1671 1256; x_wconf 88' lang='lat' dir='ltr'>nunc</span> <span class='ocrx_word' id='word_1_351' title='bbox 1695 1223 1841 1256; x_wconf 88' lang='lat' dir='ltr'>obtinen-</span> 
     </span>
     <span class='ocr_line' id='line_1_67' title="bbox 1105 1277 1843 1320; baseline 0 -11"><span class='ocrx_word' id='word_1_352' title='bbox 1105 1278 1203 1317; x_wconf 89' lang='lat' dir='ltr'>tium,</span> <span class='ocrx_word' id='word_1_353' title='bbox 1229 1277 1320 1311; x_wconf 85' lang='lat' dir='ltr'>etiam</span> <span class='ocrx_word' id='word_1_354' title='bbox 1350 1277 1433 1320; x_wconf 87' lang='lat' dir='ltr'>apud</span> <span class='ocrx_word' id='word_1_355' title='bbox 1458 1277 1568 1310; x_wconf 84' lang='lat' dir='ltr'>Sedem</span> <span class='ocrx_word' id='word_1_356' title='bbox 1602 1277 1765 1317; x_wconf 85' lang='lat' dir='ltr'>eamdem,</span> <span class='ocrx_word' id='word_1_357' title='bbox 1793 1283 1843 1309; x_wconf 89' lang='lat' dir='ltr'>aut</span> 
     </span>
     <span class='ocr_line' id='line_1_68' title="bbox 1104 1330 1847 1375; baseline 0.001 -13"><span class='ocrx_word' id='word_1_358' title='bbox 1104 1331 1179 1363; x_wconf 78' lang='lat' dir='ltr'>alias</span> <span class='ocrx_word' id='word_1_359' title='bbox 1215 1330 1375 1375; x_wconf 75' lang='lat' dir='ltr'>quibusvis</span> <span class='ocrx_word' id='word_1_360' title='bbox 1412 1330 1534 1371; x_wconf 79' lang='lat' dir='ltr'>modis⁷</span> <span class='ocrx_word' id='word_1_361' title='bbox 1567 1335 1595 1362; x_wconf 87' lang='lat' dir='ltr'>et</span> <span class='ocrx_word' id='word_1_362' title='bbox 1627 1341 1664 1362; x_wconf 80' lang='lat' dir='ltr'>ex</span> <span class='ocrx_word' id='word_1_363' title='bbox 1699 1341 1847 1374; x_wconf 84' lang='lat' dir='ltr'>quorum-</span> 
     </span>
     <span class='ocr_line' id='line_1_69' title="bbox 1105 1383 1847 1428; baseline 0 -12"><span class='ocrx_word' id='word_1_364' title='bbox 1105 1394 1239 1428; x_wconf 79' lang='lat' dir='ltr'>cumque</span> <span class='ocrx_word' id='word_1_365' title='bbox 1258 1384 1410 1427; x_wconf 84' lang='lat' dir='ltr'>personis,</span> <span class='ocrx_word' id='word_1_366' title='bbox 1431 1384 1524 1416; x_wconf 88' lang='lat' dir='ltr'>etiam</span> <span class='ocrx_word' id='word_1_367' title='bbox 1541 1383 1572 1416; x_wconf 92' lang='lat' dir='ltr'>in</span> <span class='ocrx_word' id='word_1_368' title='bbox 1589 1384 1693 1427; x_wconf 87' lang='lat' dir='ltr'>aliquo</span> <span class='ocrx_word' id='word_1_369' title='bbox 1711 1395 1747 1416; x_wconf 85' lang='lat' dir='ltr'>ex</span> <span class='ocrx_word' id='word_1_370' title='bbox 1765 1395 1847 1417; x_wconf 90' lang='lat' dir='ltr'>men-</span> 
     </span>
     <span class='ocr_line' id='line_1_70' title="bbox 1105 1437 1845 1481; baseline -0.001 -11"><span class='ocrx_word' id='word_1_371' title='bbox 1105 1438 1202 1477; x_wconf 78' lang='lat' dir='ltr'>sibus,</span> <span class='ocrx_word' id='word_1_372' title='bbox 1227 1437 1257 1469; x_wconf 90' lang='lat' dir='ltr'>iu</span> <span class='ocrx_word' id='word_1_373' title='bbox 1282 1437 1397 1481; x_wconf 83' lang='lat' dir='ltr'>quibus</span> <span class='ocrx_word' id='word_1_374' title='bbox 1421 1437 1596 1469; x_wconf 85' lang='lat' dir='ltr'>vacantium</span> <span class='ocrx_word' id='word_1_375' title='bbox 1618 1437 1845 1470; x_wconf 82' lang='lat' dir='ltr'>beneficiorum</span> 
     </span>
     <span class='ocr_line' id='line_1_71' title="bbox 1105 1490 1847 1534; baseline -0.001 -11"><span class='ocrx_word' id='word_1_376' title='bbox 1105 1490 1388 1523; x_wconf 83' lang='lat' dir='ltr'>ecclesiasticorum</span> <span class='ocrx_word' id='word_1_377' title='bbox 1414 1490 1577 1534; x_wconf 83' lang='lat' dir='ltr'>dispositio</span> <span class='ocrx_word' id='word_1_378' title='bbox 1597 1490 1687 1523; x_wconf 88' lang='lat' dir='ltr'>ncbis</span> <span class='ocrx_word' id='word_1_379' title='bbox 1712 1495 1764 1523; x_wconf 85' lang='lat' dir='ltr'>aut</span> <span class='ocrx_word' id='word_1_380' title='bbox 1787 1491 1847 1523; x_wconf 85' lang='lat' dir='ltr'>Ro-</span> 
     </span>
     <span class='ocr_line' id='line_1_72' title="bbox 1106 1543 1848 1588; baseline 0.001 -12"><span class='ocrx_word' id='word_1_381' title='bbox 1106 1554 1198 1577; x_wconf 88' lang='lat' dir='ltr'>mano</span> <span class='ocrx_word' id='word_1_382' title='bbox 1216 1544 1358 1577; x_wconf 80' lang='lat' dir='ltr'>Pontifici</span> <span class='ocrx_word' id='word_1_383' title='bbox 1383 1555 1441 1587; x_wconf 88' lang='lat' dir='ltr'>pro</span> <span class='ocrx_word' id='word_1_384' title='bbox 1467 1549 1608 1587; x_wconf 85' lang='lat' dir='ltr'>tempore</span> <span class='ocrx_word' id='word_1_385' title='bbox 1634 1543 1777 1577; x_wconf 79' lang='lat' dir='ltr'>existenti</span> <span class='ocrx_word' id='word_1_386' title='bbox 1791 1555 1848 1588; x_wconf 89' lang='lat' dir='ltr'>per</span> 
     </span>
     <span class='ocr_line' id='line_1_73' title="bbox 1107 1597 1847 1641; baseline 0.001 -11"><span class='ocrx_word' id='word_1_387' title='bbox 1107 1597 1343 1631; x_wconf 79' lang='lat' dir='ltr'>constitutiones</span> <span class='ocrx_word' id='word_1_388' title='bbox 1368 1598 1555 1641; x_wconf 88' lang='lat' dir='ltr'>apostolicas</span> <span class='ocrx_word' id='word_1_389' title='bbox 1576 1598 1625 1629; x_wconf 87' lang='lat' dir='ltr'>vel</span> <span class='ocrx_word' id='word_1_390' title='bbox 1643 1598 1847 1631; x_wconf 78' lang='lat' dir='ltr'>cancellariae</span> 
     </span>
     <span class='ocr_line' id='line_1_74' title="bbox 1106 1651 1849 1695; baseline 0 -11"><span class='ocrx_word' id='word_1_391' title='bbox 1106 1651 1296 1695; x_wconf 84' lang='lat' dir='ltr'>apostolicae</span> <span class='ocrx_word' id='word_1_392' title='bbox 1329 1651 1453 1694; x_wconf 78' lang='lat' dir='ltr'>regulas</span> <span class='ocrx_word' id='word_1_393' title='bbox 1485 1661 1540 1683; x_wconf 87' lang='lat' dir='ltr'>seu</span> <span class='ocrx_word' id='word_1_394' title='bbox 1564 1651 1683 1683; x_wconf 83' lang='lat' dir='ltr'>litteras</span> <span class='ocrx_word' id='word_1_395' title='bbox 1715 1651 1849 1684; x_wconf 86' lang='lat' dir='ltr'>alterna-</span> 
     </span>
     <span class='ocr_line' id='line_1_75' title="bbox 1108 1703 1851 1747; baseline -0.003 -10"><span class='ocrx_word' id='word_1_396' title='bbox 1108 1705 1241 1737; x_wconf 81' lang='lat' dir='ltr'>tivarum</span> <span class='ocrx_word' id='word_1_397' title='bbox 1269 1709 1322 1736; x_wconf 88' lang='lat' dir='ltr'>aut</span> <span class='ocrx_word' id='word_1_398' title='bbox 1341 1704 1400 1736; x_wconf 89' lang='lat' dir='ltr'>alia</span> <span class='ocrx_word' id='word_1_399' title='bbox 1424 1703 1589 1747; x_wconf 74' lang='lat' dir='ltr'>privilegia</span> <span class='ocrx_word' id='word_1_400' title='bbox 1613 1709 1642 1736; x_wconf 92' lang='lat' dir='ltr'>et</span> <span class='ocrx_word' id='word_1_401' title='bbox 1666 1704 1786 1737; x_wconf 87' lang='lat' dir='ltr'>indulta</span> <span class='ocrx_word' id='word_1_402' title='bbox 1803 1715 1851 1737; x_wconf 69' lang='lat' dir='ltr'>re-</span> 
     </span>
     <span class='ocr_line' id='line_1_76' title="bbox 1107 1757 1850 1797; baseline 0 -7"><span class='ocrx_word' id='word_1_403' title='bbox 1107 1763 1228 1791; x_wconf 85' lang='lat' dir='ltr'>servata</span> <span class='ocrx_word' id='word_1_404' title='bbox 1252 1757 1354 1790; x_wconf 75' lang='lat' dir='ltr'>existit</span> <span class='ocrx_word' id='word_1_405' title='bbox 1381 1767 1436 1790; x_wconf 89' lang='lat' dir='ltr'>seu</span> <span class='ocrx_word' id='word_1_406' title='bbox 1462 1757 1565 1797; x_wconf 82' lang='lat' dir='ltr'>suerit,</span> <span class='ocrx_word' id='word_1_407' title='bbox 1592 1757 1685 1790; x_wconf 92' lang='lat' dir='ltr'>simul</span> <span class='ocrx_word' id='word_1_408' title='bbox 1710 1758 1758 1790; x_wconf 86' lang='lat' dir='ltr'>vel</span> <span class='ocrx_word' id='word_1_409' title='bbox 1785 1768 1850 1790; x_wconf 86' lang='lat' dir='ltr'>suc-</span> 
     </span>
     <span class='ocr_line' id='line_1_77' title="bbox 1107 1810 1850 1853; baseline -0.001 -9"><span class='ocrx_word' id='word_1_410' title='bbox 1107 1811 1224 1844; x_wconf 84' lang='lat' dir='ltr'>cessive</span> <span class='ocrx_word' id='word_1_411' title='bbox 1260 1820 1373 1843; x_wconf 83' lang='lat' dir='ltr'>vacare</span> <span class='ocrx_word' id='word_1_412' title='bbox 1409 1810 1595 1853; x_wconf 77' lang='lat' dir='ltr'>contigerit,</span> <span class='ocrx_word' id='word_1_413' title='bbox 1626 1810 1748 1844; x_wconf 88' lang='lat' dir='ltr'>etiamsi</span> <span class='ocrx_word' id='word_1_414' title='bbox 1781 1815 1850 1844; x_wconf 84' lang='lat' dir='ltr'>actu</span> 
     </span>
     <span class='ocr_line' id='line_1_78' title="bbox 1107 1864 1851 1908; baseline -0.001 -11"><span class='ocrx_word' id='word_1_415' title='bbox 1107 1875 1198 1907; x_wconf 79' lang='lat' dir='ltr'>nime,</span> <span class='ocrx_word' id='word_1_416' title='bbox 1221 1870 1255 1897; x_wconf 84' lang='lat' dir='ltr'>ut</span> <span class='ocrx_word' id='word_1_417' title='bbox 1275 1864 1464 1908; x_wconf 83' lang='lat' dir='ltr'>praefertur,</span> <span class='ocrx_word' id='word_1_418' title='bbox 1488 1869 1607 1907; x_wconf 80' lang='lat' dir='ltr'>vacent⁷</span> <span class='ocrx_word' id='word_1_419' title='bbox 1627 1869 1656 1896; x_wconf 88' lang='lat' dir='ltr'>et</span> <span class='ocrx_word' id='word_1_420' title='bbox 1672 1869 1758 1898; x_wconf 85' lang='lat' dir='ltr'>tanto</span> <span class='ocrx_word' id='word_1_421' title='bbox 1776 1868 1851 1898; x_wconf 83' lang='lat' dir='ltr'>teni-</span> 
     </span>
     <span class='ocr_line' id='line_1_79' title="bbox 1108 1918 1852 1963; baseline 0.001 -13"><span class='ocrx_word' id='word_1_422' title='bbox 1108 1930 1185 1963; x_wconf 84' lang='lat' dir='ltr'>pore</span> <span class='ocrx_word' id='word_1_423' title='bbox 1211 1919 1398 1959; x_wconf 78' lang='lat' dir='ltr'>vacaverint,</span> <span class='ocrx_word' id='word_1_424' title='bbox 1416 1918 1500 1962; x_wconf 87' lang='lat' dir='ltr'>quod</span> <span class='ocrx_word' id='word_1_425' title='bbox 1524 1919 1650 1952; x_wconf 88' lang='lat' dir='ltr'>illorum</span> <span class='ocrx_word' id='word_1_426' title='bbox 1673 1919 1797 1952; x_wconf 81' lang='lat' dir='ltr'>collatio</span> <span class='ocrx_word' id='word_1_427' title='bbox 1822 1925 1852 1951; x_wconf 81' lang='lat' dir='ltr'>et</span> 
     </span>
     <span class='ocr_line' id='line_1_80' title="bbox 1109 1972 1851 2016; baseline -0.003 -10"><span class='ocrx_word' id='word_1_428' title='bbox 1109 1973 1247 2006; x_wconf 88' lang='lat' dir='ltr'>eiusdem</span> <span class='ocrx_word' id='word_1_429' title='bbox 1280 1972 1463 2006; x_wconf 84' lang='lat' dir='ltr'>monasterii</span> <span class='ocrx_word' id='word_1_430' title='bbox 1495 1973 1534 2005; x_wconf 55' lang='lat' dir='ltr'>S(</span> <span class='ocrx_word' id='word_1_431' title='bbox 1560 1972 1681 2005; x_wconf 86' lang='lat' dir='ltr'>Martini</span> <span class='ocrx_word' id='word_1_432' title='bbox 1713 1972 1851 2016; x_wconf 76' lang='lat' dir='ltr'>provisio</span> 
     </span>
     <span class='ocr_line' id='line_1_81' title="bbox 1110 2026 1851 2060; baseline -0.001 -1"><span class='ocrx_word' id='word_1_433' title='bbox 1110 2027 1194 2060; x_wconf 79' lang='lat' dir='ltr'>iuxta</span> <span class='ocrx_word' id='word_1_434' title='bbox 1207 2027 1422 2059; x_wconf 85' lang='lat' dir='ltr'>Lateranensis</span> <span class='ocrx_word' id='word_1_435' title='bbox 1436 2030 1548 2060; x_wconf 82' lang='lat' dir='ltr'>statuta</span> <span class='ocrx_word' id='word_1_436' title='bbox 1566 2026 1689 2059; x_wconf 89' lang='lat' dir='ltr'>concilii</span> <span class='ocrx_word' id='word_1_437' title='bbox 1707 2031 1759 2058; x_wconf 88' lang='lat' dir='ltr'>aut</span> <span class='ocrx_word' id='word_1_438' title='bbox 1775 2026 1851 2058; x_wconf 84' lang='lat' dir='ltr'>alias</span> 
     </span>
     <span class='ocr_line' id='line_1_82' title="bbox 1109 2080 1850 2124; baseline -0.003 -10"><span class='ocrx_word' id='word_1_439' title='bbox 1109 2081 1274 2114; x_wconf 86' lang='lat' dir='ltr'>canonicas</span> <span class='ocrx_word' id='word_1_440' title='bbox 1299 2081 1475 2114; x_wconf 86' lang='lat' dir='ltr'>sanctiones</span> <span class='ocrx_word' id='word_1_441' title='bbox 1491 2080 1529 2113; x_wconf 88' lang='lat' dir='ltr'>ad</span> <span class='ocrx_word' id='word_1_442' title='bbox 1550 2080 1662 2113; x_wconf 86' lang='lat' dir='ltr'>Sedem</span> <span class='ocrx_word' id='word_1_443' title='bbox 1679 2080 1850 2124; x_wconf 82' lang='lat' dir='ltr'>praefatam</span> 
     </span>
     <span class='ocr_line' id='line_1_83' title="bbox 1110 2133 1851 2178; baseline 0 -11"><span class='ocrx_word' id='word_1_444' title='bbox 1110 2134 1248 2177; x_wconf 70' lang='lat' dir='ltr'>legitime</span> <span class='ocrx_word' id='word_1_445' title='bbox 1267 2134 1421 2175; x_wconf 79' lang='lat' dir='ltr'>devoluta,</span> <span class='ocrx_word' id='word_1_446' title='bbox 1434 2134 1542 2178; x_wconf 85' lang='lat' dir='ltr'>illique</span> <span class='ocrx_word' id='word_1_447' title='bbox 1561 2133 1760 2178; x_wconf 86' lang='lat' dir='ltr'>dispositioni</span> <span class='ocrx_word' id='word_1_448' title='bbox 1777 2144 1851 2178; x_wconf 88' lang='lat' dir='ltr'>apo-</span> 
     </span>
     <span class='ocr_line' id='line_1_84' title="bbox 1110 2187 1852 2232; baseline -0.001 -11"><span class='ocrx_word' id='word_1_449' title='bbox 1110 2188 1238 2222; x_wconf 82' lang='lat' dir='ltr'>stolicae</span> <span class='ocrx_word' id='word_1_450' title='bbox 1263 2188 1440 2232; x_wconf 79' lang='lat' dir='ltr'>specialiter</span> <span class='ocrx_word' id='word_1_451' title='bbox 1466 2188 1513 2220; x_wconf 86' lang='lat' dir='ltr'>vel</span> <span class='ocrx_word' id='word_1_452' title='bbox 1538 2187 1728 2230; x_wconf 80' lang='lat' dir='ltr'>generaliter</span> <span class='ocrx_word' id='word_1_453' title='bbox 1753 2198 1852 2220; x_wconf 84' lang='lat' dir='ltr'>reser-</span> 
     </span>
     <span class='ocr_line' id='line_1_85' title="bbox 1111 2240 1851 2285; baseline 0 -12"><span class='ocrx_word' id='word_1_454' title='bbox 1111 2242 1171 2275; x_wconf 86' lang='lat' dir='ltr'>vati</span> <span class='ocrx_word' id='word_1_455' title='bbox 1196 2242 1338 2282; x_wconf 76' lang='lat' dir='ltr'>existant,</span> <span class='ocrx_word' id='word_1_456' title='bbox 1364 2252 1399 2274; x_wconf 87' lang='lat' dir='ltr'>ac</span> <span class='ocrx_word' id='word_1_457' title='bbox 1425 2242 1522 2285; x_wconf 78' lang='lat' dir='ltr'>ipsius</span> <span class='ocrx_word' id='word_1_458' title='bbox 1547 2240 1728 2275; x_wconf 83' lang='lat' dir='ltr'>monasterii</span> <span class='ocrx_word' id='word_1_459' title='bbox 1754 2241 1851 2274; x_wconf 88' lang='lat' dir='ltr'>sancti</span> 
     </span>
     <span class='ocr_line' id='line_1_86' title="bbox 1112 2293 1853 2338; baseline -0.003 -11"><span class='ocrx_word' id='word_1_460' title='bbox 1112 2294 1233 2327; x_wconf 80' lang='lat' dir='ltr'>Martini</span> <span class='ocrx_word' id='word_1_461' title='bbox 1258 2294 1398 2338; x_wconf 88' lang='lat' dir='ltr'>provisio</span> <span class='ocrx_word' id='word_1_462' title='bbox 1431 2294 1469 2326; x_wconf 90' lang='lat' dir='ltr'>ad</span> <span class='ocrx_word' id='word_1_463' title='bbox 1501 2294 1643 2326; x_wconf 86' lang='lat' dir='ltr'>eamdem</span> <span class='ocrx_word' id='word_1_464' title='bbox 1675 2293 1853 2337; x_wconf 85' lang='lat' dir='ltr'>specialiter</span> 
     </span>
     <span class='ocr_line' id='line_1_87' title="bbox 1112 2347 1854 2392; baseline 0 -12"><span class='ocrx_word' id='word_1_465' title='bbox 1112 2349 1158 2381; x_wconf 85' lang='lat' dir='ltr'>vel</span> <span class='ocrx_word' id='word_1_466' title='bbox 1172 2348 1362 2391; x_wconf 73' lang='lat' dir='ltr'>generaliter</span> <span class='ocrx_word' id='word_1_467' title='bbox 1378 2348 1541 2392; x_wconf 85' lang='lat' dir='ltr'>pertineat,</span> <span class='ocrx_word' id='word_1_468' title='bbox 1555 2353 1585 2380; x_wconf 84' lang='lat' dir='ltr'>et</span> <span class='ocrx_word' id='word_1_469' title='bbox 1602 2347 1640 2380; x_wconf 85' lang='lat' dir='ltr'>ad</span> <span class='ocrx_word' id='word_1_470' title='bbox 1657 2347 1708 2379; x_wconf 89' lang='lat' dir='ltr'>illa</span> <span class='ocrx_word' id='word_1_471' title='bbox 1725 2357 1854 2380; x_wconf 83' lang='lat' dir='ltr'>consuc-</span> 
     </span>
     <span class='ocr_line' id='line_1_88' title="bbox 1113 2401 1853 2446; baseline 0 -12"><span class='ocrx_word' id='word_1_472' title='bbox 1113 2402 1213 2436; x_wconf 79' lang='lat' dir='ltr'>vcrint</span> <span class='ocrx_word' id='word_1_473' title='bbox 1232 2402 1283 2446; x_wconf 81' lang='lat' dir='ltr'>qui</span> <span class='ocrx_word' id='word_1_474' title='bbox 1309 2412 1366 2446; x_wconf 86' lang='lat' dir='ltr'>per</span> <span class='ocrx_word' id='word_1_475' title='bbox 1390 2402 1574 2435; x_wconf 86' lang='lat' dir='ltr'>electionem</span> <span class='ocrx_word' id='word_1_476' title='bbox 1600 2401 1728 2442; x_wconf 84' lang='lat' dir='ltr'>assumi,</span> <span class='ocrx_word' id='word_1_477' title='bbox 1746 2401 1853 2445; x_wconf 87' lang='lat' dir='ltr'>eisquc</span> 
     </span>
     <span class='ocr_line' id='line_1_89' title="bbox 1113 2455 1854 2489; baseline -0.003 0"><span class='ocrx_word' id='word_1_478' title='bbox 1113 2466 1188 2489; x_wconf 88' lang='lat' dir='ltr'>cura</span> <span class='ocrx_word' id='word_1_479' title='bbox 1213 2456 1306 2489; x_wconf 81' lang='lat' dir='ltr'>etium</span> <span class='ocrx_word' id='word_1_480' title='bbox 1330 2455 1586 2488; x_wconf 84' lang='lat' dir='ltr'>iurisdictionalis</span> <span class='ocrx_word' id='word_1_481' title='bbox 1606 2455 1769 2488; x_wconf 88' lang='lat' dir='ltr'>immineat</span> <span class='ocrx_word' id='word_1_482' title='bbox 1792 2455 1854 2487; x_wconf 85' lang='lat' dir='ltr'>ani-</span> 
     </span>
     <span class='ocr_line' id='line_1_90' title="bbox 1114 2508 1854 2552; baseline 0 -10"><span class='ocrx_word' id='word_1_483' title='bbox 1114 2520 1256 2549; x_wconf 88' lang='lat' dir='ltr'>marum,</span> <span class='ocrx_word' id='word_1_484' title='bbox 1282 2519 1377 2552; x_wconf 88' lang='lat' dir='ltr'>super</span> <span class='ocrx_word' id='word_1_485' title='bbox 1400 2508 1446 2541; x_wconf 85' lang='lat' dir='ltr'>eis</span> <span class='ocrx_word' id='word_1_486' title='bbox 1469 2519 1594 2551; x_wconf 85' lang='lat' dir='ltr'>quoque</span> <span class='ocrx_word' id='word_1_487' title='bbox 1622 2508 1704 2541; x_wconf 89' lang='lat' dir='ltr'>inter</span> <span class='ocrx_word' id='word_1_488' title='bbox 1733 2508 1854 2552; x_wconf 82' lang='lat' dir='ltr'>aliquos</span> 
     </span>
     <span class='ocr_line' id='line_1_91' title="bbox 1115 2561 1854 2606; baseline 0 -11"><span class='ocrx_word' id='word_1_489' title='bbox 1115 2564 1160 2604; x_wconf 82' lang='lat' dir='ltr'>lis⁷</span> <span class='ocrx_word' id='word_1_490' title='bbox 1179 2564 1267 2595; x_wconf 86' lang='lat' dir='ltr'>cuius</span> <span class='ocrx_word' id='word_1_491' title='bbox 1291 2567 1404 2595; x_wconf 89' lang='lat' dir='ltr'>statum</span> <span class='ocrx_word' id='word_1_492' title='bbox 1430 2561 1648 2606; x_wconf 87' lang='lat' dir='ltr'>praesentibus</span> <span class='ocrx_word' id='word_1_493' title='bbox 1672 2561 1782 2595; x_wconf 86' lang='lat' dir='ltr'>haberi</span> <span class='ocrx_word' id='word_1_494' title='bbox 1800 2573 1854 2595; x_wconf 84' lang='lat' dir='ltr'>vo-</span> 
     </span>
     <span class='ocr_line' id='line_1_92' title="bbox 1115 2615 1854 2660; baseline -0.003 -10"><span class='ocrx_word' id='word_1_495' title='bbox 1115 2618 1218 2650; x_wconf 90' lang='lat' dir='ltr'>lumus</span> <span class='ocrx_word' id='word_1_496' title='bbox 1252 2626 1310 2660; x_wconf 90' lang='lat' dir='ltr'>pro</span> <span class='ocrx_word' id='word_1_497' title='bbox 1342 2625 1510 2660; x_wconf 79' lang='lat' dir='ltr'>expresso,</span> <span class='ocrx_word' id='word_1_498' title='bbox 1542 2615 1675 2659; x_wconf 84' lang='lat' dir='ltr'>pendeat</span> <span class='ocrx_word' id='word_1_499' title='bbox 1704 2615 1854 2659; x_wconf 85' lang='lat' dir='ltr'>indecisa)</span> 
     </span>
     <span class='ocr_line' id='line_1_93' title="bbox 1115 2668 1855 2710; baseline 0 -7"><span class='ocrx_word' id='word_1_500' title='bbox 1115 2669 1341 2704; x_wconf 85' lang='lat' dir='ltr'>monasterium</span> <span class='ocrx_word' id='word_1_501' title='bbox 1366 2669 1395 2703; x_wconf 81' lang='lat' dir='ltr'>S.</span> <span class='ocrx_word' id='word_1_502' title='bbox 1420 2668 1553 2710; x_wconf 87' lang='lat' dir='ltr'>Martini,</span> <span class='ocrx_word' id='word_1_503' title='bbox 1571 2679 1625 2702; x_wconf 88' lang='lat' dir='ltr'>seu</span> <span class='ocrx_word' id='word_1_504' title='bbox 1649 2668 1733 2702; x_wconf 83' lang='lat' dir='ltr'>illius</span> <span class='ocrx_word' id='word_1_505' title='bbox 1753 2679 1788 2702; x_wconf 88' lang='lat' dir='ltr'>ac</span> <span class='ocrx_word' id='word_1_506' title='bbox 1808 2679 1855 2703; x_wconf 82' lang='lat' dir='ltr'>ec-</span> 
     </span>
    </p>
   </div>
   <div class='ocr_carea' id='block_1_6' title="bbox 1738 256 2031 290">
    <p class='ocr_par' dir='ltr' id='par_1_6' title="bbox 1738 256 2031 290">
     <span class='ocr_line' id='line_1_94' title="bbox 1738 256 2031 290; baseline 0 -2"><span class='ocrx_word' id='word_1_507' title='bbox 1738 256 1801 289; x_wconf 67' lang='lat'>4:30</span> <span class='ocrx_word' id='word_1_508' title='bbox 1848 266 1896 290; x_wconf 70' lang='lat' dir='ltr'>An.</span> <span class='ocrx_word' id='word_1_509' title='bbox 1917 264 1944 288; x_wconf 74' lang='lat' dir='ltr'>c.</span> <span class='ocrx_word' id='word_1_510' title='bbox 1964 262 2031 289; x_wconf 73' lang='lat'>1626</span> 
     </span>
    </p>
   </div>
  </div>
 </body>
</html>
