2269 3235
112 239 162 268 An.
183 239 211 267 C.
227 238 296 267 1626

169 885 295 907 Reconnaiis

111 913 139 933 ad
148 912 295 938 eappuccinos

111 940 221 960 transitum
249 945 295 965 per-

111 967 182 987 mittit.

142 1847 229 1868 Domum
246 1846 299 1867 Nea-

115 1873 231 1899 politanam
245 1873 300 1894 exui·

116 1899 155 1925 pit.

145 2167 168 2187 ln
183 2171 225 2193 qna
233 2168 302 2187 tamen

117 2198 185 2214 novos
228 2193 303 2214 fratres

119 2220 185 2246 recipi
201 2221 265 2241 vetat.

917 239 1056 264 URBANUS

309 286 482 319 sessionem
518 286 714 330 spiritualem
753 291 784 320 et
821 287 1027 330 temporalem
1042 314 1049 327 ,

309 348 431 372 necnon
456 338 504 372 ius
527 345 557 373 et
577 340 732 373 actionem
751 340 795 373 eis
813 339 1051 384 quomodolibet

310 393 528 437 competentia,
543 394 713 438 apostolica
726 394 920 434 auctoritate,
930 404 1053 426 earum-

309 446 380 479 dem
398 451 507 480 tenore
524 447 747 491 praesentium,
762 447 933 480 auferimus
950 452 980 479 et
997 447 1051 479 ab-

310 499 370 533 lata
406 509 474 532 esse
507 505 536 532 et
577 500 697 533 censeri
732 500 897 533 volumus:
929 510 1053 532 necnon

309 552 442 594 domos,
467 558 639 586 conventus
654 579 662 594 ‚
688 554 775 594 loca,
805 553 1050 596 supellectilem,

308 605 402 646 bona,
427 615 488 646 res,
505 605 642 639 actiones
667 611 696 638 ct
720 606 789 638 iura
808 605 978 649 praedicta,
999 616 1051 639 eo-

310 669 444 703 rumque
464 659 700 703 proprietatem,
719 659 827 692 Ordini
848 659 982 693 fratrum
1002 660 1054 693 Mi-

310 722 424 745 norum
455 712 486 746 S.
511 712 669 745 Francisci
694 712 951 746 Conventualium
976 723 1053 746 nun-

311 770 515 809 cupatorum,
546 764 730 798 auctoritate
762 770 792 798 et
823 770 931 799 tenore
962 773 1052 809 prae-

311 818 402 852 dictis
425 817 627 852 concedimus
644 823 674 851 et
691 818 897 862 assignamus.

355 872 370 915 ς
393 870 423 904 3.
448 872 578 916 Insuper
602 873 768 915 volumus,
795 878 828 906 ut
858 873 973 907 fratres
996 884 1050 906 re-

310 924 437 958 formati
460 925 613 969 praedicti
638 925 677 958 ad
698 926 811 959 fratres
831 926 905 960 dicti
930 927 1054 960 Ordinis

310 978 339 1012 S.
364 978 524 1011 Francisci
548 978 761 1023 Cappuccinos
792 990 846 1012 seu
870 980 908 1013 de
944 980 1054 1014 Obser—

310 1031 414 1065 vantia
438 1036 646 1076 nuncupatos,
672 1038 735 1065 tam
756 1033 794 1065 de
819 1033 934 1066 familia
960 1044 1054 1077 quam

310 1085 509 1127 reformatos,
526 1085 606 1118 infra
630 1085 710 1119 duos
734 1096 858 1119 menses
883 1097 900 1119 a
925 1086 974 1120 die
999 1098 1056 1131 pu-

310 1138 488 1172 blicationis
504 1138 728 1182 praesentium,
746 1139 771 1172 si
789 1140 820 1172 id
837 1139 881 1172 eis
899 1139 1055 1173 videbitur

310 1197 341 1225 et
356 1192 525 1226 benevolos
550 1192 726 1226 invenerint
748 1198 938 1237 receptores,
959 1199 1056 1226 trans-

311 1250 392 1286 eant,
407 1250 437 1279 et
452 1246 583 1289 quilibet
594 1256 704 1279 corum
721 1252 868 1288 transeat,
883 1247 988 1291 ibique
999 1258 1056 1291 per

311 1300 490 1344 superiores
507 1300 675 1334 domorum
693 1301 885 1342 huiusmodi,
903 1312 980 1345 quas
997 1302 1055 1345 ipsi

312 1353 474 1396 elegerint,
491 1354 695 1397 recipiantur,
720 1365 756 1387 ac
773 1354 811 1387 ad
836 1365 947 1388 eorum
969 1355 1056 1387 habi-

312 1413 378 1440 tum
395 1412 426 1440 et
442 1407 671 1451 professionem
688 1409 858 1451 regulares,
877 1409 971 1442 etiam
987 1409 1056 1442 abs-

311 1471 372 1505 que
397 1461 458 1495 alio
482 1461 645 1502 novitiatu,
675 1461 896 1494 admittantur:
922 1462 1056 1495 transire

313 1519 418 1548 autem
433 1514 575 1549 nolentes
591 1515 705 1548 dilecto
722 1515 788 1548 silio
805 1515 949 1548 ministro
967 1526 1058 1558 gene-

313 1568 371 1601 rali
395 1567 469 1601 dicti
489 1567 613 1602 Ordinis
637 1569 771 1602 fratrum
794 1568 1055 1602 Conventualium

311 1632 370 1666 per
394 1627 566 1655 conventus
586 1621 633 1654 sui
658 1621 792 1663 Ordinis,
812 1623 934 1654 retenta
952 1627 1056 1654 tamen

312 1675 547 1716 reformatione,
565 1675 697 1709 arbitrio
715 1686 771 1708 suo
791 1676 875 1708 iuxta
891 1675 1056 1719 providam

312 1740 370 1774 per
383 1740 456 1762 eum
470 1729 607 1773 desuper
620 1729 795 1762 faciendam
811 1729 1056 1772 assignationem

314 1782 523 1816 distribuendi
546 1783 724 1827 facultatem
750 1783 962 1816 concedimus.

359 1835 426 1879 §ln
452 1835 516 1869 Sub
546 1836 605 1869 hac
635 1841 741 1869 tamen
771 1836 996 1880 suppressione
1028 1841 1058 1869 et

316 1888 513 1931 extinctione,
539 1889 671 1933 aliisque
701 1889 900 1934 praemissis,
926 1889 1056 1923 domum

315 1943 496 1985 regularem
516 1943 754 1987 Neapolitanam
775 1954 962 1988 suppressae
989 1954 1059 1977 con-

316 1996 509 2039 gregationis
525 1996 707 2030 huiusmodi
732 2008 791 2041 pro
816 2008 899 2030 nunc
917 2008 1059 2042 compre-

316 2049 411 2082 hendi
424 2050 588 2090 nolumus;
607 2050 670 2092 sed,
689 2050 742 2094 qui
760 2050 791 2082 in
805 2052 841 2083 ea
855 2050 893 2083 ad
910 2061 1059 2094 praesens

317 2107 389 2137 sunt
403 2103 515 2136 fratres
535 2103 573 2137 de
594 2104 721 2144 familia,
738 2104 782 2137 ibi
802 2110 983 2137 remaneant
1002 2105 1059 2138 sub

317 2156 495 2190 obedientia
515 2156 590 2190 dicti
614 2157 749 2190 ministri
771 2158 940 2200 generalis:
959 2158 1001 2190 ita
1018 2164 1060 2190 ta-

318 2220 391 2243 men
414 2210 499 2254 quod
515 2210 554 2243 de
571 2216 677 2244 cetero
701 2211 784 2243 illius
800 2211 980 2255 superiores
995 2212 1061 2244 nul-

317 2263 384 2296 lum
401 2263 440 2296 ad
462 2263 604 2297 habitum
629 2258 819 2307 regularem,
839 2275 942 2308 neque
967 2265 1059 2297 etiam

319 2316 351 2349 in
366 2316 471 2350 locum
485 2327 606 2358 eorum,
618 2328 696 2362 quos
714 2317 866 2351 decedere
881 2318 1060 2361 contigerit,

319 2370 461 2403 minusve
485 2371 563 2403 alios
589 2381 774 2415 suppressae
807 2371 1061 2415 congregationis

319 2424 500 2458 huiusmodi
523 2424 638 2458 fratres
663 2425 830 2458 admittere
853 2426 983 2470 possint,
1004 2427 1061 2460 sub

318 2478 440 2522 poenis,
457 2478 560 2522 quoad
576 2484 719 2523 receptos
736 2480 784 2513 vel
804 2479 967 2523 admissos,
989 2491 1062 2525 apo-

321 2532 443 2573 stasiae,
461 2542 524 2576 quo
540 2542 615 2565 vero
632 2532 671 2565 ad
687 2532 873 2577 recipientes
890 2534 937 2566 vel
955 2534 1062 2568 admit-

321 2590 432 2629 tentes,
445 2585 629 2630 privationis
642 2586 829 2630 officiorum,
841 2597 964 2620 necnon
977 2589 1062 2622 vocis

321 2639 439 2674 activae
457 2644 487 2672 et
502 2638 643 2682 passivae
660 2649 697 2673 eo
714 2639 782 2683 ipso
796 2640 1003 2674 incurrendis.

404 2703 483 2731 Bull.
504 2702 588 2731 Rom.
609 2717 643 2722 —
666 2703 724 2732 Vol.
745 2703 826 2731 XIII.
972 2704 1006 2732 55

1082 239 1137 264 Vl11
1161 241 1208 264 pr.

1130 289 1144 331 ᾗ
1169 288 1197 321 5.
1224 289 1354 332 Insuper
1374 289 1502 322 domum
1521 289 1549 322 S.
1568 289 1691 323 Antonii
1713 290 1750 321 de
1772 290 1825 322 Pa-

1085 341 1146 374 dua
1160 347 1372 386 nuncupatam
1391 343 1428 375 de
1446 343 1529 376 l'rbe
1550 343 1579 375 iu
1601 343 1700 386 capite
1719 338 1938 377 ‹stomo-..1231212‘m32

1842 386 1928 405 stetini:
1937 384 2028 404 aidica.

1086 406 1155 427 rum
1177 395 1371 438 existent-mi,
1390 408 1425 429 ac
1443 396 1508 429 eius
1526 397 1700 437 ecclesiam,
1722 397 1824 439 evitas,

1086 448 1212 488 hortos,
1238 448 1404 490 viridaria,
1429 460 1580 492 aquarum
1607 450 1826 490 derivationes,

1085 499 1224 543 aliasque
1241 501 1392 541 oflirinas,
1408 512 1528 533 necnon
1546 502 1759 545 1·.·liquat›‹›i1:1
1775 503 1827 535 iin-

1086 552 1216 585 mobilia
1234 557 1354 585 tantum
1370 554 1411 585 iiii
1426 554 1607 595 adiacentia,
1622 567 1655 587 ιυ-
1674 567 1753 598 quas·
1769 556 1826 599 ipsi

1086 606 1198 639 fratres
1214 617 1272 650 per
1288 613 1469 650 praesentes
1486 610 1645 651 suppressi
1665 610 1741 641 inibi
1760 621 1828 652 pos-

1086 660 1348 701 sident,camerac
1358 666 1482 693 nostrae
1494 667 1591 705 aposu
1600 663 1683 694 »lirae
1696 675 1708 693 :i
1717 664 1828 706 pplica<

1086 724 1156 747 mus
1167 713 1460 757 etincorporamus,
1472 726 1506 747 ae
1523 721 1648 747 nostrae
1667 722 1694 747 vt
1709 728 1828 749 susces-

1086 778 1195 800 sorum
1208 772 1390 800 nostrorum
1404 768 1601 811 dispositioni
1621 781 1826 802 rusci-vanius.

1130 821 1145 864 ἓ
1170 820 1198 853 6.
1224 821 1455 861 Decernentes,
1480 828 1659 864 praesenta-s
1693 823 1828 864 litteras,

1087 873 1208 907 etiamsi
1240 873 1314 907 dicti
1346 874 1459 907 fratres
1484 876 1704 907 conventuales
1729 876 1828 908 refor-

1087 927 1161 959 mati
1179 927 1360 960 huiusmodi
1386 938 1443 971 per
1468 934 1647 971 praesentes
1667 930 1829 972 sinisii-essi

1087 980 1125 1013 ad
1145 981 1205 1014 hoc
1225 981 1326 1013 vocati
1342 986 1371 1013 et
1391 980 1497 1021 auditi,
1515 992 1550 1014 ac
1568 992 1679 1014 causae
1699 986 1830 1026 propter

1088 1045 1164 1078 quas
1178 1040 1358 1078 praesentes
1374 1040 1561 1067 emanarunt
1574 1036 1754 1068 verificatac
1767 1047 1831 1069 non

1088 1088 1214 1129 fuerint,
1229 1099 1283 1121 seu
1296 1088 1363 1121 aliis
1381 1089 1544 1132 quibusvis
1562 1089 1600 1121 de
1614 1091 1727 1130 causis,
1737 1101 1832 1132 quan-

1088 1142 1202 1174 tumvis
1233 1142 1422 1184 urgentibus
1436 1170 1443 1183 ,
1468 1143 1506 1175 de
1542 1143 1752 1186 subreptionis
1783 1145 1830 1176 rel

1088 1195 1284 1239 obreptionis
1310 1195 1394 1236 vitio,
1420 1201 1471 1228 aut
1496 1196 1678 1229 intentionis
1695 1201 1830 1239 nostrae,

1089 1249 1137 1281 vel
1161 1249 1223 1282 alio
1251 1249 1400 1292 quopiam
1426 1249 1548 1282 defectu
1572 1250 1695 1289 notari,
1722 1250 1831 1293 impu-

1089 1301 1188 1344 gnari,
1209 1302 1374 1343 retardari,
1401 1302 1573 1343 invalidari,
1592 1308 1645 1335 aut.
1669 1313 1705 1335 ex
1722 1304 1831 1347 quovis

1089 1355 1230 1398 quaesito
1248 1360 1410 1399 praetextu
1435 1356 1481 1388 vel
1499 1356 1605 1389 colore
1626 1356 1663 1387 ad
1681 1357 1831 1390 terminos

1090 1408 1167 1441 iuris
1184 1408 1303 1449 reduci,
1325 1419 1379 1441 seu
1397 1409 1427 1441 in
1446 1409 1493 1442 ius
1519 1410 1565 1441 vel
1584 1410 1831 1443 controversiam

1089 1462 1242 1503 revocari,
1263 1468 1315 1495 aut
1341 1463 1491 1495 adversus
1516 1463 1583 1495 illas
1609 1463 1832 1507 quodcumque

1090 1515 1186 1556 iuris,
1212 1516 1332 1558 gratiae
1364 1517 1412 1549 vel
1438 1516 1508 1549 facti
1535 1517 1711 1549 remedium
1737 1517 1833 1560 impe-

1090 1569 1177 1609 trari,
1191 1574 1244 1601 aut
1262 1579 1452 1613 quemquam
1478 1570 1646 1613 impetrato
1665 1580 1720 1603 scu
1738 1571 1832 1603 ctiam

1090 1626 1178 1654 motu
1210 1627 1239 1654 et
1270 1623 1433 1665 potestatis
1459 1623 1653 1665 plenitudine
1679 1623 1833 1656 similibus

1090 1685 1250 1717 concesso,
1269 1676 1447 1708 nullatenus
1467 1676 1511 1707 uti
1530 1686 1622 1719 posse
1640 1676 1693 1709 scd
1708 1677 1833 1709 easdem

1089 1732 1271 1772 praesentes
1288 1729 1407 1762 litteras
1424 1739 1548 1773 semmei·
1566 1734 1590 1761 et
1614 1736 1766 1773 perpetuo
1786 1741 1834 1762 va-

1090 1782 1177 1824 lidas,
1194 1783 1302 1815 firmas
1327 1787 1356 1817 et
1381 1783 1523 1815 efficaces
1544 1783 1678 1815 existere
1703 1788 1733 1816 et
1756 1783 1833 1824 fore,

1091 1847 1227 1880 suosque
1244 1837 1404 1880 plenarios
1422 1842 1451 1869 et
1468 1836 1608 1879 integros
1625 1837 1753 1870 effectus
1770 1848 1835 1870 sor-

1090 1890 1142 1923 tiri
1169 1895 1197 1923 et
1222 1890 1380 1930 obtinere3
1407 1901 1529 1923 necnon
1548 1901 1691 1923 camerac
1714 1891 1835 1934 praedi-

1092 1949 1159 1977 ctae
1188 1954 1223 1977 ac
1254 1944 1337 1977 dicto
1370 1944 1479 1977 Ordini
1509 1945 1642 1977 fratrum
1675 1945 1834 1978 minorum

1092 1998 1351 2031 Conventualium
1376 1998 1549 2042 respective
1575 1999 1754 2042 plenissime
1775 2000 1834 2031 suf-

1091 2052 1227 2095 fragari,
1250 2052 1289 2084 ab
1307 2052 1456 2085 omnibus
1474 2063 1548 2085 vero
1565 2052 1603 2085 ad
1621 2063 1698 2095 quos
1716 2056 1835 2095 spectat

1092 2105 1316 2138 inviolabiliter
1327 2106 1489 2138 observari
1508 2105 1639 2144 debcrc;
1655 2105 1761 2149 sicque
1778 2116 1835 2149 per

1093 2169 1310 2203 quoscumque
1335 2159 1454 2191 iudices
1473 2159 1649 2192 ordinarios
1668 2164 1694 2190 et
1714 2159 1836 2202 delega-

1094 2218 1151 2253 tos,
1169 2212 1263 2245 etiam
1288 2223 1455 2246 causarum
1480 2212 1585 2255 palatii
1606 2213 1769 2255 apostolici
1786 2223 1837 2246 au-

1094 2266 1212 2299 ditores
1226 2294 1233 2307 ,
1262 2276 1297 2299 ac
1330 2272 1454 2299 sanctae
1489 2266 1646 2299 [tollianae
1678 2266 1837 2299 Ecclesiae

1094 2320 1279 2360 cardinales,
1294 2320 1386 2354 etiam
1403 2320 1440 2353 de
1458 2321 1554 2352 latere
1568 2320 1686 2362 legatos
1701 2320 1836 2363 (sublata

1094 2373 1138 2406 eis
1163 2378 1192 2406 et
1217 2383 1328 2406 eorum
1354 2373 1481 2406 cuilibet
1506 2373 1614 2417 quavis
1640 2372 1729 2406 aliter
1754 2373 1835 2405 iudi-

1094 2427 1184 2460 candi
1209 2432 1239 2460 et
1263 2427 1490 2471 interpretandi
1508 2428 1652 2460 facultate
1677 2432 1707 2459 et
1729 2432 1837 2460 aucto-

1094 2480 1199 2524 ritate)
1217 2479 1348 2513 iudicari
1374 2486 1403 2512 et
1428 2480 1552 2512 deliniri
1573 2480 1698 2520 debere,
1717 2490 1752 2513 ac
1769 2480 1836 2513 irri-

1095 2539 1200 2567 tumet
1216 2534 1318 2575 inane,
1329 2533 1353 2566 si
1363 2544 1452 2566 secus
1464 2534 1618 2577 superbis
1634 2544 1651 2566 a
1665 2545 1836 2577 quoquam,

1095 2587 1214 2631 quavis,
1227 2587 1411 2620 auctoritate
1429 2588 1562 2622 scienter
1578 2588 1625 2621 vel
1643 2588 1836 2631 ignoranter,

1096 2641 1264 2684 contigerit
1284 2641 1437 2676 attentari.

1721 231 1784 265 433
1831 241 1880 268 Λη,
1901 241 1929 269 C.
1953 242 2022 270 1626

1881 305 1958 324 tianius
1975 310 2025 325 vcro

1910 338 1949 351 nii:
1969 332 2026 352 110th

1975 363 1983 377 2
1990 364 2026 381 po-

1871 836 1991 856 Cla-sulae.
