2269 3235
124 239 174 268 An·
194 237 222 267 C.
239 237 304 267 1627

158 1364 303 1385 Necessarias-

121 1396 161 1417 que
185 1391 234 1411 illud
261 1390 303 1410 exi-

121 1417 182 1443 gendi
193 1417 302 1438 facultates

121 1444 226 1470 elargitus.

925 237 1066 262 URBANUS
1091 238 1148 262 VIII
1172 238 1219 262 Pr.

321 283 501 327 servandae,
518 284 690 328 plurimum
716 284 747 317 in
767 284 901 319 Domino
926 286 1060 319 confida-

321 347 405 378 mus,
430 341 534 370 tamen
558 348 616 381 pro
641 342 750 372 nostro
775 338 941 382 pastoralis
966 339 1058 372 officii

321 390 426 424 debito
443 390 545 424 facere
558 400 620 424 non
637 391 804 435 potuimus,
821 391 897 436 quin
915 391 1012 431 vohis,
1026 397 1060 424 ut

321 443 434 477 merito
459 434 688 484 existimamus,
714 449 823 488 sponte
848 444 1058 483 cun-entibus,

320 496 493 530 litterarum
505 503 683 530 nostrarum
694 498 795 530 calcar
807 497 1004 537 adderemus,
1016 503 1058 537 ut,

321 549 400 583 sicut
419 560 456 584 ex
473 551 532 594 piis
549 550 622 583 dicti
640 550 787 584 Ludoviei
805 550 889 593 regis
906 550 1003 583 armis
1021 551 1058 583 ad

320 604 552 638 haereticorum
588 604 828 648 extirpationem
853 609 883 637 et
913 604 1058 637 ecclesia-

320 668 391 691 rum
416 657 489 691 dicti
513 658 601 700 regni
622 668 684 690 non
707 657 861 690 modicam
888 658 1059 690 commodi-

321 715 414 744 tatem
439 716 469 744 et
498 711 663 745 utilitatem
688 721 725 744 ex
753 711 807 744 Dei
836 711 990 744 beneficio
1015 722 1059 744 se-

320 765 438 799 cundos
463 765 563 798 exitus
588 776 766 809 speramus,
792 765 833 798 ita
858 765 1005 798 libentius
1029 771 1059 798 et

319 818 507 852 cumulatius
520 818 623 852 officio
638 824 742 858 vestro
756 819 960 853 satisfaciatis:
972 830 1059 863 prae-

318 872 441 905 sertim¹
452 882 522 905 cum
538 872 629 905 nobis
642 882 709 905 rem
724 877 825 906 tantae
839 883 934 911 curae
947 873 1058 906 merito

319 935 395 965 esse,
407 930 437 958 et
453 925 569 969 reipsa
586 925 762 969 intelligere
781 926 920 970 potestis,
936 927 1070 973 divinae·

318 978 534 1011 retributionis
549 989 637 1022 spem
652 979 740 1012 vobis
756 990 936 1023 proponere
951 991 1059 1024 super-

319 1042 488 1065 vacaneum
509 1032 663 1073 ducimus,
683 1044 755 1066 cum
773 1033 811 1066 (le
827 1034 879 1066 Dei
894 1036 987 1066 causa
1006 1034 1056 1067 de-

318 1085 472 1118 fendenda
504 1091 636 1128 agatur,
661 1097 758 1129 super
786 1087 875 1120 cuius
906 1088 1057 1121 familiam

320 1139 453 1172 ministri
479 1150 588 1172 sumus
613 1140 792 1180 constituti,
819 1144 852 1174 ut
878 1140 987 1173 demus
1012 1142 1056 1173 ilh

318 1193 350 1225 in
367 1198 510 1237 tempore
533 1193 625 1227 tritici
651 1204 842 1235 mensuram,
867 1195 1014 1236 audituri,
1032 1196 1056 1228 si

318 1245 425 1278 fideles
454 1251 484 1278 et
510 1247 681 1290 prudentes
710 1247 847 1290 erimus,
873 1249 994 1281 intrate
1021 1249 1057 1282 in

317 1299 479 1343 yaudz'um
502 1300 638 1333 Domini
662 1301 767 1333 vestri.

362 1353 377 1396 ἓ
401 1352 430 1385 4.
452 1353 606 1394 Ceterum,
624 1358 657 1386 ut
676 1354 805 1388 sublatis
822 1354 1056 1398 impedimentis

318 1405 511 1450 quibuslibet
528 1406 566 1439 ad
583 1407 722 1440 eiusdem
748 1407 877 1440 subsidii
902 1409 1057 1441 contribu-

317 1459 434 1492 tionem
451 1459 597 1493 devenire
614 1460 751 1501 valeatis,
771 1461 856 1493 vobis
874 1472 927 1494 seu
945 1462 1056 1495 vestris

318 1513 474 1558 deputatis
489 1513 661 1547 subsidium
679 1514 876 1558 praedictum
893 1515 1055 1559 imponen-

318 1567 359 1610 di,
376 1568 501 1612 petendi
520 1573 549 1601 et
568 1568 712 1611 exigendi
732 1573 867 1612 tempuS,
888 1569 1056 1613 locumque

317 1621 491 1664 solutionis,
509 1631 545 1654 ae
561 1621 691 1654 modum
717 1625 747 1656 et
770 1622 915 1663 sormam,
933 1623 1055 1666 quanti-

318 1679 475 1718 tatemque
499 1675 746 1718 praescribendi,
760 1680 974 1719 quascumque
988 1687 1057 1720 per-

318 1738 408 1762 sonas
427 1728 466 1761 ad
489 1728 587 1773 ipsius
611 1729 741 1762 subsidii
766 1729 960 1762 exactionem
986 1740 1056 1762 con-

318 1781 466 1815 stituendi
486 1787 515 1815 et
533 1782 714 1826 deputandi,
742 1793 957 1826 quascumque
982 1794 1054 1826 pro-

318 1835 482 1869 missiones
512 1840 542 1868 et
572 1836 778 1879 obligationes
810 1836 1002 1870 necessarias
1027 1843 1056 1870 et

318 1894 520 1932 opportunas,
534 1889 626 1922 etiam
640 1889 816 1923 iuramento
830 1891 966 1932 vallatas,
982 1901 1056 1923 eon-

317 1942 458 1984 ficiendi,
477 1943 723 1976 contradictores
740 1944 895 1987 quoslibet
909 1948 939 1978 et
956 1945 1055 1977 rebel-

317 1995 361 2029 les
378 2006 436 2040 per
453 1995 619 2030 sententias
637 2001 665 2029 et
682 2007 799 2040 poenas
820 1997 1054 2039 ecclesiasticas,

317 2049 438 2093 aliaque
458 2053 636 2094 opportuna
660 2050 736 2083 iuris
757 2055 786 2083 et
810 2051 880 2083 sacti
905 2051 1054 2094 remedia,

316 2103 402 2136 omni
422 2108 452 2136 et
472 2114 670 2147 quacumque
687 2104 904 2148 appellatione,
923 2116 1055 2138 recursu

316 2161 346 2190 et
361 2156 584 2190 reclamatione
607 2168 738 2201 prorsus
762 2157 953 2202 postpositis,
973 2169 1056 2191 com-

316 2210 462 2254 pescendi
479 2215 509 2243 et
525 2210 744 2255 compellendi,
770 2217 936 2255 ceteraque
949 2213 1055 2245 onmia

318 2269 347 2296 et
363 2264 487 2307 singula
510 2265 570 2298 alia
594 2265 625 2297 in
650 2265 842 2309 praemissis,
863 2271 893 2298 et
917 2266 1002 2299 circa
1019 2277 1053 2299 ea

316 2318 491 2350 necessaria
522 2324 552 2351 et
583 2319 820 2362 quomodolibet
859 2325 1053 2363 opportuna,

316 2370 437 2403 etiamsi
457 2371 530 2404 talia
553 2371 614 2404 sint
639 2372 685 2405 vel
710 2372 835 2415 fuerint,
857 2384 936 2417 quae
954 2374 1054 2417 magis

316 2424 502 2468 specialem,
532 2425 708 2468 specificam
733 2431 763 2458 et
788 2437 967 2470 expressam
997 2438 1050 2459 re-

316 2477 478 2522 quirerent
501 2479 710 2521 mentionem,
734 2480 887 2522 faciendi,
912 2480 1052 2523 dicendi,

315 2531 445 2574 gerendi
465 2536 495 2564 et
518 2533 701 2576 exequendi,
726 2534 898 2578 apostolica
915 2536 1052 2568 auctori-

316 2588 385 2624 tate,
403 2589 512 2617 tenore
528 2586 750 2630 praesentium,
764 2587 900 2631 plenam,
918 2588 1050 2621 liberam

350 2648 361 2674 1
379 2646 498 2683 Sequens
512 2648 640 2684 periodus
653 2657 708 2679 non
722 2650 786 2679 satis
801 2650 874 2680 clara
888 2650 927 2686 (n.
940 2651 987 2687 τ.>.

1734 230 1796 264 607
1844 240 1893 266 An.
1915 239 1942 266 C.
1962 239 2026 267 1627

1092 291 1122 319 et
1135 287 1268 330 amplam
1293 287 1468 320 facultatem
1484 290 1511 320 et
1529 287 1743 320 auctoritatem
1760 298 1832 321 con·

1093 340 1232 373 cedimus
1258 344 1286 374 ct
1311 341 1521 384 impertimur¹

1137 394 1150 435 ἓ
1175 393 1203 425 5.
1230 394 1296 426 Non
1322 394 1516 426 obstantibus
1541 393 1729 437 apostolicis,
1748 405 1783 427 ac
1800 395 1829 427 in
1846 408 2027 428 cammunti-i.

1093 446 1330 487 universalibus,
1355 447 1661 491 provincialibusque
1687 453 1716 479 et
1740 458 1830 491 syno-

1092 498 1215 530 dalibus
1229 500 1369 531 conciliis
1381 500 1482 539 editis,
1494 500 1692 539 generalibus
1707 500 1751 532 vel
1766 511 1831 543 spe,-

1092 551 1233 593 cialibus,
1244 552 1518 585 constitutionihus
1530 559 1559 585 ct
1570 553 1829 595 ordinationibus,

1092 615 1127 637 ac
1151 605 1374 646 ecclesiarum,
1401 607 1681 647 monasteriorum,
1703 608 1827 651 priora-

1093 663 1179 690 tuum
1206 663 1235 690 et
1255 659 1406 691 Ordinum
1433 671 1715 703 quorumcumque,
1738 662 1829 694 etiam

1092 710 1286 752 iuramento,
1320 712 1558 745 confirmatione
1585 714 1757 756 apostoliea
1783 715 1829 747 vel

1091 764 1199 807 quavis
1222 764 1369 798 firmitate
1394 765 1454 797 alia
1481 765 1647 805 roboratis,
1662 768 1783 800 statutis
1801 773 1830 801 et

1091 818 1379 859 consuetudinibus,
1392 819 1566 862 privilegiis
1583 831 1718 863 quoque,
1734 821 1831 853 indul-

1093 872 1130 903 tis
1154 877 1184 904 et
1208 872 1318 905 litteris
1349 873 1547 916 apostolicis,
1575 873 1604 905 in
1635 874 1828 907 eontrarium

1092 925 1329 968 quomodolibet
1345 926 1512 967 concessis,
1531 926 1724 960 contii-matis
1741 932 1771 959 et
1789 927 1831 959 in-

1092 979 1220 1011 novatis.
1246 978 1364 1018 Quibus
1389 979 1535 1012 omnihus
1559 985 1589 1012 et
1613 980 1753 1023 singuliS,
1778 991 1830 1014 eo-

1092 1043 1161 1064 rum
1180 1032 1321 1065 omnium
1341 1036 1370 1066 et
1386 1033 1583 1075 singulorum
1603 1038 1726 1067 tenores
1745 1045 1831 1078 prac-

1092 1087 1232 1120 sentibus
1246 1098 1304 1131 pro
1318 1088 1409 1130 plene
1423 1092 1453 1120 et
1466 1088 1657 1121 sufficienter
1675 1089 1830 1132 expressis

1092 1140 1251 1180 hahentes,
1267 1140 1326 1172 illis
1340 1141 1415 1173 alias
1433 1141 1464 1172 in
1482 1151 1537 1174 suo
1556 1142 1669 1174 robore
1687 1153 1832 1185 perman-

1091 1194 1195 1234 suris,
1221 1195 1278 1226 hac
1307 1195 1373 1227 vice
1405 1195 1564 1227 dumtaxat
1599 1196 1776 1239 specialiter
1801 1201 1830 1229 et

1091 1258 1236 1291 expresse
1250 1248 1450 1291 derogamus
1469 1249 1645 1292 ceterisque
1661 1249 1829 1296 'contrariis

1090 1301 1350 1345 quibuscumque.

1135 1354 1149 1397 ξ
1166 1353 1194 1386 6.
1214 1355 1364 1387 Volumus
1384 1360 1498 1395 autem,
1512 1355 1605 1398 quod,
1622 1355 1760 1388 subsidio
1775 1355 1831 1388 hu-

1090 1407 1225 1440 iusmodi
1260 1409 1355 1441 semel
1391 1409 1569 1441 contributo
1595 1413 1624 1441 et
1649 1410 1829 1453 persoluto,

1091 1467 1269 1504 praesentes
1301 1462 1404 1494 nullae
1436 1462 1515 1502 sint,
1544 1472 1646 1506 neque
1677 1463 1829 1496 exactioni

1090 1514 1223 1558 amplius
1235 1514 1273 1547 sit
1285 1515 1387 1555 locus:
1402 1515 1549 1559 quodque
1566 1520 1733 1559 propterea
1748 1517 1831 1550 bona

1090 1568 1214 1600 stabilia
1227 1569 1442 1609 ecclesiarum,
1457 1570 1720 1603 momisteriorum
1736 1576 1765 1603 ct
1782 1571 1832 1603 be-

1090 1621 1275 1654 neficiorum
1304 1621 1433 1654 minime
1462 1623 1654 1663 alienentur,
1687 1628 1716 1655 et
1747 1624 1831 1667 quod

1090 1674 1148 1706 sub
1168 1674 1368 1719 impositione
1389 1679 1418 1708 et
1437 1676 1597 1709 exactione.
1623 1677 1751 1709 subsidii
1772 1678 1830 1710 hu-

1090 1728 1225 1762 iusmodi
1261 1729 1412 1762 ecclesiae
1448 1731 1658 1773 cathedrales,
1693 1742 1828 1775 quorum

1090 1783 1184 1824 mille,
1205 1794 1240 1816 ac
1265 1788 1383 1824 curata,
1409 1794 1544 1827 quorum
1570 1785 1711 1817 redditus
1736 1785 1829 1818 annui

1089 1841 1215 1869 centum
1246 1836 1431 1879 ducatorum
1461 1838 1529 1869 auri
1555 1837 1593 1870 de
1618 1840 1743 1871 camera
1766 1849 1829 1872 non

1090 1890 1239 1923 excedunt
1249 1917 1256 1931 ,
1274 1890 1402 1934 insuper
1416 1890 1547 1923 Ordines
1562 1891 1781 1930 Mendicantes,
1795 1903 1830 1925 ac

1089 1944 1257 1987 hospitalia
1281 1944 1525 1987 hospitalitatem
1551 1950 1622 1977 actu
1643 1946 1828 1988 exercentia,

1089 1998 1265 2041 fratresque
1282 1998 1397 2030 milites
1413 1999 1575 2042 hospitalis
1592 1999 1688 2031 sancti
1706 1999 1829 2032 loannis

1090 2051 1364 2095 llierosolymitani
1401 2052 1577 2084 nullatenus
1614 2053 1825 2095 eomprehen-

1089 2105 1212 2147 dantur,
1231 2105 1284 2137 sed
1310 2105 1437 2138 omnino
1457 2105 1661 2149 excipiantur,
1679 2111 1773 2149 prout
1792 2106 1829 2138 il-

1090 2159 1135 2191 los
1153 2162 1181 2192 et
1198 2158 1249 2190 illa
1268 2163 1414 2202 exceptos
1432 2164 1462 2192 et
1483 2164 1611 2203 excepta
1627 2170 1694 2192 esse
1714 2165 1744 2192 et
1760 2160 1826 2193 sore

1088 2212 1296 2245 decernimus.

1132 2267 1146 2310 ξ
1173 2267 1200 2299 7.
1227 2267 1412 2307 Praeterea,
1438 2267 1522 2299 iuxta
1555 2267 1785 2301 ordinationem
1812 2280 1828 2301 a

1089 2320 1222 2353 coneilio
1248 2320 1414 2353 Viennensi
1439 2321 1576 2364 desuper
1604 2322 1728 2363 editam,
1748 2323 1827 2355 sacri

1088 2374 1209 2415 calices,
1235 2374 1317 2415 libri,
1335 2379 1364 2406 et
1388 2374 1448 2406 alia
1473 2380 1656 2407 ornamenta
1681 2375 1827 2408 eeclesia-

1089 2440 1168 2469 rum,
1189 2428 1416 2461 beneficiorum
1435 2432 1464 2462 et
1480 2429 1613 2462 aliorum
1635 2429 1828 2473 supradicto-

1089 2493 1169 2523 rum,
1180 2482 1285 2515 divino
1297 2483 1391 2516 cultui
1403 2482 1513 2521 dicata,
1525 2493 1561 2515 ex
1572 2484 1664 2515 causa
1675 2483 1827 2527 pignoris,

1088 2536 1136 2568 vel
1152 2536 1237 2577 alias,
1251 2536 1415 2569 occasione
1434 2537 1597 2570 solutionis
1615 2548 1757 2570 summae
1774 2539 1828 2571 hu-

1086 2589 1231 2631 iusmodi,
1252 2589 1338 2622 nullo
1353 2590 1446 2623 modo
1465 2590 1637 2634 capiantur,
1651 2591 1827 2624 distrahan-

1085 2647 1136 2675 tur
1161 2642 1208 2675 vel
1234 2646 1444 2686 occupentur;

1916 1366 2028 1386 Nounultos

1846 1399 1857 1412 a
1887 1396 2028 1418 praestatione

1846 1419 1934 1439 subsidii
1948 1422 2028 1440 eximit:

1901 2276 1923 2296 Iu
1939 2277 2027 2302 eiusque

1844 2305 1953 2323 exactione
1964 2309 2028 2324 canu-

1844 2330 1902 2349 nicas
1925 2331 1981 2355 leges
1997 2336 2027 2350 iu·

1844 2357 1879 2377 liet
1894 2358 1981 2377 sci-vari.
