2269 3235
201 244 252 272 Λη.
267 244 294 273 c,
318 244 386 272 ¹524
430 235 496 269 ΜΟ

399 293 577 322 charissimo
597 294 627 322 in
649 294 766 322 christo
785 294 848 322 filio
867 297 971 323 nostro
990 294 1135 330 Philippo,

528 339 739 374 Hispaniarum
758 339 822 374 regi
843 339 1004 373 catholico,

603 387 738 414 Urbanus
759 388 837 421 Papa
857 388 932 415 vm.

489 440 667 475 charissime
687 440 717 466 in
738 440 855 468 Christo
875 441 918 468 fili
939 444 1054 473 noster,

436 485 565 512 salutem
585 486 616 511 et
636 484 830 518 apostolicam
854 485 1102 514 benedictionem.

223 571 386 595 gmUhUWW
445 555 460 598 g
485 555 513 587 t.
539 554 658 598 Exponi
683 554 774 588 nobis
798 565 898 599 nuper
922 556 1031 598 fecisti,
1056 556 1139 601 quod

203 599 385 650 {iisshmfmc‘li'rffi'i
402 610 487 651 (cuni
501 608 605 640 dilecti
623 608 678 641 lilii
696 613 760 641 tres
775 609 939 643 hominum
956 610 1068 652 Status,
1086 622 1140 644 seu

202 656 386 701 'offlssziiiinsfw
402 661 462 694 tria
485 661 623 704 brachia,
650 662 916 704 ecclesiasticum,
941 664 1086 705 militare,
1111 670 1141 698 et

402 714 576 747 demaniale
600 719 788 760 nuncupata,
806 717 895 759 regni
920 716 1041 750 Siciliae
1058 718 1141 751 ultra

401 768 546 811 pharum,
564 768 653 801 cuius
677 773 710 802 tu
736 779 789 801 rex
814 769 928 811 existis,
953 771 1140 814 quibusdam

401 821 643 855 rationabilibus
674 822 711 855 de
743 823 845 856 causis
877 824 999 858 animos
1031 835 1140 857 eorum

401 875 618 916 moventibus,
647 875 685 908 de
713 876 875 909 offerendo
900 876 955 909 tibi
979 887 1016 910 ac
1039 878 1142 910 bonae

402 929 573 962 memoriae
604 929 776 962 Philiberto
806 940 822 962 a
853 929 1016 971 Sabaudia,
1041 930 1142 974 priori

402 982 562 1026 prioratus
586 982 735 1015 Castellae
760 987 790 1015 et
815 982 961 1025 Legionis
979 984 1142 1027 hospitalis

402 1035 431 1068 S.
457 1034 581 1067 Ioannis
605 1034 891 1079 Hierosolymitani,
909 1041 982 1069 tunc
1002 1036 1141 1070 eiusdem

402 1087 491 1130 regni
504 1087 644 1131 proregi,
661 1091 761 1121 certas
773 1089 980 1132 pecuniarum
994 1100 1143 1131 summas,

403 1139 547 1174 donativa
570 1146 766 1185 nuncupata,
791 1142 849 1175 sub
879 1143 975 1176 certis
1001 1144 1143 1177 terminis

402 1203 439 1226 ae
468 1193 563 1227 modo
600 1199 630 1226 et
665 1194 767 1227 forma
799 1195 966 1238 exigendas
999 1197 1080 1230 inter
1111 1208 1143 1231 se

244 1260 388 1282 Ecclesiastici
404 1247 617 1291 tractaverint)
639 1248 834 1281 venerabiles
858 1249 971 1282 fratres
993 1250 1144 1294 arehiepi-

205 1293 304 1341 {ll'g’qusin
320 1289 388 1340 '33:¹³2
404 1300 501 1344 scopi,
525 1300 675 1344 episcopi,
700 1312 735 1334 ac
760 1301 863 1334 dilecti
889 1302 945 1335 filii
969 1303 1144 1336 archiman-

205 1341 387 1362 d³¹⁰d⁰⁶⁰‘¹¹¹¹⁰¹‘
404 1353 485 1386 drita
504 1364 540 1386 ac
557 1354 635 1386 aliae
652 1364 807 1398 personae
824 1355 1052 1389 ecclesiasticae
1069 1357 1143 1390 dicti

404 1406 494 1450 regni
519 1412 636 1440 certam
651 1411 750 1441 ratam
765 1413 876 1452 sponte
890 1411 944 1441 sua
962 1409 1145 1443 obtulerunt

404 1465 434 1492 et
458 1460 533 1493 dare
557 1466 733 1494 statuerunt
750 1461 780 1493 in
798 1462 1002 1505 parlamentis
1023 1463 1145 1496 ordina-

404 1513 459 1546 riis
490 1513 605 1546 habitis
635 1514 675 1547 de
706 1524 788 1548 anno
815 1516 989 1559 praesenti;
1022 1516 1144 1561 ipsique

404 1567 655 1612 archiepiscopi,
684 1568 823 1612 episcopi
847 1573 877 1603 et
900 1570 1145 1604 archimandrita

404 1632 439 1654 ae
456 1621 535 1654 aliae
549 1622 777 1655 ecclesiasticae
794 1633 947 1666 personae
971 1634 1082 1656 eorum
1100 1635 1146 1657 ra-

405 1678 468 1706 tam
489 1674 682 1715 huiusmodi,
703 1675 871 1708 accedente
894 1675 933 1708 ad
952 1676 1013 1709 hoc
1036 1680 1144 1710 nostro

405 1732 435 1759 et
458 1727 657 1771 Apostolicae
681 1727 768 1761 Sedis
793 1729 1007 1772 beneplacito,
1027 1731 1146 1773 persol-

406 1792 479 1814 vere
503 1782 699 1824 obtulerunt,
724 1788 755 1815 et
778 1784 883 1817 forsan
907 1785 1000 1818 etiam
1025 1787 1146 1829 persol-

407 1840 527 1868 verunt.

261 1900 304 1930 ηομ
319 1900 391 1929 mique
451 1889 466 1932 ἓ
489 1889 519 1922 2.
540 1888 616 1923 Cum
640 1894 755 1931 autem,
773 1890 852 1923 sicut
869 1890 977 1924 eadem
994 1892 1147 1936 expositio

208 1929 300 1983 Ειῗῖἑξῖιιὲ
331 1926 391 1973 3¹33ss
407 1942 618 1986 subiungebat
644 1953 681 1976 ex
705 1953 741 1976 eo
765 1943 849 1988 quod
866 1954 924 1988 per
940 1945 1148 1979 Lateranense

208 1982 317 2036 {2253ss}
342 1985 391 2032 {32¹3
408 1997 576 2030 concilium
600 1997 770 2030 novissime
801 1998 992 2031 celebratum
1007 2026 1015 2040 ‚
1038 1999 1144 2033 diver—

209 2035 334 2060 ²⁰²'p⁶²¹²'
409 2062 519 2095 sasque
551 2051 626 2084 alias
658 2051 825 2085 canonicas
858 2052 1056 2094 sanctiones,
1088 2054 1146 2087 sub

409 2106 501 2141 certis
526 2107 668 2140 censuris
688 2112 718 2140 et
733 2107 842 2152 poenis
860 2113 1005 2141 caveatur
1022 2119 1148 2152 expres-

409 2171 451 2201 se,
476 2171 514 2193 ne
538 2171 639 2204 reges,
656 2160 825 2204 principes,
844 2161 944 2205 etalii
967 2166 1148 2205 potentatus

409 2214 447 2246 ab
470 2213 726 2259 archiepiscopis,
751 2213 918 2259 episcopis,
935 2215 1102 2248 abbatibus
1119 2220 1149 2249 et

410 2268 478 2301 aliis
501 2268 644 2312 personis
668 2267 896 2309 ecclesiasticis,
921 2268 1014 2301 etiam
1039 2274 1149 2313 sponte

410 2321 633 2364 offerentibus,
666 2321 802 2365 aliquam
831 2321 1039 2365 pecuniarum
1069 2332 1150 2355 suni·

411 2386 494 2409 mam
524 2376 589 2409 sive
614 2375 853 2409 subventionem
878 2375 1062 2420 recipiant),
1087 2387 1150 2409 ma-

412 2429 504 2462 iestas
520 2434 602 2471 tua,
627 2440 663 2462 ac
694 2429 738 2462 tui
770 2429 853 2463 illius
877 2429 968 2473 regni
992 2429 1149 2472 ministri,

411 2493 532 2516 necnon
556 2483 687 2517 dilectus
703 2483 787 2517 filius
811 2488 918 2518 noster
935 2484 1150 2518 Ioannettinus

413 2538 439 2570 S.
468 2537 501 2570 R.
519 2537 552 2570 E.
577 2537 744 2570 cardinalis
760 2537 799 2571 ab
823 2537 919 2571 Auria
941 2543 1150 2581 nuncupatus,

413 2590 467 2634 qui
491 2590 592 2623 eidem
608 2591 780 2625 Philiberto
803 2591 835 2624 in
852 2601 983 2624 munere
1006 2592 1152 2636 proregis

415 2642 605 2686 huiusmodi,
625 2645 733 2677 nostra
750 2649 780 2678 et
802 2645 1000 2690 Apostolieae
1015 2644 1104 2680 Sedis
1120 2644 1153 2679 li-

982 247 1165 273 BULLARIUM
1184 247 1338 273 nouANuu

1929 252 1979 279 An.
1992 251 2021 279 C.
2044 252 2111 280 1624

1170 294 1271 329 centia
1288 295 1346 328 sibi
1362 295 1562 340 suffragante,
1580 297 1737 339 successit,
1754 298 1912 341 dubitetis,

1171 353 1270 381 ratam
1287 348 1479 393 praedictam
1500 348 1692 393 recipiendo,
1709 361 1858 385 censuras
1883 357 1913 386 et

1171 412 1288 445 poenas
1312 402 1486 446 praedictas
1503 402 1677 443 incurrere,
1698 406 1728 437 et
1745 403 1852 438 forsan
1869 405 1913 438 in-

1173 454 1327 495 currisse;
1360 466 1395 488 ac
1428 455 1519 489 nobis
1552 460 1721 500 propterea
1751 456 1913 492 humiliter

1173 507 1343 552 supplicari
1368 508 1499 550 feceris,
1523 519 1581 552 pro
1609 514 1678 542 tuac
1701 513 1732 542 et
1755 508 1913 543 dictorum

1174 560 1392 594 ministrorum
1423 572 1459 594 ac
1483 561 1669 595 Ioanncttini
1693 561 1860 595 cardinalis
1883 568 1915 596 et

1174 615 1320 658 proregis
1344 615 1552 648 conscientiae
1577 615 1691 659 quiete,
1716 620 1870 659 quatenus
1882 616 1914 649 in

1174 668 1356 711 praemissis
1368 673 1507 701 nostram
1527 673 1557 701 et
1576 668 1667 701 huius
1682 667 1813 702 Sanctae
1826 668 1927 703 Sedis·

1174 721 1392 755 auctoritatem
1408 721 1609 766 interponere
1625 721 1845 764 dignaremur:

1219 773 1285 817 §3
1311 775 1390 815 Nos,
1419 774 1601 808 huiusmodi
1634 775 1914 819 supplicationibus
1955 788 2059 810 Permittit
2074 788 2112 811 ur-

1173 827 1324 869 inclinati,
1342 827 1493 861 oblationi
1518 833 1548 861 et
1571 829 1677 861 forsan
1700 828 1915 872 promissioni,
1929 815 2003 836 ”³⁰⁰3

1175 890 1297 914 necnon
1321 881 1470 914 solutioni
1493 892 1551 925 per
1570 881 1836 926 archiepiscopos,
1853 882 1915 926 epi-

1176 943 1289 976 scopos
1305 938 1337 966 et
1359 934 1638 968 archimandritam
1658 945 1695 968 ac
1718 935 1794 968 alias
1819 936 1916 969 ecele-

1176 985 1315 1019 siasticas
1330 996 1481 1030 personas
1497 987 1597 1029 sactis,
1616 998 1675 1032 pro
1698 988 1756 1021 hac
1769 987 1836 1022 viee
1852 993 1916 1022 tan-

1175 1043 1254 1079 tum,
1278 1043 1419 1072 nostram
1444 1044 1474 1073 et
1498 1039 1586 1072 Sedis
1611 1040 1789 1084 praedictae
1809 1046 1917 1074 aucto-

1177 1091 1301 1125 ritatem
1324 1092 1556 1136 interponimus
1586 1104 1643 1137 per
1666 1098 1862 1137 praesentes:
1887 1099 1918 1127 et

1176 1145 1382 1178 nihilominus
1406 1145 1672 1190 archiepiscopis,
1697 1147 1863 1190 episcopis,
1887 1152 1918 1180 et

1177 1198 1451 1240 archimandritae,
1468 1209 1504 1232 ac
1521 1199 1589 1232 aliis
1613 1199 1832 1233 ecclesiasticis
1844 1210 1917 1244 per·

1177 1252 1262 1285 sonis
1285 1252 1463 1297 praedictis,
1484 1257 1516 1285 ut
1536 1257 1636 1285 ratam
1653 1252 1844 1295 huiusmodi,
1860 1263 1918 1297 per

1177 1307 1292 1346 eos,‘ut
1311 1306 1499 1349 praefertur,
1513 1306 1651 1339 oblatam
1669 1311 1699 1339 et
1717 1306 1917 1350 promissam,

1178 1360 1368 1403 persolvere,
1389 1369 1425 1392 ac
1449 1360 1595 1392 maiestas
1620 1364 1682 1400 tua,
1707 1365 1737 1392 et
1761 1359 1805 1393 tui
1830 1359 1919 1392 mini-

1178 1412 1253 1453 stri,
1277 1412 1441 1456 dictusque
1464 1412 1676 1446 loannettinus
1700 1412 1867 1446 cardinalis
1890 1417 1920 1448 et

1178 1477 1314 1510 prorex,
1339 1476 1407 1499 eam
1439 1471 1546 1510 petere
1571 1470 1600 1500 et
1623 1466 1777 1510 recipere,
1801 1466 1919 1511 absque

1179 1519 1387 1554 conscientiae
1412 1520 1571 1563 scrupulo,
1589 1530 1645 1553 seu
1668 1530 1873 1553 censurarum
1889 1525 1920 1553 et

1179 1583 1353 1616 poenarum
1365 1572 1598 1616 praedictarum
1615 1573 1754 1615 incursu,
1772 1573 1873 1607 libere
1888 1578 1918 1606 et

1179 1627 1262 1659 licite
1287 1627 1419 1667 valeant,
1440 1626 1642 1660 concedimus
1660 1632 1690 1659 et
1709 1626 1916 1670 indulgemus.

1223 1680 1238 1723 ἓ
1261 1679 1290 1712 4.
1314 1680 1463 1723 Ipsosque
1492 1679 1767 1723 archiepiscopos,
1792 1680 1916 1723 episco-
1966 1691 2068 1721 ipsosque
2083 1695 2117 1720 207

1178 1743 1236 1776 pos
1255 1738 1286 1765 et
1304 1732 1594 1774 archimandritam,
1612 1743 1647 1766 ae
1670 1733 1746 1766 alias
1769 1744 1920 1777 personas
1933 1718 2117 1773 fliiffisssslicl’gaass

1180 1786 1416 1826 ecclesiasticas,
1430 1789 1460 1819 et
1476 1796 1585 1818 earum
1602 1786 1750 1829 singulas,
1767 1791 1921 1829 quatenus
1935 1770 2118 1818 ῗιῗιῇῗέιῗὲἓιῗῗ

1180 1839 1239 1882 ipsi
1271 1839 1386 1872 dictam
1415 1844 1516 1872 ratam
1546 1839 1609 1871 iam
1639 1839 1846 1882 promiserint
1869 1844 1922 1872 aut

1181 1893 1357 1934 solverint,
1389 1903 1512 1926 necnon
1546 1892 1690 1926 eamdem
1726 1892 1921 1927 maiestatem

1182 1951 1277 1987 tuam,
1295 1951 1325 1979 et
1342 1951 1412 1979 tuos
1437 1946 1610 1989 ministros,
1630 1956 1667 1979 ae
1690 1945 1922 1980 Ioanncttinum

1181 1999 1372 2033 cardinalem
1406 2004 1435 2032 et
1458 2010 1629 2043 proregem
1653 1999 1872 2044 praedictum,
1897 1999 1922 2032 si

1182 2053 1324 2086 eamdem
1348 2059 1448 2086 ratam
1473 2053 1536 2086 iam
1555 2053 1765 2098 perceperint,
1794 2053 1832 2086 ab
1857 2063 1923 2086 om-

1180 2107 1273 2140 nibus
1298 2112 1327 2140 et
1347 2106 1479 2150 singulis
1496 2107 1637 2140 censuris
1654 2112 1684 2139 et
1700 2106 1810 2151 poenis
1829 2116 1924 2150 prop-

1182 2166 1266 2194 terca
1291 2160 1528 2204 quomodolibet
1558 2160 1713 2203 incursis,
1738 2160 1847 2193 eadem
1871 2170 1922 2193 au-

1182 2214 1347 2255 ctoritate,
1379 2214 1570 2247 absolvimus
1601 2220 1631 2247 et
1662 2213 1823 2248 absolutos
1855 2213 1921 2248 fore

1182 2277 1346 2299 censemus
1370 2270 1400 2298 et
1423 2265 1629 2299 declaramus.

1227 2321 1242 2364 g
1266 2320 1295 2354 5.
1320 2320 1541 2361 Decernentes,
1565 2319 1650 2364 quod
1674 2329 1784 2353 omnes
1809 2325 1839 2353 ct
1864 2320 1924 2353 sin-
1949 2328 2122 2375 *nec-ernnpen-

1183 2374 1248 2418 guli
1271 2374 1475 2419 pensionarii,
1501 2384 1555 2407 seu
1580 2373 1611 2416 ii,
1629 2373 1742 2418 quibus
1765 2374 1836 2407 loco
1852 2383 1924 2418 pen·
1938 2361 2122 2429 {lsslssf‘ssilfsssiffl

1183 2429 1306 2463 sionum
1338 2428 1458 2462 fructus
1489 2428 1521 2461 in
1550 2432 1650 2461 totum
1675 2428 1723 2461 vel
1748 2428 1779 2460 in
1802 2432 1925 2472 partem
1939 2414 2123 2456 diffiniataiims'

1184 2481 1334 2516 reservati
1357 2481 1503 2522 existunt,
1521 2481 1747 2525 cuiuscumque
1764 2481 1924 2526 dignitatis

1184 2537 1232 2569 vel
1244 2534 1432 2569 conditionis
1445 2534 1516 2576 sint,
1531 2534 1668 2579 exceptis
1682 2540 1787 2569 tamen
1800 2541 1924 2570 sanctae

1185 2591 1344 2624 Romanae
1360 2588 1516 2622 Ecclesiae
1529 2589 1750 2630 cardinalibus,
1767 2589 1805 2623 ad
1820 2589 1925 2624 huius-

1186 2643 1271 2678 modi
1288 2648 1374 2677 ratae
1398 2642 1586 2677 solutionem
1607 2643 1638 2677 in
1661 2642 1807 2677 omnibus
1821 2647 1851 2676 et
1867 2653 1924 2687 per
