2269 3235
267 276 314 302 Αη.
336 276 362 301 ⁴1.
389 275 453 302 1023
499 267 536 298 ti't

288 1242 317 1263 tte
330 1242 443 1267 subrogan-

261 1269 292 1289 dis
309 1269 443 1294 collitigauti-

462 323 626 365 ordinavit,
643 323 728 367 quod
752 323 898 366 deinceps
923 322 1053 366 quilibet
1077 334 1113 356 ex
1140 333 1197 356 au-

462 376 618 410 ditoribus
649 387 813 409 causarum
846 375 951 419 palatii
983 375 1147 420 apostolici
1172 381 1201 409 et

462 429 530 462 aliis
554 429 688 473 (etiamsi
713 433 835 462 sanctae
861 429 1020 462 Romanae
1044 429 1201 463 Ecclesiae

462 483 522 516 sint
535 482 722 526 cardinales)
740 482 771 515 in
789 482 855 526 ipsa
876 482 963 515 curia
982 493 1040 527 pro
1057 487 1200 527 tempore

461 536 615 580 deputatis
634 535 819 568 auctoritate
843 535 1014 579 apostolica
1035 535 1199 576 iudicibus,

461 589 554 623 etiam
579 589 610 622 in
636 589 738 623 causis
762 594 832 622 actu
857 589 1085 633 pendentibus,
1105 599 1200 633 super

461 642 638 677 huiusmodi
676 648 784 676 tenore
817 644 864 676 vel
898 643 1009 676 effectu
1038 642 1199 686 probando

460 696 620 729 dumtaxat
635 700 704 737 stet,
721 696 879 740 fidemque
896 695 1041 729 adhibeat
1061 695 1198 736 cedulae,

460 760 514 783 scu
531 749 716 795 scripturae,
736 749 870 793 desuper
888 759 904 781 a
923 749 1046 781 duobus
1071 748 1199 781 maioris

460 803 688 849 praesidentiae
716 803 799 847 quod
824 803 925 835 danda
949 802 985 835 sit
1011 812 1027 834 a
1052 807 1142 845 tergo
1163 802 1199 834 si·

461 862 581 900 gnatae,
598 862 628 889 et
647 856 738 889 etiam
762 867 778 888 a
795 856 918 889 duobus
934 855 1002 888 aliis
1022 854 1196 889 litterarum

460 911 701 957 apostolicarum
715 910 986 944 abbreviatoribus
1000 909 1030 942 in
1045 909 1112 953 ipsa
1130 920 1199 943 can-

460 964 587 998 cellaria
606 964 805 1005 auscultatae,
823 967 853 997 et
881 962 1125 996 vicecancellarii
1143 973 1197 996 scu

459 1018 572 1051 dictam
598 1018 814 1051 cancellariam
847 1017 985 1060 regentis
1011 1027 1105 1050 manu
1129 1017 1199 1050 sub-

459 1071 610 1116 scriptae,
634 1076 668 1104 ut
702 1071 799 1104 moris
824 1074 878 1105 est.
904 1070 1059 1114 Quidquid
1093 1074 1196 1105 autem

459 1134 547 1157 secus
572 1124 641 1158 fieri
665 1124 841 1168 contigerit,
869 1124 986 1158 nullius
1010 1124 1047 1158 sit
1072 1124 1197 1158 roboris

458 1178 505 1211 vel
530 1178 690 1211 momenti.

502 1230 554 1265 ⁶29.
575 1230 651 1264 Item
665 1231 698 1265 D.
713 1231 759 1272 N„
775 1230 904 1275 cupiens
918 1226 1018 1265 litium
1036 1230 1197 1264 succidere

459 1284 627 1326 anfractus,
645 1289 675 1317 et
693 1294 732 1317 ne
752 1284 824 1317 novi
842 1284 1063 1327 colligantibus
1087 1284 1197 1317 adver-

459 1337 532 1372 sarii
556 1337 670 1372 dentur
694 1337 879 1382 providere,
905 1337 1011 1378 voluit,
1037 1337 1143 1372 statuit
1168 1342 1198 1370 et

459 1391 623 1432 ordinavit,
643 1392 737 1435 quod,
754 1391 876 1435 quoties
894 1391 1041 1435 deinceps
1061 1391 1197 1435 aliquem

458 1456 552 1490 super
573 1445 685 1489 quovis
702 1445 855 1479 beneficio
880 1446 1093 1479 ecclesiastico
1115 1445 1199 1479 colli-

458 1498 607 1541 tigantem
632 1498 663 1531 in
688 1498 756 1531 iure
773 1498 820 1531 vel
845 1498 882 1531 ad
908 1498 966 1539 ius,
986 1498 1011 1531 si
1028 1498 1112 1542 quod
1137 1499 1199 1532 for-

457 1562 512 1585 san
525 1552 592 1585 eius
606 1551 786 1585 adversario
803 1552 834 1584 in
850 1552 933 1586 dicto
946 1552 1100 1585 beneficio
1113 1562 1196 1586 com-

455 1604 590 1649 petierit,
609 1604 775 1647 subrogari
797 1604 987 1637 concesserit
1012 1604 1196 1647 (dummodo

457 1657 637 1706 praedictus
669 1658 844 1701 collitigans
873 1658 903 1691 in
928 1658 1010 1692 dicto
1043 1658 1196 1692 beneficio

458 1711 595 1745 intrusus
618 1720 682 1745 non
706 1711 809 1752 suerit,
829 1721 887 1745 nec
914 1722 1062 1756 supereo
1087 1717 1196 1746 contra

457 1765 574 1799 dictum
599 1765 825 1807 adversarium,
848 1771 1013 1810 postquam
1039 1767 1116 1800 illud
1139 1778 1196 1811 per

457 1820 626 1854 triennium
662 1819 793 1864 pacifice
826 1820 1022 1864 possederit,
1047 1820 1086 1855 lis
1121 1826 1195 1854 tunc

456 1877 540 1908 mota
552 1873 669 1917 suerit),
684 1873 818 1907 aliorum
833 1874 1046 1917 quorumlibet
1058 1874 1096 1907 dc
1108 1885 1196 1918 prae-

456 1928 551 1961 misso
576 1927 653 1968 iure,
667 1926 731 1960 sive
747 1931 821 1960 tunc
834 1932 930 1968 vacet,
948 1927 996 1960 vel
1016 1938 1087 1960 cum
1108 1939 1195 1961 vaca-

455 1981 545 2022 verit,
554 1980 789 2025 impetrationes
801 1980 849 2014 vel
863 1981 1091 2022 concessiones,
1102 1981 1193 2015 etiam

456 2038 543 2069 motu
566 2034 717 2078 proprio,
742 2034 823 2067 infra
853 2044 993 2067 mensem
1018 2040 1088 2068 ante
1113 2046 1190 2068 con-

456 2088 630 2121 cessionem
654 2087 836 2121 huiusmodi
861 2088 969 2129 sactae,
993 2088 1108 2121 nullius
1133 2089 1195 2122 sint

455 2141 589 2183 roboris,
607 2141 654 2174 vel
670 2141 830 2175 momenti.
848 2141 885 2176 Et
909 2141 1124 2183 nihilominus,
1146 2153 1195 2175 cu-

455 2195 544 2239 piens
569 2204 679 2228 eorum
704 2194 867 2227 fraudibus
896 2193 1041 2235 obviare,
1067 2195 1119 2239 qui
1149 2195 1194 2228 vi-

457 2250 592 2281 ventium
606 2248 758 2282 beneficia
778 2248 903 2282 illorum
916 2249 1112 2292 praesertim,
1130 2249 1195 2293 qui-

456 2303 531 2343 tus,
549 2308 601 2335 aut
624 2307 753 2346 propter
778 2302 910 2343 senium,
925 2307 978 2335 aut
1001 2308 1130 2347 propter
1150 2303 1193 2336 in-

456 2355 657 2396 firmitatem,
682 2355 861 2388 immineret
889 2356 969 2388 vitae
994 2356 1193 2400 periculum,

457 2413 634 2452 tumetrant,
650 2413 694 2450 ut,
708 2408 769 2441 illis
785 2408 1016 2449 decedentibus,
1035 2414 1192 2453 tamquam

456 2461 638 2505 colligantes
655 2462 685 2495 in
703 2472 813 2495 eorum
836 2462 957 2496 iuribus
981 2463 1101 2496 facilius
1125 2463 1195 2496 sub-

455 2520 626 2559 rogentur,
658 2515 771 2557 voluit‚
796 2521 829 2549 ut
853 2515 999 2560 deinceps
1023 2516 1138 2550 nullius
1163 2516 1192 2549 in

456 2569 524 2602 iure
541 2568 587 2602 vel
604 2569 642 2602 ad
666 2570 713 2602 ius
730 2569 761 2602 in
775 2569 929 2603 beneficio
943 2570 1091 2611 defuncti,
1109 2570 1193 2614 quod

456 2623 509 2656 illo
534 2622 655 2656 vivente
680 2623 712 2656 in
735 2623 857 2656 casibus
881 2624 1063 2667 praemissis
1085 2624 1130 2657 vel
1162 2624 1193 2657 in

456 2676 610 2710 similibus
635 2677 859 2720 impetraverit,
876 2678 980 2721 aliquo
1007 2678 1099 2711 modo
1122 2679 1194 2712 sub-

1039 275 1215 300 utilitatum}
1241 274 1393 299 ROMANUM

1234 328 1374 366 rogetur,
1392 333 1427 355 ac
1451 320 1634 364 subrogatio
1651 320 1697 354 vel
1715 321 1826 364 gratia,
1843 320 1874 356 Si
1894 331 1971 356 neu-

1234 375 1284 417 tri,
1309 375 1339 408 Si
1367 374 1454 415 nulli,
1479 383 1534 407 seu
1558 374 1662 407 Novae
1690 373 1895 417 provisionis,
1919 379 1973 408 aut

1235 427 1365 462 Perinde
1390 428 1503 467 valere,
1520 426 1623 460 taliter
1640 425 1820 470 impetranti
1837 427 1972 462 nullate-

1234 492 1291 514 nus
1315 480 1515 523 suffragetur.
1539 479 1627 519 Quod
1658 479 1752 513 etiam
1776 479 1971 515 strictissime

1233 534 1395 568 observari
1409 533 1567 567 mandavit
1582 533 1614 566 in
1630 533 1903 578 impetrationibus
1922 534 1973 568 be-

1233 587 1418 620 neficiorum
1435 596 1492 630 per
1507 586 1715 630 privationem
1736 590 1766 621 et
1781 586 1971 621 amotionem

1232 651 1269 673 ex
1285 640 1447 684 quibusvis
1471 640 1656 674 criminibus
1673 645 1704 674 et
1720 640 1899 674 excessibus
1914 641 1973 675 for-

1233 703 1286 726 san
1311 693 1511 738 perpetratis,
1531 694 1652 729 etiamsi
1676 704 1776 738 usque
1797 694 1837 727 ad
1860 693 1972 728 defini-

1233 746 1326 781 tivam
1343 747 1540 789 sententiam,
1558 757 1637 792 quae
1655 751 1758 783 tamen
1775 747 1806 780 in
1823 757 1891 781 rem
1908 757 1972 782 non

1233 800 1409 835 transiverit
1433 800 1613 841 iudicatam,
1631 811 1813 845 processum
1838 801 1927 835 soret.

1276 853 1327 888 30.
1353 854 1429 888 Item
1447 854 1545 888 voluit
1569 859 1599 888 et
1622 854 1788 896 ordinavit,
1804 855 1889 900 quod
1908 865 1972 890 om-
1985 868 2170 916 noiiiimwrisj'mfi

1231 917 1285 941 nes
1306 909 1435 951 gratiae,
1462 919 1540 953 quas
1563 908 1601 942 de
1624 908 1787 953 quibusvis
1811 909 1972 944 beneficiis

1231 961 1469 1003 ecclesiasticis,
1493 972 1564 995 cum
1593 964 1669 997 cura
1698 962 1747 995 vel
1782 962 1849 996 sine
1873 964 1971 1005 cura,

1231 1014 1424 1047 secularibus
1455 1015 1503 1048 vel
1527 1015 1746 1058 regularibus,
1770 1025 1827 1060 per
1850 1015 1971 1050 obitum

1231 1077 1504 1112 quarumcumque
1535 1077 1743 1113 personarum
1767 1068 1949 1102 vacantibus
1964 1095 1972 1110 ,

1231 1121 1262 1155 in
1287 1126 1377 1155 antea
1401 1121 1531 1163 fecerit,
1554 1122 1672 1155 nullius
1696 1121 1821 1156 roboris
1841 1122 1890 1156 vel
1909 1133 1974 1157 mo-

1232 1175 1327 1208 menti
1352 1175 1422 1216 sint,
1446 1175 1505 1208 nisi
1529 1179 1602 1219 post
1625 1175 1746 1209 obitum
1770 1180 1801 1209 et
1823 1180 1895 1209 ante
1918 1175 1972 1210 da-

1232 1234 1294 1261 tam
1312 1229 1484 1272 gratiarum
1509 1229 1692 1262 huiusmodi
1711 1232 1831 1263 tantum
1849 1235 1973 1275 tempus

1231 1282 1406 1323 defluxerit,
1426 1282 1511 1327 quod
1535 1282 1660 1316 interim
1685 1282 1862 1317 vacationes
1886 1283 1973 1328 ipsae

1233 1335 1270 1368 de
1294 1336 1371 1369 locis
1385 1363 1392 1377 ,
1421 1336 1452 1369 in
1477 1336 1593 1380 quibus
1616 1346 1771 1381 personae
1794 1337 1972 1381 praedictae

1231 1388 1441 1431 decesserint,
1469 1389 1507 1423 ad
1538 1390 1681 1424 notitiam
1711 1389 1852 1423 eiusdem
1876 1390 1909 1424 D.
1935 1391 1969 1425 N.

1231 1442 1444 1477 verisimiliter
1466 1443 1626 1489 potuerint
1649 1444 1838 1488 pervenisse.

1274 1495 1326 1530 at.
1351 1496 1438 1538 Item,
1459 1497 1543 1540 quod
1556 1507 1665 1531 omnes
1682 1501 1713 1532 et
1729 1498 1870 1541 singulae
1887 1508 1972 1532 com-

1230 1657 1353 1691 sionum
1378 1658 1540 1691 dumtaxat
1563 1657 1808 1703 apostolicarum
1825 1657 1863 1691 de
1878 1658 1971 1692 bene-

1229 1710 1308 1744 ficiis
1322 1711 1539 1745 ecclesiasticis
1554 1711 1738 1755 gratiarum,
1750 1721 1844 1756 super
1856 1711 1970 1756 quibus

1228 1763 1350 1797 litterae
1370 1764 1559 1809 apostolicae
1578 1764 1736 1798 consectae
1755 1773 1819 1797 non
1842 1764 1969 1806 suerint,

1228 1827 1264 1850 ac
1294 1827 1461 1862 processus
1495 1818 1631 1862 desuper
1666 1816 1825 1860 habendi,
1852 1818 1969 1852 nullius

1229 1870 1289 1903 sint
1313 1870 1440 1904 roboris
1468 1871 1516 1904 vel
1541 1871 1702 1904 momenti.

1271 1923 1322 1957 3⁹2.
1350 1924 1425 1957 Item
1446 1925 1554 1965 voluit,
1573 1924 1667 1969 quod,
1686 1924 1857 1969 impetrans
1875 1925 1969 1959 bene·

1228 1977 1333 2010 ficium
1359 1988 1470 2011 vacans
1494 1989 1551 2022 per
1581 1978 1702 2012 obitum
1726 1978 1890 2013 familiaris
1915 1980 1969 2013 ali-

1228 2030 1317 2063 euius
1343 2031 1518 2072 cardinalis,
1536 2036 1679 2065 teneatur
1703 2031 1881 2076 exprimere
1905 2043 1966 2066 no-

1228 2095 1299 2118 men
1327 2089 1356 2118 et
1383 2085 1508 2118 titulum
1538 2085 1636 2129 ipsius
1661 2085 1845 2127 cardinalis,
1870 2092 1917 2128 et,
1942 2087 1967 2120 si

1229 2138 1279 2171 ille
1296 2139 1327 2171 in
1352 2139 1439 2172 curia
1464 2139 1568 2180 fuerit,
1586 2139 1653 2173 eius
1669 2139 1708 2173 ad
1726 2139 1757 2173 id
1780 2139 1908 2174 accedat
1923 2150 1969 2174 as·

1228 2202 1346 2233 sensus,
1364 2193 1441 2226 alias
1465 2193 1601 2237 desuper
1624 2193 1725 2236 gratia
1750 2194 1789 2227 sit
1811 2194 1906 2228 nulla.
1931 2194 1968 2228 Et

1228 2245 1309 2279 idem
1334 2247 1450 2279 servari
1475 2246 1581 2287 voluit,
1598 2247 1623 2280 si
1648 2246 1822 2281 cardinales
1838 2247 1968 2292 quomo-

1227 2299 1344 2332 dolibet
1360 2299 1398 2332 ab
1416 2300 1483 2343 ipsa
1501 2300 1587 2333 curia
1604 2301 1756 2342 absentes,
1783 2306 1813 2335 et
1836 2301 1968 2335 ubilibet

1228 2353 1320 2386 etiam
1346 2353 1376 2386 in
1400 2353 1476 2386 locis
1508 2353 1589 2387 infra
1620 2354 1697 2388 duas
1728 2354 1827 2389 dietas
1857 2355 1968 2390 vicinis

1227 2406 1385 2449 degentes,
1403 2407 1615 2452 stiniiliamque
1639 2414 1669 2441 et
1692 2409 1774 2442 lares
1798 2409 1830 2443 in
1856 2409 1966 2443 eadem

1228 2460 1314 2493 curia
1338 2460 1522 2502 retinentes,
1553 2461 1592 2494 ab
1617 2462 1684 2506 ipsa
1710 2462 1799 2496 curia
1823 2473 1964 2497 recesse-

1228 2514 1290 2547 rint
1305 2514 1343 2547 ad
1361 2514 1504 2548 eamdem
1528 2515 1612 2549 illico
1637 2517 1807 2558 reversuri,
1832 2521 1863 2551 et
1886 2517 1967 2550 infra

1228 2569 1334 2603 decem
1368 2569 1415 2603 vel
1440 2569 1478 2602 ad
1507 2580 1665 2603 summum
1696 2571 1876 2615 quindecim
1901 2570 1967 2604 dies

1228 2633 1300 2655 vere
1325 2627 1355 2656 et
1378 2623 1586 2667 personaliter
1610 2625 1726 2657 reversi
1758 2624 1894 2665 suerint,
1927 2624 1966 2657 ita

1227 2676 1310 2720 quod
1337 2676 1557 2717 cardinalibus,
1578 2678 1652 2710 alifis
1670 2689 1762 2721 quam
1781 2683 1811 2711 ut
1829 2678 1966 2722 praeser-

1983 275 2032 301 An.
2049 275 2078 301 C.
2103 275 2168 302 11523

2024 1509 2069 1530 Non
2087 1509 2170 1531 valeant

1231 1549 1395 1584 missiones
1419 1561 1584 1585 causarum
1599 1578 1606 1592 ,
1631 1560 1709 1594 quas
1733 1551 1764 1584 in
1788 1555 1878 1584 antea
1901 1540 2169 1594 fie1·i933'5¹¹a'i¹1'1{5'?”1it⁵st

1231 1604 1407 1647 contigerit,
1425 1605 1581 1645 obtentae,
1598 1604 1646 1638 vel
1662 1604 1827 1638 occasione
1848 1614 1971 1638 conces·
1985 1589 2096 1636 'ditis'fwm
2107 1594 2169 1616 ‘³¹⁹⁰'

2010 1935 2040 1956 De
2054 1935 2168 1962 impetran-

1984 1963 2039 1983 tibus
2064 1963 2168 1984 beneficia

1983 1995 2021 2015 pet·
2037 1989 2116 2010 obitum
2138 1989 2168 2010 sa·

1983 2016 2096 2037 miliarium
2121 2021 2168 2037 car-

1982 2043 2093 2064 dinanum.
