2269 3235
103 247 152 273 Αιι.
172 247 200 273 C.
219 246 286 274 1626

125 1533 233 1554 Clausulas
247 1539 281 1554 ne-

99 1566 193 1581 cessaria
217 1567 282 1587 appu·

98 1590 135 1608 nil..

917 248 1057 271 [surianus
1084 248 1137 270 Vlll
1162 248 1210 271 PP.

300 304 317 326 a
341 291 504 335 quibusvis
528 294 879 334 excommunicationis,
907 305 1038 337 suspen·
1074 295 1117 327 vis
1147 296 1352 337 auctoritate,
1378 297 1511 330 :scienter
1536 297 1581 329 vel
1608 297 1809 339 ignoranter.

300 345 397 379 sionis
421 351 451 379 et
474 346 641 389 interdicti,
667 347 798 391 aliisque
822 347 1039 380 ecclesiasticis
1073 348 1240 390 contigerit
1264 348 1436 383 attentari¹.

299 398 472 440 sententiis,
497 400 638 433 censuris
663 405 693 433 et
716 400 834 444 poenis,
859 410 875 432 a
899 400 967 432 iure
992 400 1038 431 vel

298 453 337 486 ab
361 453 511 494 homine,
535 453 644 497 quavis
678 453 842 487 occasione
874 454 919 486 vel
945 454 1039 486 causa
1074 453 1240 487 Francisco
1272 455 1511 500 archiepiscopo
1544 457 1720 489 Patrae-ensi
1746 453 1860 489 ino-¹⁹²

300 506 378 548 latis,
391 507 415 539 si
433 507 548 550 quibus
565 506 803 550 quomodolibet
819 505 958 538 innodati
976 506 1038 538 exi-

298 564 392 603 stunt,
410 560 448 593 ad
473 559 617 593 effectum
642 559 853 603 praesentium
878 559 1039 592 dumtaxat

298 612 574 657 consequendum,
599 613 713 645 harum
738 612 819 645 serie
843 612 1039 645 absolventes

298 672 328 699 et
351 666 511 700 absolutos
534 666 602 699 sore
626 670 807 706 censentes,
833 665 1038 709 supplicatio-

297 719 389 752 nibus
414 729 524 752 eorum
544 718 672 751 nomine
688 718 778 751 nobis
795 729 889 762 super
908 719 968 752 hoc
984 719 1039 751 bu-

298 773 414 805 militer
425 772 578 817 porrectis
592 771 741 814 inclinati,
758 772 797 805 de
810 772 1036 805 venerabilium

297 827 430 859 fratrum
455 829 638 859 nostrorum
663 830 786 858 sanctae
811 826 969 859 Romanae
986 827 1039 859 Ec-

297 879 409 913 clesiae
434 879 640 912 cardinalium
665 879 745 912 sacri
763 880 891 913 Concilii
907 880 1037 913 Triden-

296 933 352 966 tini
369 934 577 978 interpretum
602 933 748 967 consilio:
766 934 855 974 Quod
875 933 913 967 de
932 939 1038 968 cetero

297 987 456 1031 perpetuis
469 987 581 1022 futuris
596 987 793 1031 temporibus
807 988 949 1021 canonici
962 989 1038 1021 Mar-

298 1041 406 1074 tiniani
431 1046 462 1074 et
484 1042 663 1074 Furnenses
690 1041 867 1085 praedictae
888 1043 1037 1075 ecelesiae

298 1094 447 1139 lprensis,
467 1094 493 1127 si
510 1094 656 1127 doctores
672 1095 720 1127 vet
744 1094 893 1128 licentiati
910 1106 945 1128 ac
963 1095 1037 1129 alias

297 1147 417 1181 habiles
441 1148 584 1189 existant,
602 1148 640 1180 ad
660 1148 856 1192 supradictas
872 1148 1037 1191 dignitates

297 1212 395 1245 aeque
418 1212 453 1235 ac
476 1202 670 1235 Morinenses
696 1201 838 1235 canonici
863 1201 963 1235 dietae
990 1213 1038 1235 ec-

297 1255 410 1288 clesiae
434 1255 572 1299 Iprensis
589 1254 777 1288 obtinendas
802 1255 906 1288 idonei
931 1256 992 1288 sint
1008 1262 1037 1289 et

298 1319 365 1342 esse
390 1313 585 1350 censeantur,
612 1308 753 1352 talesque
778 1308 816 1341 ab
841 1309 988 1342 omnibus
1008 1316 1037 1342 et

298 1362 439 1405 singulis,
456 1362 495 1395 ad
518 1372 597 1406 quos
617 1372 700 1394 nunc
717 1362 954 1407 quomodolibet
971 1374 1038 1407 spe-

297 1421 359 1449 ctat
383 1419 413 1450 et
435 1426 494 1459 pro
519 1421 662 1460 tempore
686 1416 845 1460 spectabit,
863 1417 1037 1450 habeantur

296 1473 326 1504 et
349 1470 459 1503 haberi
483 1470 639 1510 debeant;

341 1524 356 1568 §
379 1524 409 1556 4.
426 1524 610 1557 Praesentes
634 1534 709 1557 vero
728 1524 858 1565 litteras,
875 1535 910 1558 ae
931 1525 1037 1558 omnia

297 1583 327 1611 et
351 1578 474 1621 singula
497 1578 528 1610 in
553 1578 597 1611 eis
622 1582 767 1612 contenta
791 1579 878 1612 nullo
898 1589 1036 1623 unquam

297 1637 458 1676 tempore,
483 1631 575 1664 etiam
597 1642 632 1664 ex
658 1642 712 1672 eo,
737 1632 822 1675 quod
846 1632 1037 1665 Morinenses

296 1684 438 1718 canonici
462 1684 624 1728 praedicti,
647 1695 702 1717 seu
726 1684 917 1728 quicumque
933 1685 985 1717 alii
1006 1685 1036 1717 in

294 1738 474 1783 praemissis
498 1738 648 1771 interesse
672 1737 822 1771 habentes
853 1739 900 1771 vel
920 1738 1037 1771 babere

295 1792 534 1836 praetendentes
557 1792 596 1824 ad
620 1792 681 1825 hoc
700 1791 801 1826 vocati
815 1797 845 1825 et
861 1792 957 1825 auditi
973 1803 1036 1826 non

296 1845 421 1886 fuerint,
446 1846 483 1878 de
508 1846 730 1890 subreptionis,
750 1846 799 1879 rel
823 1846 1036 1891 obreptionis,

297 1910 351 1932 seu
368 1899 520 1932 nullitatis
535 1900 621 1941 vitio,
635 1905 687 1933 aut
704 1900 884 1934 intentionis
900 1907 1036 1942 nostrae,

297 1953 344 1986 vel
368 1953 429 1986 alio
446 1953 556 1997 quovis
580 1954 701 1986 defectu
717 1954 829 1997 notari,
847 1955 1035 1998 impugnari,

296 2006 455 2050 redargui,
472 2006 505 2039 in
520 2007 568 2040 ius
581 2008 630 2040 vel
654 2009 900 2041 controversiam
920 2010 1034 2049 vocari,

296 2065 349 2093 aut
384 2060 423 2093 ad
455 2060 536 2093 viam
567 2066 598 2094 et
632 2061 781 2095 terminos
813 2062 891 2095 iuris
927 2063 1034 2096 reduci

296 2114 472 2147 nullatenus
489 2124 592 2158 posse,
609 2114 663 2147 sed
687 2125 723 2148 ea
745 2115 849 2148 omnia
867 2121 896 2148 et
913 2115 1036 2159 singula

297 2172 450 2211 perpetuo
474 2167 584 2209 valida,
604 2168 696 2201 firma
716 2174 746 2201 et
765 2169 902 2202 efficacia
923 2180 989 2203 esse
1006 2175 1036 2202 et

298 2221 385 2262 sore,
409 2231 544 2266 suosque
568 2222 725 2266 plenarios
750 2226 780 2257 et
803 2223 942 2266 integros
966 2224 1036 2257 ess‘e-

299 2279 366 2307 ctus
383 2274 488 2307 sortiri
512 2280 543 2308 et
566 2276 717 2317 obtinere,
743 2286 778 2309 ac
794 2277 986 2310 Martinianis
1006 2283 1035 2310 et

298 2328 321 2360 F
325 2328 512 2361 urnensibus
535 2330 694 2363 canonicis
717 2330 886 2374 praedictis
910 2331 942 2364 in
966 2342 1034 2365 om-

297 2381 390 2414 nibus
406 2385 436 2414 et
450 2391 507 2425 per
531 2383 636 2415 omnia
654 2383 834 2427 plenissime
852 2384 1034 2428 suffragari,

297 2435 404 2479 sicque
428 2439 459 2468 et
481 2445 545 2468 non
568 2436 657 2469 aliter
678 2448 734 2481 per
758 2448 973 2482 quoscumque
991 2439 1036 2471 iu-

297 2488 381 2521 dices
406 2487 583 2522 ordinarios
600 2495 629 2522 et
652 2490 822 2534 delegatos,
841 2491 934 2524 etiam
960 2503 1034 2525 cau-

297 2552 402 2575 sarum
422 2542 528 2586 palatii
552 2544 715 2587 apostolici
731 2544 899 2586 auditores,
919 2545 1035 2590 ubique

297 2595 429 2629 iudicari
454 2601 484 2629 et
508 2596 632 2629 definiri
656 2597 779 2640 debere,
801 2609 836 2631 ac
860 2599 983 2632 irritum
1005 2604 1035 2632 et

297 2649 397 2693 inane,
415 2649 441 2683 si
459 2660 548 2684 secus
568 2661 663 2695 super
678 2651 727 2684 his
742 2663 759 2685 a
776 2663 944 2697 quoquam,
961 2664 1035 2697 qua-

1118 401 1132 443 §
1157 401 1185 433 5.
1210 402 1361 440 Quocirca
1392 403 1560 436 venerabili
1594 403 1681 436 fratri
1709 403 1810 436 loanni

1073 506 1170 539 dcrno
1195 512 1225 539 et
1248 518 1306 551 pro
1330 513 1471 552 tempore
1497 510 1637 543 existenti
1656 516 1763 543 nostro
1784 515 1813 543 et

1073 559 1160 592 Sedis
1170 560 1367 603 Apostolicae
1379 561 1407 593 in
1418 562 1549 603 Belgicis
1558 563 1727 597 ditionibus
1739 575 1814 597 nun-

1074 612 1122 646 cio
1146 624 1203 656 per
1220 619 1401 657 praesentes
1426 617 1652 649 committimus
1677 623 1706 650 et
1730 629 1814 651 man-

1073 665 1194 709 damus,
1216 671 1368 710 quatenus
1395 668 1470 712 ipse,
1496 680 1552 713 per
1572 680 1614 710 se,
1636 671 1681 702 vel
1707 671 1812 711 alium,

1073 730 1127 752 seu
1140 720 1227 755 alios,
1245 727 1427 764 praesentes
1446 722 1575 763 litteras,
1593 724 1665 756 etin
1683 724 1726 756 eis
1745 735 1814 758 con-

1073 778 1156 806 tenta
1180 784 1415 819 quaecumque,
1439 776 1493 808 ubi
1525 782 1553 809 et
1586 777 1710 820 quando
1735 789 1813 822 opus

1072 826 1175 867 fuerit,
1190 832 1220 859 et
1237 827 1358 870 quoties
1377 839 1435 872 pro
1453 834 1542 872 parte
1556 830 1812 863 Martinianorum

1073 886 1102 912 et
1133 880 1342 914 Furnensium
1377 883 1601 916 canonicorum
1630 884 1810 927 praedicto-

1073 944 1141 966 rum
1163 944 1217 967 seu
1238 935 1370 968 alicuius
1391 947 1500 969 eorum
1518 937 1613 970 suerit
1633 938 1813 981 requisitus,

1072 989 1255 1021 solemniter
1271 989 1467 1033 pubeIcans,
1486 991 1592 1035 eisque
1613 991 1643 1024 in
1667 993 1815 1035 praemis-

1072 1041 1114 1074 sis
1130 1042 1265 1075 efficacis
1282 1043 1470 1077 defensionis
1484 1045 1642 1088 praesidio
1656 1046 1812 1087 assistens,

1072 1095 1163 1128 faciat
1194 1097 1378 1130 auctoritate
1417 1099 1524 1131 nostra
1553 1099 1753 1133 Martinianos
1784 1105 1814 1132 et

1072 1149 1248 1182 Furnenses
1268 1150 1435 1183 canonicos
1449 1151 1636 1194 praedictos,
1654 1157 1681 1185 et
1700 1163 1810 1185 eorum

1071 1203 1253 1246 quemlibet,
1272 1204 1520 1247 praemissorum
1539 1206 1679 1238 omnium
1704 1212 1734 1239 et
1755 1207 1814 1239 sin-

1072 1257 1219 1299 gulorum
1237 1258 1350 1291 effectu
1374 1259 1503 1302 pacifice
1528 1260 1589 1292 srui
1610 1265 1639 1292 et.
1660 1261 1812 1303 gaudere:

1072 1320 1134 1343 non
1158 1311 1344 1354 permittens
1376 1323 1429 1345 eos
1453 1313 1590 1356 desuper
1614 1324 1631 1345 a
1655 1325 1813 1357 quoquam

1072 1365 1180 1408 quavis
1205 1366 1391 1399 auctoritate
1415 1367 1653 1410 quomodolibet
1677 1368 1813 1401 indebite

1071 1418 1250 1459 molestari;
1275 1420 1521 1453 contradictores
1546 1421 1701 1464 quoslibet
1719 1427 1747 1454 et
1764 1433 1813 1455 re-

1071 1472 1169 1505 belles
1193 1483 1251 1516 per
1275 1474 1455 1514 sententias,
1481 1485 1629 1507 censuras
1647 1480 1674 1507 et
1696 1486 1812 1519 poenas

1072 1526 1309 1567 ecclesiasticas,
1335 1527 1456 1570 aliaque
1482 1533 1659 1571 opportuna
1682 1529 1759 1561 iuris
1783 1535 1813 1562 et

1071 1579 1142 1612 sacti
1153 1579 1303 1619 remedia,
1317 1581 1524 1623 appellatione
1536 1582 1718 1625 postposita,
1732 1593 1813 1615 com-

1071 1633 1236 1675 pescendo,
1262 1633 1406 1667 invocato
1431 1635 1523 1667 etiam
1542 1635 1666 1676 adhoc,
1683 1636 1708 1668 si
1733 1646 1812 1680 opus

1070 1686 1174 1726 suerit,
1199 1686 1316 1719 auxilio
1340 1687 1461 1719 brachii
1486 1688 1645 1721 secularis.

1115 1739 1130 1782 ξ
1155 1739 1183 1772 6.
1209 1741 1277 1773 Non
1312 1740 1508 1774 obstantibus
1539 1742 1743 1785 praeinsertis
1766 1743 1812 1776 Pii

1070 1793 1322 1837 praedecessoris
1354 1794 1487 1835 litteris,
1527 1795 1630 1838 quoad
1660 1806 1695 1829 ea
1734 1807 1812 1840 quae

1070 1848 1287 1892 praesentibus
1313 1849 1556 1890 contrariantur,
1574 1860 1697 1883 necnon
1725 1861 1813 1884 reeo-

1070 1901 1180 1934 lendae.
1216 1902 1388 1935 memoriae
1426 1903 1575 1936 Bonisaeii
1613 1904 1712 1947 Papae
1748 1904 1812 1936 t‘ltt

1071 1955 1164 1988 etiam
1189 1955 1442 1999 praedecessoris
1466 1957 1565 1990 nostri
1583 1957 1620 1989 de
1641 1959 1713 1998 una,
1731 1962 1758 1990 et
1782 1958 1812 1990 in

1071 2008 1204 2041 concilio
1229 2009 1368 2051 generali
1394 2009 1475 2041 edita
1500 2010 1538 2042 de
1563 2010 1683 2043 dualms
1704 2011 1811 2052 dietis,

1070 2061 1242 2094 dummodo
1267 2062 1348 2095 ultra
1373 2067 1436 2095 tres
1458 2062 1556 2095 dietas
1573 2063 1685 2107 aliquis
1709 2068 1812 2096 aueto-

1070 2115 1160 2147 ritate
1178 2116 1391 2159 praesentium
1410 2116 1447 2148 ad
1466 2116 1615 2149 iudicium
1633 2127 1695 2149 non
1712 2117 1812 2149 traba-

1070 2175 1131 2210 tur,
1148 2169 1280 2213 aliisque.
1300 2170 1574 2202 constitutionibus
1592 2175 1621 2203 et
1645 2170 1812 2203 ordinatio-

1069 2223 1162 2255 nibus
1186 2223 1375 2266 apostolieis,
1393 2233 1514 2256 necnon
1539 2223 1639 2256 dictae
1663 2224 1812 2256 eeclesiae

1070 2277 1206 2320 iprensis
1225 2277 1334 2319 (etiam
1361 2277 1548 2315 iuramento,
1574 2278 1812 2310 confirmatione

1070 2331 1251 2374 apostoliea,
1271 2331 1316 2363 rel
1333 2331 1441 2373 quavis
1466 2331 1614 2363 firmitate
1638 2331 1698 2364 alia
1724 2331 1813 2364 robo-

1070 2385 1159 2427 ratis)
1178 2385 1300 2417 statutis
1325 2389 1354 2417 et
1379 2384 1668 2425 consuetudinilms,
1686 2385 1811 2428 privile-

1070 2439 1129 2481 giis
1143 2449 1278 2482 (pioque,
1297 2438 1425 2471 indultis
1443 2444 1472 2471 et
1491 2438 1602 2471 litteris
1620 2439 1812 2482 apostolicis,

1070 2493 1171 2525 eidem
1196 2492 1355 2532 ecclesiae,
1376 2492 1522 2535 illiusque
1548 2492 1694 2535 capitulo,
1719 2503 1812 2526 cano-

1068 2546 1156 2587 nicis,
1175 2551 1204 2578 et
1218 2545 1380 2589 quibusvis
1396 2545 1474 2585 aliis,
1490 2545 1547 2577 sub
1561 2545 1812 2590 quibuscumque

1068 2600 1229 2634 tenoribus
1260 2604 1289 2632 ct
1320 2599 1452 2639 formis,
1478 2609 1513 2632 ac
1546 2610 1618 2632 eum
1650 2599 1812 2643 quibusvis

1104 2666 1115 2692 1
1135 2663 1214 2691 Deest
1230 2663 1342 2691 verbum
1358 2664 1526 2699 statuimus,
1544 2663 1585 2691 vel
1601 2663 1690 2692 simile
1706 2664 1742 2701 (a.
1759 2665 1808 2700 T.).

1718 240 1776 272 '11¹7
1824 251 1871 276 Α...
1893 250 1922 276 (τ,
1944 250 2008 276 1432ss

1868 418 2010 443 l⁴]x··r1tiii'=i··³

1834 445 1838 465 l
1871 449 1922 465 unit.

1829 1752 1938 1772 Contraria
1951 1755 2010 1774 tollit.
