2269 3235
107 214 161 242 An.
177 213 206 241 C.
229 211 295 240 1628

163 856 241 877 Motis-a
258 855 298 875 hu-

114 884 146 904 ius
159 883 297 903 confirmatio-

114 911 145 930 nis
168 914 206 934 per
227 907 297 928 Urba-

113 941 162 956 nnm
177 935 253 957 sactae.

912 207 1054 232 URBANUS
1079 206 1135 230 vm
1160 206 1207 229 PP.

307 257 519 292 stitutionibus
539 262 568 290 et
585 256 834 290 ordinationibus
858 255 1045 300 apostolicis,

307 321 342 344 ac
367 311 500 352 statutis,
518 311 690 354 privilegiis
715 314 744 344 et
768 309 879 342 litteris
904 308 1048 352 apostoli-

308 364 352 397 cis
376 365 538 408 quibusvis
567 365 596 396 in
625 363 818 397 contrarium
842 363 946 395 forsan
974 371 1046 394 con-

308 417 425 457 cessis,
451 417 644 451 contirmatis
676 422 706 450 ct
738 415 900 449 innovatis.
930 414 1048 453 Quibus

309 471 466 511 omnibus,
480 471 582 514 quoad
597 470 741 503 effectum
756 467 977 513 praesentium,
989 467 1048 499 illis

309 524 385 557 alias
411 524 442 556 in
467 534 523 557 suo
548 524 662 557 robore
682 521 907 567 permansuris,
934 520 1049 564 specia-

310 577 380 610 liter
411 581 440 611 et
464 588 610 621 expresse
639 576 849 618 derogamus,
874 573 1049 617 ceterisque

310 631 475 664 contrariis
499 631 758 674 quibuscumque.

354 685 464 717 Datum
483 685 609 723 Romae,
626 682 708 726 apud
726 683 754 715 S.
773 682 910 722 Petrum,
924 681 982 714 sub
999 691 1050 713 an-

311 739 385 771 nulo
407 737 582 777 piscatoris,
599 736 649 769 die
665 746 751 769 xxvn
772 736 845 769 maii
863 744 1050 774 mccxxxvn,

311 790 509 835 pontificatus
533 789 632 822 nostri
657 800 738 823 anno
764 800 807 823 111.

356 844 371 886 ἓ
395 842 446 875 to.
478 843 554 876 Cum
585 848 710 884 autem,
740 843 820 876 sicut
855 843 1051 886 accepimus,

312 896 384 929 licet
400 896 664 940 archipresbyter,
679 907 715 929 ac
728 896 899 940 capitulum
918 900 948 928 et
964 906 1054 929 cano-

312 949 374 982 nici
394 950 557 994 praedicti,
574 950 614 982 ab
632 950 875 983 immemorabili
902 954 1052 993 tempore,

313 1013 349 1036 ac
373 1003 512 1046 plurium
537 1004 762 1036 sententiarum
788 1008 818 1036 et
841 1014 948 1036 rerum
973 1003 1053 1035 iudi-

314 1061 466 1098 catarum,
484 1062 513 1089 ct
530 1062 592 1090 tam
610 1057 796 1090 recolendae
816 1057 987 1090 memoriae
1004 1057 1053 1089 In-

313 1110 451 1143 nocentii
477 1111 551 1150 VIII,
566 1110 642 1143 Sixti
668 1110 705 1143 IV
727 1114 756 1145 et
772 1110 841 1143 Iulii
858 1110 883 1143 ΙΙ
903 1111 1055 1143 Romano-

314 1174 384 1196 rum
406 1163 592 1196 Pontificum
613 1164 758 1197 similiter
774 1163 1053 1208 praedecessorum

315 1222 507 1258 nostrorum,
532 1228 626 1261 quam
651 1218 920 1262 praeinsertarum
937 1217 1054 1251 littera-

315 1281 408 1311 rum,
434 1281 556 1304 necnon
587 1271 745 1304 variarum
779 1270 1001 1304 inhibitionum
1027 1275 1056 1303 et

316 1324 535 1358 mandatorum
556 1325 688 1358 diversis
709 1325 903 1369 temporibus
921 1319 1056 1368 desuper

317 1382 535 1411 emanatorum
565 1378 695 1421 vigore,
725 1378 842 1411 suerint
866 1382 895 1412 et
926 1377 988 1410 sint
1018 1377 1055 1409 ad

317 1425 465 1475 praesens
481 1432 645 1465 universae
664 1432 784 1476 plateae
808 1431 986 1475 praedictae
1002 1431 1057 1464 do-

318 1485 394 1517 mini
419 1489 448 1519 et
471 1486 606 1529 patroni,
632 1490 670 1527 et,
693 1485 731 1518 ab
752 1485 823 1517 inde
851 1485 938 1524 citra,
959 1495 991 1517 se
1015 1484 1058 1516 di-

319 1542 463 1582 ctamque
484 1550 594 1572 eorum
619 1539 783 1572 eeclesiam
804 1538 1058 1571 manutenuerint

319 1591 351 1624 in
374 1592 462 1635 quasi
494 1593 690 1636 possessione
715 1592 746 1624 in
776 1592 923 1624 universa
954 1592 1057 1635 platea

319 1644 510 1688 huiusmodi,
536 1646 627 1678 etiam
653 1645 804 1689 privative
825 1645 928 1689 quoad
949 1655 1058 1678 omnes

319 1699 406 1741 alios,
423 1699 516 1732 etiam
534 1699 701 1732 domorum
718 1699 819 1731 eidem
837 1699 957 1742 plateae
974 1698 1058 1731 adia-

320 1752 457 1785 centium
475 1752 629 1792 dominos,
648 1752 799 1795 erigendi,
817 1751 942 1784 tenendi
959 1757 989 1784 et
1005 1752 1058 1784 ha-

320 1805 414 1838 bendi
430 1805 546 1838 bancos
563 1811 593 1838 et
610 1806 744 1839 tabulata
762 1805 799 1838 ad
816 1805 961 1838 effectum
982 1805 1058 1838 inibi

321 1856 453 1897 fructus,
466 1857 589 1898 herbas,
607 1857 708 1900 pisces
727 1861 756 1889 et
773 1856 832 1889 alia
852 1857 1060 1890 comestibilia

322 1909 497 1951 vendendi,
522 1910 683 1953 dictosque
714 1910 831 1943 bancos
863 1916 893 1943 et
923 1910 1060 1943 tabulata

322 1963 467 2008 personis
487 1963 546 1995 sibi
566 1963 720 1996 benevisis
745 1963 877 2004 locandi,
894 1964 1060 2007 pensiones

323 2027 360 2049 ex
394 2016 574 2049 huiusmodi
605 2016 812 2050 locationibus
842 2017 1061 2060 provenientes

323 2070 527 2114 percipiendi,
543 2071 686 2113 exigendi
703 2076 733 2104 et
746 2070 878 2112 levandi⁷
895 2071 971 2104 acin
989 2082 1062 2104 suos

323 2135 399 2157 usus
416 2128 446 2158 et
462 2125 626 2158 utilitatem
645 2125 860 2166 convertendi,
875 2130 904 2158 et
919 2125 1062 2168 personis

323 2178 508 2227 praedictis,
534 2178 651 2211 similes
675 2179 792 2211 bancos
817 2184 847 2211 et
872 2179 1007 2211 tabulata
1032 2179 1063 2211 in

324 2232 427 2275 platea
443 2232 624 2266 huiusmodi
648 2232 799 2275 erigendi,
819 2232 942 2265 tenendi
962 2237 992 2265 et
1008 2233 1063 2265 ha-

326 2284 440 2327 bendi,
468 2285 626 2318 licentiam
652 2285 844 2319 concedendi
861 2312 869 2327 ,
899 2290 1064 2329 ceteraque

328 2337 433 2370 onmia
456 2342 487 2371 et
510 2338 632 2382 singula
656 2338 717 2371 alia
740 2339 778 2371 ad
806 2339 941 2372 liberum
965 2339 1065 2383 ipsius

327 2391 447 2436 plateae
471 2391 644 2425 dominium
665 2393 835 2436 spectantia
858 2397 888 2425 et
911 2392 1067 2436 pertinen·

328 2445 371 2478 tia
383 2445 525 2488 faciendi,
540 2445 672 2487 dicendi,
692 2446 820 2489 gerendi
838 2451 867 2478 et
883 2446 1066 2490 exequendi,

328 2499 533 2538 nihilominus
553 2499 591 2533 de
607 2510 688 2533 anno
705 2510 792 2533 nucu
815 2499 1068 2544 archipresbyter

329 2558 360 2586 et
379 2553 520 2587 canonici
545 2553 656 2597 aliqui,
680 2557 715 2588 ut
738 2553 884 2594 creditur,
910 2559 997 2586 extra
1021 2564 1069 2587 ca-

328 2607 463 2652 pitulum
488 2612 518 2641 et
542 2607 742 2651 singulariter
765 2607 995 2652 contrahentes,
1012 2618 1069 2652 per

1081 264 1190 287 eorum
1228 257 1378 285 assertam
1419 251 1607 294 scripturam
1643 249 1818 293 privatam,

1081 317 1160 350 quac
1184 317 1241 349 per
1266 305 1377 338 Scdem
1403 303 1613 348 Apostolicam
1645 312 1707 335 non
1738 313 1818 345 pro-

1083 360 1173 392 batur
1198 360 1403 399 confirmata,
1435 357 1697 391 renunciaverunt
1724 359 1754 388 et
1783 355 1821 386 ab

1082 423 1192 446 eorum
1218 413 1350 445 ccclesia
1375 412 1519 444 abdicare
1544 413 1703 443 tentarunt
1719 409 1823 441 liuius-

1083 466 1167 499 modi
1192 466 1308 499 bancos
1333 472 1362 498 ct
1387 467 1522 500 talnilata
1547 465 1584 497 ad
1610 463 1738 497 macella
1762 473 1819 505 ap-

1084 519 1221 563 ponendi
1255 525 1285 552 ct
1314 519 1373 551 alia
1407 519 1474 551 iura
1508 519 1537 551 in
1563 523 1592 551 et
1616 528 1710 561 super
1741 515 1822 549 dicta

1082 573 1206 616 platea,
1233 572 1507 616 archipresbytero
1539 576 1568 605 et
1601 571 1758 604 canonicis
1788 581 1823 601 ac

1084 625 1219 668 capitulo
1245 625 1431 668 praedictis,
1459 630 1490 657 ut.
1515 626 1711 668 praefertur,
1737 634 1823 656 com-

1085 678 1231 722 petentia,
1249 678 1288 711 ad
1305 678 1444 711 savorem
1462 678 1686 719 n‘iagistroruu‘i
1704 677 1823 709 viarum

1085 732 1187 771 Urbis;
1199 737 1229 764 et
1241 731 1279 764 de
1293 742 1374 764 anno
1392 741 1545 773 uncxvni,
1564 742 1616 764 seu
1635 731 1695 763 alio
1711 729 1824 762 veriori

1086 789 1236 828 tempore⁷
1262 784 1393 817 dilectus
1425 784 1508 817 tilius
1539 784 1676 816 Adamus
1707 783 1826 815 Mettius

1086 838 1295 870 aromatarius
1320 837 1481 870 cuiusdam
1502 836 1614 869 domus
1639 835 1740 868 cidem
1766 836 1827 878 pla-

1087 897 1154 924 teae
1171 891 1349 933 adiacentis,
1368 896 1398 923 et
1414 890 1452 923 ad
1473 890 1620 923 dilectum
1639 889 1737 921 tilium
1758 890 1827 922 Cre-

1088 945 1250 979 scentium'
1274 945 1312 978 de
1347 944 1533 978 Crescentiis
1565 945 1762 983 Romanum,
1794 947 1828 975 ut

1087 999 1248 1046 asseritur,
1273 999 1451 1042 spectantis,
1476 997 1647 1041 inquilinus
1671 996 1829 1029 habitator

1088 1053 1308 1096 (praetendens
1322 1058 1392 1086 ante
1405 1053 1591 1096 apothecam
1605 1051 1705 1083 dictae
1717 1051 1829 1083 domus

1090 1107 1120 1139 in
1137 1107 1273 1151 quodam
1293 1107 1353 1141 situ
1371 1106 1514 1150 angulari
1528 1105 1631 1139 medio
1649 1105 1730 1137 inter
1747 1115 1830 1137 eam-

1089 1160 1158 1193 dem
1184 1161 1370 1205 apothecam
1394 1166 1424 1193 et
1448 1160 1528 1192 viam
1553 1159 1711 1203 publicam
1736 1168 1830 1201 super

1090 1214 1198 1247 eadem
1223 1215 1326 1258 platea
1351 1219 1563 1247 transeuntem
1578 1240 1585 1254 ,
1611 1223 1672 1256 qua
1695 1223 1713 1245 a
1736 1212 1830 1244 domo

1090 1268 1227 1310 regulari
1244 1268 1272 1300 S.
1291 1268 1405 1300 Mariae
1422 1267 1621 1311 Magdalenac
1637 1267 1829 1300 Clericorum

1090 1321 1284 1364 regularium
1305 1321 1547 1354 Ministrantiu'm
1572 1320 1704 1353 infirmis
1724 1319 1762 1351 ad
1779 1319 1832 1351 do-

1090 1386 1177 1408 mum
1191 1375 1283 1408 etiam
1297 1376 1475 1418 regularem
1488 1375 1596 1408 beatae
1610 1374 1722 1407 Mariae
1736 1384 1832 1417 super

1090 1428 1259 1461 Minervam
1292 1434 1503 1472 nuncupatam
1537 1428 1574 1461 dc
1607 1427 1714 1460 eadem
1748 1426 1831 1459 Urbe

1090 1483 1224 1515 fratrum
1248 1483 1372 1516 Ordinis
1398 1483 1653 1516 Praedicatorum
1677 1482 1748 1522 itur,
1775 1480 1832 1513 sub

1091 1542 1267 1580 praetextu,
1284 1536 1368 1580 quod
1386 1537 1462 1569 situs
1478 1536 1659 1569 huiusmodi
1674 1536 1704 1568 in
1720 1534 1832 1567 eadem

1090 1590 1194 1633 platea
1209 1600 1272 1623 non
1289 1589 1586 1633 eomliurchendatur,
1604 1589 1656 1622 scd
1667 1590 1755 1621 locus
1768 1588 1832 1632 pri-

1092 1648 1179 1676 vatus
1199 1648 1228 1676 et
1245 1643 1282 1676 de
1299 1643 1495 1686 pertinentiis
1520 1643 1619 1675 dictae
1637 1642 1750 1675 domus
1774 1642 1835 1674 exi-

1092 1700 1171 1737 stat,
1196 1696 1313 1729 bancos
1341 1695 1522 1728 huiusmodi
1547 1696 1691 1738 erigere,
1717 1695 1833 1727 habere

1092 1755 1122 1783 et
1143 1755 1249 1783 tenere
1272 1751 1377 1794 posse)
1398 1750 1491 1782 etiam
1516 1750 1621 1782 forsan
1645 1749 1683 1782 de
1706 1748 1833 1782 licentia

1094 1804 1318 1846 magistrorum
1344 1803 1465 1836 viarum
1490 1803 1603 1844 Urbis,
1629 1813 1684 1835 seu
1712 1802 1833 1834 viarum

1094 1857 1312 1901 praesidentis,
1338 1857 1416 1890 duos
1440 1857 1557 1890 bancos
1583 1857 1699 1889 similes
1724 1856 1756 1888 in
1780 1866 1834 1888 eo-

1094 1910 1164 1943 dem
1190 1911 1251 1943 situ
1275 1911 1429 1951 erexerit,
1455 1911 1588 1954 illosque
1612 1921 1670 1954 pro
1695 1909 1834 1953 piscibus

1095 1963 1264 1996 vendendis
1281 1964 1448 2003 locaverit,
1466 1963 1573 1996 habito
1594 1968 1697 1995 autem
1715 1973 1772 2005 per
1788 1972 1836 1994 ar-

1095 2016 1369 2061 chipresbyterum
1383 2027 1418 2049 ac
1432 2017 1603 2060 capitulum
1622 2021 1651 2048 et
1669 2015 1836 2049 canonicos

1096 2070 1273 2114 praedictos
1298 2070 1335 2103 ad
1360 2070 1507 2103 dilectum
1524 2070 1624 2103 lilium
1644 2074 1786 2103 nostrum
1805 2069 1836 2101 in

1097 2124 1178 2158 alma
1196 2124 1277 2157 Urbe
1294 2124 1453 2167 praedicta
1471 2124 1623 2156 vicarium
1641 2124 1671 2156 in
1690 2123 1837 2167 spiritua-

1096 2177 1177 2209 libus
1193 2178 1374 2220 generalem
1392 2188 1533 2218 recursu,
1552 2177 1665 2210 banchi
1683 2176 1836 2220 praedicti

1097 2230 1210 2271 amoti,
1236 2231 1320 2274 iique
1348 2236 1466 2274 postea,
1484 2235 1647 2275 praetextu
1674 2230 1835 2263 cuiusdam

1098 2284 1283 2324 sententiae,
1309 2295 1365 2317 seu
1389 2285 1480 2326 alias,
1507 2296 1524 2317 a
1548 2284 1717 2317 venerabili
1741 2284 1837 2317 fratre

1098 2338 1266 2371 Octaviano
1283 2338 1520 2381 archiepiscopo
1540 2338 1688 2378 Iadrensi,
1706 2343 1779 2370 tunc
1796 2337 1838 2370 di-

1099 2391 1170 2423 lecti
1181 2390 1237 2423 filii
1251 2391 1349 2424 nostri
1366 2391 1394 2423 S.
1406 2392 1484 2424 RE.
1503 2391 1668 2424 camerarii
1685 2391 1837 2431 auditore,

1100 2450 1271 2487 emanatae,
1290 2445 1392 2478 denuo
1409 2445 1542 2489 appositi
1559 2445 1683 2485 suerint;
1702 2445 1839 2477 introdu-

1101 2500 1151 2532 cta
1178 2498 1290 2531 deinde
1318 2509 1374 2542 per
1398 2498 1479 2531 viam
1504 2498 1720 2542 appellationis
1745 2499 1839 2531 causa

1101 2552 1281 2585 huiusmodi
1313 2552 1345 2585 in
1376 2553 1501 2585 camera
1530 2554 1638 2585 nostra
1667 2552 1840 2596 apostolica

1102 2618 1209 2642 coram
1229 2607 1342 2642 dilecto
1366 2606 1431 2642 filio
1455 2611 1563 2642 nostro
1587 2606 1691 2642 Laelio
1716 2607 1760 2640 Ss.
1780 2607 1839 2639 Viti

1726 192 1788 225 6:37
1836 201 1883 228 Λη.
1900 200 1925 227 C.
1950 200 2017 227 1698
