2269 3235
117 249 167 277 An.
183 248 211 276 C.
234 246 301 275 1624

160 1106 235 1128 Cau-olo
255 1105 303 1126 duci

120 1135 218 1156 Mantuae
253 1132 303 1153 data

121 1162 211 1182 facultas
249 1159 269 1179 d·
265 1164 303 1179 ire

120 1192 189 1208 ctoces
214 1187 239 1207 eli
235 1192 266 1212 'ge
257 1186 304 1206 endl

121 1220 188 1241 usque
203 1213 231 1234 ad
247 1220 271 1233 ca
274 1218 304 1238 ρι-

121 1244 186 1262 tutum
197 1246 220 1266 ge
210 1240 303 1260 ψει-διε

924 247 1066 273 URBANUS
1084 248 1140 272 vm
1159 248 1206 272 PF.

317 300 455 336 mutare,
480 296 655 337 moderari,
680 296 852 339 corrigere,
880 300 910 329 et
933 296 992 328 alia
1017 296 1055 328 de
1088 300 1117 329 et
1141 306 1192 328 eas
1217 295 1254 328 ad
1275 295 1419 328 militiam
1444 294 1624 327 huiusmodi
1650 294 1824 337 admittere,

314 359 396 382 novo
427 349 563 383 condere
595 350 693 394 possit
710 361 717 390 ;
754 359 834 394 quae
848 376 855 389 ,

314 402 448 443 condita,
466 404 605 444 alterata,
623 409 777 442 revocata,
799 407 926 442 mutata,
951 402 1055 435 mode-

313 460 390 496 rata,
405 461 557 496 correcta,
573 461 603 489 et
623 457 661 489 de
681 466 763 489 novo
780 455 871 495 edita,
890 460 920 487 et
937 465 954 487 a
971 454 1054 488 dicta

314 507 392 541 Sede
416 509 588 552 approbata
611 508 738 549 fuerint,
763 513 793 541 et
815 518 879 541 non
903 508 988 549 alias,
1005 519 1056 540 va·

314 560 375 593 lida
400 566 430 594 et
454 563 592 595 efficacia
616 562 765 601 existant,
791 572 926 605 suosque
951 561 1056 605 plena—

314 614 379 648 rios
396 620 427 648 et
447 615 586 658 integros
604 615 733 648 effectus
751 615 934 655 sortiantur,
953 619 982 647 et
999 625 1055 658 per

315 667 431 701 milites
447 668 560 701 fratres
580 668 758 711 religiosos,
776 674 806 701 et
821 668 897 701 alias
914 668 1055 701 eiusdem

315 721 445 754 militiae
468 732 628 766 personas,
653 722 875 756 inviolabiliter
894 721 1055 755 observari

315 774 467 815 debeant,
492 775 534 809 ita
564 781 594 808 et
627 775 745 815 taliter,
769 775 854 819 quod
884 775 998 807 milites
1027 780 1057 807 et

315 828 368 860 alii
392 828 532 871 religiosi
552 828 652 862 dictae
669 829 797 861 militiae
821 829 859 861 ab
885 828 945 860 illis
969 828 1056 861 nullo

316 881 410 914 modo
434 881 557 914 resilire
580 881 711 926 possint,
729 882 782 915 sed
800 882 838 914 ad
858 882 985 915 illorum
1002 881 1057 914 ob-

316 934 525 967 servationem
543 939 718 976 teneantur,
730 940 760 968 et
772 934 901 977 obligati
912 935 1056 974 existant,

317 993 348 1021 et
378 988 416 1021 ad
448 988 479 1021 id
512 989 654 1022 censuris
684 989 905 1022 ecclesiasticis
935 994 965 1022 et
988 989 1057 1021 aliis

317 1041 428 1086 poenis
445 1042 515 1084 cogi
534 1047 564 1074 et
579 1042 725 1086 compelli
743 1042 879 1085 possint,

363 1095 377 1138 ἓ
401 1094 453 1128 15.
478 1095 515 1128 Et
540 1095 687 1138 quoniam
706 1096 794 1128 iustis
819 1106 855 1128 ex
881 1095 983 1128 causis
1000 1095 1058 1127 ele—

318 1147 379 1182 ctio
393 1148 498 1191 magni
512 1148 654 1191 magistri
668 1149 796 1181 militiae
810 1158 868 1192 per
876 1152 1058 1192 praesentes

319 1207 442 1234 erectae
465 1212 564 1245 usque
587 1201 625 1234 ad
652 1202 823 1245 capitulum
841 1202 998 1244 generale,
1027 1201 1058 1233 in

320 1254 403 1288 Urbe
435 1255 466 1287 in
498 1255 575 1288 festo
609 1255 823 1288 sanctissimae
860 1255 1058 1288 pentecostes

319 1307 391 1340 anni
411 1317 539 1341 nncxxv
557 1308 790 1349 celebrandum,
812 1308 985 1340 differenda
1002 1313 1058 1348 est,

319 1370 360 1393 ne
383 1360 509 1393 interim
533 1361 692 1404 praefatae
716 1361 845 1393 militiae
871 1371 1059 1404 progressus

318 1414 507 1454 retardetur,
521 1420 551 1447 et
568 1418 601 1448 ut
616 1414 654 1447 ad
672 1415 755 1448 illius
775 1415 917 1447 habitum
937 1414 1058 1447 admitti

318 1467 488 1501 volentium
499 1467 656 1501 devotioni
671 1468 814 1501 satisfieri
828 1468 942 1512 possit,
957 1468 1058 1501 eidem

318 1520 429 1555 Carolo
453 1521 535 1563 duci,
560 1526 595 1554 ut
619 1521 786 1555 duodecim
810 1522 951 1555 eiusdem
976 1521 1059 1554 mili-

318 1574 379 1608 tiae
392 1575 508 1608 milites
530 1576 561 1608 in
581 1576 752 1617 orientalis,
771 1576 993 1619 meridionalis,
1011 1587 1059 1609 oc-

319 1628 490 1669 cidentalis,
513 1634 543 1662 et
569 1630 835 1673 septemtrionalis
859 1630 1057 1662 districtuum

318 1681 502 1723 directores,
522 1692 620 1715 unum
647 1682 792 1716 videlicet
812 1683 1058 1716 ecclesiasticum

318 1739 349 1769 et
364 1735 443 1768 duos
459 1735 537 1769 alios
557 1735 699 1769 eiusdem
720 1736 848 1769 militiae
866 1736 981 1769 milites
1002 1747 1060 1779 pro

319 1789 458 1832 quolibet
485 1789 630 1822 districtu
663 1789 862 1830 huiusmodi,
888 1789 1059 1833 deputare,

318 1842 457 1886 ipsisque
481 1843 692 1876 directoribus
709 1843 753 1875 sic
767 1843 934 1886 deputatis,
952 1848 986 1875 ut
1002 1854 1060 1887 pro

319 1895 401 1928 felici
425 1895 598 1929 directione
615 1896 716 1929 dictae
734 1896 863 1928 militiae
884 1896 988 1940 aliqua
1005 1902 1061 1929 sta-

319 1953 385 1981 tuta
409 1952 440 1983 et
463 1948 694 1991 ordinationes,
720 1960 799 1992 quae
831 1949 869 1982 ad
898 1949 1059 1990 locorum,

319 2012 428 2035 rerum
448 2007 478 2035 et
502 2003 654 2046 temporis
679 2003 871 2046 qualitatem,
888 2003 1060 2036 secundum

320 2066 431 2088 eorum
455 2056 690 2097 conscientiam,
711 2056 913 2089 accomodata
936 2056 1058 2089 iudica-

320 2109 431 2150 verint,
448 2109 486 2141 ab
504 2109 578 2153 ipsis
604 2109 732 2143 militiae
753 2109 905 2142 militibus
922 2110 954 2142 in
971 2109 1061 2142 dictis

320 2163 495 2206 respective
519 2163 716 2196 districtibus
740 2164 936 2197 observanda
961 2174 1060 2207 usque

321 2216 359 2248 ad
376 2216 494 2249 dictum
514 2217 685 2260 capitulum
704 2218 850 2261 generale
875 2221 904 2251 et
927 2221 1060 2261 tempus,

321 2274 355 2301 ut
378 2270 565 2313 praefertur,
583 2270 622 2302 ad
642 2270 718 2303 illud
735 2271 957 2304 celebrandum
974 2281 1062 2314 prae-

321 2322 429 2365 fixum,
447 2327 476 2357 et
487 2334 551 2356 non
566 2324 658 2366 ultra,
673 2324 758 2357 licita
782 2329 887 2357 tamen
912 2330 942 2357 et
966 2325 1062 2358 hone-

322 2381 378 2416 sta,
389 2386 424 2409 ac
440 2377 536 2410 sacris
554 2377 728 2410 canonibus
745 2382 776 2410 et
791 2377 921 2411 Concilii
936 2378 1062 2410 Triden-

322 2428 378 2461 tini
396 2428 528 2463 decretis
545 2430 673 2463 minime
691 2431 907 2474 repugnantia,
926 2431 1062 2463 condere

323 2486 353 2514 et
372 2481 599 2525 praescribere,
621 2488 651 2515 et
668 2493 725 2526 per
742 2493 785 2524 se,
802 2483 850 2516 vel
866 2483 943 2516 alios
960 2483 999 2516 ab
1017 2483 1062 2516 eis

323 2535 498 2579 respective
515 2535 720 2579 deputandos,
736 2537 898 2580 quibusvis
918 2537 1062 2580 personis

324 2588 444 2622 idoneis
461 2594 491 2622 et
507 2589 878 2634 qualificatis,praefatae,
889 2590 1018 2624 militiae
1031 2601 1063 2624 se

324 2642 459 2676 adscribi
472 2643 659 2687 petentibuS,
668 2643 812 2678 habitum
827 2644 911 2678 illius
927 2644 1062 2686 tradere,

888 353 1053 392 postquam
1089 349 1210 392 aliaque
1234 349 1272 382 ad
1298 349 1327 381 id
1345 349 1427 382 dicto
1445 348 1548 381 medio
1566 353 1706 391 tempore
1723 359 1827 381 neces-

1089 403 1170 434 saria
1195 403 1296 435 facere
1317 407 1347 435 et
1371 402 1482 446 exequi
1500 402 1672 445 respective
1697 402 1826 444 possint,

1088 455 1224 498 amplam
1250 460 1280 487 ct
1304 455 1434 487 liberam
1453 456 1629 487 facultatem
1649 460 1677 487 et
1695 459 1827 498 potesta-

1088 512 1161 548 tem,
1179 507 1364 540 auctoritate
1389 513 1419 539 et
1443 513 1550 541 tenore
1575 507 1731 551 praefatis,
1752 517 1827 541 con-

1089 559 1229 593 cedimus
1252 565 1281 592 et
1299 560 1506 603 impertimur.

1133 613 1216 656 §46
1234 613 1417 646 Praesentes
1438 624 1511 646 vero
1530 614 1656 655 litteras,
1678 615 1769 647 etiam
1791 625 1826 647 ex
1865 626 1971 646 <mni
1972 632 2018 672 '¹‘s‘

1089 677 1125 700 eo
1150 666 1244 710 quod
1255 677 1348 699 causa
1366 677 1421 699 seu
1446 677 1567 705 causae
1585 673 1713 710 propter
1733 678 1826 711 quam
1843 659 1863 726 i}
1853 660 1898 700 ζιι

1090 730 1144 753 seu
1158 730 1235 763 quas
1248 720 1318 752 illae
1334 730 1351 751 a
1367 719 1458 752 nobis
1476 725 1669 761 emanarunt,
1685 721 1829 754 iustifica-

1088 779 1137 806 tae
1162 779 1192 806 et
1216 773 1404 813 verificatae‚
1425 778 1456 805 et
1479 773 1630 806 interesse
1651 774 1755 806 forsan
1779 775 1830 807 ba-

1089 828 1198 860 bentes
1229 837 1285 860 seu
1315 827 1432 859 habere
1460 826 1699 870 praetendentes
1729 828 1830 860 vocati

1090 891 1152 914 non
1172 880 1299 921 fuerint,
1318 890 1371 914 seu
1389 879 1550 923 quibusvis
1570 880 1639 912 aliis
1660 890 1695 912 ex
1717 880 1829 921 causis,

1090 934 1127 967 de
1152 934 1365 978 subreptionis
1383 934 1430 966 vel
1448 934 1642 977 obreptionis
1666 938 1718 967 aut
1739 934 1831 967 nulli-

1090 987 1160 1021 tatis
1176 988 1251 1021 vitio
1269 998 1322 1020 seu
1340 987 1521 1020 intentionis
1542 992 1667 1020 nostrae
1687 992 1741 1019 aut
1758 997 1831 1031 quo—

1090 1041 1174 1084 piam
1199 1041 1260 1073 alio
1286 1040 1409 1073 defectu
1438 1040 1539 1073 notari
1572 1044 1625 1073 aut
1652 1040 1830 1084 impugnari

1091 1104 1146 1126 seu
1163 1094 1201 1126 ad
1218 1094 1299 1126 viam
1317 1098 1347 1127 et
1368 1094 1518 1127 terminos
1542 1093 1619 1126 iuris
1644 1094 1751 1126 reduci
1768 1103 1830 1127 non

1090 1157 1192 1189 posse,
1213 1147 1265 1180 sed
1284 1157 1409 1190 semper
1428 1146 1543 1179 validas
1561 1146 1744 1179 etefficaces
1764 1157 1831 1179 esse

1092 1205 1118 1231 et
1146 1200 1223 1239 sore,
1240 1211 1375 1243 suosque
1399 1199 1558 1243 plenarios
1582 1204 1612 1231 et
1637 1199 1775 1242 integros
1793 1200 1832 1231 ef-

1091 1254 1189 1286 fectus
1210 1254 1315 1286 sortiri
1335 1259 1364 1286 et.
1381 1253 1535 1292 obtinere,

1136 1307 1150 1349 ἓ
1178 1307 1226 1339 17.
1252 1307 1364 1350 Sicque
1390 1317 1446 1349 per
1471 1316 1687 1349 quoscumque
1713 1306 1832 1339 iudices

1093 1360 1270 1393 ordinarios
1294 1366 1322 1393 et
1348 1360 1521 1402 delegatos,
1548 1360 1641 1392 etiam
1666 1369 1831 1393 causarum

1092 1414 1197 1456 palatii
1213 1414 1376 1457 apostolici
1390 1413 1559 1453 auditores,
1574 1424 1609 1446 ac
1627 1413 1655 1446 S.
1675 1414 1832 1447 Romanae

1093 1467 1249 1499 Ecclesiae
1273 1467 1462 1507 cardinales,
1487 1467 1579 1499 etiam
1605 1466 1642 1499 de
1667 1466 1764 1499 latere
1788 1467 1831 1499 le-

1092 1524 1181 1562 gatos
1205 1525 1235 1552 et
1259 1520 1456 1562 vicelegatos‚
1482 1529 1603 1552 necnon
1628 1519 1728 1553 dictae
1745 1520 1833 1552 Sedis

1094 1573 1290 1616 Apostolicae
1304 1573 1441 1613 nuntios
1455 1573 1486 1605 in
1504 1583 1704 1616 quacumque
1720 1573 1834 1605 instan-

1094 1626 1145 1667 tia,
1170 1626 1360 1669 ubicumque
1382 1632 1409 1658 et
1436 1625 1733 1669 quomodocumque
1758 1626 1834 1659 iudi—

1094 1679 1167 1719 cari,
1192 1679 1303 1720 decidi,
1329 1679 1467 1719 definiri,
1493 1690 1528 1711 ac
1552 1679 1645 1711 etiam
1670 1679 1833 1712 terminari

1094 1743 1184 1776 posse
1217 1738 1309 1775 atque
1341 1732 1478 1771 debere,
1503 1732 1688 1765 auctoritate
1713 1737 1835 1775 aposto-

1094 1787 1168 1828 lica,
1194 1790 1224 1820 et
1250 1786 1432 1818 earumdem
1462 1791 1571 1818 tenore
1603 1786 1833 1829 praesentium,

1094 1840 1303 1873 decernimus.

1138 1894 1153 1937 ξ
1170 1892 1221 1926 18.
1240 1894 1413 1933 Postremo,
1435 1893 1553 1926 eisdem
1576 1893 1738 1936 magistro,
1756 1894 1835 1926 mili-

1096 2006 1236 2045 tempore
1260 2000 1482 2040 existentibus,
1508 2010 1579 2032 vere
1602 1999 1834 2043 poenitentibus

1095 2060 1124 2088 et
1149 2055 1308 2094 confessis,
1334 2065 1369 2087 ac
1392 2056 1481 2087 sacra
1502 2054 1725 2087 communione
1747 2053 1786 2096 (si
1804 2053 1834 2085 id

1095 2107 1260 2141 commode
1282 2107 1350 2140 fieri
1377 2107 1505 2150 poterit>
1531 2107 1760 2147 resectis„tam
1785 2106 1834 2139 die

1095 2162 1222 2194 illorum
1248 2160 1468 2204 professionis,
1494 2160 1518 2193 si
1543 2171 1616 2193 vere
1639 2160 1834 2203 poenitentes

1095 2219 1125 2249 et
1141 2214 1284 2254 confessi,
1302 2224 1337 2246 ac
1351 2215 1439 2246 sacra
1457 2214 1679 2246 communione
1696 2214 1834 2257 praefata

1096 2269 1212 2309 resecti,
1233 2279 1328 2312 quam
1354 2278 1554 2311 quocumque
1578 2267 1638 2307 die,
1656 2278 1718 2311 quo
1741 2267 1833 2300 alicui

1096 2321 1287 2366 expeditioni
1312 2322 1359 2354 vel
1384 2321 1535 2354 functioni
1552 2326 1605 2353 aut
1628 2321 1747 2364 praelio
1765 2331 1835 2353 con-

1097 2382 1142 2408 tra
1166 2375 1239 2408 fidei
1264 2375 1434 2407 catholicae
1454 2375 1559 2407 hostes
1584 2373 1792 2413 interfuerint,
1810 2373 1834 2405 si

1096 2429 1205 2462 saltem
1222 2427 1347 2461 contriti
1365 2428 1490 2467 fuerint,
1504 2427 1675 2470 plenariam
1693 2427 1834 2459 omnium

1096 2487 1298 2526 peccatorum
1324 2491 1454 2513 suorum
1484 2480 1710 2523 indulgentiam
1735 2485 1764 2512 et
1789 2490 1835 2512 re-

1096 2536 1279 2568 missionem
1297 2534 1479 2577 elargimur.

1141 2590 1155 2633 ἓ
1180 2589 1231 2623 19.
1248 2590 1316 2623 Non
1331 2587 1526 2621 obstantibus
1543 2589 1650 2621 nostra
1668 2587 1705 2620 de
1725 2587 1834 2630 gratiis

1097 2643 1135 2677 ad
1146 2643 1243 2676 instar
1253 2652 1316 2676 non
1326 2641 1543 2683 concedendis,
1555 2645 1585 2677 et
1593 2641 1661 2675 aliis
1671 2641 1834 2684 quibusvis

1729 237 1791 271 117
1840 247 1889 272 An⁴
1906 247 1934 273 c.
1957 247 2023 273 1624

1917 688 1934 700 ΙΙΙ
1954 658 2027 700 ullrllil·

1889 1905 2032 1931 indulgentias

1850 1933 1949 1952 mittimus
1985 1938 2032 1952 con-

1094 1947 1187 1988 tibus,
1206 1952 1236 1980 et
1252 1947 1321 1980 aliis
1346 1947 1437 1979 dictis
1462 1946 1591 1979 militiae
1615 1948 1757 1990 personis
1775 1957 1834 1990 pro
1850 1965 1859 1976 e
1877 1965 1923 1978 <sae

1918 2592 2032 2618 Derogauo

1849 2622 2011 2640 contrariorum.
