2269 3235
95 242 145 269 An.
165 240 277 268 (21627

898 238 1040 261 unnANus
1065 237 1121 265 vm
1145 238 1194 260 ΙΨ.

294 296 372 331 opus
388 285 491 325 suerit,
508 285 700 329 praedictam
728 285 835 317 Iuliam
858 285 887 317 in
906 295 1028 317 monas-

293 340 371 374 terio
389 339 582 379 monialium,
601 339 646 371 vel
672 339 732 371 alio
758 339 826 371 loeo
844 343 918 377 tuto,
938 337 1029 370 etiam

292 394 323 426 in
348 393 459 437 primis
484 397 514 426 et
537 398 608 425 ante
632 392 737 425 omnia
762 390 977 434 sequestrandi
1003 395 1031 421 ct

292 446 503 485 asscmrandi,
515 446 636 489 aliaque
652 444 784 477 saeicndi
803 449 832 476 et
849 443 1031 486 exequendi,

293 511 372 543 quae
398 500 435 532 de
461 499 529 531 iure
545 499 661 531 suerint
677 496 817 530 facienda
834 501 864 528 et
878 506 1034 539 exequen-

295 554 342 594 da,
368 564 403 586 ac
429 563 500 585 cum
524 555 676 595 potestate
700 549 814 583 citandi
839 549 1031 592 praedictam

293 607 413 646 Iuliam,
439 615 609 648 omnesque
633 603 721 645 alios,
747 603 886 646 illisque,
911 602 1033 645 quoties

293 670 371 703 opus
396 659 498 700 suerit,
523 656 693 695 inhibendi,
718 656 811 689 etiam
837 656 895 688 sub
916 661 1034 688 senten-

293 713 353 753 tiis,
379 712 519 745 censuris
544 716 573 743 et
596 709 706 753 poenis
726 709 818 742 etiam
844 709 1033 753 pecuniariis

292 766 424 799 arbitrio
448 771 501 798 tuo
525 763 727 797 moderandis
751 768 781 795 ct
806 762 1032 806 aggravandis,

293 819 505 861 auxiliumque
526 817 648 850 brachii
674 817 825 850 secularis
850 816 1032 857 invocandi,

292 882 327 904 ae
345 876 448 904 cetera
465 870 570 903 onmia
587 870 646 903 alia
664 870 694 902 in
712 870 894 914 praemissis
907 876 937 903 et
950 870 1034 903 cirea

293 935 328 957 ea
344 924 521 957 necessaria
539 929 567 957 et
585 924 820 967 quomodolibet
847 929 1032 967 opportuna,

282 977 386 1010 etiam
405 977 430 1009 si
448 977 520 1009 talia
538 977 607 1017 sint,
628 977 675 1009 vel
691 976 816 1017 suerint,
834 987 913 1020 quae
933 977 1034 1019 magis

110 1203 224 1227 norogano
233 1208 280 1223 con—

96 1231 216 1251 uariorum.

137 2216 245 2239 Facunae,
261 2215 286 2237 de

105 2249 147 2271 qua
160 2244 181 2265 in
196 2243 287 2264 rubrica.

294 1031 471 1075 specialem,
489 1031 665 1074 specificam
684 1036 713 1063 et
730 1041 910 1074 expressam
933 1031 1035 1074 requi-

294 1089 399 1118 rerent
425 1085 627 1126 mentionem,
652 1084 795 1125 faciendi,
821 1084 954 1126 dicendi,
980 1095 1033 1127 ge-

295 1139 384 1171 rendi
406 1142 435 1172 et
452 1138 635 1182 exequendi.

341 1193 355 1234 ἓ
371 1192 400 1224 4.
416 1192 484 1224 Non
501 1192 696 1225 obstantibus
709 1191 899 1235 praemissis,
915 1202 950 1224 ac
964 1201 1035 1224 con-

296 1245 510 1278 stitutionibus
527 1250 557 1277 et
573 1245 825 1278 ordinationilms
844 1245 1034 1289 apostolicis,

296 1299 471 1342 ceterisque
488 1298 654 1331 contrariis
670 1298 931 1342 quibuscumque.

338 1353 448 1385 Datum
464 1353 591 1391 Romae,
605 1352 686 1395 apud
711 1352 739 1385 S.
759 1353 896 1392 Petrum,
914 1351 971 1385 sub
984 1362 1035 1384 an-

293 1406 368 1439 nulo
393 1405 570 1445 piscatoris,
588 1405 637 1437 die
657 1417 676 1439 x
696 1405 846 1438 februarii
871 1415 1034 1446 xincxan

294 1460 494 1504 pontificatus
518 1460 617 1493 nostri
643 1470 724 1492 anno
750 1470 791 1492 lv.

330 1523 391 1549 Dat.
413 1522 457 1549 die
478 1522 510 1549 10
529 1522 659 1550 februarii
682 1522 757 1556 1627,
779 1522 871 1557 pontif.
891 1529 960 1548 anno
975 1528 1010 1548 lx.

570 1664 760 1699 ccxxxvii.

296 1746 452 1781 Familias
472 1746 614 1789 episcopo
638 1745 815 1788 Iaponensz'
842 1742 1036 1787 procedendi

341 1804 453 1832 contra
469 1800 635 1842 reputares
651 1799 716 1831 no'n
732 1802 882 1843 parentes
898 1796 1038 1830 nonnul-

343 1853 383 1885 lis
408 1853 542 1886 decretis
567 1863 677 1885 sacrae
710 1852 976 1896 Cenqreyaliom's
1000 1851 1037 1883 de

341 1906 563 1950 Propaqcmcla
586 1907 670 1940 Fide
680 1906 699 1939 ¹.

297 1987 467 2015 Venerabili
482 1986 569 2013 fratri
585 1986 692 2013 Didaco
708 1985 846 2019 episcopo
866 1984 1036 2020 Iaponensi,

503 2040 640 2067 Urbanus
661 2039 740 2073 Papa
760 2039 836 2066 VIII.

510 2093 699 2121 Venerabilis
719 2094 825 2127 frater,

333 2140 462 2168 salutem
482 2142 514 2166 et.
534 2138 731 2172 apostolicam
750 2137 1001 2165 benedictionem.

346 2211 360 2254 ἓ
382 2211 412 2243 1.
429 2210 467 2243 L't
491 2210 617 2243 decreta
641 2210 716 2242 alias
734 2209 791 2241 sub
808 2209 857 2241 die
875 2218 938 2241 xxv
956 2219 1039 2241 men-

303 2263 344 2296 sis
375 2263 560 2306 septembris
592 2263 664 2296 anni
703 2262 841 2307 proximi
878 2262 1038 2306 praeteriti

302 2326 444 2350 uncxxvi
461 2327 478 2349 a
500 2317 730 2350 venerabilibus
750 2316 900 2349 fratribus
924 2315 1040 2348 nostris

302 2375 426 2402 sanetae
454 2370 612 2403 Romanae
644 2370 802 2403 Ecclesiae
830 2369 1040 2402 cardinalibus

301 2423 428 2466 negotio
442 2423 660 2467 propagandae
675 2424 746 2456 fidei
760 2423 946 2467 praepositis
960 2432 1042 2455 ema-

301 2482 373 2509 nata
396 2477 517 2509 facilius
542 2477 662 2510 debitae
691 2476 892 2520 exequutioni
916 2476 1042 2508 deman-

302 2530 423 2573 dentur,
442 2535 592 2574 quantum
614 2541 686 2564 cum
703 2530 835 2564 Domino
860 2540 1039 2574 possumus,

339 2648 351 2676 1
369 2647 407 2676 Ex
421 2647 528 2683 Regest.
544 2646 572 2674 in
587 2646 688 2675 Secret.
705 2646 782 2675 Brev.

1064 285 1231 327 providere
1256 284 1403 325 volentes,
1429 283 1467 315 dc
1492 281 1675 315 eorumdem
1701 282 1804 314 cardi-

1064 338 1180 369 nalium
1196 337 1337 377 consilio,
1359 347 1393 369 ac
1411 347 1572 369 sacrorum
1599 335 1804 368 conciliorum

1067 391 1247 423 Viennensis
1261 395 1290 424 et
1304 390 1475 423 Tridentini
1492 389 1629 432 vestigiis
1647 389 1807 421 inhaeren-

1067 448 1121 482 tes,
1147 443 1211 484 tibi,
1231 443 1272 475 uti
1296 443 1326 474 in
1353 448 1412 475 tani
1440 445 1558 475 remota
1585 454 1601 475 a
1626 442 1704 475 Sede
1729 443 1807 486 Apo-

1066 495 1175 528 stolica
1199 495 1328 537 regione
1353 496 1476 537 degenti
1510 500 1669 539 tamquam
1702 499 1808 529 noster

1067 553 1097 580 et
1122 548 1210 580 Sedis
1227 548 1405 581 huiusmodi
1427 549 1598 591 delegatus,
1619 555 1726 582 contra
1744 560 1808 582 om-

1067 611 1121 634 nes
1146 606 1175 634 et
1199 612 1415 644 quoscumque
1430 602 1654 645 cuiuscumque
1672 602 1806 645 Ordinis,

1067 654 1323 697 congregationis
1348 659 1377 687 et
1402 654 1532 686 instituti
1559 655 1728 697 regulares,
1753 655 1806 698 qni

1067 707 1200 741 decretis
1232 707 1402 751 praedictis
1434 718 1497 740 non
1533 709 1718 751 paruerint,
1751 719 1808 751 per

1067 772 1216 794 censuras
1241 766 1271 794 et
1295 771 1414 805 poenas
1431 761 1666 802 ecclesiasticas,
1687 761 1808 804 aliaque

1068 820 1246 859 opportuna
1268 815 1345 847 iuris
1370 819 1399 849 et
1422 815 1494 847 sacti
1511 815 1660 855 remedia,
1677 815 1809 858 appella-

1068 869 1151 902 tione
1165 869 1349 912 postposita,
1364 869 1550 902 auctoritate
1566 870 1674 902 nostra
1689 873 1809 911 aposto-

1068 921 1128 954 lica
1145 922 1347 966 procedendi,
1363 922 1472 955 eadem
1487 922 1682 962 auctoritate,
1700 927 1809 954 tenore

1068 976 1294 1018 praesentium,
1318 976 1496 1008 facultatem
1530 981 1559 1009 et
1589 975 1807 1009 auctoritatem

1068 1028 1268 1061 concedimus
1285 1034 1314 1061 et
1332 1029 1543 1072 impartimur.

1112 1082 1126 1124 ἓ
1144 1081 1172 1114 2.
1187 1082 1395 1115 Deeernentes
1409 1087 1437 1114 te
1454 1082 1592 1125 desuper
1613 1092 1630 1113 a
1650 1091 1808 1125 quoquam

1068 1135 1305 1178 quomodolibet
1332 1135 1479 1179 impediri
1500 1140 1553 1167 aut
1569 1135 1722 1167 retardari
1739 1134 1809 1166 nul-

1068 1189 1190 1221 latenus
1215 1199 1324 1232 posse:
1343 1189 1531 1232 irritumque
1549 1193 1579 1220 et
1603 1188 1704 1229 inane,
1723 1187 1747 1220 si
1765 1198 1810 1220 se-

1069 1253 1123 1275 eus
1140 1253 1234 1286 super
1251 1242 1299 1275 liis
1317 1253 1334 1275 a
1350 1253 1521 1286 quoquam,
1546 1241 1655 1284 quavis
1679 1241 1811 1273 auetori-

1068 1300 1149 1337 tate,
1176 1295 1310 1329 scienter
1334 1295 1382 1328 vel
1407 1295 1609 1338 ignoranter,
1643 1294 1811 1337 contigerit

1069 1349 1224 1382 attentari.

1114 1404 1128 1446 ξ
1153 1403 1182 1435 3.
1208 1404 1277 1437 Non
1307 1403 1505 1436 obstantibus
1535 1402 1810 1437 constitutionibus

1070 1462 1099 1489 et
1123 1457 1376 1490 ordinationibus
1394 1458 1584 1501 apostolicis,
1601 1467 1723 1490 necnon
1747 1455 1812 1499 qui-

1070 1510 1176 1543 busvis
1187 1510 1344 1552 ordinum,
1357 1511 1636 1554 cong-rigationum
1651 1516 1680 1543 et
1694 1509 1812 1542 institu-

1070 1569 1175 1596 torum
1201 1575 1476 1608 quorumcumque
1492 1565 1597 1607 (etiam
1623 1564 1809 1604 iuramento,

1071 1617 1311 1650 confirmatione
1335 1618 1519 1661 apostolica,
1546 1618 1592 1650 vel
1619 1617 1726 1660 quavis
1750 1616 1808 1648 sn·-

1071 1669 1177 1703 mitate
1188 1670 1247 1702 alia
1257 1670 1428 1713 roboratis)
1441 1670 1562 1702 statutis
1576 1675 1605 1703 et
1615 1669 1813 1702 consuetudi-

1071 1724 1163 1756 nibus
1176 1724 1352 1767 privilegiis
1366 1734 1503 1767 quoque,
1518 1723 1645 1756 indultis
1657 1728 1687 1755 et
1701 1722 1813 1755 litteris

1071 1777 1261 1820 apostolicis,
1280 1777 1340 1809 illis
1361 1787 1534 1821 eorumque
1552 1776 1768 1820 superioribus
1785 1781 1814 1808 et

1071 1831 1224 1875 personis,
1247 1831 1304 1863 sub
1330 1831 1579 1874 quibuscumque
1605 1830 1767 1863 tenoribus
1784 1835 1814 1862 et

1072 1885 1192 1927 formis,
1210 1895 1245 1917 ae
1263 1895 1335 1917 cum
1356 1884 1520 1927 quibusvis
1538 1884 1631 1916 etiam
1652 1883 1815 1925 derogato-

1072 1938 1190 1971 riarum
1205 1938 1424 1981 derogatoriis,
1442 1937 1573 1982 aliisque
1586 1937 1814 1970 ellicacioribus

1073 1992 1245 2025 ctinsolitis
1262 1992 1418 2033 clausulis,
1431 2002 1553 2024 necnon
1572 1991 1766 2023 irritantibus
1784 1995 1815 2023 et

1073 2046 1141 2078 aliis
1166 2046 1310 2086 decretis,
1336 2046 1367 2077 in
1392 2055 1506 2088 genere
1524 2046 1571 2077 vel
1593 2045 1623 2077 in
1648 2044 1760 2088 speeie,
1778 2054 1814 2077 ac

1073 2099 1159 2140 alias,
1173 2100 1204 2131 in
1214 2099 1407 2132 contrarium
1426 2099 1673 2142 praemissorum
1685 2108 1814 2141 quomo-

1073 2153 1190 2186 dolibet
1214 2153 1380 2193 concessis,
1406 2152 1608 2192 confirmatis,
1634 2151 1815 2194 approbatis

1074 2211 1103 2239 et
1127 2207 1292 2239 innovatis⁴
1317 2206 1434 2245 Quibus
1460 2206 1617 2247 omnibus,
1639 2216 1749 2238 eorum
1775 2211 1815 2238 te-

1073 2271 1176 2302 nores,
1194 2271 1229 2293 ac
1247 2261 1271 2293 si
1297 2260 1335 2293 de
1360 2260 1455 2292 verbo
1480 2259 1518 2292 ad
1544 2259 1674 2291 xci-bum
1700 2259 1814 2291 insere-

1074 2319 1200 2354 rentur,
1225 2313 1445 2358 praesentibus
1468 2324 1527 2357 pro
1551 2314 1642 2356 plene
1668 2318 1697 2345 et
1722 2312 1811 2345 suffi-

1075 2368 1193 2400 cienter
1217 2367 1373 2410 expressis
1397 2378 1432 2399 ac
1460 2367 1497 2399 ad
1526 2366 1657 2399 verbum
1689 2365 1814 2398 insertis

1075 2421 1246 2461 habentes,
1272 2421 1332 2453 illis
1357 2420 1432 2453 alias
1455 2420 1487 2452 in
1511 2431 1568 2452 suo
1598 2420 1713 2453 robore
1741 2430 1815 2462 per-

1076 2474 1254 2514 mansuris,
1279 2474 1338 2506 hac
1362 2473 1427 2506 rice
1453 2473 1612 2506 dumtaxat
1637 2473 1814 2517 specialiter

1076 2534 1105 2561 et
1129 2538 1275 2572 expresse
1299 2527 1509 2570 derogamus,
1536 2527 1710 2571 ceterisque
1740 2536 1814 2560 eon-

1075 2582 1179 2615 trariis
1199 2581 1460 2625 quibuscumque.

1118 2637 1231 2670 Datum
1259 2636 1394 2677 Romae,
1425 2634 1508 2680 apud
1536 2635 1565 2669 S.
1594 2635 1731 2676 Petrum,
1757 2633 1814 2667 sub

1705 225 1768 258 5⁶25
1815 233 1867 261 Λη.
1886 234 1914 260 c.
1933 234 1999 261 1627

1851 1092 1971 1113 Clausulas.

1896 1411 2009 1437 paragano

1826 1441 1897 1458 contra
1903 1439 1986 1459 riorum.
