2269 3235
251 293 299 320 An.
318 291 346 320 c.
367 291 435 320 1623
481 282 522 317 18

285 1304 393 1327 miraculis
403 1303 444 1325 cla-

285 1518 350 1540 Quam
366 1515 448 1541 plurimi

265 1545 333 1570 satuti-
342 1543 426 1563 redditi.

296 1992 363 2012 Maria
373 1991 431 2012 Felix
441 1996 453 2011 a

271 2019 354 2043 Custro3

289 2309 406 2339 Cardinalis
417 2308 455 2329 Ba-

273 2342 355 2361 rouius;

449 342 512 375 Deo
536 340 610 380 suit,
636 344 684 379 ut,
708 339 782 371 dum
808 347 870 370 uno
894 342 975 369 essct
999 335 1030 367 in
1054 335 1134 375 loco,
1160 334 1191 367 in

450 395 511 428 alio
534 394 627 437 longe
651 393 793 431 distante,
818 401 881 423 uno
905 390 1078 432 codemque
1102 398 1191 432 pror-

451 458 503 480 sus
528 452 680 489 tempore,
705 443 864 477 nonnullis
888 441 1079 486 apparuerit.

495 500 510 543 g
533 499 584 533 65.
609 498 815 541 Quapropter,
837 505 908 528 eum
930 495 960 527 in
977 494 1108 527 aedibus
1125 503 1192 526 san-

452 553 492 585 cti
516 550 698 595 Hieronymi
729 552 998 587 commoraretur,
1029 546 1151 580 cuidam
1176 557 1193 578 c

452 605 526 645 suis,
551 603 633 647 apud
662 603 777 635 dictam
802 600 966 634 eeclesiam
994 599 1192 632 Beatissimae

452 656 588 699 Virginis
612 655 725 688 Mariae
756 657 785 688 et
816 653 845 686 S.
870 652 1014 696 Gregorii
1047 651 1191 695 degenti,

453 721 485 743 se
518 712 716 753 praesentem
748 705 936 746 ostendens,
961 704 1099 738 subsidio
1130 715 1193 748 quo

454 762 624 805 indigebat,
645 760 751 793 adfuit.

498 816 513 859 g
530 814 581 847 66.
596 815 632 847 Et
648 815 764 847 Romae
782 812 856 845 alias
874 811 1008 845 existens
1025 809 1193 855 quemdam

455 880 491 902 cx
504 878 637 901 numero
654 867 712 900 sibi
730 865 956 905 confitentium,
970 864 1001 897 in
1018 865 1097 897 mari
1114 874 1193 907 pene

456 923 671 963 submersum,
706 919 817 952 mediis
846 929 863 951 c
893 917 1040 951 fluctibus
1074 916 1194 960 capillis

455 975 689 1020 apprehensum
713 972 866 1005 liberavit.

499 1029 514 1071 ἓ
531 1028 582 1061 67.
598 1028 788 1068 Iterumque⁷
806 1035 878 1058 cum
895 1024 926 1056 in
943 1023 1026 1056 Urbe
1044 1027 1194 1063 maneret,

456 1088 530 1115 tuno
545 1081 577 1113 in
594 1079 738 1112 humanis
756 1083 900 1121 agentem
915 1076 1112 1110 Catharinam
1129 1076 1196 1109 Ric-

458 1134 538 1167 ciam
564 1133 621 1166 sub
646 1131 756 1175 regula
780 1131 809 1164 S.
830 1130 994 1173 Augustini
1026 1129 1195 1163 monialem

457 1187 540 1220 Prati
554 1187 585 1219 in
598 1184 744 1219 lletruria
753 1188 1001 1217 commorantem
1015 1183 1109 1225 longo
1124 1186 1197 1216 tem-

457 1239 544 1284 poris
568 1238 667 1283 spatio
692 1241 737 1272 est
761 1237 949 1280 alloquutus

503 1293 519 1336 ξ
542 1291 593 1325 68.
623 1292 706 1324 Inter
735 1290 812 1323 hacc
841 1289 954 1322 miram
978 1288 1016 1321 ad
1046 1288 1198 1332 patranda

460 1346 611 1379 miracula
629 1355 646 1377 a
661 1342 856 1388 praepotenti
871 1342 1004 1375 Domino
1028 1352 1199 1386 consequu-

462 1405 511 1432 tus
544 1397 698 1438 oratiam,
723 1395 975 1439 quamplurimos
1007 1394 1151 1427 liberavit
1182 1405 1199 1427 a

462 1461 659 1496 quacumque
682 1450 899 1483 detinerentur
919 1447 1109 1481 infirmitate.

507 1506 522 1548 §
538 1504 589 1538 69.
615 1503 785 1537 Nonnullos
803 1501 886 1534 enim
904 1501 970 1534 solo
988 1501 1201 1533 sanctissimae

463 1557 566 1590 crucis
585 1556 727 1589 adhibito
751 1555 841 1597 signo
850 1565 857 1594 3
883 1554 960 1587 alios
984 1553 1113 1586 salutari
1140 1563 1202 1585 ma—

463 1621 561 1643 nuum
586 1613 730 1642 contactu
743 1619 750 1647 ;
776 1608 856 1640 inter
877 1617 956 1650 quos
979 1607 1120 1639 Clemens
1137 1605 1202 1638 VIII

463 1663 686 1708 praedecessor
702 1666 819 1701 noster,
833 1660 1025 1703 gravissimis
1039 1659 1203 1701 chiragrae

465 1717 627 1751 doloribus
657 1724 848 1759 oppressus,
874 1723 966 1746 sanus
997 1713 1081 1745 illico
1106 1712 1204 1745 sactus

466 1774 528 1809 est,
553 1768 667 1802 nobilis
691 1767 818 1811 quidam
843 1775 992 1799 romanus
1017 1775 1034 1797 a
1058 1765 1204 1808 pestifera

466 1822 610 1866 corporis
635 1820 821 1863 contagione
846 1823 971 1851 curatus
980 1829 987 1858 3
1013 1818 1089 1852 alios
1116 1828 1206 1861 prae-

466 1882 551 1909 terea
576 1874 725 1919 pristinae
750 1872 871 1905 sanitati
896 1871 1033 1905 restituit
1056 1871 1123 1904 sola
1139 1881 1206 1904 ora-

467 1929 559 1962 tionis
583 1928 713 1966 virtute3

513 1982 527 2025 ξ,
553 1980 602 2014 70.
628 1980 712 2013 Alios
732 1979 861 2018 morbis,
879 1978 992 2021 quibus
1009 1977 1205 2017 tenebantur,

468 2040 586 2068 tantum
614 2032 808 2077 imperando,
832 2031 917 2075 quod
940 2031 1108 2075 praecipue
1133 2040 1206 2064 con-

468 2089 538 2131 tigit
561 2087 674 2121 Mariae
695 2087 789 2119 Felici
809 2096 825 2118 a
845 2085 952 2119 Castro
969 2085 1000 2117 in
1018 2084 1206 2118 monasterio

469 2142 577 2175 Turris
610 2141 814 2185 Speculorum
839 2138 984 2179 moniali,
1010 2148 1090 2181 quae
1113 2138 1208 2171 eonti-

469 2198 528 2228 nuit
555 2195 634 2228 febri
660 2197 813 2237 correpta,
836 2192 979 2235 Philippo
996 2191 1132 2232 iubente,
1150 2196 1207 2224 sta-

469 2249 525 2281 tim
550 2247 720 2287 com-alain

515 2303 530 2346 ‘3
555 2302 604 2335 71.
626 2301 710 2334 Alios
735 2299 882 2333 remediis
899 2298 1027 2332 omnino
1044 2298 1209 2331 contrariis

480 2355 600 2395 max-it,
625 2354 708 2398 quod
733 2353 833 2385 (lictus
853 2352 965 2385 Cacsar
982 2351 1147 2384 cardinalis
1164 2355 1210 2385 est

472 2414 634 2453 :un-rius,
661 2407 708 2440 cui
734 2402 886 2439 stomachi
912 2410 940 2438 01
966 2405 1074 2449 capitis
1104 2405 1210 2437 debili—

473 2466 533 2496 tatc
558 2462 599 2493 ita
624 2460 790 2501 laboranti,
815 2463 849 2493 ut
873 2459 1008 2491 retinere
1025 2458 1073 2490 vix
1094 2457 1209 2498 cibum,

473 2521 564 2559 atquc
590 2524 680 2547 orare
705 2513 790 2546 nulla
809 2513 929 2545 ratione
946 2516 1060 2555 posset,
1079 2511 1211 2555 impera-

473 2569 532 2608 rit,
558 2572 591 2599 ut
616 2578 721 2599 eoram
755 2577 786 2599 50
819 2576 931 2609 panem
957 2565 1113 2607 integrum
1139 2575 1210 2597 cum

475 2622 558 2655 malo
578 2621 675 2654 eitreo
693 2620 887 2658 comederet3
913 2619 977 2662 qui,
997 2618 1099 2652 statim
1120 2624 1211 2662 atquo

475 2676 556 2708 servi
577 2674 629 2707 Dei
656 2673 834 2706 mandatum
860 2679 1033 2716 exequutus
1058 2678 1122 2712 est,
1148 2678 1211 2705 sto-

1034 286 1211 311 BULLARIUM
1236 285 1390 310 ROMANUM

1226 334 1329 367 machi
1360 337 1452 377 atque
1480 331 1589 376 eapitis
1620 328 1771 363 molestiis
1802 329 1898 362 sensit
1929 339 1961 362 se

1225 386 1354 420 omnino
1378 386 1554 418 liberatum.

1270 441 1285 484 ξ
1310 440 1359 473 702.
1378 439 1437 472 Alii
1457 449 1542 479 vero,
1560 438 1664 478 rebUS,
1684 436 1799 480 quibus
1817 435 1963 469 utebatur
1997 445 2092 471 Eugenta
2103 445 2160 466 Man-

1945 488 1951 494 .
1978 475 2050 497 sueta;

1226 493 1397 536 Philippus,
1423 492 1535 525 morbo
1559 491 1702 531 admotis,
1723 489 1886 523 sanitatem
1902 499 1964 532 pri-

1226 546 1338 578 stinam
1351 555 1501 589 recepere
1508 556 1516 585 3
1535 544 1615 578 inter
1631 554 1710 588 quos
1727 541 1867 586 Eugenia
1885 541 1966 574 Man-

1226 604 1314 632 sucta
1337 598 1375 631 de
1398 598 1483 632 Colle
1507 597 1679 642 Scipionis,
1703 595 1832 629 naribus
1858 594 1964 627 ulcere

1226 650 1362 695 quodam
1387 650 1496 684 decem
1526 654 1556 684 et
1586 654 1657 683 octo
1685 647 1841 681 mensium
1866 645 1966 690 spatio

1226 703 1421 737 horrendum
1452 703 1484 736 in
1515 702 1644 736 modum
1675 701 1818 741 infectis,
1846 699 1966 732 linteoli

1226 762 1326 801 parte,
1351 757 1432 789 servi
1456 756 1511 789 Dei
1534 756 1637 789 adhuc
1660 754 1792 788 viventis
1816 753 1966 796 sanguine

1227 811 1382 854 respersa,
1399 809 1497 843 ulceri
1513 810 1638 842 summa
1654 808 1716 842 fide
1732 807 1885 852 apposita,
1898 815 1967 840 con-

1226 864 1329 896 festim
1354 867 1461 897 curata
1485 868 1540 896 est.

1270 917 1285 959 ξ
1305 916 1355 949 73.
1370 916 1450 955 Quin
1464 915 1556 950 etiam
1570 919 1700 955 constat,
1715 919 1857 948 mortuos
1873 912 1969 946 fuisse

1228 969 1294 1002 eius
1326 979 1403 1002 voce
1431 968 1512 1001 vitae
1540 968 1722 1001 restitutos:
1754 967 1839 1011 quod
1871 966 1968 999 Paulo

1228 1022 1357 1055 Fabritii
1391 1022 1428 1055 de
1461 1020 1603 1054 Maximis
1633 1020 1700 1053 filio
1732 1019 1884 1062 contigit,
1916 1019 1968 1063 qui

1228 1081 1383 1116 mortuus,
1393 1084 1509 1108 nomen
1522 1074 1605 1107 illius
1618 1073 1804 1107 inclamante
1813 1072 1970 1117 Philippo,

1229 1129 1312 1162 illico
1337 1128 1376 1161 ad
1400 1128 1495 1161 vitam
1519 1127 1622 1169 rediit,
1648 1132 1678 1159 et
1702 1126 1898 1160 consessione
1919 1136 1971 1170 pe-

1229 1184 1325 1222 racta,
1350 1181 1388 1214 ab
1412 1180 1523 1214 eodem
1546 1180 1776 1223 interrogatus,
1800 1189 1841 1212 an
1869 1179 1971 1212 libens

1230 1235 1345 1268 iterum
1360 1245 1376 1267 e
1396 1234 1460 1266 vita
1485 1233 1661 1273 decederet,
1679 1242 1818 1266 annuens
1842 1232 1874 1266 in
1893 1242 1970 1277 pace

1231 1291 1356 1330 quierit.

1275 1339 1290 1382 ξ
1314 1338 1366 1372 74.
1396 1338 1449 1371 1115
1474 1337 1640 1371 virtutibus
1664 1347 1700 1370 ac
1724 1336 1825 1378 donis,
1856 1336 1971 1380 quibus

1233 1402 1249 1424 a
1273 1392 1336 1425 Deo
1360 1396 1422 1424 tam
1454 1390 1626 1424 liberaliter
1658 1395 1767 1423 auctus
1788 1394 1835 1422 est
1858 1389 1973 1433 Philip-

1233 1456 1302 1489 pus,
1317 1449 1419 1479 tantae
1443 1444 1542 1478 extitit
1560 1443 1745 1477 mortalibus
1761 1442 1972 1483 admirationi,

1233 1502 1267 1532 ut
1290 1498 1343 1541 qui
1368 1508 1493 1530 servum
1517 1497 1571 1529 Dei
1595 1502 1734 1537 nossent,
1751 1496 1818 1529 eius
1833 1495 1974 1529 sanctita-

1235 1557 1297 1583 tem
1312 1550 1426 1594 ubique
1439 1549 1668 1594 praedicarent,
1682 1554 1712 1582 et
1723 1549 1874 1593 praedicti
1887 1559 1975 1593 prae-

1235 1604 1417 1636 decessores
1441 1603 1539 1637 nostri
1568 1613 1692 1636 summo
1717 1603 1839 1636 honore
1862 1613 1898 1636 ac
1924 1613 1975 1635 ve-

1236 1657 1397 1691 neratione
1417 1662 1694 1701 prosequerentur.
1716 1657 1869 1697 Clemens,
1888 1667 1975 1700 prac-

1236 1711 1382 1744 (10005501Ί
1401 1711 1591 1754 praedictus,
1605 1710 1671 1743 eius
1690 1720 1802 1743 manus
1818 1709 1912 1742 etiam
1929 1720 1976 1743 os-

1237 1765 1354 1804 culans,
1369 1769 1399 1797 et„
1415 1763 1540 1797 Gabriel
1558 1763 1714 1797 Paleottus
1727 1763 1759 1796 in
1771 1763 1864 1804 libro,
1881 1773 1976 1807 quem

1237 1817 1363 1861 scripsit
1387 1817 1433 1850 De
1461 1817 1539 1850 bono
1566 1817 1746 1857 senectutis,
1774 1816 1976 1861 Philippum,

1238 1870 1339 1903 adhuc
1360 1870 1524 1911 viventem,
1541 1873 1700 1913 tamquam
1717 1880 1828 1903 verum
1845 1870 1977 1903 eximiae

1239 1923 1419 1963 sanctitatis,
1436 1927 1528 1966 atque
1545 1922 1697 1955 virtutum
1716 1922 1859 1956 omnium
1876 1932 1978 1956 exem-

1238 1976 1306 2020 plar
1338 1975 1559 2020 proposuerit,
1591 1980 1621 2008 et
1652 1975 1845 2018 Augustinus
1876 1975 1978 2009 dictae

1239 2035 1361 2062 sanctae
1380 2030 1538 2062 Romanae
1557 2029 1715 2062 Ecclesiae
1737 2028 1904 2062 cardinalis
1924 2029 1978 2062 Ve-

1239 2083 1382 2116 ronensis
1406 2087 1601 2127 nuncupatus
1617 2083 1769 2125 libellum,
1786 2092 1878 2126 quem
1896 2093 1979 2115 coin-

1239 2137 1353 2181 posuit,
1377 2137 1468 2170 beato
1492 2137 1559 2170 viro
1584 2136 1692 2170 itidem
1720 2133 1861 2178 vivente,
1888 2137 1975 2171 Phi·

1242 2191 1379 2234 lippum,
1406 2201 1460 2223 scu
1484 2190 1522 2223 dc
1541 2190 1658 2223 laetitia
1676 2189 1858 2230 christiana,
1872 2189 1980 2223 inscri-

1241 2244 1345 2288 pserit.
1367 2244 1514 2276 Summae
1531 2243 1624 2277 etiam
1642 2243 1836 2277 venerationi
1855 2243 1980 2276 habitus

1242 2303 1288 2329 051
1311 2308 1327 2329 a
1348 2297 1462 2330 sanctis
1492 2297 1567 2329 viris
1599 2302 1628 2330 et
1660 2296 1901 2341 quamplurimis
1925 2297 1979 2330 Dei

1242 2350 1377 2390 famulis,
1398 2356 1428 2382 ut
1456 2361 1472 2382 a
1497 2355 1603 2383 sancto
1620 2350 1741 2391 Carolo,
1762 2350 1825 2394 qui,
1846 2350 1981 2394 quotics-

1242 2414 1376 2447 cumque
1410 2414 1480 2436 eum
1513 2404 1635 2444 adibat,
1667 2414 1784 2447 ponere
1815 2413 1917 2447 genua
1951 2407 1981 2437 et

1243 2468 1353 2491 manus
1378 2457 1443 2489 eius
1468 2457 1576 2489 osculo
1601 2462 1706 2500 petere
1731 2456 1902 2490 consuevit.

1288 2512 1302 2555 g
1328 2510 1377 2543 75.
1396 2511 1521 2551 Verum,
1540 2511 1774 2553 ingravescente
1791 2511 1852 2543 iam
1870 2513 1980 2551 aetate,

1244 2576 1314 2598 cum
1340 2564 1466 2597 incitato
1491 2574 1617 2608 semper
1634 2575 1727 2597 cursu
1745 2569 1919 2608 susceptam
1937 2574 1981 2596 sa-

1244 2617 1352 2650 lutaris
1377 2617 1455 2649 vitae
1483 2617 1633 2650 rationem
1655 2617 1786 2650 feliciter
1809 2627 1981 2661 persequu-

1246 2677 1293 2704 tus
1325 2674 1426 2708 esset,
1457 2670 1505 2702 die
1538 2670 1647 2703 mortis
1677 2681 1749 2702 suae
1778 2675 1870 2713 atque
1902 2669 1980 2701 liora

1977 279 2024 306 An.
2041 279 2068 306 C.
2091 278 2159 307 1623

1997 921 2075 943 Paulus
2086 920 2112 941 de
2123 920 2168 941 Ma·

1984 949 2044 968 xlmis
2061 948 2117 968 vitae
2135 952 2166 967 re·

1984 976 2076 996 stitutus.

2026 1348 2135 1375 Philippus
2158 1354 2171 1369 a

1986 1381 2071 1396 sumnus
2083 1391 2089 1400 ‚

1986 1404 2069 1428 casque
2121 1402 2172 1422 viris

1987 1434 2077 1449 maxima
2095 1429 2116 1449 in
2137 1434 2173 1449 ve-

1987 1457 2098 1476 neratione
2134 1455 2172 1476 tia-

1987 1483 2051 1504 bitus.

2123 1381 2171 1395 5³11·

2022 2515 2072 2537 Eius
2087 2521 2150 2537 mors>
