2269 3235
218 261 266 288 Λη,
283 261 311 287 c.
337 259 403 288 1625
449 250 512 284 *296

221 2027 330 2046 Contraria
341 2026 402 2046 teiln.

417 307 491 341 teris
516 318 681 352 expressos
707 308 883 350 dumtaxat,
909 312 939 340 et
968 316 1031 340 non
1061 306 1155 349 alias,

417 362 561 395 bannitos
585 371 811 405 quoscumque,
829 370 864 393 ex
885 359 1086 404 quantumvis
1111 370 1157 393 ca-

416 414 572 458 pitalibus,
597 419 817 458 praeterquam
843 414 943 447 laesae
968 413 1156 455 maiestatis,

418 467 509 509 veris,
526 478 588 500 non
606 467 695 509 fictis,
716 472 746 499 et
763 467 886 511 saepius
905 466 1033 509 iteratis,
1050 477 1158 509 aggra-

418 521 558 565 vatisque
583 520 784 562 criminibus,
810 521 994 554 excessibus
1026 525 1056 553 et
1080 520 1156 553 deli-

417 574 473 607 ctis
497 574 671 614 damnatos,
689 573 791 607 Status
811 574 911 607 nostri
936 573 1156 614 Ecclesiastici,

417 627 441 660 si
465 627 656 671 poenitentia
674 626 757 660 ducti
783 627 821 660 ad
846 633 875 660 te
899 627 1059 668 accedere,
1076 632 1106 659 et
1126 627 1157 659 in

417 680 543 714 eosdem
562 686 690 714 eventus
707 680 843 714 servitiis
859 680 946 714 Sedis
962 679 1158 724 Apostolieae

417 726 546 778 operam
571 744 695 776 navare,
715 739 745 767 et
761 734 821 767 alia
839 734 899 767 illis
924 744 981 778 per
1005 738 1034 766 te
1060 733 1159 766 iniun-

417 787 518 831 genda
532 787 643 831 exequi
661 787 827 829 voluerint,
841 787 978 830 gratiose
995 786 1157 819 absolvere

417 846 447 874 et
470 840 616 882 liberare,
633 841 741 884 eisque
758 840 902 883 gratiam,
928 838 1158 872 absolutionem

418 900 448 928 et
478 894 697 933 remissionem
738 894 768 926 in
804 894 906 926 forma
942 892 1135 936 amplissima
1150 919 1157 933 ‚

417 948 539 981 etiamsi
563 948 606 980 illi
624 958 733 991 pacem
754 947 792 979 ab
817 946 944 979 offensis
968 956 1030 979 non
1046 945 1159 979 habue-

418 1001 490 1041 rint,
514 1011 571 1033 nec
595 1001 676 1044 parti
707 1000 807 1032 laesae
832 999 1037 1033 satisfecerint
1058 998 1160 1042 (dum-

417 1053 510 1087 modo
537 1064 553 1085 a
583 1054 652 1086 loco
670 1063 724 1085 seu
744 1053 821 1086 locis
846 1052 1091 1085 commissorum
1108 1052 1160 1085 de-

416 1107 563 1140 lictorum
574 1106 757 1147 abstineant,
771 1116 872 1149 neque
886 1106 924 1138 ad
936 1106 987 1138 illa
1001 1105 1158 1146 accedant,

418 1160 573 1203 nisiprius
587 1159 713 1192 offensis
731 1159 904 1200 satisfactis,
919 1164 948 1191 et
961 1158 998 1191 ab
1011 1158 1071 1191 illis
1082 1169 1159 1202 pace

417 1213 554 1253 obtenta,
571 1213 646 1246 alias
671 1213 789 1256 gratiae
814 1213 921 1256 vigore
946 1213 1177 1257 praesentium*

417 1267 478 1300 illis
512 1266 671 1300 faciendae
706 1267 823 1299 nullius
858 1266 918 1299 sint
954 1266 1079 1300 roboris
1111 1267 1158 1299 vel
1176 1275 1177 1296 ;

418 1319 586 1364 momenti)
603 1319 789 1364 promittere
810 1324 839 1352 et
860 1319 1044 1360 concedere,
1060 1330 1096 1352 ac
1113 1329 1160 1352 su-

417 1384 474 1418 per
497 1373 698 1407 bannitorum
731 1372 910 1405 huiusmodi
942 1370 1177 1414 absolutiones

418 1427 602 1460 liberatione
617 1431 647 1459 et
664 1426 849 1459 remissione
866 1425 993 1470 publica
1008 1425 1111 1458 banna
1130 1430 1161 1460 ct
1176 1431 1177 1445 ¹

418 1481 610 1525 proclamata
630 1480 660 1513 in
677 1480 754 1514 locis
777 1479 962 1514 necessariis
986 1480 1177 1524 publicai·e,t

418 1535 539 1579 aliaque
557 1534 663 1567 omnia
688 1540 718 1567 et
742 1534 865 1577 singula
881 1534 913 1566 in
930 1533 1113 1578 praemissis
1130 1538 1160 1567 ct

419 1589 502 1623 circa
527 1599 562 1622 ea
593 1588 771 1622 necessaria
794 1592 824 1622 et
847 1587 1084 1632 quomodolibet
1109 1599 1177 1634 op-¹

419 1648 572 1688 portuna‚
597 1643 720 1676 etiamsi
746 1642 817 1675 talia
843 1642 924 1683 sint,
950 1642 998 1675 vel
1022 1638 1177 1683 fuerint,'

420 1706 499 1740 quae
524 1695 624 1739 magis
649 1695 838 1740 specificam,
863 1695 1033 1739 specialem
1058 1700 1087 1728 et
1111 1706 1177 1728 exv

420 1759 563 1794 pressam
586 1749 785 1793 requirerent
810 1749 1020 1791 mentionem,
1047 1749 1159 1790 facere,

419 1802 546 1843 dicere,
571 1813 682 1846 gerere
707 1808 736 1836 et
761 1802 871 1846 exequi
900 1801 999 1835 libere
1023 1807 1053 1835 et.
1077 1802 1160 1836 licite

421 1856 532 1899 valeas,
557 1856 682 1900 plenam
708 1856 862 1898 similiter,
886 1856 1018 1889 liberam
1044 1861 1073 1889 et
1097 1866 1161 1888 am-

419 1910 504 1955 plam
528 1909 706 1943 facultatem
738 1913 768 1944 et
787 1909 1004 1943 auctoritatem
1019 1936 1026 1949 ‚
1051 1914 1159 1942 tenore
1176 1942 1178 1954 ζ

420 1963 642 2008 praesentium,
660 1963 860 1997 concedimus
876 1967 905 1997 et
922 1963 1130 2007 impertimur.

464 2017 479 2061 ξ
503 2017 532 2050 3.
553 2018 621 2052 Non
642 2017 839 2051 obstantibus
857 2016 954 2049 felicis
972 2016 1161 2049 recordatio-

421 2072 467 2105 nis
500 2071 575 2106 Sixti
605 2072 639 2112 V,
664 2075 694 2105 et
721 2071 856 2104 aliorum
887 2081 1160 2114 quorumcumque

422 2127 635 2160 Romanorum
668 2124 856 2158 Pontificum
880 2123 1160 2168 praedeeessorum

421 2185 602 2214 nostrorum
628 2184 737 2212 contra
763 2177 946 2218 homicidas,
970 2177 1115 2210 bannitos
1132 2183 1162 2210 et

421 2234 497 2267 alios
514 2233 708 2266 facinorosos
728 2231 965 2276 quomodolibet
986 2231 1075 2264 editis
1092 2241 1163 2264 con-

422 2286 635 2320 stitutionibus
659 2290 689 2320 et
713 2284 974 2325 ordinationibus,
989 2276 1179 2328 privileg-iis

421 2351 553 2384 quoque,
580 2338 707 2372 indultis
732 2342 761 2373 et
786 2338 897 2372 litteris
922 2338 1113 2383 apostolicis,
1131 2338 1161 2370 in

421 2394 613 2427 <sonnatium
645 2392 894 2437 praemissorum
923 2391 1161 2435 quomodolibet

423 2447 588 2488 concessis,
605 2446 799 2481 confirmatis
817 2452 847 2480 et
862 2445 1025 2479 innovatis.
1044 2445 1163 2485 Quibus
1179 2465 1180 2483 3

422 2502 568 2535 munibus
596 2506 626 2535 et
650 2501 801 2544 singulis,
826 2511 935 2534 eorum
968 2499 1110 2533 omnium
1133 2504 1180 2558 et,

423 2556 619 2598 singulorum
634 2559 758 2589 tenores
774 2553 993 2598 praesentibus
1004 2564 1062 2597 pro
1071 2553 1162 2597 plene
1179 2567 1180 2594 i

424 2614 454 2642 et
473 2608 662 2641 sufficienter
682 2608 839 2652 expressis
864 2613 891 2641 et
910 2607 947 2640 ad
965 2607 1095 2640 verbum
1115 2606 1162 2638 in·
1179 2604 1181 2645 J·

425 2661 516 2695 sertis
539 2660 699 2701 habentes,
725 2660 785 2693 illis
810 2660 885 2694 alias
911 2660 941 2693 in
966 2671 1022 2695 suo
1047 2653 1181 2706 roboret

1004 258 1186 282 BULLARIUM
1212 257 1365 282 ROMANUM

1191 306 1417 350 permansuris,
1442 305 1500 338 hac
1526 305 1591 339 viee
1615 305 1776 340 dumtaxat
1791 305 1933 351 speciali-

1192 363 1237 393 ter
1250 365 1280 393 et
1292 369 1438 403 expresse
1454 359 1654 403 derogamus,
1672 359 1849 404 ceterisque
1862 369 1933 394 con-

1191 412 1295 445 trariis
1313 411 1574 456 quibuscumque.

1235 466 1250 508 ἓ
1274 465 1302 498 li.
1329 466 1479 499 Volumus
1503 470 1624 505 autem,
1649 469 1682 497 ut
1706 464 1738 506 ii,
1757 464 1811 509 qui
1833 475 1928 509 prae-

1191 518 1289 552 dictas
1315 518 1537 559 absolutiones,
1555 517 1758 551 liberationes
1774 521 1803 551 et
1820 517 1931 551 remis-

1192 572 1295 606 siones
1328 572 1359 605 in
1388 572 1451 604 vim
1475 571 1691 616 praesentium
1716 570 1930 612 obtinuerint,

1191 625 1414 669 poenitentiam
1439 625 1609 658 salutarem
1640 624 1698 657 sibi
1729 623 1931 668 postmodum

1192 690 1249 723 per
1273 679 1481 713 confessarios
1501 679 1629 712 idoneos
1649 689 1666 711 a
1682 678 1825 711 locorum
1842 677 1931 711 Ordi-

1192 732 1287 765 nariis
1311 733 1524 777 approbatos,
1547 732 1662 777 quibus
1686 732 1811 776 plenam
1836 741 1932 775 super

1192 786 1374 829 praemissis
1398 786 1575 819 facultatem
1600 785 1802 819 concedimus
1830 784 1932 818 iniun-

1192 839 1325 882 gendam
1343 839 1518 883 adimplere
1537 838 1666 872 omnino
1682 843 1856 872 teneantur.

1236 893 1347 925 Datum
1361 893 1489 933 Romae,
1503 892 1586 936 apud
1609 892 1637 926 S.
1657 893 1794 933 Petrum,
1811 891 1869 926 sub
1881 902 1932 925 an-

1193 946 1267 979 nulo
1280 945 1458 986 Piscatoris,
1470 945 1520 978 die
1535 955 1568 978 xl
1586 945 1689 979 martii
1702 955 1842 987 mcxxv,
1858 956 1932 990 pon-

1194 999 1328 1032 tificatus
1351 998 1451 1032 nostri
1476 1008 1558 1031 anno
1583 1008 1614 1032 11.

1229 1052 1286 1080 Dat.
1307 1051 1350 1079 die
1368 1053 1395 1079 Η
1415 1052 1506 1078 martii
1527 1051 1606 1086 1625,
1627 1051 1721 1086 pontif.
1742 1059 1812 1080 anno
1828 1058 1857 1079 11.

1502 1168 1629 1202 CXXIII.

1196 1230 1359 1264 Concessio
1372 1229 1536 1263 similium
1549 1228 1748 1273 facultatum
1767 1228 1934 1262 Marclziae

1236 1284 1465 1317 Anconitanae
1483 1283 1697 1327 qubermttori
1723 1282 1832 1326 quoad
1866 1281 1934 1324 affi-

1237 1341 1325 1369 ctum
1348 1337 1469 1370 Montis
1493 1336 1683 1369 Marchiani
1690 1334 1709 1369 ¹.

1175 1418 1177 1423 ’
1193 1407 1308 1435 Dilecto
1323 1407 1386 1435 filio
1401 1407 1544 1442 magistro
1560 1406 1691 1434 Diomedi
1705 1406 1838 1440 varesio,
1855 1405 1885 1433 in
1899 1413 1934 1433 u-

1228 1451 1335 1485 traque
1351 1451 1508 1486 signatura
1523 1449 1628 1478 nostra
1642 1450 1859 1483 referendario,
1870 1457 1935 1484 pro-

1227 1497 1346 1525 vinciae
1361 1499 1483 1524 nostrae
1499 1495 1651 1524 Marchiae
1665 1495 1869 1524 Anconitanae
1885 1502 1935 1530 gu-

1228 1541 1391 1576 bernatori,

1388 1586 1524 1613 urbanus
1552 1585 1631 1619 Papa
1659 1584 1737 1612 vm.

1266 1640 1380 1668 Dilecte
1397 1640 1450 1673 fili,
1468 1640 1598 1667 salutem
1614 1641 1644 1666 et
1659 1638 1856 1673 apostolicam

1437 1684 1688 1712 benedictionem.

1238 1749 1254 1792 g
1277 1749 1305 1781 l.
1332 1747 1408 1782 Cum
1432 1757 1490 1781 nos
1514 1746 1608 1781 hodie
1632 1752 1720 1780 motu
1751 1746 1881 1790 proprio
1905 1751 1936 1779 et

1176 1832 1178 1851 ,ν
1194 1813 1230 1836 ex
1255 1804 1341 1838 certa
1365 1801 1495 1835 seientia
1512 1812 1547 1835 ac
1565 1802 1689 1835 matura
1709 1800 1935 1834 deliberatione

1176 1857 1325 1905 Lnost1‘is,
1347 1856 1447 1900 deque
1472 1855 1663 1900 apostolieae
1687 1854 1850 1899 potestatis
1873 1854 1937 1898 ple-

1194 1909 1344 1950 nitudine,
1358 1908 1424 1950 tibi,
1441 1914 1484 1950 ut,
1501 1918 1574 1941 casu
1595 1907 1777 1952 aperitionis
1794 1918 1830 1941 ac
1847 1907 1937 1940 devo-

1194 1963 1321 1997 lutionis
1346 1962 1383 1996 ad
1408 1972 1465 1996 nos
1489 1966 1519 1996 et
1545 1962 1716 1995 Romanam
1742 1960 1913 1995 Ecclesiam
1928 1989 1935 2003 ,

1194 2017 1368 2061 Sedemque
1394 2021 1423 2049 et
1444 2026 1600 2049 cameram
1625 2015 1835 2060 Apostolicam
1853 2014 1935 2048 feudi

1195 2071 1325 2104 ducatus
1350 2070 1469 2111 Urbini,
1493 2080 1551 2103 nee
1571 2080 1633 2104 non
1658 2069 1819 2103 civitatum
1838 2068 1935 2103 Seno-

1195 2124 1353 2167 galliensis
1367 2129 1397 2156 et
1414 2124 1618 2165 pisaurensis,
1631 2134 1667 2156 ae
1684 2123 1788 2156 Status
1812 2122 1935 2156 Montis-

1196 2177 1360 2217 feretrani,
1383 2177 1581 2221 aliorumque
1605 2175 1833 2217 dominiorum,
1866 2175 1936 2208 civi-

1197 2237 1304 2272 tatum,
1315 2231 1516 2275 oppidorum,
1524 2236 1692 2272 terrarum,
1702 2230 1934 2267 fortalitiorum,

1178 2326 1180 2333 χ
1195 2285 1507 2329 propugnaculortnn
1522 2289 1550 2317 et
1560 2284 1702 2318 locorum
1716 2293 1938 2327 quorumcum-

1196 2348 1266 2382 que,
1298 2337 1390 2370 etiam
1421 2337 1547 2381 speciali
1580 2338 1654 2370 nota
1684 2342 1712 2370 et
1734 2337 1938 2381 expressione

1197 2392 1375 2434 dignorum,
1397 2391 1427 2424 in
1457 2394 1486 2424 et
1518 2390 1575 2424 sul)
1603 2391 1689 2423 Statu
1717 2390 1789 2424 dicti
1807 2390 1938 2424 ducatus

1197 2444 1306 2478 Urbini
1348 2449 1378 2477 et
1416 2443 1678 2477 Montisferetrani
1717 2443 1755 2477 ad
1789 2454 1938 2489 praesens

1197 2497 1433 2542 quomodolibet
1457 2498 1778 2542 comprehensorum,
1803 2508 1857 2530 seu
1881 2508 1938 2542 per

1197 2552 1299 2596 ipsum
1317 2552 1429 2586 ducem
1450 2551 1688 2595 quomodolibet
1707 2561 1935 2596 possessorum,

1197 2605 1461 2650 quandocumque
1486 2610 1516 2638 ct
1539 2605 1836 2649 quomodocumque
1866 2614 1935 2637 evc-

1235 2671 1244 2696 l
1264 2669 1300 2696 Ex
1317 2667 1424 2703 Regesl.
1442 2667 1467 2695 in
1483 2667 1584 2695 Secret.
1607 2668 1688 2695 Brev.

1944 256 1996 286 An.
2015 257 2043 286 C.
2063 257 2130 287 1625

1987 477 2023 499 Sic
2038 478 2132 499 absolun

1946 504 2026 534 debent
2057 506 2132 531 poeni-

1947 533 2034 552 tentiam
2051 537 2063 551 a
2081 536 2131 551 eon·

1947 557 2034 578 fossario
2064 557 2130 578 iniun-

1946 584 2035 609 gendam
2063 583 2128 605 adim-

1946 610 2011 637 plere.

1989 1755 2049 1776 Facti
2067 1756 2134 1776 series

1950 1784 1971 1804 ct
1985 1783 2094 1803 concessio
2107 1782 2133 1803 de

1950 1815 1992 1836 qua
2008 1809 2027 1830 in
2039 1809 2133 1831 rubrica.
