2269 3235
110 296 158 321 An.
181 295 209 322 c.
227 294 295 321 1624

138 1636 163 1657 Et
174 1637 223 1663 quia
235 1636 295 1657 Ordi-

112 1664 164 1684 uarii
175 1664 266 1684 locorum
276 1666 294 1683 et

112 1691 166 1711 aliae
193 1696 240 1716 pers
251 1698 294 1710 nae

112 1726 148 1737 [³⁴5

112 1744 175 1765 hant,

111 1771 154 1791 rius
169 1770 214 1791 xm
225 1773 245 1791 et

111 1797 226 1817 Pontifices
239 1797 295 1817 theta

112 1824 224 1850 privilegia
255 1830 296 1849 ap-

111 1850 241 1876 probarunt,
271 1857 295 1871 ar

112 1876 232 1903 perturbari
266 1877 296 1897 di-

112 1904 206 1923 strictius
225 1904 295 1929 prohi-

113 1930 211 1951 buerunt.

924 295 1067 319 URBANUS
1087 295 1143 319 vm
1164 295 1211 319 ΡΙ).

307 342 356 376 nis
390 342 666 388 Hierosoly-mitani
706 353 723 376 a
759 342 839 377 Sede
871 343 1051 386 Apostolica

309 405 475 436 concessa,
501 396 647 429 eumdem
678 401 710 430 et
738 406 797 440 pro
822 399 965 439 tempore
989 395 1052 428 exi-

310 453 443 482 stentem
475 459 627 492 magnum
651 448 857 492 magistrum,
881 447 1051 488 baiulivos,

310 502 513 535 castellanum
540 507 713 546 empostae,
737 501 876 545 priores,
902 511 1052 545 praecep-

310 561 404 597 tores,
429 557 554 598 milites,
580 555 758 596 familiares,
783 554 921 598 aliasque
945 565 1053 598 perso-

308 619 364 642 nas
388 609 552 654 hospitalis
576 607 778 648 huiusmodi,
803 618 926 641 necnon
958 608 1051 640 etiam

309 661 460 703 subditos,
484 661 643 702 vassallos,
669 661 799 694 colonos
817 665 847 693 et
871 660 1051 703 servitores,

309 719 339 747 et
362 715 440 748 alios
464 715 495 747 in
520 725 630 748 eorum
656 713 816 757 ohsequiis
840 718 870 746 et
895 713 969 747 dicti
993 714 1051 747 ho-

309 768 427 812 spitalis
440 768 600 801 benefieiis
612 767 851 812 quomodolibet
862 767 1052 811 nuncupatis

309 822 486 863 existentes,
497 823 589 856 etiam
602 822 804 867 presbyteros
814 832 922 855 curam
937 822 1053 854 anima-

308 886 379 908 rum
398 881 588 917 exercentes,
606 875 757 919 quamdiu
773 875 858 908 illam
875 879 1023 908 exercent
1033 877 1050 917 ¹,

308 933 339 961 et
351 929 383 961 in
400 929 527 961 illorum
545 929 706 972 obsequiis
731 929 842 969 forent,
860 928 1052 972 illorumque

308 982 464 1023 animalia,
488 982 637 1027 praedia,
662 982 791 1023 domos,
816 982 998 1015 molendina
1022 986 1051 1014 et

308 1036 389 1069 bona
421 1046 657 1080 quaecumque,
683 1047 762 1080 quae
792 1036 990 1076 obtinebant,
1016 1046 1052 1068 ac

309 1090 341 1123 in
364 1096 528 1134 posterum
552 1090 731 1124 obtinerent
755 1095 785 1122 et
808 1090 1017 1134 possiderent,
1035 1100 1051 1122 a

309 1144 465 1177 solutione
489 1150 519 1176 et
547 1144 707 1177 exactione
740 1144 953 1183 decimarum,
979 1153 1051 1176 cen-

309 1208 411 1239 suum,
429 1198 556 1238 iurium,
574 1197 668 1230 etiam
686 1197 893 1242 synodalium,
911 1202 941 1229 et.
962 1207 1053 1229 cano-

308 1251 452 1284 nicarum
469 1251 662 1295 portionum,
683 1261 738 1283 seu
756 1250 933 1283 charitativi
953 1250 1052 1282 subsi-

309 1304 362 1345 dii,
379 1309 432 1337 aut
449 1304 576 1337 iucundi
590 1303 751 1344 adventus,
768 1313 823 1335 seu
843 1307 982 1346 quartae,
999 1306 1053 1337 aut

309 1358 385 1391 alias
410 1356 658 1401 quomodolibet,
675 1362 728 1389 aut
747 1357 882 1390 aliorum
902 1367 1052 1400 quorun]-

309 1421 443 1455 cumque
457 1421 601 1451 onerum,
616 1409 674 1444 sub
688 1410 782 1444 certis
795 1410 889 1443 modo
902 1415 932 1442 et
949 1410 1050 1442 forma

309 1464 484 1497 exemerint
501 1469 530 1497 et
549 1463 764 1504 liberaverint,
784 1469 879 1507 prout
895 1463 927 1495 in
951 1463 1052 1495 diver-

310 1518 352 1551 sis
368 1519 508 1562 ipsorum
527 1518 808 1562 praedecessorum
829 1517 966 1561 desuper
982 1527 1052 1550 con-

310 1572 398 1605 sectis
413 1572 525 1605 litteris
540 1572 663 1616 plenius
680 1571 874 1611 continetur,

355 1627 370 1669 ξ
394 1626 423 1660 ⁶2.
445 1627 490 1667 Et,
508 1626 581 1659 lieet
604 1626 663 1670 ipsi
688 1626 803 1658 milites
828 1631 858 1658 et
881 1625 960 1658 aliae
984 1636 1053 1669 per-

311 1690 405 1712 sonae
432 1679 611 1723 praedictae
642 1689 706 1712 non
731 1679 914 1712 debuissent
938 1689 954 1711 a
979 1689 1054 1721 quo-

225 1724 295 1764 ,ιώ
312 1744 406 1775 quam
430 1738 539 1765 contra
565 1733 722 1765 dictorum
747 1732 986 1776 privilegiorum
1012 1738 1054 1765 te-

247 1751 295 1768 ep«.-

260 1771 296 1791 alii

311 1796 420 1818 norem
447 1791 477 1818 et
502 1787 636 1819 sormam
668 1785 849 1826 molestari,
873 1786 1053 1829 perturbari

311 1840 359 1872 vel
382 1840 561 1883 inquietari,
578 1851 649 1873 cum
670 1840 729 1884 ipsi
746 1850 810 1873 non
826 1839 921 1873 modo
942 1850 1052 1873 eorum

311 1892 509 1925 facultatibus
525 1898 555 1925 et
572 1893 716 1935 fortunis,
740 1903 850 1925 verum
875 1892 967 1926 etiam
986 1904 1055 1925 san-

312 1946 399 1989 guini
424 1951 454 1978 et
477 1946 557 1980 vitae
580 1957 638 1990 pro
663 1946 795 1979 tuitione
821 1946 895 1979 fidei
922 1947 1053 1979 catholi-

312 2009 440 2032 caenon
453 2005 598 2043 parcant,
612 2000 817 2033 nihilominus
835 2000 921 2043 (cum
939 2000 1053 2033 diversi

311 2053 455 2085 locorum
473 2053 640 2093 Ordinarii,
655 2063 690 2086 ac
707 2053 936 2096 parochialium
955 2055 1054 2087 eccle-

311 2106 429 2139 siarum
462 2112 622 2147 rectores,
655 2111 684 2139 et
715 2107 831 2139 multae
867 2107 1055 2151 capitulares

311 2171 475 2204 personae,
494 2160 525 2192 id
543 2160 600 2193 sibi
618 2160 747 2193 omnino
773 2160 858 2194 iuxta
882 2161 963 2193 sacri
980 2161 1055 2195 Con—

311 2214 375 2246 cilii
400 2214 575 2246 Tridentini
599 2214 725 2247 decreta
749 2214 843 2247 licere
868 2220 1053 2255 asserentes,

312 2267 439 2300 eosdem
472 2277 623 2310 magnum
654 2267 859 2310 magistrum,
883 2267 1053 2309 baiulivos,

313 2321 515 2353 castellanum
540 2325 716 2364 empostae,
740 2321 878 2364 priores,
903 2332 1054 2365 praecep-

313 2379 408 2415 tores,
427 2374 542 2407 milites
566 2380 596 2408 et
620 2385 771 2419 personas
796 2375 928 2408 diversis
952 2377 1054 2409 oneri-

313 2428 372 2461 bus
380 2433 489 2461 contra
500 2439 609 2461 eorum
624 2429 788 2472 privilegia
798 2436 1052 2473 praegravarent,

312 2481 446 2525 illosque
457 2481 496 2514 ad
509 2481 656 2522 decimas,
666 2492 790 2523 censuS,
800 2482 950 2523 subsidia,
959 2483 1051 2516 etiam

312 2535 506 2576 charitativa,
518 2545 673 2579 congruas
690 2536 863 2580 portiones,
879 2537 1052 2570 iucundum

312 2589 492 2630 adventum,
517 2589 636 2622 Pastor
661 2590 772 2632 bonus,
797 2595 849 2624 aut
872 2591 948 2624 alias
972 2601 1050 2624 nun-

349 2706 362 2733 1
381 2705 483 2733 Forsan
499 2705 642 2741 legendum
658 2709 822 2748 exercerent
836 2706 876 2741 (n.
898 2707 945 2741 rr.).

1731 284 1796 317 11:35

1085 349 1200 387 cupata
1223 352 1330 384 onera,
1349 347 1379 376 ct
1396 343 1488 376 etiam
1509 342 1578 375 iura
1603 342 1763 386 synodalia
1779 354 1827 375 co-

1085 406 1160 438 gere
1195 401 1435 440 praesumerent
1464 396 1495 429 in
1527 395 1700 428 maximum
1730 395 1827 439 ipsius

1085 449 1250 492 hospitalis
1275 450 1498 483 detrimentum
1524 454 1554 483 et
1578 450 1762 493 gravamen)
1786 449 1828 482 se-

1086 502 1153 535 licis
1167 502 1395 536 recordationis
1407 503 1579 545 Gregorius
1590 503 1667 543 Xlll,
1680 503 1784 537 Sixtus
1795 503 1827 542 V,

1086 555 1259 598 Gregorius
1283 555 1376 596 XIV¹,
1401 556 1544 589 similiter
1568 555 1828 600 praedecessores

1085 608 1207 649 nostri,
1237 619 1273 641 ex
1305 610 1390 642 certa
1420 609 1548 641 scicntia
1580 615 1610 642 et
1638 609 1828 652 apostolicae

1085 662 1249 705 potestatis
1273 661 1466 705 plenitudine
1481 690 1488 704 ,
1513 662 1619 695 onmia
1651 667 1681 695 et
1704 663 1828 705 singula

1086 715 1262 759 privilegia,
1276 715 1405 758 indulta,
1420 716 1592 755 facultates,
1602 717 1826 759 exemptiones,

1086 769 1308 810 immunitates,
1327 769 1489 802 libertates
1506 774 1536 802 et
1552 769 1627 802 alias
1643 770 1759 812 gratias
1773 770 1828 803 eis-

1085 821 1156 855 dem
1186 832 1303 865 magno
1332 822 1484 865 magistro
1510 828 1539 855 et
1563 823 1727 855 conventui
1754 834 1828 866 quo-

1086 875 1258 909 modolibet
1282 886 1431 909 concessa
1454 876 1692 916 confirmantes,
1718 886 1829 919 appro-

1086 929 1194 962 bantes
1211 933 1241 963 et
1254 929 1448 970 innovantes,
1463 940 1517 963 eos
1533 940 1629 973 super
1646 929 1829 973 praemissis

1086 983 1325 1027 quomodolibet
1342 983 1512 1023 molestari,
1524 984 1691 1027 inaepiielari
1708 994 1743 1016 ac
1761 994 1830 1027 per-

1087 1037 1207 1070 turbari
1225 1037 1396 1070 districtius
1414 1037 1655 1081 prohibuerunt.

1131 1090 1191 1134 gt).
1209 1091 1246 1123 Et
1266 1095 1438 1134 praetcrea,
1453 1101 1534 1131 eum,
1549 1091 1630 1123 inter
1645 1090 1715 1129 alia,
1730 1090 1827 1123 seticis
1850 1132 1853 1136 ,

1086 1144 1315 1177 recordationis
1340 1145 1412 1177 Pius
1436 1145 1518 1188 Papa
1538 1144 1585 1181 tv,
1602 1144 1828 1187 praedecessor
1843 1132 1865 1142 '¹

1086 1202 1209 1237 noster,
1234 1197 1352 1230 eisdem
1376 1207 1491 1240 magno
1516 1197 1668 1240 magistro
1698 1202 1728 1229 ct
1753 1208 1828 1230 eon-

1086 1251 1202 1292 ventui‚
1227 1252 1309 1284 inter
1333 1256 1437 1284 cetera
1460 1251 1635 1295 privilegia,
1656 1252 1827 1295 prioratus,

1085 1304 1283 1345 baiulivatus,
1309 1305 1519 1339 castellaniam
1545 1310 1715 1348 empostae,
1741 1315 1827 1338 com-

1086 1358 1215 1391 mendas
1243 1364 1274 1391 et
1297 1359 1357 1391 alia
1382 1359 1522 1391 eiusdem
1546 1359 1711 1402 hospitalis
1736 1359 1828 1391 bene-

1085 1411 1156 1444 ficia
1183 1411 1281 1444 libere
1304 1411 1433 1444 uniendi
1458 1416 1487 1444 et
1511 1411 1757 1444 dismembrandi
1784 1411 1827 1444 sa-

1086 1465 1234 1498 cultatem
1252 1465 1471 1503 concessisset,

1130 1519 1145 1562 g
1169 1518 1199 1551 4.
1220 1519 1257 1551 Et
1276 1519 1482 1552 nihilominus
1495 1528 1512 1550 a
1528 1518 1716 1562 quibusdam
1734 1528 1829 1562 quan-

1086 1572 1190 1616 doque
1208 1572 1418 1613 dubitaretur,
1436 1582 1475 1604 an
1494 1577 1564 1604 ante
1590 1572 1638 1604 vel
1656 1576 1725 1615 post
1748 1582 1829 1605 mor-

1088 1631 1150 1658 tem
1168 1636 1391 1669 possessorum
1410 1626 1485 1658 unio
1510 1636 1565 1658 seu
1590 1625 1829 1658 dismembratio

1087 1680 1152 1723 ipsa
1178 1679 1247 1712 fieri
1275 1684 1380 1723 posset
1408 1689 1444 1711 ac
1474 1678 1619 1711 deberet:
1645 1678 1727 1711 idem
1753 1679 1830 1711 Gre-

1087 1733 1195 1775 gorius
1219 1732 1454 1776 praedecessor,
1475 1732 1513 1764 ad
1537 1732 1711 1765 tollendum
1736 1743 1829 1765 omne

1087 1786 1219 1818 dubium
1243 1791 1274 1818 et
1297 1785 1536 1829 ambiguitatem
1569 1796 1649 1829 quac
1681 1785 1711 1817 in
1744 1796 1831 1829 prae-

1088 1839 1193 1872 missis
1207 1839 1238 1871 in
1255 1839 1397 1872 futurum
1415 1838 1492 1872 oriri
1513 1843 1669 1882 poterant,
1686 1843 1720 1870 ut
1737 1848 1833 1882 quan-

1088 1893 1266 1937 documque
1291 1893 1336 1926 eis
1362 1893 1544 1935 videretur,
1570 1893 1634 1925 sive
1665 1898 1737 1925 ante
1767 1893 1831 1926 sive

1088 1952 1159 1991 post
1183 1952 1320 1980 mortem
1344 1957 1573 1990 possessorum,
1592 1947 1761 1990 prioratus,
1783 1947 1833 1979 ba-

1088 2001 1253 2041 iulivatus,
1281 2001 1493 2033 castellaniam
1525 2006 1686 2044 empostae
1715 2006 1745 2033 et
1773 2001 1831 2033 alia

1089 2054 1229 2087 eiusdem
1254 2054 1379 2087 Ordinis
1411 2054 1563 2087 beneficia
1594 2054 1685 2087 unire
1714 2059 1742 2086 et
1769 2054 1832 2087 dis-

1088 2108 1267 2140 membrare
1292 2107 1391 2140 libere
1416 2113 1445 2140 et
1469 2107 1553 2140 licite
1578 2112 1706 2151 possent
1731 2113 1761 2140 et
1784 2118 1833 2140 va-

1088 2163 1205 2203 lerent,
1229 2172 1352 2195 necnon
1377 2162 1483 2195 omnia
1507 2168 1537 2194 et
1562 2162 1683 2205 singula
1707 2162 1833 2206 privile-

1088 2216 1139 2259 gia
1163 2220 1193 2248 et
1217 2215 1434 2259 exemptiones
1463 2215 1640 2258 praedictas
1671 2215 1763 2248 etiam
1793 2215 1832 2248 ad

1088 2270 1263 2302 confratres
1287 2274 1317 2302 et
1341 2269 1472 2302 donatos
1498 2269 1638 2301 eiusdem
1668 2269 1832 2312 hospitalis

1088 2322 1212 2355 extendi
1230 2322 1356 2363 debere,
1380 2322 1518 2355 decrevit
1538 2327 1568 2355 et
1589 2322 1774 2362 declaravit,
1795 2333 1832 2356 ac

1088 2377 1249 2409 decretum
1260 2382 1290 2409 et
1301 2376 1545 2409 declarationem
1559 2375 1750 2417 huiusmodi,
1761 2376 1832 2409 alia-

1087 2440 1148 2474 que
1172 2430 1361 2474 praemissa,
1387 2429 1486 2462 felicis
1511 2429 1740 2462 reeordationis
1764 2429 1831 2463 Cle-

1088 2494 1176 2517 mens
1199 2483 1276 2523 vlit,
1302 2483 1416 2516 Paulus
1442 2483 1474 2524 V,
1501 2482 1673 2525 Gregorius
1693 2483 1754 2524 XV,
1772 2484 1832 2517 Ro-

1087 2538 1170 2571 mani
1193 2536 1376 2577 Pontifices,
1401 2536 1547 2569 similiter
1571 2536 1831 2581 praedecessores

1123 2619 1135 2644 l
1157 2617 1272 2644 Litteras
1292 2617 1370 2650 Greg.
1392 2616 1452 2643 XIII
1473 2616 1556 2643 habes
1571 2617 1598 2643 in
1619 2620 1683 2644 tom.
1702 2624 1760 2651 vui,
1781 2627 1829 2653 pa-

1086 2662 1148 2695 gina
1168 2662 1230 2694 320,
1252 2661 1311 2688 illas
1330 2661 1398 2687 Sixti
1417 2661 1450 2693 V,
1470 2660 1538 2688 ibid.
1555 2670 1616 2697 pag.
1638 2662 1699 2695 7653
1722 2662 1829 2689 tandem

1087 2706 1165 2742 Greg.
1182 2705 1239 2733 xlv
1255 2706 1282 2733 in
1300 2710 1363 2733 tom.
1381 2712 1418 2741 ιχ,
1435 2714 1497 2741 pag.
1514 2706 1564 2734 407
1581 2707 1620 2742 (n.
1637 2707 1685 2741 r).

1843 294 1890 319 iv'tn.
1909 293 1938 320 C.
1957 293 2024 320 1624

1870 1099 1919 1119 Pius
1934 1098 1960 1118 μ’
1979 1104 2027 1118 eon-

1893 1126 1895 1128 “
1957 1125 2026 1146 eidem

1843 1152 1957 1172 ‹nau-«nun
2004 1158 2028 1171 n-

1850 1179 1912 1198 lnuit
1942 1181 1961 1198 el
1986 1178 2028 1198 ilis-

1843 1205 1971 1225 meuxbranuli
1991 1204 2028 1224 be·

1843 1232 1918 1252 netiria
1938 1232 2029 1252 tacuna-

1843 1261 1891 1279 tem.

1857 1528 1923 1551 Quam
1932 1527 1967 1547 alii
1976 1528 2027 1547 Pou-

1843 1555 1910 1574 illive>
1919 1554 2028 1574 continue-

1843 1584 1897 1602 run'.
