2269 3235
98 233 152 261 An.
168 233 196 261 C.
216 231 284 260 1627

167 292 279 324 Derogatio

97 323 256 343 contrariorum.

123 558 244 579 Mandatum
254 563 279 578 ne

96 585 199 611 pecuiuae
223 585 280 605 colli-

97 612 176 637 gandae
193 612 212 631 in
227 612 280 631 alios

97 644 147 659 usus
161 638 280 659 distrahan-

97 667 136 686 tur.

131 2208 212 2229 Causae
223 2207 286 2228 liuius

105 2235 272 2257 Constitutionis.

904 229 1046 254 URBANUS
1081 229 1137 252 VIII
1161 229 1208 253 ΓΡ.

339 279 353 322 ἓ
377 278 406 311 3.
431 278 499 312 Non
524 277 719 312 obstantibus
739 278 928 322 apostolicis,
951 278 1034 310 acin

294 331 533 372 universalibus,
558 332 866 376 provincialibusque
894 330 1035 364 conciliis

294 385 395 425 editis,
413 386 612 429 generalibus
629 386 676 418 vel
702 385 900 429 specialibus,
919 383 1035 416 eonsti-

295 439 467 472 tutionibus
502 445 532 472 et
560 439 831 479 ordinationibus,
863 437 1036 480 ceterisque

295 493 461 525 contrariis
481 493 742 536 quibuscumque.

339 546 353 588 ᾖ
373 545 403 578 4.
422 546 571 579 Volumus
591 550 706 585 autem,
720 544 803 588 quod
819 543 980 588 pecuniae,
997 542 1035 575 ab

295 599 513 633 ecclesiasticis
538 598 707 643 praedietis
730 598 851 630 ratione
868 597 967 630 dictae
985 606 1037 639 ga-

294 652 394 685 bellae
418 644 631 685 verisimiliter
651 650 832 694 exigendae,
855 660 951 694 penes
968 660 1036 693 per-

295 716 403 743 sonam
418 705 479 738 fide
492 711 522 738 et
537 704 734 738 facultatibus
748 703 904 745 idoneam,
920 714 937 736 a
950 714 1037 747 prae-

294 759 414 792 sidente
427 764 457 792 et
470 758 656 792 officialibus
666 757 834 801 praedictis
847 757 1034 800 eligendam,

294 817 324 844 et
334 812 372 844 ab
382 812 493 845 eodem
504 811 670 845 collectore
684 810 892 855 probandam,
907 810 1035 844 omnino

294 864 501 908 deponantur,
518 864 665 908 quodque
677 874 813 908 persona
830 864 874 896 sic
887 864 985 896 electa
998 864 1036 897 de

292 917 443 961 pecunias
467 917 659 958 huiusmodi,
677 917 715 950 ad
736 917 882 950 effectum
908 916 1035 950 eosdem

294 981 406 1004 census
420 970 622 1014 extinguendi
637 974 666 1004 et
679 970 874 1014 praedictam
892 970 1036 1003 residuae

294 1035 392 1068 aquae
412 1025 616 1068 quantitatem
634 1023 665 1056 in
683 1023 797 1056 dietam
814 1024 970 1057 civitatem
988 1024 1038 1056 de-

294 1077 437 1119 rivandi,
462 1077 677 1118 numerando,
703 1077 884 1120 praesidens
909 1087 983 1110 vero
1008 1082 1038 1109 et

294 1131 443 1164 officiales
468 1131 506 1164 de
530 1131 597 1164 illas
622 1130 653 1163 in
678 1131 755 1163 alios
780 1141 855 1163 usus
878 1140 942 1163 non
966 1140 1036 1163 ero-

294 1185 397 1227 gando
412 1184 469 1218 suh
486 1185 588 1228 poena
605 1183 754 1217 nullitatis
769 1183 953 1227 praesentis,
969 1193 1038 1216 nec-

294 1248 358 1271 non
374 1238 707 1272 excommunieationis
731 1242 792 1270 tam
818 1237 856 1271 ab
882 1237 948 1281 ipsa
965 1248 1038 1281 per-

295 1294 381 1332 sona,
410 1302 505 1335 quam
529 1292 567 1324 ab
592 1291 669 1333 aliis,
690 1291 743 1336 qui
768 1290 917 1335 pecunias
944 1290 1038 1323 liuius

297 1345 382 1378 modi
407 1345 438 1377 in
462 1345 540 1378 alios
564 1355 658 1389 quam
683 1345 860 1389 praedictos
876 1354 951 1377 usus
972 1354 1039 1377 ero-

295 1399 448 1441 gaverint,
472 1399 541 1443 ipso
565 1400 646 1432 facto
671 1398 890 1440 incurrendae,
912 1398 1038 1432 solitum

295 1457 455 1496 praestent
472 1452 503 1485 in
519 1453 665 1485 manibus
682 1453 745 1485 tuis
765 1453 987 1485 iuramentum.

340 1507 452 1539 Datum
477 1507 604 1549 Romae,
630 1507 713 1550 apud
738 1507 766 1540 S.
793 1507 922 1539 Mariam
948 1506 1040 1539 Maio-

295 1570 374 1602 rem,
397 1560 454 1593 sub
479 1561 594 1594 annulo
619 1560 797 1601 Piscatoris‚
822 1561 871 1593 die
903 1570 945 1593 xv
973 1560 1039 1592 iulii

295 1623 459 1654 mncxxx'ss,
484 1614 685 1657 pontificatus
709 1613 809 1646 nostri
834 1623 916 1646 anno
941 1623 982 1646 1v.

332 1676 390 1703 Dat.
408 1676 452 1703 die
469 1677 501 1705 15
515 1676 572 1704 iulii
595 1676 678 1711 1627,
699 1675 795 1712 pontif.
815 1684 884 1703 anno
904 1682 941 1703 1v.

609 1793 728 1828 CCLIII.

299 1866 466 1899 Revocatz'o
486 1865 743 1898 reservationum
758 1864 955 1908 pensionum
968 1872 1041 1906 per-

342 1923 518 1962 petuarum
534 1929 630 1962 super
646 1918 804 1960 beneficiis
816 1908 1042 1950 ‘ecclesiasticis

343 1972 386 2005 ad
406 1972 616 2015 colleyiorum
636 1975 664 2004 et
677 1972 810 2014 piorum
831 1970 974 2002 Iocorum
993 1969 1041 2011 fct-

344 2035 451 2058 vorem
470 2027 634 2068 saetarum
659 2029 688 2058 et
712 2024 920 2057 indultorum
944 2022 1043 2065 impo-

344 2079 446 2111 nendi
459 2079 629 2122 pensiones
646 2079 745 2111 etiam
765 2076 955 2120 temporales
972 2075 1044 2119 qui-

345 2132 450 2165 busvis
475 2142 696 2165 concessorum
709 2131 727 2164 ¹.

346 2203 567 2237 Sanctissimus
584 2203 617 2236 D.
636 2204 670 2237 N.
686 2203 830 2236 Urbanus
850 2202 953 2235 divina
971 2213 1044 2246 pro-

302 2257 439 2290 videntia
462 2257 546 2301 Papa
564 2257 648 2298 VIII,
673 2257 726 2301 qui
756 2256 898 2300 pridem,
918 2256 1042 2289 benefi-

341 2331 351 2356 1
365 2330 404 2356 De
415 2328 600 2365 pensionibus,
616 2329 686 2356 ultra
697 2328 828 2364 disposita
839 2336 854 2355 a
868 2328 952 2355 sacris
968 2336 1046 2354 eano-

303 2374 384 2401 nibus
393 2377 444 2401 eta
456 2373 571 2401 Concilio
583 2373 750 2406 Tridentino,
763 2372 832 2400 scias
845 2381 859 2399 a
870 2372 918 2399 Pio
930 2372 948 2398 V
963 2371 1046 2399 fuisse

303 2423 443 2446 revocatas
462 2419 605 2446 facultates
626 2418 805 2446 transferendi
826 2418 969 2453 pensiones
984 2417 1046 2453 qui-

303 2464 471 2499 buscumque
496 2464 599 2491 militiis
623 2472 780 2498 concessas,
802 2466 830 2490 ut
854 2463 880 2489 in
905 2470 953 2489 sua
977 2462 1046 2489 Con-

304 2509 358 2535 stit.
379 2515 464 2543 xcxlt,
490 2509 723 2541 Sacrosanctum,
740 2512 806 2535 tom.
832 2514 879 2540 vu,
902 2515 963 2542 pag.
986 2507 1046 2533 709.

304 2553 445 2585 Quomodo
456 2561 530 2587 vero,
543 2557 570 2580 et
584 2552 690 2588 quando
706 2561 787 2588 super
802 2552 980 2579 ecclesiarum
995 2551 1049 2578 sru-

304 2597 393 2624 ctibus
408 2597 551 2633 pensiones
565 2597 699 2624 reservari
712 2597 816 2632 possint
827 2596 948 2624 definivit
962 2596 1018 2623 Leo
1029 2595 1049 2622 X

305 2643 333 2670 in
348 2643 440 2671 Const.
457 2649 511 2678 vm,
528 2642 690 2678 supernae,
709 2645 773 2671 tom.
789 2650 816 2676 v,
837 2649 899 2678 pag.
918 2641 981 2668 604.

1716 216 1779 249 573

1069 278 1191 310 cioruin
1217 276 1501 309 ecclesiastieorum
1527 274 1755 307 conservationi
1781 278 1811 307 ct

1069 330 1283 363 exonerationi
1315 330 1492 363 consultum
1526 329 1653 368 rolens,
1680 327 1810 359 uniones

1070 383 1296 415 beneficiorum
1320 382 1510 422 huiusmodi,
1532 386 1753 425 praetemptant
1780 380 1810 412 in

1070 440 1173 468 certos
1187 447 1276 469 casus
1291 437 1395 476 tactas,
1409 446 1528 468 necnon
1545 435 1705 468 titcultates
1716 439 1812 466 trans-

1069 488 1187 521 ferendi
1206 489 1383 532 pensiones,
1403 499 1482 532 quae
1507 488 1653 520 etseetuin
1678 487 1812 530 integra-

1070 541 1140 575 liter
1157 542 1283 575 sortitac
1300 552 1363 575 non
1381 547 1491 583 essent,
1510 553 1568 585 pro
1589 543 1712 574 sumina
1731 550 1811 584 quae

1070 594 1268 627 medletatem
1294 595 1358 627 veri
1380 595 1494 627 valoris
1519 596 1678 627 fructuum
1699 593 1812 627 beneti-

1070 647 1203 687 ciorum,
1221 658 1315 691 super
1327 647 1440 691 quibus
1452 648 1617 691 pensiones
1632 647 1810 680 liuiusniodi

1070 701 1233 744 impositae
1250 702 1362 741 forent,
1380 701 1567 733 excederent
1580 700 1597 741 ¹,
1624 701 1812 744 specialibus

1070 753 1206 797 desuper
1230 754 1321 787 editis
1346 753 1464 796 regulis
1490 753 1657 793 revocavit,
1675 753 1810 785 libertati

1070 807 1255 840 eorumdem
1280 807 1508 840 beneficiorum
1533 807 1657 850 plenius
1691 807 1813 849 prospi-

1070 871 1140 894 cere
1166 867 1196 894 et
1219 861 1303 905 quod
1328 861 1359 894 in
1384 861 1564 904 antiqorum
1589 870 1721 893 onerum
1747 870 1814 892 mo-

1070 915 1232 948 deratione
1256 915 1424 960 praecavit,
1445 915 1545 948 multo
1572 914 1682 947 fortius
1708 914 1739 946 in
1763 925 1814 947 no-

1070 979 1182 1002 vorum
1204 969 1404 1012 impositione
1424 973 1567 1001 avertere
1588 967 1735 1011 cupiens:

1115 1022 1129 1065 g
1159 1021 1188 1054 1.
1219 1022 1439 1065 Quascumque
1469 1021 1700 1054 reservationes
1731 1031 1811 1064 pen-

1071 1074 1194 1108 sionum
1208 1080 1434 1120 perpetuarum
1449 1086 1543 1119 super
1556 1075 1708 1108 fructibus
1721 1075 1814 1108 certis

1071 1129 1118 1161 vel
1139 1128 1267 1162 incertis
1287 1128 1472 1173 quormnvis
1492 1128 1732 1169 beneficiorum,
1752 1138 1814 1161 non

1070 1187 1175 1216 tamen
1189 1183 1453 1226 iurispatronatus
1463 1182 1582 1215 laicalis
1604 1182 1814 1223 existentium,

1071 1237 1165 1269 etiam
1190 1236 1222 1269 in
1246 1237 1384 1270 savorem
1416 1247 1692 1280 (plorumcumque
1721 1236 1815 1268 colle-

1072 1290 1208 1333 giorum,
1226 1290 1448 1334 capitulorum,
1465 1289 1713 1331 universitatum,
1735 1290 1817 1322 loco-

1072 1354 1143 1377 rum
1169 1349 1198 1377 et
1222 1344 1467 1386 beneficiorum,
1494 1343 1587 1376 etiam
1611 1354 1668 1387 per
1693 1348 1816 1376 sanctae

1072 1398 1230 1431 Romanae
1246 1397 1405 1431 Ecclesiae
1415 1397 1590 1430 cardinales
1604 1397 1816 1437 obtentorum,

1073 1451 1168 1484 etiam
1193 1451 1365 1494 apostolica
1390 1450 1594 1491 auctoritate,
1618 1460 1681 1483 non
1714 1455 1816 1482 tamen

1073 1515 1131 1549 pro
1155 1504 1349 1546 fundatione,
1371 1516 1426 1538 seu
1446 1505 1615 1545 dotatione,
1636 1509 1817 1547 augmento,

1073 1558 1121 1591 vel
1142 1558 1379 1591 conservatione
1397 1559 1603 1601 collegiorum
1629 1563 1659 1590 et
1683 1557 1817 1590 aliorum

1073 1610 1198 1654 piorum
1217 1616 1246 1643 et
1270 1611 1493 1653 religiosorum
1514 1611 1668 1653 locorum,
1692 1610 1729 1643 ad
1746 1610 1817 1642 fidei

1074 1664 1246 1697 catholicae
1264 1664 1479 1697 defensionem
1502 1669 1532 1696 et
1558 1663 1816 1707 propagationem

1074 1718 1294 1762 bonarumque
1311 1718 1425 1751 artium
1448 1719 1567 1751 cultum
1592 1718 1818 1760 institutorum,

1074 1773 1187 1813 saetas,
1213 1783 1293 1817 quae
1318 1783 1408 1806 suum
1435 1772 1570 1806 necdum
1595 1772 1724 1805 sortitae
1748 1776 1819 1805 sunt

1075 1826 1239 1866 effectum,

1120 1881 1134 1923 ἓ
1158 1880 1188 1913 ⁶3.
1213 1881 1342 1914 Necnon
1362 1891 1472 1914 omnes
1493 1885 1522 1913 et
1547 1890 1763 1924 quascumque
1781 1879 1820 1912 sa-

1076 1934 1225 1974 cultates,
1250 1934 1370 1966 indulta
1395 1937 1424 1967 et
1448 1933 1613 1977 privilegia
1638 1932 1819 1977 imponendi

1077 1997 1291 2031 quascumque
1314 1987 1480 2031 pensiones
1506 1988 1599 2021 etiam
1630 1987 1821 2030 temporales

1077 2051 1172 2084 super
1196 2040 1358 2084 quibusvis
1378 2040 1551 2081 benefieiis,
1571 2050 1635 2072 non
1657 2043 1759 2073 tamen
1777 2039 1821 2071 iu-

1077 2094 1308 2137 rispatronatus
1332 2094 1451 2126 laicalis
1476 2093 1689 2135 existentibus,
1710 2103 1764 2125 seu
1783 2092 1821 2125 ad

1078 2148 1256 2192 pensiones,
1271 2148 1331 2180 iam
1347 2153 1437 2180 antea
1451 2148 1622 2191 apostolica
1636 2147 1821 2180 auctoritate

1078 2202 1216 2245 desuper
1234 2202 1339 2234 forsan
1356 2212 1419 2234 non
1437 2206 1541 2233 tamen
1569 2201 1662 2234 certis
1679 2200 1822 2244 personis

1079 2260 1264 2295 reservatas,
1282 2265 1433 2298 personas
1458 2255 1516 2287 sibi
1540 2254 1703 2287 benevisas
1724 2253 1823 2286 nomi-

1079 2308 1195 2349 nandi,
1221 2308 1343 2341 etiamsi
1368 2308 1407 2340 ad
1433 2307 1680 2341 nominationem
1712 2307 1823 2339 liuius-

1080 2362 1165 2395 modi
1183 2362 1244 2394 iam
1262 2362 1367 2394 forsan
1392 2361 1431 2394 sit
1452 2371 1635 2405 processum
1656 2361 1822 2404 (quatenus

1081 2419 1185 2449 tamen
1209 2426 1266 2458 per
1289 2414 1403 2447 notarii
1424 2414 1559 2458 desuper
1584 2414 1685 2457 rogati
1703 2418 1732 2446 et
1750 2413 1824 2446 duo-

1081 2480 1152 2502 rum
1171 2468 1296 2501 testium
1315 2468 1543 2502 attestationem
1562 2478 1624 2500 nou
1649 2471 1769 2500 constet
1786 2466 1824 2499 de

1082 2522 1158 2556 reali
1183 2527 1213 2555 et
1238 2522 1383 2565 integrali
1410 2521 1565 2554 solutione
1598 2521 1730 2553 alieuius
1756 2525 1821 2553 ter-

1083 2577 1158 2609 mini
1194 2576 1389 2619 siugularum
1421 2575 1608 2619 pensionum
1645 2574 1824 2608 huiusmodi

1119 2642 1130 2666 1
1149 2638 1241 2675 Aptius
1255 2638 1315 2675 lege
1330 2639 1479 2667 evomeret
1497 2642 1533 2671 (n.
1550 2638 1598 2673 T.).

1826 225 1876 251 Λη.
1893 226 1920 252 C.
1939 226 2005 252 1027

1857 1032 1971 1052 Revocatm
1984 1031 2013 1051 {a-

1830 1059 1931 1078 canatum
1947 1065 2015 1078 reser-

1831 1088 1937 1105 vationum
1964 1091 2013 1110 pen-

1830 1113 1911 1132 sionum
1938 1117 2014 1137 perpe-

1831 1141 1920 1160 tuarum.

1887 1887 1973 1907 Necnon
1989 1886 2020 1906 iu-

1835 1913 1938 1934 dulterum
1955 1913 2020 1938 impo-

1835 1940 2019 1965 nendlpensinnes

1835 1970 1899 1987 etiam
1914 1969 2020 1991 tempera·

1835 1995 1878 2018 les,
