2269 3235
118 253 166 279 An.
182 251 211 278 C.
231 250 300 278 1623

112 313 222 334 Contraria
233 312 295 335 tollit.

141 2388 260 2410 Exordium,

926 249 1068 275 URBANUS
1093 249 1150 274 vm
1173 250 1220 274 PP.

355 298 370 343 ἓ
394 299 424 333 6.
449 299 518 332 Non
549 298 763 339 obstantibus,
788 306 942 341 quatenus
973 308 1053 341 opus

311 351 359 393 sit,
368 351 466 385 felicis
479 352 707 386 recordationis
716 350 865 385 Bonisacii
876 351 977 394 Papae
988 351 1052 383 Vlll

310 405 565 449 praedecessoris
581 405 681 440 nostri
698 405 736 438 de
758 405 832 444 una,
851 407 881 438 et
904 403 935 436 in
952 403 1053 437 conei-

311 458 353 492 lio
378 459 517 501 generali
538 458 621 492 edita
645 458 683 491 dc
708 457 829 490 duabus
846 456 947 497 dietis,
965 456 1053 489 dum—

312 511 406 545 modo
423 512 505 544 ultra
530 517 592 544 tres
616 510 714 543 dietas
731 509 844 553 aliquis
867 509 1053 542 auctoritate

311 564 523 608 praesentium
558 563 596 597 ad
625 563 777 596 iudicium
806 573 868 596 non
893 562 1052 603 trahatur,

311 618 443 662 aliisque
463 617 738 652 constitutionibus
754 621 784 649 et
800 616 1052 650 ordinationibus

312 671 500 715 apostolicis,
518 674 548 704 ct
570 670 672 704 dictae
696 669 847 703 ecclesiae
873 669 1053 702 Atrebalen-

312 725 354 758 sis
379 725 487 769 (etiarn
511 724 699 763 iuramento,
717 723 958 757 confirmatione
983 734 1053 767 apo-

313 779 433 819 stolica,
446 778 494 811 vel
509 777 618 822 quavis
635 777 783 811 firmitate
800 777 860 810 alia
880 777 1052 820 roboratis)

313 832 434 866 statutis
447 836 478 865 et
486 830 776 872 consuetudinibus,
790 830 964 875 privilegiis
980 841 1054 874 quo-

312 895 383 930 que,
400 885 528 919 indultis
545 890 575 918 et
593 885 705 918 litteris
720 885 911 929 apostolicis,
931 885 963 918 in
980 896 1053 919 con-

311 939 445 973 trarium
462 939 711 984 praemissorum
731 938 968 983 quomodolibet
984 949 1054 972 con-

312 993 425 1034 cessis,
449 992 646 1027 confirmatis
676 997 706 1025 et
737 992 902 1026 innovatis.
934 992 1053 1032 Quibus

312 1046 462 1081 omnibus
486 1051 517 1079 et
541 1046 684 1089 singulis,
710 1055 821 1079 eorum
846 1045 988 1079 omnium
1013 1050 1054 1079 te-

311 1110 405 1134 nores
415 1099 634 1144 praesentibus
646 1110 705 1144 pro
718 1100 808 1144 plene
821 1104 852 1132 et
864 1099 1054 1132 sufficienter

313 1153 470 1198 expressis
485 1159 516 1187 et
535 1153 574 1186 ad
593 1153 726 1186 verbum
746 1153 873 1186 insertis
892 1153 1052 1193 habentes,

313 1207 375 1240 illis
398 1207 474 1240 alias
497 1207 530 1240 in
546 1217 604 1240 suo
620 1207 738 1240 robore
754 1206 981 1250 permansuris,
995 1206 1053 1239 hac

313 1261 380 1294 vice
403 1260 566 1294 dumtaxat
589 1260 767 1304 specialiter
783 1264 814 1293 et
837 1270 984 1304 expresse
1001 1259 1053 1292 de-

312 1323 462 1356 rogamus
474 1340 481 1354 ,
513 1313 689 1357 ceterisque
726 1312 893 1347 contrariis
928 1312 1055 1357 quibus-

313 1376 458 1410 cumque.

356 1419 468 1454 Datum
497 1420 625 1460 Rornae,
641 1419 725 1464 apud
751 1419 780 1453 S.
806 1419 935 1453 Mariam
960 1420 1054 1454 Maio·

314 1483 391 1514 rem,
406 1473 464 1506 sub
477 1473 594 1507 annulo
612 1473 852 1514 Piscatoi·is,die
872 1483 905 1507 111
928 1484 1055 1507 novem-

313 1527 379 1560 bris
401 1536 556 1567 Mncxxui,
579 1526 781 1571 pontificatus
804 1527 904 1560 nostri
928 1537 1010 1561 anno
1034 1538 1052 1561 1.

350 1590 406 1618 Dat.
424 1590 468 1618 die
483 1590 498 1618 3
514 1590 670 1618 novembris
687 1590 765 1626 1623,
781 1590 877 1626 pontif.
894 1599 938 1619 an.
955 1598 971 1618 1.

653 1752 715 1784 ΧΗ.

314 1840 532 1873 Ecclesiarum
545 1842 793 1885 Argentinensis
813 1846 841 1874 et
866 1842 1056 1875 Passarien-

335 1904 338 1906 ·
358 1894 403 1925 sis
427 1893 693 1927 administratori
718 1894 946 1936 interdicitur,
970 1905 1053 1938 quo-

359 1947 469 1980 minus
482 1947 589 1990 feuda,
607 1948 650 1980 ad
662 1949 789 1982 easdem
802 1948 949 1981 ecclesias
962 1950 1057 1992 perli-

359 2002 482 2042 nentia,
500 2002 680 2043 haeret-icis,
696 2012 750 2035 seu
768 2002 806 2035 dc
821 2001 884 2044 fide
897 2003 1055 2035 catholica

359 2051 445 2085 male
458 2053 681 2093 sentientibus,
697 2053 800 2086 cooev.

316 2132 430 2160 Dilecto
454 2132 516 2160 filio
536 2132 682 2167 Leopoldo
703 2140 739 2160 ex
765 2133 976 2162 archiducibus
996 2135 1054 2161 Au-

350 2177 463 2211 striae,
494 2177 643 2205 ecclesiae
673 2177 901 2212 Argentinensis
931 2178 1054 2206 admini-

351 2222 496 2256 stratori,

519 2267 656 2295 urbanus
674 2267 754 2302 Papa
767 2268 844 2302 VIII,

597 2321 711 2349 Dilecta
730 2321 788 2355 fili,

362 2365 491 2393 salutem
505 2368 537 2394 et.
552 2366 749 2410 apostolicam
763 2366 1012 2395 henedictIonem.

360 2435 527 2469 Pastoralis
551 2436 644 2470 officii
668 2437 769 2471 nostri
794 2448 881 2477 cura,
906 2443 937 2471 et
961 2439 1056 2472 ecele-

316 2490 434 2523 siarum
458 2489 600 2523 omnium
617 2490 785 2525 solicitudo
801 2501 820 2524 a
831 2491 923 2525 nobis
940 2491 1055 2535 iugiter

315 2543 467 2587 postulat,
492 2548 544 2583 ut,
574 2553 654 2587 quae
686 2543 759 2577 fidei
788 2545 960 2579 catholicae
992 2555 1054 2579 non

315 2597 468 2631 mediocri
492 2596 681 2631 detrimento
704 2608 783 2639 esse,
800 2609 942 2642 quaeque
960 2600 1056 2633 eccle-

353 2661 363 2686 1
386 2659 424 2686 Ex
443 2658 551 2695 Regest.
572 2659 600 2686 in
619 2658 720 2687 Secret.
741 2659 818 2687 Brev.

1091 298 1154 337 siis,
1168 307 1341 342 earumque
1354 297 1445 330 bonis
1461 302 1491 330 ct
1503 296 1625 329 iuribus
1638 305 1731 339 grave
1744 296 1827 329 dam—

1087 361 1160 382 num
1188 350 1301 383 afferre
1325 353 1465 395 possunt,
1489 360 1535 390 ea,
1560 354 1709 393 quantum
1735 349 1827 383 nobis

1087 414 1121 435 ex
1148 404 1210 436 alto
1235 403 1428 444 conceditur,
1447 403 1679 447 prohibeamus.

1132 456 1146 497 ,ξ
1171 457 1199 488 1.
1226 457 1315 489 Iustis
1346 457 1449 500 itaque
1484 457 1522 490 de
1555 456 1656 489 causis
1687 456 1827 489 animum

1087 514 1231 542 nostrum
1249 510 1458 551 moventibus,
1476 516 1563 544 motu
1582 510 1725 555 proprio,
1743 515 1772 543 ct
1790 521 1826 543 cx

1088 564 1174 595 certa
1192 563 1322 595 scientia
1342 573 1377 596 ac
1394 566 1516 596 matura
1534 564 1759 597 deliberatione
1776 574 1828 597 no-

1088 616 1177 657 stris,
1202 616 1275 658 tibi,
1305 626 1345 649 nc
1376 617 1505 659 quaevis
1529 618 1766 660 Argentinensis
1799 624 1825 651 et

1089 669 1298 703 Passaviensis
1328 669 1550 710 ecclesiarum,
1575 681 1709 715 quarum
1734 671 1829 704 admi-

1087 723 1237 756 nistrator
1260 722 1432 767 apostolica
1457 723 1641 756 auctoritate
1664 724 1828 768 deputatus

1088 776 1204 818 existis,
1230 777 1332 817 feuda,
1352 776 1579 821 cuiuscumque
1605 777 1736 821 speciei,
1757 788 1829 822 qua-

1088 832 1192 868 litatis,
1207 831 1390 876 quantitatis
1407 836 1437 864 et
1452 831 1568 865 valoris
1585 831 1679 864 etiam
1697 832 1828 872 minimi,

1088 896 1142 918 seu
1167 885 1227 918 alia
1258 895 1476 929 quaecumque
1507 885 1647 918 eiusdem
1681 885 1829 918 eeclesiae

1089 940 1182 979 bona,
1206 949 1309 983 neque
1332 939 1371 972 ad
1395 939 1490 972 breve
1515 944 1653 984 tempus,
1678 944 1731 972 aut
1754 938 1831 971 alias

1088 993 1336 1036 quomodolibet,
1361 992 1528 1027 haereticis
1548 1003 1603 1026 seu
1623 993 1767 1037 personis
1791 993 1830 1025 de.

1088 1046 1149 1079 tide
1173 1047 1328 1080 catholica
1353 1047 1433 1079 male
1448 1046 1663 1087 sentientibus,
1681 1046 1739 1079 sub
1756 1057 1830 1090 quo-

1087 1099 1133 1132 vis
1153 1100 1294 1143 quaesito
1313 1100 1430 1141 colore,
1444 1099 1572 1143 ingenio
1590 1100 1638 1133 vel
1656 1104 1829 1144 praetextu,

1088 1153 1272 1193 concedere,
1297 1154 1413 1194 locare,
1438 1153 1660 1197 appignorare,
1685 1158 1738 1186 aut
1754 1154 1830 1186 alias

1087 1205 1327 1248 quomodolibet
1343 1206 1519 1239 distrahere
1536 1206 1652 1239 audeas
1672 1216 1727 1239 seu
1743 1217 1830 1250 prae-

1087 1268 1203 1299 sumas,
1217 1258 1274 1291 sub
1299 1258 1522 1302 indignationis
1546 1263 1683 1300 nostrae,
1707 1270 1743 1292 ac
1761 1259 1829 1293 aliis

1088 1311 1229 1344 censuris
1258 1315 1288 1343 et
1318 1311 1429 1355 poenis
1458 1312 1489 1344 in
1519 1311 1616 1344 sacris
1640 1312 1829 1349 canonibus,

1088 1363 1295 1397 conciliorum
1320 1364 1471 1405 decretis,
1496 1374 1531 1398 ac
1555 1364 1831 1399 constitutionibus

1088 1417 1270 1460 apostolicis
1294 1417 1470 1458 contentis,
1495 1418 1667 1462 apostolica
1696 1419 1830 1452 auctori-

1089 1474 1159 1512 tate,
1180 1475 1290 1504 tenore
1309 1471 1534 1515 praesentium,
1558 1471 1776 1505 interdicimus
1801 1478 1829 1505 et

1088 1524 1306 1568 prohibemus.

1134 1578 1148 1620 ξ
1165 1578 1194 1610 ⁶2.
1213 1578 1422 1611 Decernentes
1440 1578 1646 1612 nihilominus
1663 1590 1825 1623 quascum-

1089 1642 1150 1674 que
1174 1631 1404 1672 concessiones,
1430 1631 1612 1673 locationes,
1638 1633 1830 1677 oppignora-

1092 1685 1190 1717 tiones
1223 1690 1275 1718 aut
1306 1685 1545 1727 distractiones,
1571 1686 1595 1718 si
1620 1697 1698 1731 quas
1722 1697 1778 1730 per
1801 1692 1831 1719 te

1091 1744 1200 1772 contra
1224 1739 1437 1783 praesentium
1470 1743 1610 1773 tenorem
1639 1740 1708 1773 fieri
1733 1741 1832 1775 conti·

1090 1792 1181 1834 gerit,
1206 1793 1318 1833 nullas,
1340 1793 1445 1826 irritas
1469 1798 1499 1827 et
1518 1793 1636 1834 inanes,
1654 1794 1832 1838 nulliusque

1091 1846 1217 1879 roboris
1241 1850 1271 1880 et
1295 1847 1446 1880 momenti
1472 1858 1560 1887 esse,
1586 1858 1641 1880 seu
1666 1848 1751 1889 fore,
1775 1859 1832 1882 nee

1091 1899 1145 1932 ulli
1170 1900 1282 1943 quovis
1299 1901 1394 1934 modo
1410 1901 1578 1945 suffragari
1599 1912 1708 1945 posse;
1726 1902 1834 1947 sicque

1066 1944 1075 2002 j
1091 1963 1148 1996 per
1166 1964 1384 1998 quoscumque
1408 1954 1527 1988 iudices
1546 1955 1724 1988 ordinarios
1741 1961 1771 1989 et
1786 1956 1836 1990 de-

1091 2007 1220 2049 legatos,
1237 2007 1331 2040 etiam
1351 2018 1519 2041 causarum
1538 2008 1644 2052 palatii
1670 2010 1833 2053 apostolici

1091 2060 1260 2102 auditores,
1286 2061 1419 2095 iudicari
1443 2067 1473 2095 et
1497 2062 1622 2096 definiri
1648 2062 1780 2103 debere,
1798 2073 1834 2096 ac

1090 2114 1216 2147 irritum
1242 2120 1272 2147 et
1296 2115 1408 2156 inane,
1434 2115 1459 2148 si
1492 2126 1583 2149 secus
1619 2126 1714 2160 super
1744 2117 1792 2149 his
1816 2128 1832 2149 a

1090 2178 1260 2212 quoquam,
1278 2169 1388 2212 quavis
1411 2170 1607 2210 auctoritate,
1626 2170 1760 2204 scienter
1786 2172 1831 2204 vel

1090 2221 1283 2264 ignoranter,
1300 2222 1468 2265 contigerit
1481 2223 1643 2256 attentari:
1662 2223 1693 2256 in
1710 2228 1832 2257 contra-

1090 2274 1173 2307 rium
1196 2275 1381 2308 facientibus
1401 2285 1464 2309 non
1489 2275 1684 2309 obstantibus
1708 2277 1833 2320 quibus—

1090 2338 1234 2371 cumque.

1132 2381 1244 2415 Datum
1276 2383 1406 2423 Romae,
1423 2383 1505 2426 apud
1534 2384 1563 2416 S.
1588 2383 1717 2416 Mariam
1742 2383 1833 2418 Maio-

1089 2445 1178 2476 rem,
1211 2435 1269 2468 sub
1308 2436 1424 2468 annulo
1456 2435 1638 2476 Piscatoris,
1669 2436 1719 2470 die
1753 2447 1831 2471 xvm

1089 2488 1270 2522 novembris
1300 2498 1466 2529 uncxxui,
1497 2488 1699 2532 pontificatus
1731 2491 1831 2524 nostri

1090 2552 1172 2576 anno
1190 2552 1209 2575 1.

1125 2604 1183 2633 Dat.
1204 2604 1248 2632 die
1264 2604 1296 2632 18
1310 2604 1465 2632 novembris
1480 2604 1559 2639 1623,
1577 2605 1672 2641 pontif.
1688 2614 1733 2634 an.
1749 2613 1767 2634 1.

1752 237 1793 273 79
1839 248 1887 275 An.
1904 246 1932 275 c.
1954 247 2025 276 1623

1887 473 2025 500 Praeceptum

1844 500 1869 520 tle
1889 508 1930 528 quo
1952 508 1971 522 in
1994 509 2025 523 rur

1844 528 1910 549 brit-a,

1868 1591 2002 1611 Locannnoz.
2014 1597 2029 1611 si

1847 1623 1898 1643 quas
1909 1619 1982 1637 matra
1993 1617 2029 1637 hn-

1847 1644 1936 1663 msznodi
1945 1644 2029 1664 mauda-

1847 1672 1888 1690 tum
1912 1671 1956 1691 lieri
1982 1676 2029 1689 rnn-

1847 1699 1926 1720 tinml,
1950 1699 2029 1717 irritati«

1847 1726 1885 1743 tui·⁴
