2269 3235
91 259 138 287 An.
160 260 192 287 C.
213 259 280 287 1625

111 2165 222 2186 Clementis
234 2167 278 2187 VIII

99 2192 181 2212 litterae
209 2198 279 2213 roceu-

100 2220 170 2239 sentui·
179 2225 184 2243 5

111 2449 201 2477 ‘Quibus
219 2455 279 2475 prae·

94 2477 187 2500 cipitur,
213 2478 235 2496 ut
259 2477 280 2497 in

94 2501 198 2523 electione
244 2509 280 2529 ge-

93 2528 184 2556 neralis,
199 2530 279 2554 praesi-

94 2553 141 2578 dis.
179 2556 279 2578 alioruin·

917 260 1058 284 UIIBANUS
1085 260 1139 283 vnl
1164 259 1211 283 1¹1¹.

289 308 387 347 fictas,
401 311 494 351 atquc
511 306 570 340 alia
584 317 799 351 quaecumque
813 307 950 348 collatae,
961 318 1029 350 gra-
1044 309 1046 317 ¹

290 361 351 393 tiae
367 360 462 393 sidem
479 360 632 404 facientia,
650 361 743 394 simul
761 371 833 394 cum
850 359 1028 400 deserentis,

290 413 506 458 aliorumque,
531 414 584 458 qui
614 413 731 448 conscii
754 413 880 454 suerint,
905 416 1030 446 attesta-

291 466 445 509 tionibus,
471 467 629 512 accipere,
660 471 753 510 atque
784 465 1030 510 approbantibus

291 519 474 561 Ordinariis,
494 520 533 553 ad
557 530 635 564 quos
652 519 771 553 referre
797 518 900 552 statim
926 519 1031 552 omnia

291 578 466 615 teneantur,
492 574 523 606 in
548 577 669 608 secreto
693 573 808 617 aliquo,
827 583 967 606 seorsum
992 573 1031 606 ab

291 626 442 667 ccclesia,
467 627 536 660 loco
560 625 737 667 custodire,
762 625 942 670 ibidemque
970 626 1031 659 iam

291 685 394 714 amota
407 681 560 715 collocare
576 685 606 713 et
621 690 791 721 asservare,
804 685 849 721 ut,
865 679 889 713 si
907 680 1032 723 quando

291 733 441 767 Dominus
465 733 574 767 talium
598 733 740 767 virorum
766 733 880 766 merita
902 733 1029 767 beatifi-

291 786 422 820 cationis
432 797 485 820 seu
499 786 742 820 canonizationis
755 786 876 820 honore
889 786 921 819 in
938 787 1032 820 terris

291 840 441 873 decorare
464 840 609 883 voluerit,
634 845 740 874 extent
764 840 945 874 huiusmodi
967 851 1033 874 san-

291 893 405 927 ctitatis
434 894 678 938 qualescumque
706 894 907 939 probationes
922 922 930 936 ,
955 896 1033 939 Apo-

290 947 417 982 stolicae
441 947 529 981 Sedis
560 948 676 983 iudicio
701 954 774 983 tuno
797 949 1030 983 examinandae.

290 1001 460 1035 Contrariis
477 1001 728 1046 quibuscumque
745 1012 808 1036 non
825 1003 1030 1037 obstantibus.

424 1055 560 1089 IOANNES
585 1056 747 1090 ANTONms
772 1057 954 1091 Tnomsms

353 1108 382 1143 S.
394 1109 552 1143 Romanae
569 1114 599 1143 et
611 1109 796 1144 universalis
812 1111 954 1154 Inquisit.
967 1115 1030 1144 not.

334 1181 432 1215 Anno
457 1190 596 1222 iincxxv,
624 1181 803 1215 indictione
823 1191 891 1222 vm,
916 1182 1028 1225 ponti-

290 1234 405 1276 ficatus
415 1234 621 1268 sanctissimi
632 1234 769 1267 Domini
777 1235 882 1268 nostri
897 1235 1033 1268 Domini

294 1287 417 1321 Urbani
440 1287 556 1321 divinet
573 1288 781 1332 providenti&
804 1289 918 1332 Papae
940 1289 1031 1329 VIII,

291 1342 343 1374 die
356 1352 427 1374 vero
440 1351 504 1375 xxx
517 1342 636 1374 mensis
650 1342 810 1383 octobrisss
824 1342 1032 1386 supradictae

293 1395 431 1435 litterae,
443 1395 509 1428 sive
518 1395 680 1428 decretum
696 1395 832 1438 affioenm
844 1400 872 1428 et
882 1395 1032 1439 publica-

292 1451 361 1480 tum
372 1448 437 1490 fait
450 1447 493 1480 ad
509 1447 619 1480 valvas
632 1448 800 1492 Principis
813 1449 1031 1492 apostolorum

294 1501 400 1542 Urbis,
420 1512 457 1534 ac
477 1501 514 1535 in
526 1502 595 1535 acie
609 1502 724 1546 Campi
736 1503 865 1543 Florae,
881 1509 918 1535 ut
932 1503 1031 1535 moris

292 1558 346 1594 est,
357 1565 417 1597 per
429 1565 479 1587 nie
491 1555 762 1588 Brandimartem
774 1556 942 1597 Lati-num,
953 1555 1032 1589 San-

292 1607 429 1640 ctissimi
445 1607 581 1641 Domini
592 1608 697 1641 nostri
714 1600 821 1652 Papae
838 1618 1009 1641 cursorem.

594 1732 720 1765 CXXXI.

294 1790 505 1838 Confirmatio
531 1794 718 1828 litterarum
743 1795 916 1830 Clementis
951 1795 1035 1830 VIII

336 1848 374 1882 de
397 1849 503 1892 fornici
527 1848 685 1882 servanda
705 1849 742 1882 in
767 1849 917 1882 electione
940 1859 1033 1893 qene-

336 1902 429 1943 ralz's,
451 1902 681 1946 praesidentia
710 1906 776 1943 eto„
803 1902 1032 1946 Congyrcqatio-

336 1957 389 1990 nis
413 1956 444 1990 S.
470 1956 606 1989 Ioannis
631 1956 847 1999 evanyetistae
868 1956 900 1988 in
917 1956 1033 1989 Portu-

337 2009 471 2053 grallia‘.

496 2062 633 2090 Urbanus
654 2062 733 2096 Papa
753 2062 829 2096 VIII,

416 2107 453 2134 ad
472 2110 649 2141 perpetuam
668 2107 713 2134 rei
728 2106 908 2134 memoriam.

338 2160 390 2203 §l
403 2160 485 2193 Alias
499 2170 516 2192 a
528 2160 627 2192 felicis
640 2159 867 2194 recordationis
876 2159 1033 2193 Clemente

296 2213 377 2256 Papa
392 2214 455 2247 VIII
469 2214 712 2258 praedecessore
726 2219 834 2247 nostro
847 2219 1034 2247 emanarunt

297 2266 415 2300 litterae
431 2268 548 2302 tenoris
564 2268 783 2312 subsequentis
799 2267 957 2301 videlicet:

473 2330 617 2364 Clemens
641 2331 737 2375 Papa
759 2330 852 2373 VIII,

384 2382 427 2415 act
446 2388 636 2428 perpetuam
664 2385 713 2418 rei
737 2385 939 2418 memoriani.

339 2446 374 2478 In
397 2445 544 2481 eminenti
568 2447 655 2481 Sedis
678 2447 875 2492 Apostolicae
905 2449 1032 2493 specula

295 2497 400 2531 divina
416 2498 617 2542 dispositione
632 2501 802 2542 constituti,
820 2501 863 2535 sie
883 2502 1032 2546 pastorali

294 2557 403 2586 nostro
425 2553 548 2586 muneri
571 2554 744 2597 invigilare,
764 2565 800 2589 ac
824 2556 862 2588 de
886 2566 1033 2600 persona-

329 2623 343 2649 1
361 2622 442 2650 Deest
455 2623 518 2650 anni
532 2623 658 2651 iudicatio
673 2625 710 2659 (n.
727 2629 775 2659 τ.).

330 2667 346 2694 2
366 2667 404 2694 Ex
419 2667 527 2703 Regest.
553 2667 579 2695 in
594 2668 694 2696 secret.
712 2668 790 2698 BreV.

1708 249 1766 282 311
1819 261 1867 285 An.
1889 259 2002 286 ‹:.1625

1062 318 1132 340 rum
1145 307 1330 351 praesertim
1341 307 1622 340 ecclesiasticarum
1636 312 1717 340 statu
1734 318 1804 351 pro·
1819 327 1859 346 ῳ...
1898 322 2002 346 „ra-:iau

1064 371 1153 404 spere
1178 360 1343 405 dirigendo
1368 361 1507 404 cogitare
1531 364 1684 403 tenemur,
1702 365 1735 393 ut
1752 360 1804 393 vil·
1819 349 2003 403 {.⁰0'¹„'2t„‘²L-'33¹t‡'.21

1064 414 1217 448 licationis
1241 420 1365 448 nostrae
1386 420 1470 448 recte
1494 414 1648 448 rationem
1672 414 1805 447 reddere
1819 400 2003 448 ffssssi‘i·¹i‚'i⁹11r.h“¹⁰³

1064 467 1232 500 valcamus.
1258 468 1363 511 Nuper
1388 467 1542 511 siquidem
1572 467 1749 512 accepimus
1773 467 1805 500 in

1065 520 1312 563 Congregatione
1326 520 1354 553 S.
1369 521 1492 554 Ioannis
1511 521 1729 564 evangelistae,
1746 521 1804 554 suh

1066 572 1175 605 habitu
1189 577 1218 604 et
1235 572 1345 615 regula
1362 573 1620 616 Congrcgationis
1633 574 1661 607 S.
1679 573 1805 617 Georgii

1066 625 1098 658 in
1114 626 1191 669 Aiga
1205 625 1416 666 Venefiarum,
1433 626 1465 658 in
1480 637 1579 669 regno
1597 627 1807 670 Portugalliae

1066 678 1218 721 instituta,
1235 680 1274 712 ab
1296 679 1394 724 ipsius
1413 679 1478 713 fere
1496 680 1685 713 fundationis
1706 681 1805 722 initio,

1066 733 1114 766 vel
1130 733 1239 767 saltem
1253 743 1271 766 a
1284 738 1409 767 eentum
1423 734 1650 778 quinquaginta
1663 734 1761 775 annis,
1776 735 1806 767 in

1066 787 1222 830 generalis
1239 791 1268 820 et
1283 787 1418 821 aliorum
1435 787 1533 831 ipsius
1549 787 1806 831 Congregationis

1066 845 1226 874 rectorum
1252 840 1405 874 electione
1434 840 1691 874 constitutionum
1724 840 1806 874 illius

1066 894 1217 935 formam,
1243 904 1304 937 qua
1334 893 1516 927 huiusmodi
1540 893 1725 927 electionem
1751 905 1807 937 per

1067 952 1186 981 secreta
1211 947 1360 991 suffragia
1384 948 1524 981 omnium
1549 947 1711 992 ipsiusmet
1729 947 1807 981 Con-

1066 1001 1258 1044 gregationis
1290 1001 1519 1043 sacerdotum,
1548 1001 1601 1045 qui
1634 1001 1665 1034 in
1697 1001 1806 1034 eadem

1066 1054 1315 1097 Congregatione
1344 1065 1397 1087 sex
1421 1064 1520 1087 annos
1544 1054 1807 1098 complevissent,

1066 1106 1135 1139 sieri
1152 1107 1266 1140 debere
1279 1107 1466 1152 disponitur,
1483 1107 1680 1142 observatam
1700 1108 1807 1148 suisse;

1066 1161 1200 1205 indeque
1214 1161 1395 1194 continuam
1409 1171 1530 1205 pacem,
1548 1161 1806 1206 tranquillitatem

1066 1219 1096 1247 et
1120 1218 1241 1247 rectum
1266 1214 1297 1247 in
1322 1214 1389 1258 ipsa
1413 1214 1664 1258 Congregatione
1688 1215 1807 1258 guber-

1065 1267 1154 1300 nium
1179 1273 1397 1301 conservatum
1422 1268 1576 1301 extitisse:
1601 1279 1681 1312 quae
1706 1269 1808 1301 forma

1066 1321 1238 1362 electionis,
1258 1321 1283 1354 si
1303 1321 1499 1365 Apostolicae
1517 1321 1604 1355 Sedis
1621 1321 1807 1355 auctoritate

1065 1379 1217 1418 perpetuo
1242 1374 1495 1415 confirmaretur,
1521 1374 1685 1407 uberiores
1710 1374 1809 1418 quoti-

1066 1427 1115 1460 die
1147 1427 1267 1462 sructus
1298 1433 1445 1472 pareret,
1481 1438 1516 1461 ac
1548 1428 1619 1461 inde
1650 1428 1746 1472 quieti
1779 1433 1808 1461 et

1065 1481 1281 1525 tranquillitati
1291 1481 1468 1526 praedictae
1478 1481 1736 1524 Congregationis
1746 1491 1809 1514 me-

1066 1534 1126 1567 lius
1143 1535 1370 1568 consuleretur.
1384 1535 1447 1569 Nos
1461 1534 1575 1579 itaque,
1586 1535 1667 1568 felici
1683 1535 1808 1579 praedi—

1066 1592 1132 1620 ctae
1150 1587 1409 1630 Congregationis
1427 1588 1656 1622 conservationi
1667 1593 1697 1621 et
1712 1588 1809 1621 incre-

1067 1646 1183 1681 mento,
1202 1646 1355 1685 quantum
1380 1651 1452 1674 cum
1476 1641 1610 1674 Domino
1630 1652 1808 1685 possumuS,

1066 1694 1201 1737 benigne
1216 1694 1400 1738 prospicere
1417 1695 1566 1735 volentes,
1581 1705 1645 1728 non
1655 1695 1693 1727 ad
1710 1695 1810 1739 ipsius

1066 1747 1336 1790 Congregationis,
1352 1752 1405 1780 aut
1422 1748 1556 1781 aliorum
1574 1758 1634 1792 pro
1651 1748 1695 1781 eis
1718 1748 1809 1781 nobis

1067 1811 1162 1845 super
1174 1801 1235 1835 hoe
1251 1801 1373 1835 oblatae
1384 1801 1544 1846 petitionis
1558 1801 1747 1843 instantiam,
1756 1802 1809 1835 sed

1067 1865 1103 1888 ex
1128 1854 1212 1888 certa
1237 1855 1383 1897 scientia,
1408 1857 1560 1899 moraque
1585 1855 1810 1889 deliberatione

1066 1910 1192 1950 nostris,
1213 1910 1346 1944 formam
1371 1910 1534 1943 electionis
1555 1910 1749 1954 praedictam
1774 1921 1810 1944 ac

1067 1974 1135 1997 eam
1161 1964 1382 1997 concernentia
1406 1968 1520 1997 statuta
1544 1968 1574 1996 et
1598 1963 1811 1998 ordinationes

1066 2017 1166 2061 ipsius
1190 2017 1449 2060 Congregationis
1473 2017 1671 2058 nominatim,
1689 2021 1810 2061 aposto-

1066 2071 1127 2104 lica
1141 2070 1334 2111 auctoritate,
1347 2075 1455 2104 tenore
1468 2070 1692 2115 praesentium,
1701 2081 1811 2115 perpe-

1066 2129 1120 2158 tuo
1141 2124 1365 2158 confirmamus
1386 2129 1416 2157 et
1439 2124 1665 2168 approbamus,
1686 2123 1811 2168 illisque

1066 2182 1237 2222 perpetuae
1252 2182 1283 2211 et
1298 2177 1487 2211 inviolabilis
1503 2177 1695 2222 apostolicae
1712 2177 1810 2212 firmi-

1067 2231 1137 2264 tatis
1162 2231 1262 2264 robur
1285 2230 1459 2272 adiicimus,
1477 2241 1512 2264 ac
1536 2241 1645 2265 omnes
1662 2236 1693 2265 et
1708 2232 1811 2276 singu-

1066 2286 1112 2319 los
1138 2290 1200 2318 tam
1225 2285 1303 2318 iuris
1327 2295 1421 2329 quam
1444 2285 1518 2319 sacti
1541 2285 1689 2327 defectus,
1707 2286 1732 2319 si
1757 2286 1811 2330 qui

1067 2339 1098 2372 in
1114 2339 1232 2373 eisdem
1246 2338 1481 2381 intervenerint,
1491 2340 1684 2384 supplemus.
1699 2340 1811 2374 Decer-

1066 2398 1174 2426 nentes
1191 2403 1227 2426 ea
1244 2396 1398 2437 perpetuo
1414 2392 1627 2435 observanda,
1646 2404 1681 2428 ac
1698 2394 1810 2435 valida,

1066 2447 1159 2480 firma
1183 2451 1213 2480 et
1238 2446 1375 2480 efficacia
1400 2447 1467 2480 sore
1487 2452 1517 2480 et
1537 2457 1618 2488 esse3
1639 2448 1748 2492 sicque
1772 2448 1810 2480 ab

1066 2500 1214 2534 omnibus
1237 2501 1370 2541 censeri,
1393 2505 1423 2533 et
1447 2500 1489 2533 ita
1512 2511 1570 2544 per
1594 2511 1811 2545 quoscumque

1066 2554 1164 2598 ipsius
1194 2553 1453 2597 Congregationis
1484 2554 1641 2598 praelatos
1673 2559 1704 2587 et
1733 2555 1812 2588 alios

1066 2607 1186 2641 iudices
1218 2607 1395 2640 ordinarios
1427 2612 1457 2640 et
1487 2607 1664 2650 delegatos,
1688 2607 1810 2641 sublata

1068 2661 1112 2694 eis
1136 2665 1165 2694 et
1189 2670 1299 2694 eorum
1333 2660 1462 2694 cuilibet
1485 2661 1594 2704 quavis
1620 2661 1709 2695 aliter
1735 2661 1811 2696 iudi-
