<?xml version="1.0" encoding="UTF-8"?>
<!DOCTYPE html PUBLIC "-//W3C//DTD XHTML 1.0 Transitional//EN"
    "http://www.w3.org/TR/xhtml1/DTD/xhtml1-transitional.dtd">
<html xmlns="http://www.w3.org/1999/xhtml" xml:lang="en" lang="en">
 <head>
  <title>
</title>
<meta http-equiv="Content-Type" content="text/html;charset=utf-8" />
  <meta name='ocr-system' content='tesseract 3.04.00' />
  <meta name='ocr-capabilities' content='ocr_page ocr_carea ocr_par ocr_line ocrx_word'/>
</head>
<body>
  <div class='ocr_page' id='page_1' title='image "./bullarumdiplomat13cath_0124.png"; bbox 0 0 2269 3235; ppageno 0'>
   <div class='ocr_carea' id='block_1_1' title="bbox 223 281 2142 594">
    <p class='ocr_par' dir='ltr' id='par_1_1' title="bbox 223 281 2142 594">
     <span class='ocr_line' id='line_1_1' title="bbox 223 281 1362 318; baseline -0.006 0"><span class='ocrx_word' id='word_1_1' title='bbox 223 290 310 318; x_wconf 52' lang='lat' dir='ltr'>Aac.</span> <span class='ocrx_word' id='word_1_2' title='bbox 334 290 402 318; x_wconf 76' lang='lat'><strong>¹623</strong></span> <span class='ocrx_word' id='word_1_3' title='bbox 451 281 493 314; x_wconf 76' lang='lat'>88</span> <span class='ocrx_word' id='word_1_4' title='bbox 1006 287 1183 312; x_wconf 64' lang='lat' dir='ltr'>nutrimini</span> <span class='ocrx_word' id='word_1_5' title='bbox 1207 287 1362 312; x_wconf 68' lang='lat' dir='ltr'>normann</span> 
     </span>
     <span class='ocr_line' id='line_1_2' title="bbox 423 333 1942 381; baseline -0.005 -9"><span class='ocrx_word' id='word_1_6' title='bbox 423 344 453 372; x_wconf 89' lang='lat' dir='ltr'>ct.</span> <span class='ocrx_word' id='word_1_7' title='bbox 470 338 659 381; x_wconf 77' lang='lat' dir='ltr'>originariae</span> <span class='ocrx_word' id='word_1_8' title='bbox 675 338 743 371; x_wconf 84' lang='lat' dir='ltr'>aliis</span> <span class='ocrx_word' id='word_1_9' title='bbox 760 341 952 381; x_wconf 84' lang='lat' dir='ltr'>competunt,</span> <span class='ocrx_word' id='word_1_10' title='bbox 970 347 1028 380; x_wconf 87' lang='lat' dir='ltr'>pro</span> <span class='ocrx_word' id='word_1_11' title='bbox 1047 336 1165 369; x_wconf 89' lang='lat' dir='ltr'>eisdem</span> <span class='ocrx_word' id='word_1_12' title='bbox 1199 335 1260 369; x_wconf 91' lang='lat' dir='ltr'>illis</span> <span class='ocrx_word' id='word_1_13' title='bbox 1292 335 1455 378; x_wconf 77' lang='lat' dir='ltr'>geniturae</span> <span class='ocrx_word' id='word_1_14' title='bbox 1482 333 1662 367; x_wconf 89' lang='lat' dir='ltr'>huiusmodi</span> <span class='ocrx_word' id='word_1_15' title='bbox 1690 333 1845 367; x_wconf 83' lang='lat' dir='ltr'>maculam</span> <span class='ocrx_word' id='word_1_16' title='bbox 1877 333 1942 367; x_wconf 87' lang='lat' dir='ltr'>sive</span> 
     </span>
     <span class='ocr_line' id='line_1_3' title="bbox 424 385 1942 435; baseline -0.003 -10"><span class='ocrx_word' id='word_1_17' title='bbox 424 392 573 435; x_wconf 78' lang='lat' dir='ltr'>dapiferis</span> <span class='ocrx_word' id='word_1_18' title='bbox 598 392 627 424; x_wconf 91' lang='lat' dir='ltr'>in</span> <span class='ocrx_word' id='word_1_19' title='bbox 652 391 754 435; x_wconf 80' lang='lat' dir='ltr'>specie</span> <span class='ocrx_word' id='word_1_20' title='bbox 781 394 979 423; x_wconf 69' lang='lat' dir='ltr'>emanassent</span> <span class='ocrx_word' id='word_1_21' title='bbox 1003 400 1057 422; x_wconf 77' lang='lat' dir='ltr'>seu</span> <span class='ocrx_word' id='word_1_22' title='bbox 1082 400 1166 422; x_wconf 79' lang='lat' dir='ltr'>ema-</span> <span class='ocrx_word' id='word_1_23' title='bbox 1199 393 1305 421; x_wconf 87' lang='lat' dir='ltr'>notam</span> <span class='ocrx_word' id='word_1_24' title='bbox 1325 387 1535 430; x_wconf 77' lang='lat' dir='ltr'>abstergimus</span> <span class='ocrx_word' id='word_1_25' title='bbox 1559 389 1589 420; x_wconf 88' lang='lat' dir='ltr'>et</span> <span class='ocrx_word' id='word_1_26' title='bbox 1612 385 1785 428; x_wconf 76' lang='lat' dir='ltr'>abolemus,</span> <span class='ocrx_word' id='word_1_27' title='bbox 1801 397 1838 421; x_wconf 88' lang='lat' dir='ltr'>ac</span> <span class='ocrx_word' id='word_1_28' title='bbox 1857 391 1942 421; x_wconf 86' lang='lat' dir='ltr'>nata-</span> 
     </span>
     <span class='ocr_line' id='line_1_4' title="bbox 424 441 1509 485; baseline -0.004 -8"><span class='ocrx_word' id='word_1_29' title='bbox 424 450 543 485; x_wconf 80' lang='lat' dir='ltr'>narent,</span> <span class='ocrx_word' id='word_1_30' title='bbox 561 450 588 477; x_wconf 88' lang='lat' dir='ltr'>et</span> <span class='ocrx_word' id='word_1_31' title='bbox 611 445 656 476; x_wconf 82' lang='lat' dir='ltr'>eis</span> <span class='ocrx_word' id='word_1_32' title='bbox 681 443 864 476; x_wconf 86' lang='lat' dir='ltr'>naturaliter</span> <span class='ocrx_word' id='word_1_33' title='bbox 885 442 923 475; x_wconf 87' lang='lat' dir='ltr'>dc</span> <span class='ocrx_word' id='word_1_34' title='bbox 943 442 1021 481; x_wconf 90' lang='lat' dir='ltr'>iure,</span> <span class='ocrx_word' id='word_1_35' title='bbox 1041 447 1165 484; x_wconf 82' lang='lat' dir='ltr'>statuto,</span> <span class='ocrx_word' id='word_1_36' title='bbox 1201 441 1281 475; x_wconf 88' lang='lat' dir='ltr'>libus</span> <span class='ocrx_word' id='word_1_37' title='bbox 1305 442 1509 475; x_wconf 76' lang='lat' dir='ltr'>restituimus.</span> 
     </span>
     <span class='ocr_line' id='line_1_5' title="bbox 424 491 2142 538; baseline -0.003 -8"><span class='ocrx_word' id='word_1_38' title='bbox 424 497 663 536; x_wconf 85' lang='lat' dir='ltr'>consuetudine,</span> <span class='ocrx_word' id='word_1_39' title='bbox 689 496 884 538; x_wconf 73' lang='lat' dir='ltr'>fundatione,</span> <span class='ocrx_word' id='word_1_40' title='bbox 910 496 957 528; x_wconf 75' lang='lat' dir='ltr'>rel</span> <span class='ocrx_word' id='word_1_41' title='bbox 980 495 1056 528; x_wconf 79' lang='lat' dir='ltr'>alias</span> <span class='ocrx_word' id='word_1_42' title='bbox 1080 505 1167 528; x_wconf 89' lang='lat' dir='ltr'>com·</span> <span class='ocrx_word' id='word_1_43' title='bbox 1245 495 1259 537; x_wconf 65' lang='grc' dir='ltr'>ξ</span> <span class='ocrx_word' id='word_1_44' title='bbox 1283 494 1312 527; x_wconf 77' lang='lat'>8.</span> <span class='ocrx_word' id='word_1_45' title='bbox 1333 495 1376 527; x_wconf 82' lang='lat' dir='ltr'>Ac</span> <span class='ocrx_word' id='word_1_46' title='bbox 1397 505 1469 527; x_wconf 91' lang='lat' dir='ltr'>cum</span> <span class='ocrx_word' id='word_1_47' title='bbox 1486 503 1597 527; x_wconf 88' lang='lat' dir='ltr'>eorum</span> <span class='ocrx_word' id='word_1_48' title='bbox 1618 491 1760 536; x_wconf 73' lang='lat' dir='ltr'>singuliS,</span> <span class='ocrx_word' id='word_1_49' title='bbox 1776 496 1811 525; x_wconf 89' lang='lat' dir='ltr'>ut</span> <span class='ocrx_word' id='word_1_50' title='bbox 1829 491 1862 525; x_wconf 90' lang='lat' dir='ltr'>in</span> <span class='ocrx_word' id='word_1_51' title='bbox 1877 492 1943 537; x_wconf 86' lang='lat' dir='ltr'>qui·</span> <span class='ocrx_word' id='word_1_52' title='bbox 1986 505 2142 525; x_wconf 63' lang='lat' dir='ltr'>nasucemio.</span> 
     </span>
     <span class='ocr_line' id='line_1_6' title="bbox 424 531 2142 594; baseline -0.003 -11"><span class='ocrx_word' id='word_1_53' title='bbox 424 556 586 594; x_wconf 84' lang='lat' dir='ltr'>peterent,</span> <span class='ocrx_word' id='word_1_54' title='bbox 613 549 796 582; x_wconf 87' lang='lat' dir='ltr'>earumdem</span> <span class='ocrx_word' id='word_1_55' title='bbox 822 554 929 583; x_wconf 88' lang='lat' dir='ltr'>tenore</span> <span class='ocrx_word' id='word_1_56' title='bbox 953 548 1165 592; x_wconf 90' lang='lat' dir='ltr'>praesentium</span> <span class='ocrx_word' id='word_1_57' title='bbox 1199 547 1395 591; x_wconf 84' lang='lat' dir='ltr'>buscumque</span> <span class='ocrx_word' id='word_1_58' title='bbox 1418 547 1509 580; x_wconf 86' lang='lat' dir='ltr'>bonis</span> <span class='ocrx_word' id='word_1_59' title='bbox 1533 545 1672 591; x_wconf 88' lang='lat' dir='ltr'>paternis</span> <span class='ocrx_word' id='word_1_60' title='bbox 1690 550 1720 578; x_wconf 89' lang='lat' dir='ltr'>et</span> <span class='ocrx_word' id='word_1_61' title='bbox 1736 545 1895 587; x_wconf 73' lang='lat' dir='ltr'>maternis,</span> <span class='ocrx_word' id='word_1_62' title='bbox 1912 550 1943 579; x_wconf 88' lang='lat' dir='ltr'>et</span> <span class='ocrx_word' id='word_1_63' title='bbox 1957 531 2142 579; x_wconf 53' lang='lat' dir='ltr'>iiiii&#39;neshssf&#39;ftii‘ss</span> 
     </span>
    </p>
   </div>
   <div class='ocr_carea' id='block_1_2' title="bbox 1201 587 2004 643">
    <p class='ocr_par' dir='ltr' id='par_1_2' title="bbox 1201 587 2004 643">
     <span class='ocr_line' id='line_1_7' title="bbox 1201 587 2004 643; baseline 0 -10"><span class='ocrx_word' id='word_1_64' title='bbox 1201 601 1335 634; x_wconf 88' lang='lat' dir='ltr'>aliorum</span> <span class='ocrx_word' id='word_1_65' title='bbox 1368 600 1675 643; x_wconf 79' lang='lat' dir='ltr'>consanguineorum</span> <span class='ocrx_word' id='word_1_66' title='bbox 1707 609 1763 632; x_wconf 86' lang='lat' dir='ltr'>seu</span> <span class='ocrx_word' id='word_1_67' title='bbox 1794 587 2004 643; x_wconf 75' lang='lat' dir='ltr'>cognato-¹⁰‘³</span> 
     </span>
    </p>
   </div>
   <div class='ocr_carea' id='block_1_3' title="bbox 1957 283 2139 312">
    <p class='ocr_par' dir='ltr' id='par_1_3' title="bbox 1957 283 2139 312">
     <span class='ocr_line' id='line_1_8' title="bbox 1957 283 2139 312; baseline 0.011 -2"><span class='ocrx_word' id='word_1_68' title='bbox 1957 283 2048 311; x_wconf 62' lang='lat' dir='ltr'>amc.</span> <span class='ocrx_word' id='word_1_69' title='bbox 2069 283 2139 312; x_wconf 71' lang='lat'>1623</span> 
     </span>
    </p>
   </div>
   <div class='ocr_carea' id='block_1_4' title="bbox 425 603 635 646">
    <p class='ocr_par' dir='ltr' id='par_1_4' title="bbox 425 603 635 646">
     <span class='ocr_line' id='line_1_9' title="bbox 425 603 635 646; baseline 0 -10"><span class='ocrx_word' id='word_1_70' title='bbox 425 603 635 646; x_wconf 80' lang='lat' dir='ltr'>indulgemus.</span> 
     </span>
    </p>
   </div>
   <div class='ocr_carea' id='block_1_5' title="bbox 253 672 409 692">
    <p class='ocr_par' dir='ltr' id='par_1_5' title="bbox 253 672 409 692">
     <span class='ocr_line' id='line_1_10' title="bbox 253 672 409 692; baseline -0.013 0"><span class='ocrx_word' id='word_1_71' title='bbox 253 672 374 692; x_wconf 69' lang='lat' dir='ltr'>Exunuutur</span> <span class='ocrx_word' id='word_1_72' title='bbox 398 677 409 691; x_wconf 82' lang='lat' dir='ltr'>a</span> 
     </span>
    </p>
   </div>
   <div class='ocr_carea' id='block_1_6' title="bbox 226 700 410 746">
    <p class='ocr_par' dir='ltr' id='par_1_6' title="bbox 226 700 410 746">
     <span class='ocr_line' id='line_1_11' title="bbox 226 700 410 718; baseline -0.005 0"><span class='ocrx_word' id='word_1_73' title='bbox 226 700 329 718; x_wconf 69' lang='lat' dir='ltr'>solutioni·</span> <span class='ocrx_word' id='word_1_74' title='bbox 355 704 392 718; x_wconf 67' lang='lat' dir='ltr'>tri·</span> <span class='ocrx_word' id='word_1_75' title='bbox 404 709 410 713; x_wconf 85' lang='lat'><em>-</em></span> 
     </span>
     <span class='ocr_line' id='line_1_12' title="bbox 227 731 313 746; baseline -0.012 0"><span class='ocrx_word' id='word_1_76' title='bbox 227 731 313 746; x_wconf 69' lang='lat' dir='ltr'>nmium.</span> 
     </span>
    </p>
   </div>
   <div class='ocr_carea' id='block_1_7' title="bbox 227 1256 412 1363">
    <p class='ocr_par' dir='ltr' id='par_1_7' title="bbox 227 1256 412 1363">
     <span class='ocr_line' id='line_1_13' title="bbox 246 1256 411 1277; baseline -0.006 0"><span class='ocrx_word' id='word_1_77' title='bbox 246 1257 280 1277; x_wconf 79' lang='lat' dir='ltr'>Eis</span> <span class='ocrx_word' id='word_1_78' title='bbox 291 1256 411 1276; x_wconf 79' lang='lat' dir='ltr'>condonan-</span> 
     </span>
     <span class='ocr_line' id='line_1_14' title="bbox 227 1283 412 1304; baseline 0.005 -1"><span class='ocrx_word' id='word_1_79' title='bbox 227 1285 260 1303; x_wconf 86' lang='lat' dir='ltr'>tur</span> <span class='ocrx_word' id='word_1_80' title='bbox 279 1283 357 1304; x_wconf 82' lang='lat' dir='ltr'>fructus</span> <span class='ocrx_word' id='word_1_81' title='bbox 379 1289 412 1304; x_wconf 76' lang='lat' dir='ltr'>ec·</span> 
     </span>
     <span class='ocr_line' id='line_1_15' title="bbox 228 1310 412 1332; baseline 0.016 -3"><span class='ocrx_word' id='word_1_82' title='bbox 228 1310 342 1330; x_wconf 67' lang='lat' dir='ltr'>clesiastici</span> <span class='ocrx_word' id='word_1_83' title='bbox 359 1311 412 1332; x_wconf 74' lang='lat' dir='ltr'>malo</span> 
     </span>
     <span class='ocr_line' id='line_1_16' title="bbox 228 1339 331 1363; baseline 0.01 -8"><span class='ocrx_word' id='word_1_84' title='bbox 228 1339 331 1363; x_wconf 60' lang='lat' dir='ltr'>percepti.</span> 
     </span>
    </p>
   </div>
   <div class='ocr_carea' id='block_1_8' title="bbox 229 1684 415 1816">
    <p class='ocr_par' dir='ltr' id='par_1_8' title="bbox 229 1684 415 1816">
     <span class='ocr_line' id='line_1_17' title="bbox 257 1684 413 1709; baseline 0 -6"><span class='ocrx_word' id='word_1_85' title='bbox 257 1684 282 1704; x_wconf 80' lang='lat' dir='ltr'>Et</span> <span class='ocrx_word' id='word_1_86' title='bbox 293 1689 303 1703; x_wconf 80' lang='lat' dir='ltr'>a</span> <span class='ocrx_word' id='word_1_87' title='bbox 314 1689 413 1709; x_wconf 78' lang='lat' dir='ltr'>quacum-</span> 
     </span>
     <span class='ocr_line' id='line_1_18' title="bbox 229 1710 413 1736; baseline -0.005 -6"><span class='ocrx_word' id='word_1_88' title='bbox 229 1716 270 1736; x_wconf 78' lang='lat' dir='ltr'>que</span> <span class='ocrx_word' id='word_1_89' title='bbox 280 1710 413 1730; x_wconf 72' lang='lat' dir='ltr'>inhabilitate</span> 
     </span>
     <span class='ocr_line' id='line_1_19' title="bbox 230 1737 414 1757; baseline -0.005 0"><span class='ocrx_word' id='word_1_90' title='bbox 230 1737 256 1757; x_wconf 75' lang='lat' dir='ltr'>ad</span> <span class='ocrx_word' id='word_1_91' title='bbox 271 1742 343 1757; x_wconf 69' lang='lat' dir='ltr'>sacros</span> <span class='ocrx_word' id='word_1_92' title='bbox 358 1737 414 1757; x_wconf 80' lang='lat' dir='ltr'>ordi·</span> 
     </span>
     <span class='ocr_line' id='line_1_20' title="bbox 229 1763 414 1789; baseline -0.005 -5"><span class='ocrx_word' id='word_1_93' title='bbox 229 1769 266 1784; x_wconf 73' lang='lat' dir='ltr'>nes</span> <span class='ocrx_word' id='word_1_94' title='bbox 299 1763 414 1789; x_wconf 77' lang='lat' dir='ltr'>suscipien-</span> 
     </span>
     <span class='ocr_line' id='line_1_21' title="bbox 230 1790 415 1816; baseline 0 -6"><span class='ocrx_word' id='word_1_95' title='bbox 230 1791 268 1810; x_wconf 83' lang='lat' dir='ltr'>dos</span> <span class='ocrx_word' id='word_1_96' title='bbox 291 1790 415 1816; x_wconf 78' lang='lat' dir='ltr'>dispensan-</span> 
     </span>
    </p>
   </div>
   <div class='ocr_carea' id='block_1_9' title="bbox 233 2378 418 2480">
    <p class='ocr_par' dir='ltr' id='par_1_9' title="bbox 233 2378 418 2480">
     <span class='ocr_line' id='line_1_22' title="bbox 274 2378 418 2398; baseline -0.007 0"><span class='ocrx_word' id='word_1_97' title='bbox 274 2378 358 2398; x_wconf 75' lang='lat' dir='ltr'>Necnon</span> <span class='ocrx_word' id='word_1_98' title='bbox 381 2383 418 2397; x_wconf 79' lang='lat' dir='ltr'>su-</span> 
     </span>
     <span class='ocr_line' id='line_1_23' title="bbox 233 2404 418 2432; baseline -0.016 -6"><span class='ocrx_word' id='word_1_99' title='bbox 233 2410 272 2432; x_wconf 77' lang='lat' dir='ltr'>per</span> <span class='ocrx_word' id='word_1_100' title='bbox 283 2404 418 2430; x_wconf 68' lang='lat' dir='ltr'>illegitimita-</span> 
     </span>
     <span class='ocr_line' id='line_1_24' title="bbox 235 2432 418 2457; baseline -0.011 -5"><span class='ocrx_word' id='word_1_101' title='bbox 235 2435 267 2454; x_wconf 74' lang='grc' dir='ltr'>ιθ,</span> <span class='ocrx_word' id='word_1_102' title='bbox 281 2432 366 2457; x_wconf 76' lang='lat' dir='ltr'>alioque</span> <span class='ocrx_word' id='word_1_103' title='bbox 382 2436 418 2450; x_wconf 78' lang='lat' dir='ltr'>na-</span> 
     </span>
     <span class='ocr_line' id='line_1_25' title="bbox 235 2457 418 2480; baseline -0.011 0"><span class='ocrx_word' id='word_1_104' title='bbox 235 2459 308 2480; x_wconf 79' lang='lat' dir='ltr'>tatium</span> <span class='ocrx_word' id='word_1_105' title='bbox 327 2457 418 2478; x_wconf 78' lang='lat' dir='ltr'>defectu.</span> 
     </span>
    </p>
   </div>
   <div class='ocr_carea' id='block_1_10' title="bbox 424 654 1179 2678">
    <p class='ocr_par' dir='ltr' id='par_1_10' title="bbox 424 654 1171 1222">
     <span class='ocr_line' id='line_1_26' title="bbox 469 654 1167 700; baseline -0.001 -12"><span class='ocrx_word' id='word_1_106' title='bbox 469 656 484 699; x_wconf 80' lang='lat'>§</span> <span class='ocrx_word' id='word_1_107' title='bbox 509 655 538 688; x_wconf 71' lang='grc'>4.</span> <span class='ocrx_word' id='word_1_108' title='bbox 563 657 606 689; x_wconf 85' lang='lat' dir='ltr'>Ac</span> <span class='ocrx_word' id='word_1_109' title='bbox 636 655 776 698; x_wconf 78' lang='lat' dir='ltr'>singulos</span> <span class='ocrx_word' id='word_1_110' title='bbox 803 655 960 700; x_wconf 83' lang='lat' dir='ltr'>dapiferos</span> <span class='ocrx_word' id='word_1_111' title='bbox 990 654 1167 698; x_wconf 85' lang='lat' dir='ltr'>praedictos</span> 
     </span>
     <span class='ocr_line' id='line_1_27' title="bbox 425 708 1168 743; baseline -0.001 -2"><span class='ocrx_word' id='word_1_112' title='bbox 425 719 442 741; x_wconf 92' lang='lat' dir='ltr'>a</span> <span class='ocrx_word' id='word_1_113' title='bbox 459 708 614 742; x_wconf 82' lang='lat' dir='ltr'>solutione</span> <span class='ocrx_word' id='word_1_114' title='bbox 631 714 661 741; x_wconf 89' lang='lat' dir='ltr'>et</span> <span class='ocrx_word' id='word_1_115' title='bbox 679 709 840 743; x_wconf 82' lang='lat' dir='ltr'>exactione</span> <span class='ocrx_word' id='word_1_116' title='bbox 858 708 1053 741; x_wconf 86' lang='lat' dir='ltr'>decimarum</span> <span class='ocrx_word' id='word_1_117' title='bbox 1070 708 1168 741; x_wconf 88' lang='lat' dir='ltr'>eccle-</span> 
     </span>
     <span class='ocr_line' id='line_1_28' title="bbox 425 762 1168 806; baseline -0.004 -10"><span class='ocrx_word' id='word_1_118' title='bbox 425 762 622 796; x_wconf 86' lang='lat' dir='ltr'>siasticarum</span> <span class='ocrx_word' id='word_1_119' title='bbox 640 762 757 806; x_wconf 88' lang='lat' dir='ltr'>ubique</span> <span class='ocrx_word' id='word_1_120' title='bbox 771 763 915 796; x_wconf 88' lang='lat' dir='ltr'>locorum</span> <span class='ocrx_word' id='word_1_121' title='bbox 929 766 959 795; x_wconf 92' lang='lat' dir='ltr'>et</span> <span class='ocrx_word' id='word_1_122' title='bbox 971 772 1007 794; x_wconf 87' lang='lat' dir='ltr'>ex</span> <span class='ocrx_word' id='word_1_123' title='bbox 1020 771 1168 805; x_wconf 83' lang='lat' dir='ltr'>quacum-</span> 
     </span>
     <span class='ocr_line' id='line_1_29' title="bbox 425 813 1169 859; baseline -0.003 -11"><span class='ocrx_word' id='word_1_124' title='bbox 425 826 486 859; x_wconf 85' lang='lat' dir='ltr'>que</span> <span class='ocrx_word' id='word_1_125' title='bbox 506 815 705 859; x_wconf 87' lang='lat' dir='ltr'>quantumvis</span> <span class='ocrx_word' id='word_1_126' title='bbox 722 815 946 859; x_wconf 81' lang='lat' dir='ltr'>urgentissima</span> <span class='ocrx_word' id='word_1_127' title='bbox 963 820 994 848; x_wconf 90' lang='lat' dir='ltr'>et</span> <span class='ocrx_word' id='word_1_128' title='bbox 1013 813 1169 857; x_wconf 79' lang='lat' dir='ltr'>inexcogi-</span> 
     </span>
     <span class='ocr_line' id='line_1_30' title="bbox 425 867 1167 909; baseline -0.003 -7"><span class='ocrx_word' id='word_1_129' title='bbox 425 869 512 902; x_wconf 91' lang='lat' dir='ltr'>tabili</span> <span class='ocrx_word' id='word_1_130' title='bbox 532 871 624 903; x_wconf 74' lang='lat' dir='ltr'>causa</span> <span class='ocrx_word' id='word_1_131' title='bbox 645 874 674 902; x_wconf 87' lang='lat' dir='ltr'>et</span> <span class='ocrx_word' id='word_1_132' title='bbox 691 869 866 909; x_wconf 83' lang='lat' dir='ltr'>occasione,</span> <span class='ocrx_word' id='word_1_133' title='bbox 883 872 913 902; x_wconf 94' lang='lat' dir='ltr'>et</span> <span class='ocrx_word' id='word_1_134' title='bbox 930 868 969 901; x_wconf 90' lang='lat' dir='ltr'>ad</span> <span class='ocrx_word' id='word_1_135' title='bbox 989 867 1167 901; x_wconf 80' lang='lat' dir='ltr'>instantiam</span> 
     </span>
     <span class='ocr_line' id='line_1_31' title="bbox 425 920 1167 967; baseline -0.005 -11"><span class='ocrx_word' id='word_1_136' title='bbox 425 922 637 967; x_wconf 88' lang='lat' dir='ltr'>imperatoris,</span> <span class='ocrx_word' id='word_1_137' title='bbox 658 932 770 965; x_wconf 81' lang='lat' dir='ltr'>regum</span> <span class='ocrx_word' id='word_1_138' title='bbox 795 926 825 954; x_wconf 90' lang='lat' dir='ltr'>et</span> <span class='ocrx_word' id='word_1_139' title='bbox 849 920 1167 964; x_wconf 85' lang='lat' dir='ltr'>rerumpublicarum,</span> 
     </span>
     <span class='ocr_line' id='line_1_32' title="bbox 425 972 1170 1018; baseline -0.005 -8"><span class='ocrx_word' id='word_1_140' title='bbox 425 977 517 1010; x_wconf 87' lang='lat' dir='ltr'>etiam</span> <span class='ocrx_word' id='word_1_141' title='bbox 531 976 741 1015; x_wconf 84' lang='lat' dir='ltr'>Venetiarum‚</span> <span class='ocrx_word' id='word_1_142' title='bbox 759 978 789 1008; x_wconf 85' lang='lat' dir='ltr'>et</span> <span class='ocrx_word' id='word_1_143' title='bbox 805 983 1079 1018; x_wconf 88' lang='lat' dir='ltr'>quorumcumque</span> <span class='ocrx_word' id='word_1_144' title='bbox 1096 972 1170 1006; x_wconf 92' lang='lat' dir='ltr'>alio-</span> 
     </span>
     <span class='ocr_line' id='line_1_33' title="bbox 424 1026 1169 1073; baseline -0.005 -11"><span class='ocrx_word' id='word_1_145' title='bbox 424 1040 496 1062; x_wconf 89' lang='lat' dir='ltr'>rum</span> <span class='ocrx_word' id='word_1_146' title='bbox 512 1029 703 1073; x_wconf 83' lang='lat' dir='ltr'>principum,</span> <span class='ocrx_word' id='word_1_147' title='bbox 721 1027 942 1071; x_wconf 88' lang='lat' dir='ltr'>impositarum</span> <span class='ocrx_word' id='word_1_148' title='bbox 959 1030 989 1060; x_wconf 88' lang='lat' dir='ltr'>ct</span> <span class='ocrx_word' id='word_1_149' title='bbox 1005 1026 1169 1070; x_wconf 90' lang='lat' dir='ltr'>imponen-</span> 
     </span>
     <span class='ocr_line' id='line_1_34' title="bbox 425 1079 1171 1125; baseline -0.004 -10"><span class='ocrx_word' id='word_1_150' title='bbox 425 1083 536 1115; x_wconf 88' lang='lat' dir='ltr'>darum</span> <span class='ocrx_word' id='word_1_151' title='bbox 564 1086 789 1125; x_wconf 27' lang='lat' dir='ltr'>pro-tempore</span> <span class='ocrx_word' id='word_1_152' title='bbox 813 1080 986 1113; x_wconf 84' lang='lat' dir='ltr'>liberamus</span> <span class='ocrx_word' id='word_1_153' title='bbox 1010 1085 1040 1112; x_wconf 91' lang='lat' dir='ltr'>et</span> <span class='ocrx_word' id='word_1_154' title='bbox 1064 1079 1171 1112; x_wconf 81' lang='lat' dir='ltr'>eximi-</span> 
     </span>
     <span class='ocr_line' id='line_1_35' title="bbox 426 1134 1168 1178; baseline -0.003 -10"><span class='ocrx_word' id='word_1_155' title='bbox 426 1146 507 1176; x_wconf 86' lang='lat' dir='ltr'>mus,</span> <span class='ocrx_word' id='word_1_156' title='bbox 528 1134 708 1178; x_wconf 87' lang='lat' dir='ltr'>liberosque</span> <span class='ocrx_word' id='word_1_157' title='bbox 732 1139 762 1167; x_wconf 89' lang='lat' dir='ltr'>et</span> <span class='ocrx_word' id='word_1_158' title='bbox 786 1139 946 1178; x_wconf 81' lang='lat' dir='ltr'>exemptos</span> <span class='ocrx_word' id='word_1_159' title='bbox 970 1134 1037 1167; x_wconf 88' lang='lat' dir='ltr'>fore</span> <span class='ocrx_word' id='word_1_160' title='bbox 1055 1137 1084 1167; x_wconf 91' lang='lat' dir='ltr'>et</span> <span class='ocrx_word' id='word_1_161' title='bbox 1100 1143 1168 1166; x_wconf 91' lang='lat' dir='ltr'>esse</span> 
     </span>
     <span class='ocr_line' id='line_1_36' title="bbox 426 1188 634 1222; baseline -0.005 0"><span class='ocrx_word' id='word_1_162' title='bbox 426 1188 634 1222; x_wconf 84' lang='lat' dir='ltr'>decernimus.</span> 
     </span>
    </p>

    <p class='ocr_par' dir='ltr' id='par_1_11' title="bbox 428 1240 1173 1660">
     <span class='ocr_line' id='line_1_37' title="bbox 471 1240 1170 1286; baseline -0.004 -11"><span class='ocrx_word' id='word_1_163' title='bbox 471 1243 486 1286; x_wconf 64' lang='lat' dir='ltr'>g</span> <span class='ocrx_word' id='word_1_164' title='bbox 510 1242 539 1275; x_wconf 83' lang='lat'>5.</span> <span class='ocrx_word' id='word_1_165' title='bbox 566 1241 706 1286; x_wconf 89' lang='lat' dir='ltr'>lpsisque</span> <span class='ocrx_word' id='word_1_166' title='bbox 737 1240 888 1284; x_wconf 79' lang='lat' dir='ltr'>dapiferis</span> <span class='ocrx_word' id='word_1_167' title='bbox 920 1240 1051 1283; x_wconf 69' lang='lat' dir='ltr'>singulis</span> <span class='ocrx_word' id='word_1_168' title='bbox 1076 1250 1170 1284; x_wconf 88' lang='lat' dir='ltr'>quos-</span> 
     </span>
     <span class='ocr_line' id='line_1_38' title="bbox 428 1293 1170 1339; baseline -0.004 -11"><span class='ocrx_word' id='word_1_169' title='bbox 428 1306 564 1339; x_wconf 83' lang='lat' dir='ltr'>cumque</span> <span class='ocrx_word' id='word_1_170' title='bbox 596 1295 738 1335; x_wconf 78' lang='lat' dir='ltr'>fructus,</span> <span class='ocrx_word' id='word_1_171' title='bbox 763 1293 903 1327; x_wconf 88' lang='lat' dir='ltr'>redditus</span> <span class='ocrx_word' id='word_1_172' title='bbox 935 1299 965 1327; x_wconf 90' lang='lat' dir='ltr'>et</span> <span class='ocrx_word' id='word_1_173' title='bbox 998 1298 1170 1338; x_wconf 65' lang='lat' dir='ltr'>prorentus</span> 
     </span>
     <span class='ocr_line' id='line_1_39' title="bbox 429 1347 1170 1391; baseline -0.005 -9"><span class='ocrx_word' id='word_1_174' title='bbox 429 1348 677 1389; x_wconf 85' lang='lat' dir='ltr'>ecclesiasticos,</span> <span class='ocrx_word' id='word_1_175' title='bbox 703 1354 766 1380; x_wconf 90' lang='lat' dir='ltr'>tam</span> <span class='ocrx_word' id='word_1_176' title='bbox 794 1347 957 1381; x_wconf 81' lang='lat' dir='ltr'>occasione</span> <span class='ocrx_word' id='word_1_177' title='bbox 984 1347 1170 1391; x_wconf 76' lang='lat' dir='ltr'>pensionum</span> 
     </span>
     <span class='ocr_line' id='line_1_40' title="bbox 429 1401 1170 1446; baseline -0.003 -11"><span class='ocrx_word' id='word_1_178' title='bbox 429 1413 616 1444; x_wconf 85' lang='lat' dir='ltr'>annuarum,</span> <span class='ocrx_word' id='word_1_179' title='bbox 640 1402 715 1446; x_wconf 87' lang='lat' dir='ltr'>ipsis</span> <span class='ocrx_word' id='word_1_180' title='bbox 740 1402 788 1434; x_wconf 78' lang='lat' dir='ltr'>vel</span> <span class='ocrx_word' id='word_1_181' title='bbox 813 1412 923 1435; x_wconf 87' lang='lat' dir='ltr'>eorum</span> <span class='ocrx_word' id='word_1_182' title='bbox 949 1401 1041 1433; x_wconf 85' lang='lat' dir='ltr'>alicui</span> <span class='ocrx_word' id='word_1_183' title='bbox 1067 1411 1170 1433; x_wconf 84' lang='lat' dir='ltr'>reser-</span> 
     </span>
     <span class='ocr_line' id='line_1_41' title="bbox 429 1454 1173 1499; baseline -0.005 -9"><span class='ocrx_word' id='word_1_184' title='bbox 429 1462 592 1497; x_wconf 81' lang='lat' dir='ltr'>vatarum,</span> <span class='ocrx_word' id='word_1_185' title='bbox 617 1466 712 1499; x_wconf 87' lang='lat' dir='ltr'>quam</span> <span class='ocrx_word' id='word_1_186' title='bbox 735 1455 856 1489; x_wconf 89' lang='lat' dir='ltr'>ratione</span> <span class='ocrx_word' id='word_1_187' title='bbox 889 1454 1069 1488; x_wconf 86' lang='lat' dir='ltr'>omissionis</span> <span class='ocrx_word' id='word_1_188' title='bbox 1096 1454 1173 1487; x_wconf 82' lang='lat' dir='ltr'>reci-</span> 
     </span>
     <span class='ocr_line' id='line_1_42' title="bbox 430 1507 1172 1544; baseline -0.004 -1"><span class='ocrx_word' id='word_1_189' title='bbox 430 1510 554 1544; x_wconf 78' lang='lat' dir='ltr'>tationis</span> <span class='ocrx_word' id='word_1_190' title='bbox 590 1510 742 1543; x_wconf 83' lang='lat' dir='ltr'>horarum</span> <span class='ocrx_word' id='word_1_191' title='bbox 777 1508 1000 1542; x_wconf 87' lang='lat' dir='ltr'>canonicarum</span> <span class='ocrx_word' id='word_1_192' title='bbox 1034 1507 1172 1541; x_wconf 86' lang='lat' dir='ltr'>indebite</span> 
     </span>
     <span class='ocr_line' id='line_1_43' title="bbox 428 1561 1172 1607; baseline -0.003 -12"><span class='ocrx_word' id='word_1_193' title='bbox 428 1568 616 1607; x_wconf 84' lang='lat' dir='ltr'>perceptos,</span> <span class='ocrx_word' id='word_1_194' title='bbox 642 1562 868 1606; x_wconf 88' lang='lat' dir='ltr'>cuiuscumque</span> <span class='ocrx_word' id='word_1_195' title='bbox 896 1561 1077 1605; x_wconf 78' lang='lat' dir='ltr'>quantitatis</span> <span class='ocrx_word' id='word_1_196' title='bbox 1105 1561 1172 1594; x_wconf 89' lang='lat' dir='ltr'>fue-</span> 
     </span>
     <span class='ocr_line' id='line_1_44' title="bbox 429 1614 1170 1660; baseline -0.004 -10"><span class='ocrx_word' id='word_1_197' title='bbox 429 1616 502 1658; x_wconf 90' lang='lat' dir='ltr'>rint,</span> <span class='ocrx_word' id='word_1_198' title='bbox 527 1616 663 1660; x_wconf 82' lang='lat' dir='ltr'>gratiose</span> <span class='ocrx_word' id='word_1_199' title='bbox 688 1615 879 1649; x_wconf 82' lang='lat' dir='ltr'>remittimus</span> <span class='ocrx_word' id='word_1_200' title='bbox 899 1620 928 1648; x_wconf 91' lang='lat' dir='ltr'>et</span> <span class='ocrx_word' id='word_1_201' title='bbox 946 1614 1170 1648; x_wconf 86' lang='lat' dir='ltr'>condonamus.</span> 
     </span>
    </p>

    <p class='ocr_par' dir='ltr' id='par_1_12' title="bbox 428 1667 1175 2357">
     <span class='ocr_line' id='line_1_45' title="bbox 474 1667 1173 1714; baseline -0.004 -11"><span class='ocrx_word' id='word_1_202' title='bbox 474 1671 489 1714; x_wconf 62' lang='lat' dir='ltr'>g</span> <span class='ocrx_word' id='word_1_203' title='bbox 509 1669 537 1703; x_wconf 76' lang='lat'>6.</span> <span class='ocrx_word' id='word_1_204' title='bbox 558 1671 602 1703; x_wconf 79' lang='lat' dir='ltr'>Ac</span> <span class='ocrx_word' id='word_1_205' title='bbox 619 1680 691 1702; x_wconf 90' lang='lat' dir='ltr'>cum</span> <span class='ocrx_word' id='word_1_206' title='bbox 716 1669 760 1702; x_wconf 93' lang='lat' dir='ltr'>eis</span> <span class='ocrx_word' id='word_1_207' title='bbox 785 1679 881 1712; x_wconf 89' lang='lat' dir='ltr'>super</span> <span class='ocrx_word' id='word_1_208' title='bbox 905 1667 1100 1700; x_wconf 83' lang='lat' dir='ltr'>inhabilitate</span> <span class='ocrx_word' id='word_1_209' title='bbox 1116 1678 1173 1711; x_wconf 87' lang='lat' dir='ltr'>per</span> 
     </span>
     <span class='ocr_line' id='line_1_46' title="bbox 430 1721 1172 1767; baseline -0.004 -11"><span class='ocrx_word' id='word_1_210' title='bbox 430 1734 483 1757; x_wconf 89' lang='lat' dir='ltr'>eos</span> <span class='ocrx_word' id='word_1_211' title='bbox 515 1728 686 1767; x_wconf 88' lang='lat' dir='ltr'>propterca</span> <span class='ocrx_word' id='word_1_212' title='bbox 717 1721 956 1766; x_wconf 88' lang='lat' dir='ltr'>quomodolibet</span> <span class='ocrx_word' id='word_1_213' title='bbox 991 1722 1172 1762; x_wconf 80' lang='lat' dir='ltr'>contracta,</span> 
     </span>
     <span class='ocr_line' id='line_1_47' title="bbox 429 1774 1172 1818; baseline -0.003 -9"><span class='ocrx_word' id='word_1_214' title='bbox 429 1777 477 1809; x_wconf 81' lang='lat' dir='ltr'>vel</span> <span class='ocrx_word' id='word_1_215' title='bbox 495 1776 588 1809; x_wconf 87' lang='lat' dir='ltr'>ctiam</span> <span class='ocrx_word' id='word_1_216' title='bbox 606 1786 642 1809; x_wconf 84' lang='lat' dir='ltr'>ex</span> <span class='ocrx_word' id='word_1_217' title='bbox 660 1785 708 1816; x_wconf 92' lang='lat' dir='ltr'>eo,</span> <span class='ocrx_word' id='word_1_218' title='bbox 726 1774 809 1818; x_wconf 90' lang='lat' dir='ltr'>quod</span> <span class='ocrx_word' id='word_1_219' title='bbox 834 1774 976 1808; x_wconf 87' lang='lat' dir='ltr'>censuris</span> <span class='ocrx_word' id='word_1_220' title='bbox 992 1774 1172 1808; x_wconf 90' lang='lat' dir='ltr'>huiusmodi</span> 
     </span>
     <span class='ocr_line' id='line_1_48' title="bbox 428 1827 1172 1874; baseline -0.003 -11"><span class='ocrx_word' id='word_1_221' title='bbox 428 1830 516 1874; x_wconf 79' lang='lat' dir='ltr'>ligati</span> <span class='ocrx_word' id='word_1_222' title='bbox 541 1829 652 1862; x_wconf 90' lang='lat' dir='ltr'>missas</span> <span class='ocrx_word' id='word_1_223' title='bbox 677 1834 707 1862; x_wconf 89' lang='lat' dir='ltr'>et</span> <span class='ocrx_word' id='word_1_224' title='bbox 732 1828 792 1861; x_wconf 87' lang='lat' dir='ltr'>alia</span> <span class='ocrx_word' id='word_1_225' title='bbox 812 1828 915 1861; x_wconf 78' lang='lat' dir='ltr'>divina</span> <span class='ocrx_word' id='word_1_226' title='bbox 939 1827 1056 1868; x_wconf 79' lang='lat' dir='ltr'>officia,</span> <span class='ocrx_word' id='word_1_227' title='bbox 1081 1828 1172 1861; x_wconf 89' lang='lat' dir='ltr'>dum-</span> 
     </span>
     <span class='ocr_line' id='line_1_49' title="bbox 429 1881 1172 1926; baseline -0.004 -9"><span class='ocrx_word' id='word_1_228' title='bbox 429 1883 523 1917; x_wconf 88' lang='lat' dir='ltr'>modo</span> <span class='ocrx_word' id='word_1_229' title='bbox 539 1888 645 1916; x_wconf 89' lang='lat' dir='ltr'>tamen</span> <span class='ocrx_word' id='word_1_230' title='bbox 664 1892 728 1915; x_wconf 90' lang='lat' dir='ltr'>non</span> <span class='ocrx_word' id='word_1_231' title='bbox 745 1882 776 1914; x_wconf 88' lang='lat' dir='ltr'>in</span> <span class='ocrx_word' id='word_1_232' title='bbox 793 1887 1010 1926; x_wconf 86' lang='lat' dir='ltr'>contemptum</span> <span class='ocrx_word' id='word_1_233' title='bbox 1027 1881 1172 1923; x_wconf 83' lang='lat' dir='ltr'>clavium,</span> 
     </span>
     <span class='ocr_line' id='line_1_50' title="bbox 429 1935 1173 1978; baseline -0.004 -7"><span class='ocrx_word' id='word_1_234' title='bbox 429 1937 670 1978; x_wconf 78' lang='lat' dir='ltr'>celebraverint,</span> <span class='ocrx_word' id='word_1_235' title='bbox 696 1941 748 1969; x_wconf 90' lang='lat' dir='ltr'>aut</span> <span class='ocrx_word' id='word_1_236' title='bbox 773 1936 850 1969; x_wconf 75' lang='lat' dir='ltr'>alias</span> <span class='ocrx_word' id='word_1_237' title='bbox 874 1935 986 1969; x_wconf 83' lang='lat' dir='ltr'>divinis</span> <span class='ocrx_word' id='word_1_238' title='bbox 1012 1946 1044 1968; x_wconf 88' lang='lat' dir='ltr'>se</span> <span class='ocrx_word' id='word_1_239' title='bbox 1068 1935 1173 1969; x_wconf 90' lang='lat' dir='ltr'>immi-</span> 
     </span>
     <span class='ocr_line' id='line_1_51' title="bbox 428 1989 1173 2033; baseline -0.003 -8"><span class='ocrx_word' id='word_1_240' title='bbox 428 1991 576 2033; x_wconf 87' lang='lat' dir='ltr'>scuerint,</span> <span class='ocrx_word' id='word_1_241' title='bbox 592 1994 635 2033; x_wconf 91' lang='lat' dir='ltr'>ut,</span> <span class='ocrx_word' id='word_1_242' title='bbox 652 1991 706 2024; x_wconf 78' lang='lat' dir='ltr'>illa</span> <span class='ocrx_word' id='word_1_243' title='bbox 724 1995 753 2024; x_wconf 90' lang='lat' dir='ltr'>et</span> <span class='ocrx_word' id='word_1_244' title='bbox 770 1989 888 2023; x_wconf 89' lang='lat' dir='ltr'>eisdem</span> <span class='ocrx_word' id='word_1_245' title='bbox 908 1989 1090 2033; x_wconf 83' lang='lat' dir='ltr'>praemissis</span> <span class='ocrx_word' id='word_1_246' title='bbox 1110 2000 1173 2024; x_wconf 89' lang='lat' dir='ltr'>non</span> 
     </span>
     <span class='ocr_line' id='line_1_52' title="bbox 429 2042 1173 2086; baseline -0.004 -8"><span class='ocrx_word' id='word_1_247' title='bbox 429 2044 647 2086; x_wconf 87' lang='lat' dir='ltr'>obstantibus,</span> <span class='ocrx_word' id='word_1_248' title='bbox 672 2043 711 2077; x_wconf 87' lang='lat' dir='ltr'>ad</span> <span class='ocrx_word' id='word_1_249' title='bbox 741 2053 852 2077; x_wconf 90' lang='lat' dir='ltr'>omnes</span> <span class='ocrx_word' id='word_1_250' title='bbox 881 2042 976 2076; x_wconf 88' lang='lat' dir='ltr'>etiam</span> <span class='ocrx_word' id='word_1_251' title='bbox 1007 2052 1114 2076; x_wconf 87' lang='lat' dir='ltr'>sacros</span> <span class='ocrx_word' id='word_1_252' title='bbox 1144 2048 1173 2076; x_wconf 87' lang='lat' dir='ltr'>et</span> 
     </span>
     <span class='ocr_line' id='line_1_53' title="bbox 428 2096 1173 2143; baseline -0.005 -11"><span class='ocrx_word' id='word_1_253' title='bbox 428 2097 804 2143; x_wconf 37' lang='lat' dir='ltr'>presbyteratusssordines</span> <span class='ocrx_word' id='word_1_254' title='bbox 817 2096 892 2129; x_wconf 80' lang='lat' dir='ltr'>alias</span> <span class='ocrx_word' id='word_1_255' title='bbox 906 2096 965 2130; x_wconf 89' lang='lat' dir='ltr'>rite</span> <span class='ocrx_word' id='word_1_256' title='bbox 980 2096 1173 2140; x_wconf 75' lang='lat' dir='ltr'>promoveri,</span> 
     </span>
     <span class='ocr_line' id='line_1_54' title="bbox 430 2149 1174 2194; baseline -0.004 -9"><span class='ocrx_word' id='word_1_257' title='bbox 430 2157 460 2185; x_wconf 89' lang='lat' dir='ltr'>et</span> <span class='ocrx_word' id='word_1_258' title='bbox 484 2152 516 2185; x_wconf 89' lang='lat' dir='ltr'>in</span> <span class='ocrx_word' id='word_1_259' title='bbox 540 2151 622 2192; x_wconf 88' lang='lat' dir='ltr'>illis,</span> <span class='ocrx_word' id='word_1_260' title='bbox 647 2161 683 2184; x_wconf 86' lang='lat' dir='ltr'>ac</span> <span class='ocrx_word' id='word_1_261' title='bbox 707 2150 739 2183; x_wconf 92' lang='lat' dir='ltr'>in</span> <span class='ocrx_word' id='word_1_262' title='bbox 763 2149 916 2194; x_wconf 86' lang='lat' dir='ltr'>susceptis</span> <span class='ocrx_word' id='word_1_263' title='bbox 940 2160 998 2194; x_wconf 92' lang='lat' dir='ltr'>per</span> <span class='ocrx_word' id='word_1_264' title='bbox 1022 2160 1076 2183; x_wconf 89' lang='lat' dir='ltr'>eos</span> <span class='ocrx_word' id='word_1_265' title='bbox 1099 2149 1174 2182; x_wconf 87' lang='lat' dir='ltr'>ali&#39;as</span> 
     </span>
     <span class='ocr_line' id='line_1_55' title="bbox 430 2203 1174 2247; baseline -0.004 -8"><span class='ocrx_word' id='word_1_266' title='bbox 430 2206 490 2240; x_wconf 88' lang='lat' dir='ltr'>rite</span> <span class='ocrx_word' id='word_1_267' title='bbox 508 2205 682 2247; x_wconf 88' lang='lat' dir='ltr'>ordinibus,</span> <span class='ocrx_word' id='word_1_268' title='bbox 700 2205 794 2238; x_wconf 86' lang='lat' dir='ltr'>etiam</span> <span class='ocrx_word' id='word_1_269' title='bbox 818 2204 851 2237; x_wconf 93' lang='lat' dir='ltr'>in</span> <span class='ocrx_word' id='word_1_270' title='bbox 875 2203 981 2237; x_wconf 86' lang='lat' dir='ltr'>altaris</span> <span class='ocrx_word' id='word_1_271' title='bbox 998 2203 1174 2237; x_wconf 87' lang='lat' dir='ltr'>ministerio</span> 
     </span>
     <span class='ocr_line' id='line_1_56' title="bbox 432 2257 1175 2299; baseline -0.004 -6"><span class='ocrx_word' id='word_1_272' title='bbox 432 2259 612 2293; x_wconf 85' lang='lat' dir='ltr'>ministrare</span> <span class='ocrx_word' id='word_1_273' title='bbox 636 2258 730 2292; x_wconf 87' lang='lat' dir='ltr'>etiam</span> <span class='ocrx_word' id='word_1_274' title='bbox 754 2258 853 2291; x_wconf 86' lang='lat' dir='ltr'>libere</span> <span class='ocrx_word' id='word_1_275' title='bbox 879 2262 908 2291; x_wconf 90' lang='lat' dir='ltr'>et</span> <span class='ocrx_word' id='word_1_276' title='bbox 931 2257 1015 2291; x_wconf 89' lang='lat' dir='ltr'>licite</span> <span class='ocrx_word' id='word_1_277' title='bbox 1039 2257 1175 2299; x_wconf 89' lang='lat' dir='ltr'>valeant,</span> 
     </span>
     <span class='ocr_line' id='line_1_57' title="bbox 432 2313 660 2357; baseline -0.013 -10"><span class='ocrx_word' id='word_1_278' title='bbox 432 2313 660 2357; x_wconf 87' lang='lat' dir='ltr'>dispensamus.</span> 
     </span>
    </p>

    <p class='ocr_par' dir='ltr' id='par_1_13' title="bbox 435 2364 1179 2678">
     <span class='ocr_line' id='line_1_58' title="bbox 477 2364 1178 2410; baseline -0.003 -11"><span class='ocrx_word' id='word_1_279' title='bbox 477 2369 493 2410; x_wconf 58' lang='grc' dir='ltr'>ξ.</span> <span class='ocrx_word' id='word_1_280' title='bbox 519 2366 546 2399; x_wconf 85' lang='lat'>7.</span> <span class='ocrx_word' id='word_1_281' title='bbox 574 2366 618 2399; x_wconf 90' lang='lat' dir='ltr'>Ac</span> <span class='ocrx_word' id='word_1_282' title='bbox 642 2365 769 2399; x_wconf 89' lang='lat' dir='ltr'>eosdem</span> <span class='ocrx_word' id='word_1_283' title='bbox 794 2364 972 2408; x_wconf 85' lang='lat' dir='ltr'>dapiferos,</span> <span class='ocrx_word' id='word_1_284' title='bbox 998 2364 1023 2397; x_wconf 88' lang='lat' dir='ltr'>si</span> <span class='ocrx_word' id='word_1_285' title='bbox 1050 2364 1103 2408; x_wconf 85' lang='lat' dir='ltr'>qui</span> <span class='ocrx_word' id='word_1_286' title='bbox 1129 2374 1178 2397; x_wconf 87' lang='lat' dir='ltr'>eo-</span> 
     </span>
     <span class='ocr_line' id='line_1_59' title="bbox 435 2417 1177 2462; baseline -0.004 -8"><span class='ocrx_word' id='word_1_287' title='bbox 435 2431 504 2454; x_wconf 89' lang='lat' dir='ltr'>rum</span> <span class='ocrx_word' id='word_1_288' title='bbox 529 2420 684 2453; x_wconf 88' lang='lat' dir='ltr'>defectum</span> <span class='ocrx_word' id='word_1_289' title='bbox 707 2418 856 2451; x_wconf 88' lang='lat' dir='ltr'>natalium</span> <span class='ocrx_word' id='word_1_290' title='bbox 867 2417 886 2459; x_wconf 84' lang='lat'>¹,</span> <span class='ocrx_word' id='word_1_291' title='bbox 912 2429 949 2451; x_wconf 85' lang='lat' dir='ltr'>cx</span> <span class='ocrx_word' id='word_1_292' title='bbox 977 2429 1177 2462; x_wconf 88' lang='lat' dir='ltr'>quocumque</span> 
     </span>
     <span class='ocr_line' id='line_1_60' title="bbox 435 2471 1177 2513; baseline -0.003 -7"><span class='ocrx_word' id='word_1_293' title='bbox 435 2474 582 2506; x_wconf 78' lang='lat' dir='ltr'>damnato</span> <span class='ocrx_word' id='word_1_294' title='bbox 607 2478 637 2506; x_wconf 90' lang='lat' dir='ltr'>et</span> <span class='ocrx_word' id='word_1_295' title='bbox 661 2472 770 2505; x_wconf 90' lang='lat' dir='ltr'>illicito</span> <span class='ocrx_word' id='word_1_296' title='bbox 795 2471 889 2513; x_wconf 87' lang='lat' dir='ltr'>coitu,</span> <span class='ocrx_word' id='word_1_297' title='bbox 915 2471 1037 2505; x_wconf 86' lang='lat' dir='ltr'>etiamsi</span> <span class='ocrx_word' id='word_1_298' title='bbox 1062 2482 1098 2505; x_wconf 78' lang='lat' dir='ltr'>ex</span> <span class='ocrx_word' id='word_1_299' title='bbox 1121 2482 1177 2505; x_wconf 90' lang='lat' dir='ltr'>no-</span> 
     </span>
     <span class='ocr_line' id='line_1_61' title="bbox 436 2525 1179 2571; baseline -0.004 -11"><span class='ocrx_word' id='word_1_300' title='bbox 436 2526 596 2560; x_wconf 74' lang='lat' dir='ltr'>bilissimis</span> <span class='ocrx_word' id='word_1_301' title='bbox 628 2526 810 2571; x_wconf 85' lang='lat' dir='ltr'>parentibus</span> <span class='ocrx_word' id='word_1_302' title='bbox 847 2529 877 2560; x_wconf 87' lang='lat' dir='ltr'>et</span> <span class='ocrx_word' id='word_1_303' title='bbox 910 2525 1022 2559; x_wconf 77' lang='lat' dir='ltr'>vilibus</span> <span class='ocrx_word' id='word_1_304' title='bbox 1056 2525 1179 2558; x_wconf 88' lang='lat' dir='ltr'>feminis</span> 
     </span>
     <span class='ocr_line' id='line_1_62' title="bbox 437 2579 1178 2625; baseline -0.004 -10"><span class='ocrx_word' id='word_1_305' title='bbox 437 2584 542 2616; x_wconf 86' lang='lat' dir='ltr'>forsan</span> <span class='ocrx_word' id='word_1_306' title='bbox 573 2581 730 2625; x_wconf 89' lang='lat' dir='ltr'>procreati</span> <span class='ocrx_word' id='word_1_307' title='bbox 756 2581 834 2621; x_wconf 89' lang='lat' dir='ltr'>sint,</span> <span class='ocrx_word' id='word_1_308' title='bbox 859 2580 981 2613; x_wconf 88' lang='lat' dir='ltr'>etiamsi</span> <span class='ocrx_word' id='word_1_309' title='bbox 1013 2579 1178 2623; x_wconf 77' lang='lat' dir='ltr'>legitimati</span> 
     </span>
     <span class='ocr_line' id='line_1_63' title="bbox 437 2633 1179 2678; baseline -0.004 -9"><span class='ocrx_word' id='word_1_310' title='bbox 437 2636 512 2670; x_wconf 77' lang='lat' dir='ltr'>alias</span> <span class='ocrx_word' id='word_1_311' title='bbox 533 2635 674 2676; x_wconf 84' lang='lat' dir='ltr'>existant,</span> <span class='ocrx_word' id='word_1_312' title='bbox 691 2635 914 2678; x_wconf 79' lang='lat' dir='ltr'>legitimamus,</span> <span class='ocrx_word' id='word_1_313' title='bbox 932 2643 1121 2677; x_wconf 89' lang='lat' dir='ltr'>omnemque</span> <span class='ocrx_word' id='word_1_314' title='bbox 1141 2633 1179 2666; x_wconf 86' lang='lat' dir='ltr'>ab</span> 
     </span>
    </p>
   </div>
   <div class='ocr_carea' id='block_1_11' title="bbox 475 2695 1178 2730">
    <p class='ocr_par' dir='ltr' id='par_1_14' title="bbox 475 2695 1178 2730">
     <span class='ocr_line' id='line_1_64' title="bbox 475 2695 1178 2730; baseline -0.006 -3"><span class='ocrx_word' id='word_1_315' title='bbox 475 2700 484 2726; x_wconf 83' lang='lat' dir='ltr'>l</span> <span class='ocrx_word' id='word_1_316' title='bbox 500 2698 579 2727; x_wconf 86' lang='lat' dir='ltr'>Deest</span> <span class='ocrx_word' id='word_1_317' title='bbox 591 2698 701 2725; x_wconf 89' lang='lat' dir='ltr'>verbum</span> <span class='ocrx_word' id='word_1_318' title='bbox 713 2697 925 2730; x_wconf 68' lang='lat' dir='ltr'>contraxerint,</span> <span class='ocrx_word' id='word_1_319' title='bbox 938 2699 982 2723; x_wconf 88' lang='lat' dir='ltr'>aut</span> <span class='ocrx_word' id='word_1_320' title='bbox 994 2695 1079 2723; x_wconf 81' lang='lat' dir='ltr'>simile</span> <span class='ocrx_word' id='word_1_321' title='bbox 1088 2695 1178 2730; x_wconf 55' lang='lat' dir='ltr'>(aaz).</span> 
     </span>
    </p>
   </div>
   <div class='ocr_carea' id='block_1_12' title="bbox 1201 654 1956 2674">
    <p class='ocr_par' dir='ltr' id='par_1_15' title="bbox 1201 654 1950 1336">
     <span class='ocr_line' id='line_1_65' title="bbox 1201 654 1942 698; baseline -0.001 -11"><span class='ocrx_word' id='word_1_322' title='bbox 1201 665 1294 695; x_wconf 88' lang='lat' dir='ltr'>rum,</span> <span class='ocrx_word' id='word_1_323' title='bbox 1318 655 1367 687; x_wconf 87' lang='lat' dir='ltr'>vel</span> <span class='ocrx_word' id='word_1_324' title='bbox 1395 654 1529 687; x_wconf 86' lang='lat' dir='ltr'>aliorum</span> <span class='ocrx_word' id='word_1_325' title='bbox 1558 663 1854 698; x_wconf 87' lang='lat' dir='ltr'>quorumcumque,</span> <span class='ocrx_word' id='word_1_326' title='bbox 1879 663 1942 687; x_wconf 91' lang='lat' dir='ltr'>non</span> 
     </span>
     <span class='ocr_line' id='line_1_66' title="bbox 1201 705 1946 750; baseline -0.003 -10"><span class='ocrx_word' id='word_1_327' title='bbox 1201 712 1304 740; x_wconf 88' lang='lat' dir='ltr'>tamen</span> <span class='ocrx_word' id='word_1_328' title='bbox 1336 706 1512 740; x_wconf 90' lang='lat' dir='ltr'>feudalibus</span> <span class='ocrx_word' id='word_1_329' title='bbox 1544 711 1574 739; x_wconf 89' lang='lat' dir='ltr'>et</span> <span class='ocrx_word' id='word_1_330' title='bbox 1605 705 1867 750; x_wconf 71' lang='lat' dir='ltr'>emphyteuticis,</span> <span class='ocrx_word' id='word_1_331' title='bbox 1892 710 1946 739; x_wconf 88' lang='lat' dir='ltr'>aut</span> 
     </span>
     <span class='ocr_line' id='line_1_67' title="bbox 1202 758 1945 803; baseline -0.003 -9"><span class='ocrx_word' id='word_1_332' title='bbox 1202 760 1421 794; x_wconf 87' lang='lat' dir='ltr'>ecclesiasticis</span> <span class='ocrx_word' id='word_1_333' title='bbox 1437 760 1485 793; x_wconf 89' lang='lat' dir='ltr'>vel</span> <span class='ocrx_word' id='word_1_334' title='bbox 1505 759 1544 793; x_wconf 86' lang='lat' dir='ltr'>ab</span> <span class='ocrx_word' id='word_1_335' title='bbox 1564 759 1697 793; x_wconf 81' lang='lat' dir='ltr'>ecclesia</span> <span class='ocrx_word' id='word_1_336' title='bbox 1721 758 1892 803; x_wconf 87' lang='lat' dir='ltr'>acquisitis,</span> <span class='ocrx_word' id='word_1_337' title='bbox 1909 769 1945 792; x_wconf 89' lang='lat' dir='ltr'>ac</span> 
     </span>
     <span class='ocr_line' id='line_1_68' title="bbox 1202 812 1946 857; baseline -0.001 -11"><span class='ocrx_word' id='word_1_338' title='bbox 1202 814 1268 847; x_wconf 89' lang='lat' dir='ltr'>sine</span> <span class='ocrx_word' id='word_1_339' title='bbox 1292 813 1486 857; x_wconf 89' lang='lat' dir='ltr'>praeiudicio</span> <span class='ocrx_word' id='word_1_340' title='bbox 1511 813 1702 847; x_wconf 88' lang='lat' dir='ltr'>venientium</span> <span class='ocrx_word' id='word_1_341' title='bbox 1726 812 1765 845; x_wconf 87' lang='lat' dir='ltr'>ab</span> <span class='ocrx_word' id='word_1_342' title='bbox 1789 812 1946 853; x_wconf 89' lang='lat' dir='ltr'>intestato,</span> 
     </span>
     <span class='ocr_line' id='line_1_69' title="bbox 1202 865 1946 907; baseline 0 -9"><span class='ocrx_word' id='word_1_343' title='bbox 1202 867 1249 899; x_wconf 74' lang='lat' dir='ltr'>rel</span> <span class='ocrx_word' id='word_1_344' title='bbox 1275 876 1312 899; x_wconf 84' lang='lat' dir='ltr'>ex</span> <span class='ocrx_word' id='word_1_345' title='bbox 1337 866 1600 907; x_wconf 83' lang='lat' dir='ltr'>fideicommisso,</span> <span class='ocrx_word' id='word_1_346' title='bbox 1625 876 1681 899; x_wconf 89' lang='lat' dir='ltr'>seu</span> <span class='ocrx_word' id='word_1_347' title='bbox 1703 865 1779 898; x_wconf 77' lang='lat' dir='ltr'>alias</span> <span class='ocrx_word' id='word_1_348' title='bbox 1810 865 1849 898; x_wconf 90' lang='lat' dir='ltr'>de</span> <span class='ocrx_word' id='word_1_349' title='bbox 1877 865 1946 898; x_wconf 90' lang='lat' dir='ltr'>iure</span> 
     </span>
     <span class='ocr_line' id='line_1_70' title="bbox 1203 918 1947 963; baseline 0.001 -12"><span class='ocrx_word' id='word_1_350' title='bbox 1203 919 1303 952; x_wconf 77' lang='lat' dir='ltr'>valida</span> <span class='ocrx_word' id='word_1_351' title='bbox 1324 919 1531 963; x_wconf 88' lang='lat' dir='ltr'>dispositione</span> <span class='ocrx_word' id='word_1_352' title='bbox 1547 919 1717 953; x_wconf 87' lang='lat' dir='ltr'>succedere</span> <span class='ocrx_word' id='word_1_353' title='bbox 1735 924 1765 952; x_wconf 92' lang='lat' dir='ltr'>et</span> <span class='ocrx_word' id='word_1_354' title='bbox 1781 919 1834 952; x_wconf 90' lang='lat' dir='ltr'>illa</span> <span class='ocrx_word' id='word_1_355' title='bbox 1852 918 1947 952; x_wconf 88' lang='lat' dir='ltr'>dona-</span> 
     </span>
     <span class='ocr_line' id='line_1_71' title="bbox 1203 971 1947 1017; baseline 0.003 -13"><span class='ocrx_word' id='word_1_356' title='bbox 1203 971 1306 1014; x_wconf 85' lang='lat' dir='ltr'>tionis,</span> <span class='ocrx_word' id='word_1_357' title='bbox 1331 972 1380 1004; x_wconf 82' lang='lat' dir='ltr'>vel</span> <span class='ocrx_word' id='word_1_358' title='bbox 1403 972 1465 1005; x_wconf 90' lang='lat' dir='ltr'>alio</span> <span class='ocrx_word' id='word_1_359' title='bbox 1488 972 1600 1016; x_wconf 87' lang='lat' dir='ltr'>quovis</span> <span class='ocrx_word' id='word_1_360' title='bbox 1624 972 1713 1006; x_wconf 85' lang='lat' dir='ltr'>titulo</span> <span class='ocrx_word' id='word_1_361' title='bbox 1741 972 1892 1017; x_wconf 84' lang='lat' dir='ltr'>consequi</span> <span class='ocrx_word' id='word_1_362' title='bbox 1917 978 1947 1006; x_wconf 86' lang='lat' dir='ltr'>et</span> 
     </span>
     <span class='ocr_line' id='line_1_72' title="bbox 1203 1024 1946 1069; baseline 0.003 -12"><span class='ocrx_word' id='word_1_363' title='bbox 1203 1024 1319 1058; x_wconf 89' lang='lat' dir='ltr'>habere</span> <span class='ocrx_word' id='word_1_364' title='bbox 1333 1051 1341 1065; x_wconf 94' lang='lat'>,</span> <span class='ocrx_word' id='word_1_365' title='bbox 1366 1035 1402 1058; x_wconf 86' lang='lat' dir='ltr'>ac</span> <span class='ocrx_word' id='word_1_366' title='bbox 1435 1024 1474 1057; x_wconf 87' lang='lat' dir='ltr'>ad</span> <span class='ocrx_word' id='word_1_367' title='bbox 1505 1025 1651 1069; x_wconf 87' lang='lat' dir='ltr'>aequales</span> <span class='ocrx_word' id='word_1_368' title='bbox 1682 1026 1843 1069; x_wconf 89' lang='lat' dir='ltr'>portiones</span> <span class='ocrx_word' id='word_1_369' title='bbox 1874 1036 1946 1059; x_wconf 87' lang='lat' dir='ltr'>cum</span> 
     </span>
     <span class='ocr_line' id='line_1_73' title="bbox 1203 1077 1949 1122; baseline 0.003 -12"><span class='ocrx_word' id='word_1_370' title='bbox 1203 1077 1352 1121; x_wconf 74' lang='lat' dir='ltr'>legitimis</span> <span class='ocrx_word' id='word_1_371' title='bbox 1372 1077 1541 1111; x_wconf 85' lang='lat' dir='ltr'>succedere</span> <span class='ocrx_word' id='word_1_372' title='bbox 1563 1077 1631 1122; x_wconf 85' lang='lat' dir='ltr'>&lt;eos</span> <span class='ocrx_word' id='word_1_373' title='bbox 1646 1077 1686 1111; x_wconf 86' lang='lat' dir='ltr'>ad</span> <span class='ocrx_word' id='word_1_374' title='bbox 1701 1078 1807 1112; x_wconf 88' lang='lat' dir='ltr'>omnia</span> <span class='ocrx_word' id='word_1_375' title='bbox 1822 1079 1892 1112; x_wconf 86' lang='lat' dir='ltr'>iura</span> <span class='ocrx_word' id='word_1_376' title='bbox 1908 1080 1949 1113; x_wconf 89' lang='lat' dir='ltr'>le-</span> 
     </span>
     <span class='ocr_line' id='line_1_74' title="bbox 1204 1131 1949 1175; baseline 0.001 -11"><span class='ocrx_word' id='word_1_377' title='bbox 1204 1131 1313 1175; x_wconf 80' lang='lat' dir='ltr'>gitima</span> <span class='ocrx_word' id='word_1_378' title='bbox 1327 1158 1335 1172; x_wconf 87' lang='lat'>,</span> <span class='ocrx_word' id='word_1_379' title='bbox 1358 1131 1572 1165; x_wconf 89' lang='lat' dir='ltr'>successiones</span> <span class='ocrx_word' id='word_1_380' title='bbox 1603 1141 1640 1164; x_wconf 89' lang='lat' dir='ltr'>ex</span> <span class='ocrx_word' id='word_1_381' title='bbox 1668 1135 1875 1173; x_wconf 85' lang='lat' dir='ltr'>testamento,</span> <span class='ocrx_word' id='word_1_382' title='bbox 1899 1133 1949 1166; x_wconf 86' lang='lat' dir='ltr'>vel</span> 
     </span>
     <span class='ocr_line' id='line_1_75' title="bbox 1203 1184 1947 1228; baseline 0.001 -10"><span class='ocrx_word' id='word_1_383' title='bbox 1203 1185 1243 1218; x_wconf 83' lang='lat' dir='ltr'>ab</span> <span class='ocrx_word' id='word_1_384' title='bbox 1267 1185 1423 1226; x_wconf 87' lang='lat' dir='ltr'>intestato,</span> <span class='ocrx_word' id='word_1_385' title='bbox 1447 1184 1648 1219; x_wconf 85' lang='lat' dir='ltr'>haereditatis</span> <span class='ocrx_word' id='word_1_386' title='bbox 1672 1184 1784 1228; x_wconf 82' lang='lat' dir='ltr'>legata,</span> <span class='ocrx_word' id='word_1_387' title='bbox 1809 1184 1947 1219; x_wconf 87' lang='lat' dir='ltr'>liberos¹</span> 
     </span>
     <span class='ocr_line' id='line_1_76' title="bbox 1205 1238 1950 1282; baseline 0.001 -10"><span class='ocrx_word' id='word_1_388' title='bbox 1205 1239 1399 1273; x_wconf 88' lang='lat' dir='ltr'>restituendo</span> <span class='ocrx_word' id='word_1_389' title='bbox 1434 1244 1466 1272; x_wconf 89' lang='lat' dir='ltr'>et</span> <span class='ocrx_word' id='word_1_390' title='bbox 1500 1239 1724 1282; x_wconf 82' lang='lat' dir='ltr'>reintegrando</span> <span class='ocrx_word' id='word_1_391' title='bbox 1758 1238 1885 1274; x_wconf 87' lang='lat' dir='ltr'>realiter</span> <span class='ocrx_word' id='word_1_392' title='bbox 1920 1243 1950 1273; x_wconf 84' lang='lat' dir='ltr'>ct</span> 
     </span>
     <span class='ocr_line' id='line_1_77' title="bbox 1206 1292 1440 1336; baseline -0.004 -11"><span class='ocrx_word' id='word_1_393' title='bbox 1206 1303 1278 1326; x_wconf 88' lang='lat' dir='ltr'>cum</span> <span class='ocrx_word' id='word_1_394' title='bbox 1303 1292 1440 1336; x_wconf 82' lang='lat' dir='ltr'>effectu),</span> 
     </span>
    </p>

    <p class='ocr_par' dir='ltr' id='par_1_16' title="bbox 1206 1346 1956 2674">
     <span class='ocr_line' id='line_1_78' title="bbox 1250 1346 1951 1389; baseline 0 -10"><span class='ocrx_word' id='word_1_395' title='bbox 1250 1346 1265 1389; x_wconf 53' lang='grc' dir='ltr'>ᾖ</span> <span class='ocrx_word' id='word_1_396' title='bbox 1289 1346 1318 1379; x_wconf 84' lang='grc'>9.</span> <span class='ocrx_word' id='word_1_397' title='bbox 1344 1346 1472 1379; x_wconf 87' lang='lat' dir='ltr'>Necnon</span> <span class='ocrx_word' id='word_1_398' title='bbox 1497 1346 1536 1379; x_wconf 88' lang='lat' dir='ltr'>ad</span> <span class='ocrx_word' id='word_1_399' title='bbox 1559 1346 1737 1389; x_wconf 83' lang='lat' dir='ltr'>dignitates,</span> <span class='ocrx_word' id='word_1_400' title='bbox 1759 1346 1896 1380; x_wconf 88' lang='lat' dir='ltr'>honores</span> <span class='ocrx_word' id='word_1_401' title='bbox 1920 1351 1951 1380; x_wconf 91' lang='lat' dir='ltr'>et</span> 
     </span>
     <span class='ocr_line' id='line_1_79' title="bbox 1206 1399 1950 1444; baseline 0.001 -13"><span class='ocrx_word' id='word_1_402' title='bbox 1206 1409 1424 1443; x_wconf 86' lang='lat' dir='ltr'>quaecumque</span> <span class='ocrx_word' id='word_1_403' title='bbox 1444 1399 1504 1432; x_wconf 87' lang='lat' dir='ltr'>alia</span> <span class='ocrx_word' id='word_1_404' title='bbox 1520 1399 1622 1433; x_wconf 84' lang='lat' dir='ltr'>officia</span> <span class='ocrx_word' id='word_1_405' title='bbox 1643 1399 1806 1441; x_wconf 86' lang='lat' dir='ltr'>secularia,</span> <span class='ocrx_word' id='word_1_406' title='bbox 1824 1399 1950 1444; x_wconf 87' lang='lat' dir='ltr'>publica</span> 
     </span>
     <span class='ocr_line' id='line_1_80' title="bbox 1206 1452 1950 1497; baseline 0.003 -12"><span class='ocrx_word' id='word_1_407' title='bbox 1206 1453 1254 1485; x_wconf 77' lang='lat' dir='ltr'>rel</span> <span class='ocrx_word' id='word_1_408' title='bbox 1278 1453 1398 1497; x_wconf 81' lang='lat' dir='ltr'>privata</span> <span class='ocrx_word' id='word_1_409' title='bbox 1422 1452 1516 1486; x_wconf 85' lang='lat' dir='ltr'>etiam</span> <span class='ocrx_word' id='word_1_410' title='bbox 1540 1453 1674 1494; x_wconf 89' lang='lat' dir='ltr'>assumi,</span> <span class='ocrx_word' id='word_1_411' title='bbox 1699 1453 1814 1497; x_wconf 88' lang='lat' dir='ltr'>illaque</span> <span class='ocrx_word' id='word_1_412' title='bbox 1838 1463 1950 1496; x_wconf 79' lang='lat' dir='ltr'>gerere</span> 
     </span>
     <span class='ocr_line' id='line_1_81' title="bbox 1207 1506 1950 1550; baseline 0.001 -12"><span class='ocrx_word' id='word_1_413' title='bbox 1207 1511 1236 1538; x_wconf 89' lang='lat' dir='ltr'>et</span> <span class='ocrx_word' id='word_1_414' title='bbox 1261 1516 1418 1547; x_wconf 81' lang='lat' dir='ltr'>exercere,</span> <span class='ocrx_word' id='word_1_415' title='bbox 1443 1506 1475 1539; x_wconf 93' lang='lat' dir='ltr'>in</span> <span class='ocrx_word' id='word_1_416' title='bbox 1499 1506 1645 1539; x_wconf 88' lang='lat' dir='ltr'>omnibus</span> <span class='ocrx_word' id='word_1_417' title='bbox 1662 1511 1691 1539; x_wconf 89' lang='lat' dir='ltr'>et</span> <span class='ocrx_word' id='word_1_418' title='bbox 1708 1517 1764 1550; x_wconf 90' lang='lat' dir='ltr'>per</span> <span class='ocrx_word' id='word_1_419' title='bbox 1781 1507 1895 1548; x_wconf 88' lang='lat' dir='ltr'>omnia,</span> <span class='ocrx_word' id='word_1_420' title='bbox 1914 1517 1950 1539; x_wconf 88' lang='lat' dir='ltr'>ac</span> 
     </span>
     <span class='ocr_line' id='line_1_82' title="bbox 1207 1559 1950 1603; baseline 0.001 -11"><span class='ocrx_word' id='word_1_421' title='bbox 1207 1559 1232 1592; x_wconf 88' lang='lat' dir='ltr'>si</span> <span class='ocrx_word' id='word_1_422' title='bbox 1257 1559 1295 1592; x_wconf 89' lang='lat' dir='ltr'>de</span> <span class='ocrx_word' id='word_1_423' title='bbox 1319 1559 1460 1603; x_wconf 78' lang='lat' dir='ltr'>legitimo</span> <span class='ocrx_word' id='word_1_424' title='bbox 1491 1559 1695 1594; x_wconf 87' lang='lat' dir='ltr'>matrimonio</span> <span class='ocrx_word' id='word_1_425' title='bbox 1722 1559 1880 1603; x_wconf 89' lang='lat' dir='ltr'>procreati</span> <span class='ocrx_word' id='word_1_426' title='bbox 1904 1560 1950 1593; x_wconf 86' lang='lat' dir='ltr'>so-</span> 
     </span>
     <span class='ocr_line' id='line_1_83' title="bbox 1206 1612 1951 1654; baseline 0 -8"><span class='ocrx_word' id='word_1_427' title='bbox 1206 1618 1286 1654; x_wconf 82' lang='lat' dir='ltr'>rem,</span> <span class='ocrx_word' id='word_1_428' title='bbox 1311 1623 1347 1646; x_wconf 89' lang='lat' dir='ltr'>ac</span> <span class='ocrx_word' id='word_1_429' title='bbox 1371 1613 1483 1646; x_wconf 91' lang='lat' dir='ltr'>eodem</span> <span class='ocrx_word' id='word_1_430' title='bbox 1508 1613 1631 1647; x_wconf 86' lang='lat' dir='ltr'>defectu</span> <span class='ocrx_word' id='word_1_431' title='bbox 1653 1623 1717 1646; x_wconf 91' lang='lat' dir='ltr'>non</span> <span class='ocrx_word' id='word_1_432' title='bbox 1741 1612 1900 1653; x_wconf 86' lang='lat' dir='ltr'>obstante,</span> <span class='ocrx_word' id='word_1_433' title='bbox 1925 1613 1951 1646; x_wconf 86' lang='lat' dir='ltr'>si</span> 
     </span>
     <span class='ocr_line' id='line_1_84' title="bbox 1207 1666 1953 1710; baseline 0.001 -12"><span class='ocrx_word' id='word_1_434' title='bbox 1207 1666 1292 1699; x_wconf 89' lang='lat' dir='ltr'>aliud</span> <span class='ocrx_word' id='word_1_435' title='bbox 1316 1666 1501 1700; x_wconf 84' lang='lat' dir='ltr'>canonicum</span> <span class='ocrx_word' id='word_1_436' title='bbox 1527 1667 1571 1699; x_wconf 90' lang='lat' dir='ltr'>eis</span> <span class='ocrx_word' id='word_1_437' title='bbox 1589 1676 1652 1699; x_wconf 89' lang='lat' dir='ltr'>non</span> <span class='ocrx_word' id='word_1_438' title='bbox 1673 1666 1805 1699; x_wconf 89' lang='lat' dir='ltr'>obsistat</span> <span class='ocrx_word' id='word_1_439' title='bbox 1824 1666 1953 1710; x_wconf 90' lang='lat' dir='ltr'>impedi-</span> 
     </span>
     <span class='ocr_line' id='line_1_85' title="bbox 1207 1719 1951 1763; baseline 0.001 -11"><span class='ocrx_word' id='word_1_440' title='bbox 1207 1723 1357 1761; x_wconf 87' lang='lat' dir='ltr'>mentum,</span> <span class='ocrx_word' id='word_1_441' title='bbox 1383 1730 1418 1753; x_wconf 88' lang='lat' dir='ltr'>ac</span> <span class='ocrx_word' id='word_1_442' title='bbox 1443 1719 1580 1753; x_wconf 85' lang='lat' dir='ltr'>clericali</span> <span class='ocrx_word' id='word_1_443' title='bbox 1604 1720 1795 1760; x_wconf 86' lang='lat' dir='ltr'>charactere,</span> <span class='ocrx_word' id='word_1_444' title='bbox 1820 1719 1874 1763; x_wconf 88' lang='lat' dir='ltr'>qui</span> <span class='ocrx_word' id='word_1_445' title='bbox 1897 1719 1951 1753; x_wconf 93' lang='lat' dir='ltr'>illo</span> 
     </span>
     <span class='ocr_line' id='line_1_86' title="bbox 1206 1772 1951 1816; baseline -0.001 -10"><span class='ocrx_word' id='word_1_446' title='bbox 1206 1773 1347 1806; x_wconf 92' lang='lat' dir='ltr'>nondum</span> <span class='ocrx_word' id='word_1_447' title='bbox 1372 1772 1512 1816; x_wconf 82' lang='lat' dir='ltr'>insigniti</span> <span class='ocrx_word' id='word_1_448' title='bbox 1536 1776 1627 1815; x_wconf 88' lang='lat' dir='ltr'>sunt,</span> <span class='ocrx_word' id='word_1_449' title='bbox 1653 1772 1818 1816; x_wconf 77' lang='lat' dir='ltr'>insigniri,</span> <span class='ocrx_word' id='word_1_450' title='bbox 1845 1782 1882 1806; x_wconf 89' lang='lat' dir='ltr'>ac</span> <span class='ocrx_word' id='word_1_451' title='bbox 1912 1772 1951 1805; x_wconf 89' lang='lat' dir='ltr'>ad</span> 
     </span>
     <span class='ocr_line' id='line_1_87' title="bbox 1207 1826 1952 1870; baseline 0 -10"><span class='ocrx_word' id='word_1_452' title='bbox 1207 1837 1316 1860; x_wconf 85' lang='lat' dir='ltr'>omnes</span> <span class='ocrx_word' id='word_1_453' title='bbox 1341 1826 1434 1860; x_wconf 85' lang='lat' dir='ltr'>etiam</span> <span class='ocrx_word' id='word_1_454' title='bbox 1459 1837 1566 1860; x_wconf 84' lang='lat' dir='ltr'>sacros</span> <span class='ocrx_word' id='word_1_455' title='bbox 1591 1832 1621 1859; x_wconf 91' lang='lat' dir='ltr'>et</span> <span class='ocrx_word' id='word_1_456' title='bbox 1644 1826 1880 1870; x_wconf 79' lang='lat' dir='ltr'>presbyteratus</span> <span class='ocrx_word' id='word_1_457' title='bbox 1899 1836 1952 1860; x_wconf 88' lang='lat' dir='ltr'>or-</span> 
     </span>
     <span class='ocr_line' id='line_1_88' title="bbox 1208 1879 1951 1924; baseline -0.001 -10"><span class='ocrx_word' id='word_1_458' title='bbox 1208 1880 1311 1923; x_wconf 81' lang='lat' dir='ltr'>dines,</span> <span class='ocrx_word' id='word_1_459' title='bbox 1336 1880 1362 1914; x_wconf 86' lang='lat' dir='ltr'>si</span> <span class='ocrx_word' id='word_1_460' title='bbox 1384 1880 1526 1914; x_wconf 91' lang='lat' dir='ltr'>nondum</span> <span class='ocrx_word' id='word_1_461' title='bbox 1550 1879 1589 1913; x_wconf 89' lang='lat' dir='ltr'>ad</span> <span class='ocrx_word' id='word_1_462' title='bbox 1613 1879 1683 1913; x_wconf 90' lang='lat' dir='ltr'>illos</span> <span class='ocrx_word' id='word_1_463' title='bbox 1707 1880 1845 1924; x_wconf 88' lang='lat' dir='ltr'>promoti</span> <span class='ocrx_word' id='word_1_464' title='bbox 1869 1885 1951 1921; x_wconf 84' lang='lat' dir='ltr'>sunt,</span> 
     </span>
     <span class='ocr_line' id='line_1_89' title="bbox 1207 1934 1954 1978; baseline 0 -11"><span class='ocrx_word' id='word_1_465' title='bbox 1207 1934 1399 1978; x_wconf 87' lang='lat' dir='ltr'>promoveri,</span> <span class='ocrx_word' id='word_1_466' title='bbox 1424 1944 1460 1967; x_wconf 87' lang='lat' dir='ltr'>ac</span> <span class='ocrx_word' id='word_1_467' title='bbox 1483 1934 1689 1978; x_wconf 88' lang='lat' dir='ltr'>postmodum</span> <span class='ocrx_word' id='word_1_468' title='bbox 1717 1934 1900 1967; x_wconf 87' lang='lat' dir='ltr'>charactere</span> <span class='ocrx_word' id='word_1_469' title='bbox 1923 1939 1954 1967; x_wconf 89' lang='lat' dir='ltr'>et</span> 
     </span>
     <span class='ocr_line' id='line_1_90' title="bbox 1208 1987 1953 2032; baseline -0.001 -10"><span class='ocrx_word' id='word_1_470' title='bbox 1208 1988 1372 2022; x_wconf 90' lang='lat' dir='ltr'>ordinibus</span> <span class='ocrx_word' id='word_1_471' title='bbox 1396 1988 1587 2029; x_wconf 89' lang='lat' dir='ltr'>huiusmodi,</span> <span class='ocrx_word' id='word_1_472' title='bbox 1611 1987 1803 2032; x_wconf 89' lang='lat' dir='ltr'>illorumque</span> <span class='ocrx_word' id='word_1_473' title='bbox 1825 1987 1953 2032; x_wconf 87' lang='lat' dir='ltr'>privile-</span> 
     </span>
     <span class='ocr_line' id='line_1_91' title="bbox 1209 2040 1953 2085; baseline -0.001 -10"><span class='ocrx_word' id='word_1_474' title='bbox 1209 2042 1268 2085; x_wconf 79' lang='lat' dir='ltr'>giis</span> <span class='ocrx_word' id='word_1_475' title='bbox 1291 2042 1358 2083; x_wconf 88' lang='lat' dir='ltr'>uti,</span> <span class='ocrx_word' id='word_1_476' title='bbox 1384 2052 1419 2076; x_wconf 87' lang='lat' dir='ltr'>ac</span> <span class='ocrx_word' id='word_1_477' title='bbox 1451 2042 1484 2074; x_wconf 92' lang='lat' dir='ltr'>in</span> <span class='ocrx_word' id='word_1_478' title='bbox 1515 2041 1632 2075; x_wconf 89' lang='lat' dir='ltr'>eisdem</span> <span class='ocrx_word' id='word_1_479' title='bbox 1665 2040 1828 2075; x_wconf 87' lang='lat' dir='ltr'>ordinibus</span> <span class='ocrx_word' id='word_1_480' title='bbox 1859 2041 1953 2074; x_wconf 88' lang='lat' dir='ltr'>etiam</span> 
     </span>
     <span class='ocr_line' id='line_1_92' title="bbox 1209 2095 1953 2138; baseline -0.001 -10"><span class='ocrx_word' id='word_1_481' title='bbox 1209 2096 1241 2128; x_wconf 90' lang='lat' dir='ltr'>in</span> <span class='ocrx_word' id='word_1_482' title='bbox 1265 2095 1372 2129; x_wconf 86' lang='lat' dir='ltr'>altaris</span> <span class='ocrx_word' id='word_1_483' title='bbox 1396 2095 1572 2129; x_wconf 88' lang='lat' dir='ltr'>ministerio</span> <span class='ocrx_word' id='word_1_484' title='bbox 1596 2095 1788 2136; x_wconf 88' lang='lat' dir='ltr'>ministrare,</span> <span class='ocrx_word' id='word_1_485' title='bbox 1805 2105 1841 2128; x_wconf 88' lang='lat' dir='ltr'>ac</span> <span class='ocrx_word' id='word_1_486' title='bbox 1860 2104 1953 2138; x_wconf 88' lang='lat' dir='ltr'>quae-</span> 
     </span>
     <span class='ocr_line' id='line_1_93' title="bbox 1210 2149 1954 2193; baseline -0.001 -11"><span class='ocrx_word' id='word_1_487' title='bbox 1210 2160 1345 2193; x_wconf 88' lang='lat' dir='ltr'>cumque</span> <span class='ocrx_word' id='word_1_488' title='bbox 1379 2155 1410 2182; x_wconf 89' lang='lat' dir='ltr'>et</span> <span class='ocrx_word' id='word_1_489' title='bbox 1439 2149 1680 2193; x_wconf 87' lang='lat' dir='ltr'>qualiacumque</span> <span class='ocrx_word' id='word_1_490' title='bbox 1712 2158 1785 2181; x_wconf 91' lang='lat' dir='ltr'>cum</span> <span class='ocrx_word' id='word_1_491' title='bbox 1816 2149 1894 2181; x_wconf 76' lang='lat' dir='ltr'>cura</span> <span class='ocrx_word' id='word_1_492' title='bbox 1924 2153 1954 2181; x_wconf 90' lang='lat' dir='ltr'>et</span> 
     </span>
     <span class='ocr_line' id='line_1_94' title="bbox 1209 2201 1953 2244; baseline -0.001 -9"><span class='ocrx_word' id='word_1_493' title='bbox 1209 2203 1275 2235; x_wconf 89' lang='lat' dir='ltr'>sine</span> <span class='ocrx_word' id='word_1_494' title='bbox 1300 2204 1375 2235; x_wconf 79' lang='lat' dir='ltr'>cura</span> <span class='ocrx_word' id='word_1_495' title='bbox 1402 2202 1556 2235; x_wconf 83' lang='lat' dir='ltr'>beneficia</span> <span class='ocrx_word' id='word_1_496' title='bbox 1582 2201 1793 2235; x_wconf 89' lang='lat' dir='ltr'>ecclesiastica</span> <span class='ocrx_word' id='word_1_497' title='bbox 1817 2201 1953 2244; x_wconf 87' lang='lat' dir='ltr'>(etiamsi</span> 
     </span>
     <span class='ocr_line' id='line_1_95' title="bbox 1209 2254 1954 2300; baseline -0.003 -11"><span class='ocrx_word' id='word_1_498' title='bbox 1209 2260 1396 2300; x_wconf 87' lang='lat' dir='ltr'>personatus</span> <span class='ocrx_word' id='word_1_499' title='bbox 1414 2282 1422 2297; x_wconf 93' lang='lat'>,</span> <span class='ocrx_word' id='word_1_500' title='bbox 1446 2254 1733 2288; x_wconf 87' lang='lat' dir='ltr'>administrationes</span> <span class='ocrx_word' id='word_1_501' title='bbox 1768 2259 1799 2287; x_wconf 86' lang='lat' dir='ltr'>et</span> <span class='ocrx_word' id='word_1_502' title='bbox 1830 2254 1931 2288; x_wconf 87' lang='lat' dir='ltr'>officia</span> <span class='ocrx_word' id='word_1_503' title='bbox 1947 2281 1954 2294; x_wconf 96' lang='lat'>,</span> 
     </span>
     <span class='ocr_line' id='line_1_96' title="bbox 1210 2307 1954 2349; baseline -0.001 -8"><span class='ocrx_word' id='word_1_504' title='bbox 1210 2309 1304 2342; x_wconf 88' lang='lat' dir='ltr'>etiam</span> <span class='ocrx_word' id='word_1_505' title='bbox 1330 2313 1437 2342; x_wconf 89' lang='lat' dir='ltr'>curata</span> <span class='ocrx_word' id='word_1_506' title='bbox 1457 2313 1487 2341; x_wconf 84' lang='lat' dir='ltr'>et</span> <span class='ocrx_word' id='word_1_507' title='bbox 1503 2307 1643 2348; x_wconf 85' lang='lat' dir='ltr'>electiva,</span> <span class='ocrx_word' id='word_1_508' title='bbox 1660 2307 1693 2340; x_wconf 90' lang='lat' dir='ltr'>in</span> <span class='ocrx_word' id='word_1_509' title='bbox 1710 2307 1954 2349; x_wconf 86' lang='lat' dir='ltr'>cathedralibus,</span> 
     </span>
     <span class='ocr_line' id='line_1_97' title="bbox 1211 2360 1954 2406; baseline -0.003 -10"><span class='ocrx_word' id='word_1_510' title='bbox 1211 2363 1305 2396; x_wconf 87' lang='lat' dir='ltr'>etiam</span> <span class='ocrx_word' id='word_1_511' title='bbox 1329 2361 1601 2406; x_wconf 84' lang='lat' dir='ltr'>metropolitanis,</span> <span class='ocrx_word' id='word_1_512' title='bbox 1627 2362 1675 2394; x_wconf 85' lang='lat' dir='ltr'>vel</span> <span class='ocrx_word' id='word_1_513' title='bbox 1703 2360 1876 2404; x_wconf 81' lang='lat' dir='ltr'>collegiatis</span> <span class='ocrx_word' id='word_1_514' title='bbox 1903 2371 1954 2394; x_wconf 91' lang='lat' dir='ltr'>cc-</span> 
     </span>
     <span class='ocr_line' id='line_1_98' title="bbox 1212 2415 1956 2460; baseline -0.003 -10"><span class='ocrx_word' id='word_1_515' title='bbox 1212 2416 1325 2457; x_wconf 82' lang='lat' dir='ltr'>elesiis,</span> <span class='ocrx_word' id='word_1_516' title='bbox 1350 2426 1406 2450; x_wconf 90' lang='lat' dir='ltr'>seu</span> <span class='ocrx_word' id='word_1_517' title='bbox 1429 2415 1627 2460; x_wconf 87' lang='lat' dir='ltr'>parochiales</span> <span class='ocrx_word' id='word_1_518' title='bbox 1652 2415 1812 2456; x_wconf 86' lang='lat' dir='ltr'>ecclesiae,</span> <span class='ocrx_word' id='word_1_519' title='bbox 1836 2415 1885 2448; x_wconf 81' lang='lat' dir='ltr'>vel</span> <span class='ocrx_word' id='word_1_520' title='bbox 1909 2425 1956 2448; x_wconf 87' lang='lat' dir='ltr'>ea-</span> 
     </span>
     <span class='ocr_line' id='line_1_99' title="bbox 1211 2467 1956 2514; baseline -0.003 -11"><span class='ocrx_word' id='word_1_521' title='bbox 1211 2481 1282 2503; x_wconf 88' lang='lat' dir='ltr'>rum</span> <span class='ocrx_word' id='word_1_522' title='bbox 1310 2473 1480 2514; x_wconf 88' lang='lat' dir='ltr'>perpetuae</span> <span class='ocrx_word' id='word_1_523' title='bbox 1511 2468 1664 2509; x_wconf 71' lang='lat' dir='ltr'>vicariae,</span> <span class='ocrx_word' id='word_1_524' title='bbox 1690 2478 1725 2501; x_wconf 83' lang='lat' dir='ltr'>ac</span> <span class='ocrx_word' id='word_1_525' title='bbox 1753 2467 1956 2501; x_wconf 85' lang='lat' dir='ltr'>canonicatus</span> 
     </span>
     <span class='ocr_line' id='line_1_100' title="bbox 1212 2521 1956 2568; baseline -0.004 -11"><span class='ocrx_word' id='word_1_526' title='bbox 1212 2530 1242 2557; x_wconf 87' lang='lat' dir='ltr'>et</span> <span class='ocrx_word' id='word_1_527' title='bbox 1264 2523 1473 2568; x_wconf 90' lang='lat' dir='ltr'>praebendae,</span> <span class='ocrx_word' id='word_1_528' title='bbox 1498 2533 1561 2555; x_wconf 90' lang='lat' dir='ltr'>non</span> <span class='ocrx_word' id='word_1_529' title='bbox 1589 2527 1693 2555; x_wconf 86' lang='lat' dir='ltr'>tamen</span> <span class='ocrx_word' id='word_1_530' title='bbox 1717 2521 1749 2555; x_wconf 89' lang='lat' dir='ltr'>in</span> <span class='ocrx_word' id='word_1_531' title='bbox 1773 2521 1956 2555; x_wconf 85' lang='lat' dir='ltr'>cathedrali-</span> 
     </span>
     <span class='ocr_line' id='line_1_101' title="bbox 1211 2574 1954 2620; baseline -0.004 -9"><span class='ocrx_word' id='word_1_532' title='bbox 1211 2578 1280 2619; x_wconf 46' lang='lat' dir='ltr'>bus</span> <span class='ocrx_word' id='word_1_533' title='bbox 1302 2588 1335 2610; x_wconf 89' lang='lat' dir='ltr'>ac</span> <span class='ocrx_word' id='word_1_534' title='bbox 1356 2577 1540 2620; x_wconf 79' lang='lat' dir='ltr'>dignitates,</span> <span class='ocrx_word' id='word_1_535' title='bbox 1564 2586 1628 2609; x_wconf 93' lang='lat' dir='ltr'>non</span> <span class='ocrx_word' id='word_1_536' title='bbox 1652 2581 1758 2609; x_wconf 88' lang='lat' dir='ltr'>tamen</span> <span class='ocrx_word' id='word_1_537' title='bbox 1781 2575 1813 2608; x_wconf 90' lang='lat' dir='ltr'>in</span> <span class='ocrx_word' id='word_1_538' title='bbox 1837 2574 1954 2609; x_wconf 88' lang='lat' dir='ltr'>eisdem</span> 
     </span>
     <span class='ocr_line' id='line_1_102' title="bbox 1213 2629 1956 2674; baseline -0.004 -9"><span class='ocrx_word' id='word_1_539' title='bbox 1213 2631 1444 2666; x_wconf 76' lang='lat' dir='ltr'>cathedralibus</span> <span class='ocrx_word' id='word_1_540' title='bbox 1467 2635 1538 2674; x_wconf 88' lang='lat' dir='ltr'>post</span> <span class='ocrx_word' id='word_1_541' title='bbox 1561 2630 1773 2674; x_wconf 82' lang='lat' dir='ltr'>pontificalem</span> <span class='ocrx_word' id='word_1_542' title='bbox 1798 2629 1934 2663; x_wconf 89' lang='lat' dir='ltr'>maiores</span> <span class='ocrx_word' id='word_1_543' title='bbox 1948 2656 1956 2669; x_wconf 94' lang='lat'>,</span> 
     </span>
    </p>
   </div>
   <div class='ocr_carea' id='block_1_13' title="bbox 1247 2691 1845 2728">
    <p class='ocr_par' dir='ltr' id='par_1_17' title="bbox 1247 2691 1845 2728">
     <span class='ocr_line' id='line_1_103' title="bbox 1247 2691 1845 2728; baseline -0.005 -7"><span class='ocrx_word' id='word_1_544' title='bbox 1247 2695 1261 2721; x_wconf 65' lang='lat' dir='ltr'>‘l</span> <span class='ocrx_word' id='word_1_545' title='bbox 1280 2693 1350 2722; x_wconf 87' lang='lat' dir='ltr'>Edit.</span> <span class='ocrx_word' id='word_1_546' title='bbox 1367 2693 1484 2721; x_wconf 83' lang='lat' dir='ltr'>Cherub.</span> <span class='ocrx_word' id='word_1_547' title='bbox 1502 2692 1567 2728; x_wconf 85' lang='lat' dir='ltr'>legit</span> <span class='ocrx_word' id='word_1_548' title='bbox 1582 2693 1729 2722; x_wconf 79' lang='lat' dir='ltr'>libertates</span> <span class='ocrx_word' id='word_1_549' title='bbox 1743 2692 1780 2727; x_wconf 78' lang='lat' dir='ltr'>(n.</span> <span class='ocrx_word' id='word_1_550' title='bbox 1797 2691 1845 2724; x_wconf 83' lang='lat' dir='ltr'>T.).</span> 
     </span>
    </p>
   </div>
   <div class='ocr_carea' id='block_1_14' title="bbox 1965 1358 2150 1484">
    <p class='ocr_par' dir='ltr' id='par_1_18' title="bbox 1965 1358 2150 1484">
     <span class='ocr_line' id='line_1_104' title="bbox 2001 1358 2149 1384; baseline 0 -7"><span class='ocrx_word' id='word_1_551' title='bbox 2001 1358 2024 1377; x_wconf 81' lang='lat' dir='ltr'>Et</span> <span class='ocrx_word' id='word_1_552' title='bbox 2042 1359 2068 1378; x_wconf 51' lang='lat' dir='ltr'>ai!</span> <span class='ocrx_word' id='word_1_553' title='bbox 2085 1363 2149 1384; x_wconf 76' lang='lat' dir='ltr'>quae-</span> 
     </span>
     <span class='ocr_line' id='line_1_105' title="bbox 1965 1385 2150 1410; baseline 0 -6"><span class='ocrx_word' id='word_1_554' title='bbox 1965 1390 2055 1410; x_wconf 77' lang='lat' dir='ltr'>cumque</span> <span class='ocrx_word' id='word_1_555' title='bbox 2086 1385 2150 1404; x_wconf 78' lang='lat' dir='ltr'>etiam</span> 
     </span>
     <span class='ocr_line' id='line_1_106' title="bbox 1965 1411 2150 1431; baseline -0.011 0"><span class='ocrx_word' id='word_1_556' title='bbox 1965 1411 2070 1431; x_wconf 74' lang='lat' dir='ltr'>bein-licia</span> <span class='ocrx_word' id='word_1_557' title='bbox 2083 1411 2150 1431; x_wconf 68' lang='lat' dir='ltr'>verle-</span> 
     </span>
     <span class='ocr_line' id='line_1_107' title="bbox 1965 1437 2138 1457; baseline 0 0"><span class='ocrx_word' id='word_1_558' title='bbox 1965 1438 2053 1457; x_wconf 68' lang='lat' dir='ltr'>siastira</span> <span class='ocrx_word' id='word_1_559' title='bbox 2095 1445 2107 1457; x_wconf 73' lang='grc' dir='ltr'>ο</span> <span class='ocrx_word' id='word_1_560' title='bbox 2135 1437 2138 1440; x_wconf 66' lang='lat'><strong>⁴</strong></span> 
     </span>
     <span class='ocr_line' id='line_1_108' title="bbox 1965 1464 2043 1484; baseline -0.013 0"><span class='ocrx_word' id='word_1_561' title='bbox 1965 1464 2043 1484; x_wconf 72' lang='lat' dir='ltr'>uruda.</span> 
     </span>
    </p>
   </div>
  </div>
 </body>
</html>
