2269 3235
255 270 306 297 An.
328 269 357 297 C.
374 267 444 296 1625

283 598 312 619 Ex
326 599 395 619 causis
406 598 441 619 liic

258 631 374 652 expressis:

287 1078 387 1100 Custodia
406 1078 445 1099 Ba*

261 1111 334 1126 variae
356 1112 376 1126 in
398 1110 445 1131 pro-

262 1132 352 1153 xinciam
383 1131 445 1157 erigi-

261 1160 308 1183 tur;

320 1825 363 1845 Sub
379 1825 449 1845 imme·

266 1852 324 1872 diata
333 1851 453 1876 dependen-

266 1879 295 1897 tia
309 1883 322 1898 a
337 1878 450 1903 superiori-

265 1904 305 1925 hus
316 1904 450 1929 generalibus

267 1930 362 1953 omium

490 259 554 292 ⁶290

453 317 531 350 licae
551 316 709 349 servitutis
734 325 835 354 curas,
853 315 938 347 illam
959 313 1110 364 pec-uliari
1132 318 1193 347 stu-

454 369 506 404 dio
523 370 759 413 amplectamur,
780 378 836 411 per
852 378 945 412 quam
967 377 1119 412 personae
1137 367 1195 399 sub

455 423 541 457 suavi
565 422 727 465 religionis
747 422 821 465 iugo
839 421 1008 455 Salvatoris
1025 421 1124 454 nostri
1142 421 1196 454 ob-

456 477 572 520 sequiis
608 476 814 515 famulanteS‚
839 475 1033 508 felicioribus
1066 475 1097 508 in
1129 474 1196 508 dies

455 529 621 574 proficiant
647 528 857 561 incrementis.

501 583 516 626 ἓ
541 583 569 615 l.
594 582 673 615 Dum
699 581 813 625 itaque,
838 581 916 614 sicut
941 580 1132 625 accepimus,
1150 581 1196 614 di-

457 636 528 669 lecti
553 635 608 668 filii
633 635 745 668 fratres
769 635 894 668 Ordinis
919 634 1073 667 lllinorum
1099 635 1196 668 saneti

458 689 615 722 Francisci
645 688 683 721 de
714 688 917 723 Observantia
944 688 1198 721 Reformatorum

457 747 710 787 nuncupatorum
728 741 887 774 custodiae
901 741 1048 774 Bavariae
1066 740 1199 773 assiduis

458 795 545 829 verbi
575 795 629 829 Dei
653 794 961 840 praedicationibus,
987 794 1199 837 continuaque

459 854 728 883 sacramentorum
753 847 1039 882 ecclesiasticorum
1064 846 1199 880 admini-

459 903 620 943 stratione,
644 911 766 936 necnon
783 901 852 934 aliis
869 899 1085 944 spiritualibus
1109 910 1199 933 exer-

459 956 551 998 citiis,
575 956 688 989 uberes
708 955 739 987 in
759 954 849 987 vinea
870 953 995 987 Domini
1019 952 1140 986 fructus
1156 952 1199 986 af-

460 1010 541 1043 ferre
564 1014 752 1043 noscantur:

504 1063 520 1106 5
543 1062 572 1096 2.
598 1062 670 1103 Nos,
686 1066 721 1094 ut
736 1062 850 1094 fratres
874 1060 1007 1105 praefati
1025 1060 1057 1093 in
1072 1060 1199 1104 piorum

460 1115 642 1150 huiusmodi
667 1125 800 1159 operum
825 1113 976 1147 exercitio
996 1113 1110 1146 melius
1132 1123 1202 1157 per-

460 1179 605 1203 severare
630 1169 768 1209 valeant,
793 1167 972 1212 providere,
998 1177 1034 1200 ac
1057 1167 1139 1200 felici
1164 1167 1201 1199 il-

460 1224 563 1257 lorum
589 1222 692 1262 statui,
712 1226 865 1266 quantum
885 1231 957 1254 cum
980 1221 1114 1254 Domino
1133 1231 1202 1265 pos-

460 1286 590 1317 sumus,
623 1275 817 1319 peramplius
850 1274 1015 1307 consulere
1044 1274 1201 1315 volentes,

462 1335 548 1363 motu
571 1329 705 1374 proprio
725 1334 807 1362 etex
826 1329 912 1361 certa
938 1328 1068 1361 scientia
1089 1338 1122 1361 ac
1141 1338 1203 1361 ma-

461 1385 532 1417 tura
546 1382 771 1417 deliberatione
788 1381 914 1421 nostris,
927 1381 1101 1414 custodiam
1116 1391 1203 1425 prae-

461 1438 553 1471 fatam
564 1436 595 1469 in
607 1435 801 1480 provinciam
812 1434 937 1469 Ordinis
951 1434 1090 1467 eiusdem
1106 1435 1201 1468 sancti

462 1490 621 1524 Francisci
652 1490 905 1523 Reformatorum
937 1488 1202 1522 Disealeeatorum

462 1544 610 1578 Bavariae
634 1542 876 1586 nuncupandam
902 1542 993 1586 [quae
1019 1542 1203 1584 reformata,

462 1603 491 1631 et
511 1597 580 1631 aliis
596 1596 781 1631 eorumdem
798 1596 932 1629 fratrum
957 1596 1202 1630 reformatorum

462 1651 729 1685 Discalceatorum
754 1654 1007 1694 nuncupatorum
1032 1650 1204 1693 provinciis

463 1715 636 1748 regnorum
662 1703 882 1748 Hispaniarum
907 1703 1087 1746 conformis,
1112 1708 1142 1736 et
1166 1703 1204 1737 ad

464 1759 590 1792 illarum
616 1758 714 1790 instar
738 1767 815 1797 esse,

510 1812 525 1856 ἓ
549 1811 578 1844 3.
604 1811 732 1844 Necnon
756 1809 814 1843 sub
839 1809 1043 1843 omnimoda¹
1069 1810 1204 1843 ministri

466 1865 622 1909 generalis
639 1863 713 1898 dicti
730 1863 865 1904 Ordinis,
883 1874 917 1896 ac
935 1863 985 1906 (eo
1002 1863 1124 1897 Italicae
1149 1874 1204 1896 na-

468 1920 579 1960 tionis,
612 1923 641 1951 et
674 1923 760 1951 extra
792 1917 912 1950 Italiam
944 1917 1108 1962 existente)
1138 1918 1205 1951 eius

466 1972 574 2006 vicarii
599 1971 765 2015 generalis,
790 1981 913 2004 necnon
937 1971 1030 2003 etiam
1056 1971 1204 2004 commis-

467 2025 539 2059 sarii
557 2024 713 2068 generalis
734 2024 819 2057 iuxta
836 2024 955 2057 Bullan]
972 2024 1097 2057 unionis
1114 2025 1203 2058 electi

466 2080 542 2123 (non
567 2084 672 2112 autem
697 2078 988 2111 commissariorum
1009 2078 1204 2121 generalium

466 2132 651 2167 eorumdem
675 2132 801 2166 Ordinis
825 2136 856 2165 et
874 2142 1059 2176 regnorum,
1080 2142 1137 2165 nec
1158 2143 1206 2165 su-

465 2186 603 2232 perioris
618 2186 666 2219 vel
679 2185 838 2219 inferioris
854 2185 1050 2225 Germaniae,
1068 2185 1110 2218 ita
1121 2185 1205 2229 quod

467 2241 610 2274 minister
635 2251 670 2274 ac
694 2239 830 2273 vicarius
851 2244 881 2272 et
905 2239 1139 2273 commissarius
1156 2250 1206 2283 ge-

466 2295 589 2328 nerales
612 2294 755 2339 praefati,
773 2293 860 2327 iuxta
878 2293 999 2326 Bullam
1024 2293 1205 2326 huiusmodi

467 2348 567 2388 electi,
582 2348 666 2381 illam
680 2347 806 2381 nonnisi
818 2357 876 2391 per
889 2357 921 2380 se
934 2347 1030 2392 ipsoe,
1040 2345 1112 2380 aut²
1125 2357 1207 2381 eom-

468 2402 629 2436 missarios
653 2401 778 2436 Ordinis
806 2401 1060 2435 Reformatorum
1086 2401 1206 2445 praefa-

467 2462 571 2489 torum
596 2455 722 2489 visitare
747 2455 883 2499 valeant)
905 2454 1132 2497 iurisdictione,
1157 2465 1208 2489 au-

468 2512 611 2543 ctoritate
636 2515 663 2543 et
690 2510 929 2554 superioritate,

503 2592 514 2617 1
534 2591 679 2624 Perperam
694 2589 757 2617 edit.
774 2590 852 2617 Main.
864 2589 929 2624 legit
944 2589 1106 2618 omnimodo
1119 2590 1206 2625 (afr).

1026 266 1205 290 uULLthM
1231 265 1384 289 ROMANUM

1272 314 1287 358 ἓ
1310 313 1339 346 [ιι.
1365 313 1521 357 Cuiusque
1546 312 1659 346 fratres
1675 313 1760 346 iuxta
1783 313 1968 347 declaratio-

1227 377 1283 400 nes
1300 367 1398 401 felicis
1414 365 1643 400 recordationis
1667 365 1787 400 Nicolai
1803 366 1842 400 III
1861 371 1891 400 et
1907 366 1970 401 Cle-

1228 420 1341 453 mentis
1367 420 1388 452 V
1414 420 1630 453 Romanorum
1655 419 1844 453 Pontificum
1869 430 1966 464 praeu

1229 474 1430 507 decessorum
1448 479 1642 514 nostrorum,
1660 473 1765 506 vivere
1784 472 1917 506 debeant
1929 473 1948 514 ¹,

1274 528 1289 571 g
1313 527 1342 560 5.
1368 528 1405 560 Et
1429 537 1500 560 cum
1525 527 1585 560 lioc
1609 526 1714 566 etiam,
1731 525 1815 570 quod
1835 536 1871 559 ex
1887 536 1971 560 nunc

1230 580 1374 614 minister
1398 576 1600 625 provincialis
1624 579 1804 624 provinciae
1825 579 1971 613 Bavariae

1232 633 1411 667 huiusmodi
1436 643 1562 667 omnem
1589 632 1851 674 iurisdietionem,
1875 633 1971 666 sacul-

1232 691 1325 719 tatem
1351 690 1381 721 et
1405 687 1634 728 auctoritatem,
1653 690 1714 720 tam
1736 686 1766 719 in
1782 686 1896 719 fratres
1915 685 1973 720 Or-

1232 739 1313 772 dinis
1345 740 1475 784 praesati
1500 740 1558 773 sibi
1584 739 1742 781 subditos,
1767 750 1860 784 quam
1890 740 1974 774 circa

1231 803 1385 827 novarum
1414 793 1582 827 domorum
1612 793 1752 827 eiusdem
1784 793 1916 827 instituti
1942 793 1974 827 in

1233 846 1343 879 eadem
1359 846 1522 890 provincia
1538 846 1752 881 fundationem
1773 857 1827 881 seu
1844 847 1975 882 erectio-

1232 908 1305 932 nem
1330 903 1382 932 aut
1411 899 1681 942 aedificationem,
1706 911 1764 935 nec
1793 911 1856 935 non
1881 900 1974 935 etiam

1234 951 1317 985 circa
1340 951 1486 993 novitios,
1511 952 1633 997 aliaque
1656 953 1688 986 in
1711 954 1824 988 litteris
1848 959 1974 999 aposto-

1234 1003 1303 1037 licis
1330 1004 1516 1039 recolendae
1548 1006 1719 1039 memoriae
1749 1006 1894 1051 Gregorii
1918 1008 1975 1041 Pa-

1234 1067 1294 1102 pae
1317 1057 1385 1092 XIII
1403 1058 1496 1092 etiam
1520 1059 1773 1103 praedecessoris
1790 1060 1890 1094 nostri
1907 1071 1977 1094 con-

1234 1116 1329 1153 tenta,
1345 1116 1441 1156 prout
1453 1112 1505 1145 alii
1522 1112 1658 1146 ministri
1675 1113 1885 1157 provinciales
1901 1114 1977 1147 alia-

1235 1176 1306 1199 rum
1314 1165 1550 1210 provinciarum
1563 1166 1695 1201 fratrum
1704 1166 1843 1200 eiusdem
1853 1166 1978 1202 Ordinis

1236 1219 1490 1253 Reformatorum
1514 1220 1783 1254 Discaleeatorum
1807 1231 1975 1266 nuncupa-

1235 1278 1351 1314 torum,
1368 1273 1401 1306 in
1418 1273 1565 1307 omnibus
1581 1278 1612 1307 et
1627 1284 1686 1318 per
1703 1274 1809 1307 omnia
1829 1274 1958 1315 habeat3

1280 1327 1295 1371 ξ
1319 1327 1348 1361 6.
1367 1328 1409 1361 Ac
1430 1333 1492 1360 tam
1512 1328 1582 1372 ipsi,
1600 1338 1694 1372 quam
1709 1328 1905 1371 singularum
1926 1328 1978 1362 do-

1236 1391 1362 1415 morum
1386 1381 1486 1415 dictae
1509 1382 1691 1426 provinciae
1722 1383 1855 1415 fratrum
1882 1382 1978 1416 Mino-

1235 1445 1307 1468 rum
1321 1435 1349 1469 S.
1363 1435 1521 1469 Francisci
1538 1436 1792 1470 Reformatorum
1808 1436 1978 1470 Discalcea-

1237 1494 1342 1522 torum
1355 1494 1608 1534 nuncupatorum
1626 1489 1774 1523 Bavariae
1787 1489 1977 1534 superiores,

1236 1552 1358 1576 necnon
1390 1542 1565 1586 singulares
1598 1553 1728 1584 eorum,
1754 1548 1784 1576 et.
1812 1542 1979 1577 cuiuslibet

1237 1596 1361 1629 illarum
1395 1606 1570 1641 personae,
1606 1596 1751 1630 omnibus
1786 1602 1815 1631 et
1848 1597 1979 1641 singulis

1238 1649 1476 1694 praerogativis,
1502 1650 1768 1694 praeeminentiis,
1792 1650 1978 1694 privilegiis,

1237 1704 1488 1748 exemptionibus
1502 1731 1509 1745 ,
1535 1703 1803 1746 immunitatibus,
1828 1703 1956 1738 indultis
1970 1732 1978 1745 ,

1238 1757 1503 1800 concessionibus,
1528 1757 1688 1791 favoribus
1705 1761 1734 1791 et
1753 1757 1862 1801 gratiis
1886 1757 1979 1802 spiri-

1238 1811 1374 1844 tualibus
1398 1817 1428 1844 et
1453 1811 1691 1855 temporalibus,
1717 1811 1831 1855 quibus
1851 1811 1902 1844 alii
1923 1811 1980 1845 hu-

1238 1863 1373 1897 iusmodi
1398 1864 1535 1897 ministri
1567 1864 1777 1909 provinciales
1802 1869 1832 1898 et
1856 1864 1980 1898 illarum

1238 1917 1406 1951 domorum
1430 1917 1626 1961 regularium
1659 1917 1839 1962 superiores
1864 1922 1894 1951 et
1917 1917 1980 1951 sin-

1238 1972 1363 2015 gulares
1387 1981 1541 2015 personae
1567 1971 1623 2013 uti,
1649 1971 1720 2013 frui,
1743 1971 1838 2016 potiri
1855 1976 1883 2004 et
1908 1982 1981 2015 gau-

1238 2024 1312 2058 dere
1342 2030 1475 2069 possunt
1498 2030 1528 2058 et
1559 2029 1707 2069 poterunt
1744 2024 1981 2069 quomodolibet

1239 2078 1270 2111 in
1294 2078 1454 2120 futurum,
1478 2078 1596 2123 pariter
1620 2083 1650 2112 et
1680 2078 1915 2123 pariformiter,
1943 2089 1979 2111 ac

1239 2142 1337 2176 aeque
1359 2132 1587 2177 principaliter,
1608 2132 1674 2165 sine
1693 2132 1758 2165 ulla
1777 2141 1908 2176 prorsus
1925 2131 1980 2165 dif-

1239 2186 1381 2228 ferentia,
1406 2186 1461 2227 uti‚
1486 2186 1560 2229 frui,
1577 2185 1674 2230 potiri
1700 2189 1729 2220 et
1753 2185 1891 2229 gaudere
1911 2195 1980 2230 pos-

1239 2240 1310 2281 sint,
1335 2245 1365 2273 et
1389 2240 1562 2283 gaudeant,

1284 2294 1299 2337 ἓ
1324 2294 1352 2327 7.
1366 2293 1517 2337 Quodque
1535 2302 1619 2326 nunc
1636 2297 1666 2326 et
1683 2303 1742 2337 pro
1759 2298 1903 2337 tempore
1920 2294 1982 2327 exi-

1241 2353 1324 2381 stens
1357 2347 1499 2381 minister
1534 2347 1691 2390 generalis
1722 2347 1904 2391 praefatus,
1928 2353 1982 2382 aut

1240 2401 1416 2435 visitatores
1432 2401 1471 2434 ab
1492 2411 1528 2434 eo
1553 2401 1646 2434 etiam
1671 2411 1729 2445 pro
1754 2406 1897 2446 tempore
1915 2402 1982 2438 mit-

1241 2455 1336 2496 tendi,
1357 2460 1481 2495 statuta,
1508 2454 1746 2489 constitutiones
1767 2459 1797 2489 et
1813 2454 1983 2489 o'rdinatio-

1242 2519 1296 2543 nes
1310 2509 1450 2543 eiusdem
1467 2509 1648 2553 provinciae
1661 2509 1820 2551 Bavariae‚
1837 2509 1982 2554 illiusque

1279 2591 1288 2615 1
1309 2588 1410 2616 Nicolai
1430 2588 1463 2616 lll
1484 2588 1574 2616 Const.
1591 2597 1607 2614 v
1626 2588 1654 2615 in
1673 2589 1767 2617 Const.
1786 2595 1815 2616 111
1834 2588 1868 2616 de
1887 2589 1983 2616 verbo-

503 2635 519 2661 ⁶).
536 2634 635 2662 Forsan
651 2634 795 2669 legendum
815 2643 871 2662 non
890 2639 985 2663 autem
1002 2644 1056 2670 per
1074 2635 1208 2662 commis·
1241 2642 1302 2660 rum
1321 2633 1498 2667 significatus,
1515 2637 1541 2660 et
1556 2633 1640 2660 Clem.
1658 2633 1676 2658 V
1692 2633 1718 2661 in
1734 2633 1916 2661 Clementinus
1931 2633 1940 2661 1
1955 2634 1980 2660 in

469 2679 572 2714 sarios,
588 2683 639 2706 etc.
658 2684 694 2713 tu.
712 2679 760 2713 ἰ·,),

1242 2678 1337 2706 eoilein
1355 2678 1431 2705 titulo
1445 2679 1483 2712 (a.
1500 2685 1523 2704 Τ.
1543 2687 1573 2705 cx
1590 2678 1732 2709 Cherub).

1980 265 2030 292 An.
2052 265 2080 292 C.
2100 265 2167 294 1625

2016 328 2075 348 quta
2091 328 2168 348 consu-

1984 355 2076 376 tutio-ies
2106 355 2168 376 Nico·

1985 383 2012 403 lai
2026 381 2052 402 ΙΙΙ
2077 383 2098 401 et.
2121 381 2168 403 cie-

1984 408 2060 430 nicutis
2076 407 2100 428 V.

2042 542 2171 563 l'rovinciali

1986 572 2108 594 couweluns
2122 575 2171 590 con·

1986 597 2039 617 cedit
2046 602 2081 621 ur,
2111 596 2171 617 iuris-

1987 623 2063 648 dicum

2019 1342 2042 1363 Et
2056 1341 2166 1368 privilegia

2024 2303 2113 2324 Caietur
2128 2308 2180 2330 quo·

1996 2330 2063 2350 nimus·
2075 2330 2180 2356 generatis

1996 2356 2058 2376 tumis
2097 2357 2181 2383 provin·

1996 2384 2042 2403 riae
2051 2383 2181 2404 constitutio-

1996 2416 2033 2430 nes
2048 2410 2158 2431 immutato
