2269 3235
52 243 58 246 -
104 227 153 255 Λη.
169 226 199 254 C.
221 224 289 253 1625

909 227 1051 252 URBANUS
1072 227 1127 251 VIII
1146 227 1195 251 ΡΡ.

301 277 388 305 turus
424 278 490 306 erat
524 278 577 306 aut.
612 279 794 318 exemptus,
821 275 989 318 quodque,
1015 275 1039 307 si

300 326 516 360 tantummodo
534 327 603 360 laici
617 327 757 361 subsidia
774 327 953 361 huiusmodi
971 337 1041 360 con-

300 379 472 413 tribuerant
495 385 525 413 ct
545 381 699 423 gabellum
724 391 778 414 seu
803 381 896 414 sisam
921 380 1041 424 praedi-

300 437 381 465 ctam
419 433 576 466 solverent
596 461 603 474 ,
636 433 727 466 nimis
766 433 860 476 longo
897 437 1039 476 tempore

299 496 422 518 summa
434 487 594 530 praedicta
611 486 829 527 conficeretur,
842 490 872 520 et
885 486 1039 519 laieorum

299 539 459 573 facultates
483 540 521 572 ad
545 550 701 573 summam
725 539 905 573 huiusmodi
930 540 1038 573 decem

298 602 334 625 ae
358 598 429 626 octo
453 593 646 635 millionum,
670 598 705 626 ut
732 593 925 638 praefertur,
950 593 1040 626 aliter

299 645 525 679 conficiendam
549 646 679 679 minime
707 646 931 690 suppetebant;
956 645 1038 678 idem

299 697 411 732 Paulus
435 698 668 742 praedeeessor,
687 699 796 732 eadem
821 698 960 732 subsidia
983 709 1040 743 per

298 752 522 785 ecclesiasticas
537 762 690 796 personas
710 752 916 785 adiuvandam
937 752 1040 785 existi-

298 816 406 846 mans,
437 816 546 839 omnes
577 811 607 839 et
641 805 780 850 singulas
815 806 1040 840 ecclesiasticas

297 868 447 901 personas
471 864 534 892 tam
557 859 722 901 seculares,
744 871 839 904 quam
864 860 1039 894 cuiuscum-

297 922 358 955 que
382 912 506 946 Ordinis
524 913 616 946 etiam
634 913 770 958 exempti
791 919 821 947 et
839 913 1038 957 Apostolicae

298 965 369 999 Sedi
386 966 566 1000 immediate
583 966 714 1000 subiecti
727 967 899 1010 regulares,
916 977 1039 1000 necnon

298 1020 489 1053 monasteria
513 1020 677 1065 utriusque
701 1031 803 1062 sexus,
821 1025 991 1054 conventus
1010 1026 1040 1053 et

299 1073 447 1116 collegia,
473 1084 508 1107 ac
538 1074 741 1107 eeclesiarum
770 1074 907 1118 capitula
930 1084 1040 1116 regno-

299 1137 370 1159 rum
386 1126 535 1160 Castellae
552 1127 798 1171 praedictorum,
815 1137 851 1160 ac
872 1127 903 1159 in
920 1126 1038 1160 eisdem

299 1181 404 1224 regnis
428 1187 660 1215 commorantes
692 1188 722 1215 ct
753 1182 975 1223 consistentes,
1001 1181 1039 1214 ad

299 1234 522 1268 conferendum
552 1241 581 1269 et
605 1236 872 1269 contribuendum
902 1245 1039 1279 propor-

298 1287 500 1331 tionabiliter,
525 1293 555 1321 et
578 1298 640 1322 non
665 1289 758 1330 alias,
778 1294 872 1332 prout
896 1288 985 1328 laici,
1008 1288 1040 1320 in

299 1340 388 1374 dictis
408 1341 733 1384 subsidiis—mediante
758 1341 913 1375 solutione
937 1341 1041 1384 gabel-

299 1393 434 1438 lae„seu
457 1395 546 1436 sisae,
563 1396 747 1429 eorumdem
772 1395 996 1436 subsidiorum,
1013 1405 1041 1427 e-

299 1448 374 1480 tiam
399 1459 493 1493 super
513 1449 606 1491 vino,
631 1455 734 1484 musto
752 1477 759 1491 ‚
783 1455 890 1491 aceto,
916 1454 1039 1493 aquato,

299 1502 369 1535 oleo
393 1507 423 1537 et
447 1503 594 1536 carnibus
618 1504 650 1536 in
674 1503 842 1547 praedictis
858 1502 964 1545 regnis
981 1503 1041 1536 eol-

299 1556 432 1599 ligendis
457 1561 486 1591 et
510 1557 729 1591 consumendis
749 1557 968 1601 imponendae,
986 1567 1041 1589 seu

300 1610 405 1643 forsan
422 1611 598 1655 impositae,
616 1617 646 1644 et
661 1611 794 1644 durante
811 1616 915 1643 tamen
938 1620 1042 1643 sexen-

299 1664 350 1697 nio
374 1669 448 1697 tunc
471 1664 616 1708 proximo
633 1665 793 1699 dumtaxat
817 1669 846 1697 et
870 1674 933 1697 non
949 1664 1039 1705 ultra,

299 1717 398 1749 teneri
415 1722 444 1750 et
461 1716 631 1761 obligatos¹
647 1728 723 1758 esse,
738 1728 801 1751 non
818 1722 921 1750 tamen
937 1717 1040 1760 quoad

299 1770 476 1814 praedictas
492 1782 601 1804 rerum
615 1771 745 1815 species,
759 1782 836 1815 quas
849 1781 885 1804 ex
903 1770 1040 1814 propriis

300 1824 442 1866 terrenis,
461 1835 516 1858 seu
532 1825 673 1866 decimis,
690 1828 742 1859 aut
759 1825 827 1858 aliis
841 1824 1041 1868 quibuscum-

299 1888 360 1921 que
383 1877 557 1911 redditibus
580 1878 729 1923 propriis,
746 1889 803 1922 per
819 1889 862 1919 se,
879 1878 927 1911 vel
953 1878 1039 1920 alios,

300 1931 393 1963 ctiam
418 1931 607 1964 affictuarios
627 1942 710 1973 suos,
729 1932 776 1964 vel
798 1931 891 1964 etiam
909 1942 945 1964 ex
962 1931 1041 1964 elee-

301 1985 449 2029 mosynis,
466 1985 680 2029 percipiebant
696 1991 726 2018 et
746 1997 805 2029 pro
822 1985 927 2018 divino
945 1986 1040 2026 cultu,

299 2048 335 2071 ac
359 2039 495 2082 propriis
520 2044 551 2072 et
574 2040 765 2073 familiarum
783 2050 911 2073 suarum
932 2038 1040 2072 usibus

300 2092 537 2133 consumebant,
555 2103 613 2136 pro
639 2093 752 2136 quibus
777 2092 905 2126 omnino
931 2092 1041 2125 immu-

300 2154 355 2177 nes
379 2150 409 2178 et
432 2145 568 2189 exempti
591 2151 704 2186 essent,
723 2146 862 2179 decrevit
887 2150 917 2179 et
943 2145 1042 2178 decla-

302 2197 395 2230 ravit:
422 2198 463 2232 ita
486 2203 606 2239 tamen,
631 2199 715 2242 quod
746 2199 771 2232 si
805 2204 875 2232 ante
901 2198 1040 2232 sexennii

303 2249 481 2284 huiusmodi
497 2252 592 2285 finem
611 2252 768 2296 praedicta
786 2262 908 2285 summa
932 2252 1040 2285 decem

303 2308 334 2335 et
356 2308 426 2337 octo
450 2305 625 2339 millionum
648 2317 852 2340 nummorum
870 2316 1040 2340 aureorum

303 2357 443 2390 confecta
459 2359 575 2400 suisset,
593 2360 795 2393 ecclesiastici
811 2360 963 2404 praedicti
981 2370 1041 2392 am-

302 2411 384 2454 plius
401 2413 608 2457 contribuere,
623 2421 652 2448 et
669 2415 783 2449 dictam
801 2415 968 2458 gabellam,
987 2425 1041 2448 seu

303 2465 406 2506 sisam,
432 2469 465 2500 ut
488 2468 680 2510 praefertur,
707 2469 828 2502 solvere
852 2478 915 2501 non
939 2468 1041 2501 debe—

301 2523 380 2560 rent,
398 2524 428 2552 et
444 2520 528 2562 alias,
546 2526 639 2565 prout
657 2521 688 2555 in
711 2522 785 2556 dicti
810 2522 896 2555 Pauli
914 2521 1042 2566 praede-

301 2635 309 2669 (
345 2591 356 2616 1
385 2590 482 2671 ⁴{Iptius
508 2591 643 2627 tegeretur
670 2593 810 2629 obliyatas
839 2597 885 2622 aut
913 2593 1040 2629 obliqala

313 2642 340 2662 R.
356 2642 381 2662 T.
399 2657 405 2662 .

1073 275 1207 309 cessoris
1221 274 1252 307 in
1269 274 1363 307 simili
1380 274 1481 307 formal
1497 273 1602 306 Brevis
1620 272 1677 305 sul)
1693 273 1743 305 die
1759 283 1812 306 vin

1073 327 1197 370 augusti
1212 337 1354 361 nucxvni
1372 326 1508 370 desuper
1521 325 1672 369 expeditis
1691 325 1812 367 titteris,

1073 391 1206 423 quai-uni
1234 386 1357 413 tenores
1383 379 1600 423 praesentibus
1616 388 1674 422 pro
1692 388 1814 421 expres-

1074 434 1114 466 sis
1131 434 1241 466 haberi
1261 434 1415 474 volumus,
1437 433 1559 477 plenius
1577 431 1780 466 conductui-¹.

1117 486 1132 528 ξ
1157 486 1186 518 02.
1212 487 1288 519 Cum
1314 491 1430 527 autem,
1451 486 1531 519 sicut
1556 486 1695 519 eiusdem
1721 485 1814 517 maie-

1074 538 1159 571 statis
1185 544 1254 571 tuae
1268 539 1395 572 nomine
1412 539 1502 572 nobis
1520 549 1619 582 nuper
1636 538 1813 582 expositum

1072 591 1140 632 suit,
1166 596 1208 632 tu,
1227 592 1374 625 sexennio
1392 591 1552 635 praedicto
1578 592 1694 635 elapso,
1712 591 1816 634 gabel-

1073 644 1135 676 lam
1159 655 1215 677 seu
1239 644 1333 677 sisam
1358 644 1538 677 huiusmodi
1563 655 1580 676 a
1604 644 1747 687 personis
1771 654 1817 677 ec-

1073 698 1285 732 clesiastieicis
1309 698 1476 742 praedictis
1500 708 1556 741 per
1582 698 1741 730 ministros
1762 708 1817 730 seu

1073 752 1222 785 officiales
1247 757 1317 785 tuos
1341 751 1484 794 exegeris
1513 756 1621 784 contra
1654 761 1816 784 sacrorum

1073 815 1228 838 canonum
1246 810 1276 838 et
1296 805 1491 848 generalium
1511 804 1730 845 conciliorum,
1748 814 1817 836 nee-

1072 869 1135 892 non
1159 859 1264 892 Bullae
1289 859 1321 891 in
1340 859 1390 892 die
1409 858 1530 892 Coenae
1554 857 1677 891 Domini
1702 856 1763 900 legi
1788 862 1817 889 et

1072 912 1227 956 publicari
1252 917 1429 953 consuetae,
1453 911 1709 955 dispositionem:

1117 966 1174 1010 §3
1192 968 1264 1007 Nos,
1277 966 1448 1000 maiestatis
1465 969 1534 1000 tuae
1550 970 1581 999 et
1598 965 1816 998 ministrorum

1073 1030 1128 1053 seu
1145 1020 1327 1053 officialium
1348 1025 1477 1054 tuorum
1494 1019 1728 1064 praedictorum
1747 1027 1817 1050 con-

1073 1073 1220 1107 scientiae
1231 1073 1392 1108 securitati
1405 1073 1579 1113 consulere,
1594 1077 1686 1116 teque
1697 1082 1733 1105 ao
1746 1071 1817 1104 illos

1073 1127 1262 1171 specialibus
1287 1127 1446 1160 favoribus
1471 1131 1501 1159 et
1524 1125 1633 1168 gratiis
1666 1123 1817 1169 prosequi

1073 1181 1221 1223 volentes,
1243 1180 1525 1225 supplicationibus
1550 1178 1722 1212 maiestatis
1747 1183 1817 1211 tuae

1073 1235 1200 1269 nomine
1227 1235 1318 1268 nobis
1343 1244 1439 1278 super
1463 1233 1524 1267 hoc
1548 1232 1708 1266 humiliter
1741 1242 1816 1276 por-

1072 1289 1166 1322 rectis
1190 1288 1347 1329 inclinati,
1372 1292 1401 1322 te
1425 1298 1460 1321 ac
1485 1286 1645 1320 ministros
1669 1296 1724 1319 seu
1748 1286 1816 1319 offi-

1073 1342 1166 1375 ciales
1186 1346 1258 1375 tuos
1277 1341 1454 1385 praedictos
1474 1351 1492 1373 a
1511 1339 1674 1384 quibusvis
1691 1349 1817 1372 excom-

1073 1395 1303 1436 municationis,
1321 1394 1462 1428 censuris
1480 1400 1509 1427 et
1524 1394 1645 1438 poenis,
1662 1403 1718 1437 per
1735 1396 1764 1426 te
1782 1403 1816 1425 ae

1074 1449 1234 1481 ministros
1269 1459 1325 1481 seu
1357 1448 1506 1482 officiales
1537 1452 1607 1481 tuos
1639 1446 1817 1490 praedictos

1074 1502 1322 1545 praemissorum
1339 1501 1504 1535 occasione
1519 1499 1757 1544 quomodolibet
1775 1499 1817 1532 in-

1074 1556 1185 1597 cursis,
1203 1556 1374 1600 apostolica
1391 1554 1587 1595 auctoritate,
1606 1557 1714 1587 tenore
1731 1564 1818 1597 prae-

1075 1610 1220 1650 sentium,
1244 1609 1438 1642 absolvimus
1457 1613 1486 1641 et
1503 1608 1684 1648 liberamus,
1705 1608 1818 1641 dictas-

1074 1674 1134 1707 que
1154 1674 1281 1707 poenas,
1299 1673 1335 1696 ac
1354 1662 1503 1706 pecunias
1522 1662 1560 1694 ad
1585 1672 1817 1704 quamcumque

1075 1728 1232 1750 summam
1252 1716 1463 1758 ascendentes,
1485 1726 1521 1748 ex
1543 1714 1666 1757 gabellii
1683 1725 1737 1748 seu
1756 1715 1817 1747 sisa

1075 1770 1256 1804 huiusmodi
1280 1781 1336 1814 per
1361 1770 1487 1803 cosdem
1515 1769 1676 1802 ministros
1693 1779 1748 1801 seu
1773 1768 1818 1801 os-

1074 1824 1191 1858 ticiales
1206 1828 1274 1859 tuos
1288 1824 1327 1856 ab
1342 1822 1570 1865 ecelesiasticis,
1583 1828 1617 1855 ut
1629 1823 1818 1866 praefertur,

1075 1883 1221 1919 exactas,
1250 1878 1305 1911 tibi
1330 1883 1360 1911 et
1384 1877 1445 1910 illis
1478 1876 1651 1920 respective
1680 1876 1817 1919 gratiose

1075 1932 1265 1965 remittimus
1290 1936 1319 1964 et
1344 1931 1568 1964 condonamus.

1119 1987 1133 2029 ἓ
1157 1985 1187 2018 4.
1213 1986 1282 2018 Non
1306 1985 1501 2018 obstantibus
1527 1983 1716 2028 apostolicis,
1734 1994 1769 2016 ac
1787 1983 1818 2016 in

1075 2038 1314 2076 universalibus,
1340 2038 1651 2082 provincialibusque
1676 2042 1706 2069 et
1730 2046 1819 2080 syno-

1074 2091 1195 2125 dalibus
1209 2091 1348 2125 conciliis
1362 2090 1463 2132 editis,
1475 2090 1676 2134 gener-atibus
1691 2089 1737 2121 vel
1753 2099 1819 2132 spe>

1075 2145 1206 2178 cialibus
1220 2144 1497 2178 eonstitutionilnis
1511 2149 1541 2176 et
1554 2142 1814 2183 ordinationilnis,

1075 2199 1250 2243 ceterisque
1276 2199 1443 2232 contrariis
1467 2198 1728 2242 quilnlscumque.

1120 2253 1180 2296 ἐξ).
1207 2253 1359 2286 volumus
1383 2257 1498 2293 autem,
1524 2257 1557 2285 ut
1581 2250 1817 2295 poenitentiam,

1075 2317 1171 2350 quarn
1196 2306 1404 2340 confessarius
1429 2306 1561 2339 idoneus
1587 2305 1641 2338 tibi
1666 2310 1692 2338 et
1720 2304 1814 2337 mini-

1075 2360 1146 2392 stris
1160 2370 1214 2392 seu
1228 2359 1413 2392 officialibus
1429 2359 1488 2391 tuis
1501 2358 1669 2402 praedictis
1686 2362 1818 2401 propter

1074 2413 1247 2457 praemissa
1258 2412 1382 2445 duxerit
1396 2412 1630 2455 iniungeinlain,
1645 2411 1817 2454 adimplere

1075 2467 1202 2500 omnino
1222 2466 1398 2508 teneamini,
1409 2465 1547 2509 alioquin
1561 2470 1742 2509 praesentes
1752 2465 1818 2497 nul-

1075 2522 1122 2555 lae
1143 2521 1213 2554 sint.

1118 2574 1230 2608 Datum
1253 2574 1380 2614 Romae,
1402 2572 1485 2618 apud
1509 2573 1538 2606 S.
1564 2572 1692 2606 Mariam
1714 2571 1813 2606 Maio-

1111 2639 1122 2666 1
1140 2638 1211 2671 Quas
1226 2637 1286 2666 vide
1301 2637 1328 2665 in
1342 2640 1406 2666 tom.
1422 2643 1468 2674 xu,
1485 2645 1546 2674 pag.
1564 2636 1614 2665 423
1627 2637 1667 2673 (a.
1683 2636 1731 2672 r).

1716 215 1780 249 :365
1827 225 1876 251 An.
1898 225 1925 252 c.
1944 226 2011 253 1625

1869 496 1927 519 Quml
1944 499 1998 517 tamt·

1830 528 1875 543 (Ἶιιιι
1919 527 2006 543 exa->tun

1830 556 1915 576 qunque
1925 551 1948 569 sit
1962 551 2000 569 ultr

1831 583 1958 599 sexennium,

2002 503 2014 543 a:

2003 556 2015 570 υ

1871 976 1968 997 Urbanus
1983 984 2015 996 rv-

1832 1009 1877 1026 tlt'lll
1893 1019 1897 1025 ,
1926 1010 2014 1029 (ἸΙΙειΙΗυ

1832 1033 1936 1049 ltilnlslro-
1946 1036 1957 1049 a
1968 1037 2014 1050 men<

1832 1057 1885 1076 suris
1901 1057 1997 1077 absolvit.

1834 1992 1943 2013 obstantia
1956 1992 2016 2011 tollit.

1860 2258 1888 2278 Ae
1908 2258 2017 2284 poeniten-

1834 2287 1883 2305 uam
1903 2291 1915 2305 a
1935 2285 2017 2304 conses-

1833 2317 1889 2331 sario
1909 2312 2019 2337 iniungen-

1834 2339 1881 2358 daun
1922 2339 1949 2358 ab
1987 2344 2018 2358 ets

1833 2365 1938 2391 praecipit
1951 2365 2017 2385 adun-

1833 2393 1893 2418 pleri.
