2269 3235
255 275 303 303 Λη.
320 276 348 303 C.
365 276 436 304 1624

300 1506 323 1526 Et
341 1508 430 1526 instant<-

248 1535 369 1558 praeposito
394 1534 431 1552 So-

248 1560 331 1579 rietatis
347 1559 404 1583 lesu,

262 1933 355 1953 Pontifex
368 1939 428 1952 vene-

246 1959 360 1979 neralnlem
368 1959 430 1980 Fran·

246 1991 324 2006 viscum
334 1986 428 2011 horulam

248 2011 336 2032 suatum
358 2014 428 2038 appel-

248 2039 285 2058 tari
302 2044 375 2064 posse,

454 325 590 359 rusalem
610 326 771 370 presbyter
794 324 960 358 cardinalis
984 323 1097 367 Borgia
1114 334 1193 357 nun-

454 383 584 422 cupatus
600 378 690 412 nobis
707 389 808 421 nuper
823 377 976 421 exposuit,
998 377 1193 410 venerabiles

455 432 566 464 l'ratres
586 431 685 464 nostri
706 436 830 463 sanctae
855 431 1012 464 Romanae
1036 430 1193 464 Ecclesiae

454 484 626 517 cardinales
644 483 740 516 sacris
754 484 867 517 ritibus
878 484 1047 528 praepositi
1067 494 1192 517 causam

455 536 535 570 servi
563 536 616 569 Dei
637 536 794 569 Francisci
824 536 977 579 Borgiac,
1001 537 1075 569 olim
1104 537 1193 570 ducis

454 590 595 631 Candiac,
605 601 640 623 ae
652 595 759 634 postca
776 591 915 633 religiosi
927 591 1059 635 professi
1070 596 1100 624 et
1110 591 1192 624 tertii

454 643 622 687 praepositi
637 643 792 686 generalis
802 644 964 677 Societatis
976 645 1055 685 Iesu,
1065 655 1083 677 a
1094 645 1193 678 tribus

454 701 540 729 rotae
549 696 744 730 auditoribus
755 697 901 740 (instante
911 698 1012 731 clarae
1022 697 1192 731 memoriae

453 749 596 794 l‘hilippo
617 750 657 784 ΙΙΙ
680 750 901 794 Hispaniarum
926 761 1001 794 rege
1026 751 1191 792 catholico,

452 812 573 836 necnon
591 814 762 846 regnorum
788 803 928 837 eiusdem
946 804 1084 848 Philippi
1107 803 1192 846 regis

451 856 647 899 proceribus,
665 856 851 897 civitatibus,
872 856 1138 897 universitatibus,
1156 867 1192 890 ac

451 909 579 942 demum
606 909 787 953 praeposito
807 909 946 952 generali
971 909 1111 942 eiusdem
1136 909 1191 943 So-

451 961 583 1006 cietatis)
594 961 612 1004 ¹,
630 966 660 996 et
677 962 787 995 deinde
803 962 842 994 de
858 961 1004 995 mandato
1021 966 1131 995 nostro
1152 962 1191 994 ab

450 1014 567 1047 eisdem
587 1014 808 1054 cardinalibus,
826 1015 981 1047 referente
998 1014 1111 1048 dilecto
1125 1014 1190 1048 silio

449 1072 557 1101 nostro
567 1067 734 1101 Francisco
743 1067 821 1100 tituli
832 1068 935 1101 Sancti
945 1069 1054 1112 Angeli
1066 1069 1097 1101 in
1108 1069 1190 1102 Foro

450 1121 585 1154 Piscium
610 1121 743 1154 diacono
768 1121 918 1154 cardinali
946 1122 1190 1166 Boncompagno

449 1179 638 1218 nuncupato,
663 1174 847 1216 discussam,
872 1186 945 1208 cum
969 1175 1007 1208 de
1033 1175 1190 1209 validitate

450 1237 667 1271 processuum,
681 1228 842 1261 sanctitate
856 1228 945 1269 vitae,
959 1239 993 1262 ac
1003 1228 1138 1272 denique
1151 1229 1189 1261 de
1205 1241 1206 1247 ¹

450 1281 609 1314 miraculis
623 1281 813 1315 sufficienter
829 1288 972 1315 constare
985 1283 1190 1326 pronuncias-

449 1340 526 1375 sent,
551 1334 582 1366 in
607 1334 659 1366 tali
677 1337 757 1368 statu
774 1335 954 1368 censuerint
978 1336 1157 1368 habendum
1168 1336 1187 1376 ³,

451 1393 482 1420 ut
506 1388 544 1420 ad
569 1389 741 1421 solemnem
766 1389 863 1432 ipsius
888 1390 969 1422 servi
994 1390 1048 1422 Dei
1066 1390 1189 1423 canoni-

449 1440 601 1474 zationem
627 1441 888 1485 quandocumque
913 1442 1051 1475 deveniri
1074 1443 1187 1486 possit;

491 1494 551 1538 52.
578 1494 696 1538 Gaspar
721 1505 795 1528 vero
817 1495 984 1529 cardinalis
1005 1506 1040 1528 ac
1057 1506 1189 1540 praepo-

447 1547 524 1580 situs
538 1553 565 1580 et
585 1548 759 1592 presbyteri
778 1548 878 1581 dictae
892 1549 1064 1589 Societatis‚
1078 1560 1136 1593 pro
1150 1561 1187 1583 eo

447 1611 540 1644 quem
561 1612 637 1644 erga
661 1602 807 1634 cumdem
831 1602 885 1635 Dei
910 1613 1035 1636 servum
1060 1603 1187 1636 Franci-

447 1666 535 1688 scum
554 1655 699 1699 Borgiam
724 1661 838 1699 gerunt
863 1657 1038 1690 devotionis
1062 1657 1186 1697 affeetu,

446 1709 533 1742 illum
558 1709 687 1742 Beatum
711 1710 909 1753 nuncupari,
935 1720 969 1742 ac
994 1710 1132 1743 officium
1157 1716 1187 1743 ct

446 1762 573 1795 missam
598 1762 636 1795 de
662 1772 708 1803 eo,
733 1762 831 1796 donec
856 1763 895 1795 ad
919 1762 1003 1796 illius
1028 1763 1188 1796 canoniza-

447 1815 563 1849 tionem
593 1815 796 1856 deveniatur,
829 1816 955 1849 recitari
985 1826 1186 1860 summopere

445 1869 622 1903 desiderent
636 1882 641 1903 z

489 1922 544 1967 §3
559 1924 631 1965 Nos,
644 1923 705 1968 piis
718 1923 865 1968 Gasparis
877 1923 1044 1957 cardinalis
1054 1934 1089 1957 ac
1099 1935 1186 1968 prae-

444 1976 537 2021 positi
567 1977 732 2020 generalis,
750 1988 785 2010 ac
812 1977 1071 2021 presbyterorum
1100 1988 1186 2021 prae,-

445 2030 602 2064 dictorum
633 2031 733 2072 votis,
766 2036 919 2075 quantum
944 2042 1015 2064 cum
1051 2031 1185 2064 Domino

445 2095 625 2128 possumus,
650 2095 802 2125 annuere,
828 2084 960 2128 illosque
997 2084 1203 2129 specialibus}

420 2138 603 2171 favoribus
635 2143 664 2171 et
696 2138 804 2182 gratiis
840 2138 990 2182 prosequi
1022 2139 1183 2179 volentes,

445 2203 478 2224 ac
496 2192 669 2235 singulares
687 2191 857 2236 praepositi
875 2195 903 2225 ct
922 2191 1183 2235 presbyterorum

445 2245 676 2288 praedictorum
690 2255 839 2289 personas
854 2256 871 2277 a
884 2245 1046 2289 quibusvis
1063 2256 1186 2279 excom-

446 2297 685 2338 municationis,
711 2298 924 2342 suspensionis
949 2303 978 2331 et
1002 2298 1182 2339 interdicti,

446 2351 575 2394 :illisque
600 2351 817 2385 ecclesiasticis
842 2351 1013 2393 sententiis,
1043 2352 1203 2385 censuris⁴

448 2410 470 2434 Ἰ1
499 2405 617 2448 menis,
643 2416 660 2437 a
684 2404 751 2438 iure
777 2406 823 2438 vel
848 2405 886 2438 ab
911 2405 1048 2446 homine,
1073 2405 1184 2450 quavis

448 2458 608 2491 w—‹sasione
632 2459 679 2491 vel
705 2459 798 2491 causa
823 2459 902 2499 latis,
928 2459 953 2492 si
978 2459 1092 2503 quibus
1112 2470 1185 2503 quo-

449 2512 615 2546 modolibet
640 2512 804 2546 innodatae
822 2513 966 2555 existunt,
984 2513 1022 2546 ad
1039 2513 1184 2546 effectum

448 2565 658 2607 praesentium
679 2566 836 2598 dumtaxat
855 2567 1120 2610 consequendum,
1136 2567 1186 2599 lia-

484 2636 493 2660 1
505 2634 571 2660 Vide
579 2635 947 2664 annondesiteoeuminatam
956 2641 1001 2664 aut
1009 2637 1096 2664 simile
1104 2637 1185 2672 (uxr).

483 2678 499 2709 2
514 2677 613 2706 Forsan
628 2679 773 2713 legendum
789 2681 951 2707 habendum
968 2682 1006 2715 (a.
1021 2682 1071 2713 r).

1027 276 1205 301 BULLARIUM
1231 275 1384 301 ROMANUM

1979 280 2031 306 An.
2048 280 2078 308 C.
2098 280 2163 308 1624

1227 335 1298 357 rum
1323 324 1404 358 serie
1428 325 1640 366 absolventes,
1665 329 1695 358 et
1718 325 1876 361 absolutas
1899 328 1966 361 sore

1227 382 1400 419 censentes,
1425 377 1606 411 huiusmodi
1624 377 1903 422 supplicationibus
1923 381 1967 414 in*

1228 431 1343 472 clinati,
1369 431 1406 464 de
1431 430 1615 465 eorumdem
1641 430 1846 465 cardinalium
1871 434 1966 467 sacris

1227 485 1340 518 ritibus
1365 485 1620 529 praepositorum
1645 485 1797 528 consilio,
1822 491 1857 519 ut
1880 486 1962 521 idem

1226 538 1280 572 Dei
1301 549 1411 572 servus
1426 538 1611 572 Franciscus
1633 538 1747 581 Borgia
1763 538 1875 572 Beatus
1891 549 1968 573 nun-

1227 592 1345 635 cupari,
1370 592 1470 635 deque
1495 602 1532 624 eo
1556 591 1594 624 ab
1619 590 1766 625 omnibus
1791 591 1892 625 dictae
1915 593 1967 627 So-

1226 644 1346 677 cietatis
1362 645 1431 678 lesu
1448 644 1605 688 religiosis
1620 644 1737 688 ubique
1753 644 1966 688 existentibus,

1226 707 1347 730 necnon
1372 697 1403 734 in
1427 697 1597 731 ditionibus
1621 697 1756 731 familiae
1780 697 1907 731 illorum
1929 698 1967 731 de

1226 750 1340 794 Borgia
1364 751 1402 784 ab
1427 750 1573 785 omnibus
1599 750 1824 792 sacerdotibus,
1843 755 1904 784 tam
1923 761 1967 784 se-

1226 804 1386 837 cularibus
1400 815 1493 848 quam
1507 804 1716 848 regularibus,
1730 804 1871 838 kalendis
1884 809 1968 838 octo-

1225 857 1300 899 bris,
1315 857 1383 901 ipso
1396 855 1577 902 nuncupato
1589 858 1638 891 die
1652 857 1698 891 sui
1711 857 1823 900 obituS,
1838 859 1965 893 missam

1226 910 1395 952 celebrari,
1421 920 1456 943 ac
1480 910 1620 944 officium
1645 910 1683 944 de
1707 911 1867 944 communi
1891 912 1967 945 Con-
2032 925 2057 946 ei
2074 925 2166 954 officium

1225 963 1378 996 sessorum
1408 973 1472 996 non
1501 963 1689 996 Pontificum
1720 964 1846 997 recitari
1881 964 1966 999 iuxta
1981 954 2167 1007 iiiiimri'eissbiiiii

1224 1015 1368 1049 rubricas
1392 1015 1526 1049 missalis
1551 1021 1582 1049 et
1599 1016 1749 1049 breviarii
1773 1018 1896 1051 romani
1920 1029 1966 1052 re·
1981 1004 2007 1026 ‘¹⁰
2023 1010 2048 1026 ⁰⁰
2063 1004 2164 1030 ’πῶμ’

1224 1069 1360 1113 spective
1385 1069 1484 1103 libere
1500 1074 1531 1102 et
1546 1069 1631 1102 licite
1649 1069 1780 1113 valeant,
1794 1070 1966 1114 apostolica

1224 1122 1418 1165 auctoritate,
1443 1127 1552 1156 tenore
1572 1122 1796 1166 praesentium,
1812 1128 1965 1169 perpetuo

1224 1175 1427 1209 concedimus
1451 1180 1481 1208 et
1505 1175 1715 1219 indulgemus.

1267 1229 1282 1272 ἓ
1306 1228 1336 1261 4.
1361 1230 1431 1263 Non
1461 1229 1658 1262 obstantibus
1689 1228 1965 1263 constitutionibus
1981 1241 2164 1264 abstantiatottn.

1222 1288 1253 1315 et
1276 1282 1526 1317 ordinationibus
1557 1282 1757 1327 apostolicis,
1788 1282 1965 1328 ceterisque

1223 1336 1390 1369 contrariis
1414 1335 1675 1380 quibuscumque.

1267 1390 1282 1433 ἓ
1306 1389 1334 1422 5.
1361 1390 1512 1423 Volumus
1537 1392 1651 1431 autem,
1684 1393 1717 1421 ut
1748 1390 1963 1433 praesentium
2010 1401 2165 1432 Transeamus-

1223 1438 1438 1486 transumptis,
1451 1442 1545 1475 etiam
1558 1442 1732 1486 impressis,
1744 1442 1903 1475 secretarii
1921 1443 1965 1487 ip·
1980 1428 2087 1455 ⁴¹¹¹⁸⁰¹⁰⁰¹
2098 1428 2164 1450 ’ψει

1223 1496 1288 1529 sius
1312 1495 1489 1537 Societatis,
1516 1495 1562 1528 vel
1588 1495 1701 1528 notarii
1725 1495 1843 1539 publici
1868 1506 1965 1529 manu

1223 1550 1417 1594 subscriptis,
1436 1554 1466 1582 et
1482 1559 1635 1593 personae
1653 1549 1785 1582 alicuius
1810 1549 1842 1582 in
1867 1549 1964 1593 digni-

1204 1610 1206 1619 *
1222 1608 1283 1637 tate
1300 1603 1512 1637 ecclesiastica
1535 1603 1721 1636 constitutae
1739 1603 1844 1646 sigillo
1860 1603 1963 1636 muni-

1223 1658 1269 1700 tis,
1289 1657 1397 1690 eadem
1414 1667 1548 1701 prorsus
1558 1656 1636 1690 fides
1649 1656 1680 1689 in
1698 1656 1814 1691 iudicio
1832 1662 1863 1690 et
1877 1663 1964 1691 extra

1221 1711 1299 1744 illud
1329 1711 1445 1755 ubique
1474 1711 1617 1744 locorum
1649 1711 1835 1744 adhibeatur
1847 1738 1854 1752 ,
1885 1722 1964 1755 quae

1222 1764 1440 1808 praesentibus
1459 1763 1673 1807 adhiberetur,
1701 1764 1727 1797 si
1751 1764 1852 1797 forent
1876 1764 1963 1798 exhi-

1220 1818 1303 1852 bitae
1326 1818 1375 1850 vel
1400 1822 1553 1851 ostensae.

1264 1862 1376 1905 Datum
1391 1872 1519 1912 Romae,
1530 1870 1613 1915 apud
1625 1870 1654 1905 S.
1663 1870 1793 1905 Mariam
1803 1871 1963 1913 Maiorem,

1221 1925 1279 1958 sub
1289 1925 1405 1958 annulo
1425 1924 1603 1966 Piscatoris,
1616 1923 1666 1957 die
1687 1934 1763 1958 xxm
1783 1924 1964 1959 novembris

1221 1988 1372 2019 uncxxiv,
1390 1977 1593 2022 pontificatus
1613 1977 1712 2011 nostri
1737 1987 1819 2011 anno
1842 1987 1874 2012 11.

1256 2040 1312 2068 Dat.
1331 2040 1374 2069 die
1393 2041 1428 2068 23
1442 2040 1598 2068 novembris
1619 2040 1698 2075 1624,
1718 2040 1812 2076 pontif.
1833 2048 1904 2068 anno
1919 2046 1948 2068 n.

1223 2228 1374 2261 Facultas
1384 2228 1605 2260 commissario
1614 2227 1777 2260 cruciatae
1787 2237 1963 2270 reynerum

1264 2281 1508 2326 Hispaniarum
1532 2280 1726 2325 publicandi
1751 2281 1851 2313 etium
1877 2281 1963 2325 typis

1265 2335 1391 2368 litteras
1408 2334 1600 2378 apostolicas
1617 2344 1714 2377 super
1728 2334 1870 2367 indultis
1883 2335 1964 2367 eius-

1264 2388 1334 2422 dem
1355 2388 1517 2420 cruciatae
1537 2391 1702 2420 emanatas
1716 2386 1733 2418 ¹.

1318 2492 1321 2494 ¹
1432 2459 1567 2498 Urbanus
1584 2458 1662 2493 Papa
1672 2459 1749 2490 v111,

1362 2504 1398 2531 ad
1417 2504 1550 2531 futuram
1570 2503 1613 2531 rei
1633 2503 1814 2531 memoriam.

1264 2567 1279 2611 g
1303 2567 1327 2599 l.
1354 2566 1461 2610 Nuper
1485 2564 1609 2599 anobis
1634 2569 1818 2599 emanarunt
1840 2565 1961 2598 litterae
1976 2571 2162 2619 'melggoggggtg

1221 2620 1338 2654 tenoris
1354 2619 1580 2664 subsequentis,
1595 2618 1748 2653 videlicet:
1763 2618 1962 2654 Charissimo
1977 2624 2161 2646 noni-cruciatae.

1256 2682 1269 2708 Δ1
1292 2680 1330 2709 Ex
1346 2680 1454 2716 Regest.
1480 2681 1507 2709 in
1522 2681 1623 2709 Secret.
1641 2681 1719 2709 Brev.
