2269 3235
494 222 556 254 'ra-t

538 294 611 317 nuni
637 283 676 316 al)
701 282 811 315 incolis
836 282 926 323 regni
949 279 1102 313 Castellae
1124 282 1191 323 rogi

541 337 694 370 wdbofiro
722 335 1034 378 prrffldxcndo,398.

448 390 835 423 CLxxtv.‹mnnnnano
868 388 1099 421 remrmanonss
1132 397 1191 421 ca—

538 445 722 475 nonnuuann
754 442 947 484 reginarnnn
967 441 1191 483 Congregauo-

537 497 584 527 nis¹
609 497 637 527 S.
657 495 828 527 soluitur-is
844 496 872 526 in
890 493 1102 535 Lotharingia,
1116 493 1189 526 400.

448 548 592 582 CLxxv.
620 548 773 580 institutio
798 547 930 579 archivii
957 547 1038 579 sacri
1064 546 1190 589 collegii

534 604 662 633 sanctae
690 601 848 633 Romanae
876 599 1039 633 Ecclesiae
1080 599 1191 632 cardi—

536 654 651 686 nalium
678 656 707 686 in
736 653 849 696 palatio
876 652 1036 694 Vaticano,
1070 655 1102 686 in
1128 663 1191 697 quo

535 709 717 739 conservari
732 706 869 740 debcant
881 709 1068 749 scripturae,
1086 710 1117 739 et
1132 706 1190 739 alia

534 763 604 792 arta
620 761 658 792 ad
683 762 784 802 ipsum
813 760 982 802 collegium
1011 760 1188 804 quomodo-

534 813 611 846 libet
637 816 836 856 pertinentia,
865 823 987 846 necnon
1022 823 1191 856 processus

534 877 630 909 super
666 866 870 911 qualitatibus
903 866 1191 909 promovendorum

534 920 572 953 ad
610 919 808 953 cathedrales
840 919 995 952 ecclosias
1021 922 1051 952 et
1082 928 1191 952 mona-

534 975 630 1006 steria
648 973 876 1006 consistorialia
894 983 1000 1006 coram
1018 972 1110 1006 dictis
1124 982 1192 1019 car-

534 1026 692 1059 dinalibus
718 1027 851 1060 formati.
878 1027 922 1060 Ac
940 1029 1014 1060 unio
1032 1027 1126 1059 officii
1143 1036 1192 1059 se-

534 1081 720 1113 cretariatus
757 1081 1015 1121 congregationis
1046 1079 1191 1112 cardina-

534 1131 609 1164 lium
646 1143 743 1175 super
769 1132 1002 1174 provisionibus
1038 1134 1192 1166 consisto-

534 1185 665 1219 rialibus
690 1186 913 1229 deputatorum
946 1186 1048 1219 officio
1081 1186 1190 1219 clerici

534 1239 601 1272 ltali
639 1240 714 1272 dicti
751 1241 833 1273 sacri
858 1239 985 1283 collegii
1014 1241 1189 1281 secretarii,

537 1293 609 1325 402.

445 1347 595 1388 Sequitur
620 1346 783 1380 decretum
801 1347 919 1380 Romae
938 1349 967 1380 in
987 1347 1102 1390 palatio
1119 1356 1190 1390 apo-

534 1401 643 1434 sis-tivo
654 1401 810 1442 Quirinali
831 1400 905 1434 seria
918 1412 948 1440 11,
962 1402 1014 1435 die
1025 1412 1093 1435 xxii
1111 1403 1189 1434 iunii

534 1465 686 1495 nincxxvi,
698 1457 727 1487 in
739 1456 925 1488 consistorio
935 1459 1059 1488 secreto
1069 1455 1189 1489 editum

533 1508 572 1541 de
597 1509 740 1541 clavibus
765 1510 879 1541 aerarii
903 1510 1079 1549 sanctioris,
1105 1510 1188 1541 eius-

534 1572 595 1606 que
614 1564 808 1595 scriniorum
824 1572 859 1595 ac
882 1566 1043 1605 portarum
1064 1563 1188 1596 fidelius

534 1616 665 1658 posthanc
689 1616 918 1655 custodiendis,
935 1616 1009 1649 408.

446 1667 600 1701 CLxxvi.
626 1668 827 1701 Contnmatio
852 1672 1038 1701 statutorum
1061 1667 1188 1702 Barchi-

535 1731 721 1754 nonensium
740 1720 871 1755 Ordinis
886 1723 1014 1754 fratrum
1033 1721 1187 1755 Minorum

535 1774 574 1807 (le
592 1774 803 1809 Observantia
825 1786 878 1818 pro
897 1774 1126 1808 ultramontana
1145 1775 1190 1808 fa-

535 1827 630 1867 milia,
654 1830 824 1861 novissime
842 1828 998 1871 Segobiae
1016 1831 1190 1871 recognito-

536 1892 604 1914 rum
626 1885 655 1914 et
673 1881 929 1924 approbatorum,
951 1881 1121 1914 dummodo
1144 1891 1190 1915 sa·

535 1937 595 1967 cris
612 1936 796 1975 canonibus,
823 1934 963 1968 Concilio
980 1935 1187 1976 Tridentino,

534 1990 813 2022 constitutionibus
834 1988 1025 2031 apostolics
1046 1998 1083 2021 ac
1101 1998 1190 2032 regu-

534 2042 654 2075 laribus
681 2044 779 2085 ipsius
803 2041 935 2077 Ordinis
951 2043 1102 2076 institutis
1127 2052 1188 2075 non

534 2093 754 2134 adx’ersentur,
782 2097 853 2129 409.

447 2149 627 2193 Sequuntur
652 2150 866 2182 ordinationes
898 2150 1001 2182 factae
1037 2151 1068 2182 in
1093 2159 1190 2193 gene-

536 2203 591 2235 raH
617 2205 876 2246 congregassone,
902 2204 976 2236 420.

446 2256 579 2290 Decreta
597 2266 704 2290 sacrae
723 2258 986 2300 Congregationis
1002 2266 1019 2289 a
1037 2256 1090 2290 SS.
1103 2256 1139 2289 D.
1153 2256 1189 2289 N.

536 2321 591 2353 pro
617 2312 813 2344 cismontana
847 2310 964 2343 familia
990 2309 1191 2343 consultatio-

534 2364 628 2397 nibus
655 2366 863 2407 praepositae,
889 2372 970 2408 quae
995 2363 1075 2397 lecta
1101 2364 1190 2397 fuere

536 2419 566 2449 in
592 2417 734 2460 generali
759 2417 890 2452 Ordinis
921 2418 1188 2460 congregatione,

539 2471 611 2503 412).

449 2522 691 2567 Subsequuntur
705 2527 766 2558 alia
781 2525 908 2558 decreta
927 2533 1036 2558 sacrae
1053 2523 1191 2568 Congre—

539 2580 672 2620 gationis
697 2588 713 2611 a
731 2580 783 2611 SS.
806 2578 841 2611 D.
862 2578 899 2612 N.
918 2588 973 2622 pro
994 2579 1190 2611 cismontana

537 2630 656 2664 familia
679 2631 962 2666 consultationibus
978 2633 1189 2676 praepositae,

1044 227 1219 252 mJLLAan
1250 227 1402 251 Romnum

1330 288 1412 323 quae
1431 280 1548 322 pariter
1562 280 1592 312 in
1609 279 1752 321 generali
1768 278 1898 315 Ordinis
1911 290 1981 315 con-

1329 333 1515 375 gregatione
1541 332 1621 366 lecta
1646 333 1744 375 fuere,
1771 334 1844 367 416.

1243 385 1412 419 chxvlt.
1431 386 1632 420 Confirmatio
1649 387 1889 421 Constitutionis
1906 387 1982 422 Pau-

1330 439 1350 471 li
1373 438 1395 472 V
1419 442 1502 473 cirea
1533 440 1789 484 eleemosynam,
1814 450 1908 484 quam
1933 449 1983 474 re-

1330 496 1433 526 ctores
1458 493 1666 527 ecclesiarum
1693 494 1920 537 parochialium
1937 493 1983 527 ln-

1330 545 1454 579 diarum
1472 546 1718 580 occidentalium
1735 551 1766 580 et
1782 546 1982 580 orientalium

1330 598 1449 632 habere
1481 603 1611 643 possunt
1635 599 1675 633 ab
1699 600 1765 641 his,
1791 601 1846 644 qui
1871 601 1901 633 in
1927 609 1981 633 ec-

1329 651 1436 685 clesiis
1477 652 1640 686 domorum
1682 654 1846 697 utriusque
1885 662 1982 686 sexus

1330 706 1462 749 praefati
1483 705 1614 741 Ordinis
1631 706 1661 740 S.
1676 707 1837 740 Francisci
1863 705 1902 739 de
1919 704 1984 740 Ob-

1329 758 1489 792 servantia
1504 761 1716 803 sepeliuntur,
1733 763 1786 793 aut
1800 769 1855 803 pro
1873 768 1982 792 eorum

1330 811 1434 844 anima
1467 814 1578 845 missas
1607 813 1816 846 celebrandas
1842 812 1982 857 relique-

1330 865 1400 905 rint,
1415 874 1487 897 cum
1501 865 1706 907 deputatione
1723 866 1903 900 haereticae
1915 875 1983 910 pra-

1330 919 1435 950 vitatis
1473 919 1696 961 inquisitorum
1733 928 1790 961 pro
1825 918 1982 952 eiusmodi

1330 972 1562 1004 constitutionis
1587 972 1786 1012 executione,
1805 971 1878 1004 417.

1241 1022 1426 1057 CLXXVlll.
1448 1023 1650 1057 Confirmatio
1665 1025 1787 1057 decreti
1800 1023 1983 1067 Congrega-

1327 1078 1421 1110 tionis
1446 1076 1571 1110 concilii
1588 1087 1649 1121 quo
1662 1078 1819 1118 statuitur,
1833 1081 1867 1111 ut
1879 1077 1982 1110 archi-

1329 1131 1463 1164 diacono
1488 1129 1643 1163 ecclcsiae
1667 1129 1822 1163 Vilnensis
1843 1131 1984 1164 visitanti

1329 1184 1504 1218 dioecesim
1529 1185 1656 1217 nomine
1681 1185 1824 1227 episcopi
1840 1194 1902 1217 non
1920 1184 1984 1217 de—

1329 1236 1473 1278 beantur,
1498 1247 1557 1271 nec
1582 1237 1804 1271 condonentur
1828 1237 1981 1271 distribu-

1329 1293 1430 1325 tiones
1447 1291 1661 1336 quotidianae,
1687 1291 1761 1324 419.

1241 1343 1391 1378 CLXXlX.
1401 1345 1526 1378 Erectio
1534 1345 1648 1378 Montis
1662 1355 1724 1378 non
1737 1344 1889 1378 vacabitis
1897 1344 1982 1388 salis,

1327 1407 1399 1431 cum
1434 1407 1539 1431 annuo
1574 1397 1701 1431 redditu
1732 1401 1894 1431 scutorum
1924 1407 1982 1432 sex

1327 1462 1383 1495 pro
1400 1452 1543 1496 quolibet
1559 1451 1627 1485 loco
1648 1455 1678 1486 et
1694 1451 1899 1495 amplissimis
1917 1453 1983 1496 pri-

1329 1505 1464 1547 vilegiis,
1480 1505 1553 1539 421.

1240 1557 1379 1592 CLXXX.
1406 1558 1574 1602 Deputatio
1598 1558 1749 1604 Torquati
1774 1558 1814 1593 de
1848 1557 1978 1593 Comiti-

1328 1611 1386 1645 bus
1425 1613 1456 1645 in
1497 1611 1693 1656 praefectum
1728 1611 1912 1655 generalem
1932 1621 1983 1645 ar-

1327 1675 1461 1706 morum,
1500 1675 1623 1699 necnon
1654 1668 1883 1699 tormentorum
1919 1664 1983 1698 bel-

1328 1720 1471 1760 licorum,
1497 1722 1528 1752 et
1551 1718 1685 1752 militum
1711 1729 1790 1763 quos
1815 1728 1871 1762 pro
1887 1727 1981 1752 recu-

1328 1774 1494 1815 peratione
1530 1772 1749 1806 fortalitiorum
1785 1775 1817 1805 et
1846 1771 1982 1806 aliorum

1328 1826 1468 1860 locorum
1508 1826 1603 1860 Vallis
1638 1826 1780 1860 Tellinae
1816 1828 1983 1860 comitatus

1327 1879 1444 1912 Bormii
1468 1879 1626 1913 conscribi
1651 1880 1829 1922 contigerit,
1856 1888 1927 1912 cum
1943 1879 1984 1913 t‘a-

1330 1932 1446 1966 cultate
1471 1932 1649 1976 recipiendi
1674 1932 1831 1973 fortalitia,
1857 1931 1927 1965 loca
1952 1935 1983 1966 et

1330 1995 1416 2019 arma
1446 1988 1477 2019 in
1511 1987 1691 2030 depositum
1728 1987 1856 2019 nomine
1890 1985 1982 2019 Sed1s

1328 2039 1540 2083 Apostohcae,
1570 2039 1641 2073 1242

1241 2092 1394 2127 CLXXXI.
1420 2093 1569 2137 Sequitur
1586 2092 1770 2136 subrogatio
1783 2092 1909 2126 Ioannis
1923 2091 1982 2125 Ba-

1329 2148 1441 2191 ptistae
1477 2146 1551 2180 Nari
1577 2148 1608 2179 in
1638 2146 1741 2179 locum
1767 2146 1916 2190 Torquati
1941 2145 1982 2179 de

1328 2200 1501 2235 Comitibus
1512 2200 1753 2233 locumtenentis
1762 2198 1920 2243 generalis
1929 2200 1984 2232 mi-

1330 2255 1478 2295 litiarum,
1510 2262 1670 2286 armorum
1696 2257 1727 2287 et
1762 2261 1983 2297 propugnacu-

1330 2308 1430 2342 lorum
1443 2307 1541 2341 Vallis
1557 2307 1697 2341 Tellinae
1715 2309 1746 2340 in
1765 2311 1914 2340 eventum
1934 2316 1984 2339 re-

1329 2362 1544 2404 cuperationis
1570 2362 1734 2394 comitatus
1755 2360 1883 2401 Bormii,
1908 2359 1983 2393 426.

1241 2414 1411 2449 CLxxxtl.
1432 2414 1523 2455 Quod
1542 2414 1655 2447 fratres
1675 2413 1848 2447 Reformati
1867 2413 1985 2446 Discat-

1329 2469 1410 2502 ceati
1427 2467 1559 2502 Ordinis
1583 2468 1808 2501 Sanctissimae
1824 2467 1984 2500 Trinitatis

1328 2522 1568 2565 Redemptionis
1593 2523 1790 2565 captivorum
1811 2520 1984 2564 Hispaniae

1330 2577 1361 2609 in
1387 2576 1494 2609 Africa
1511 2579 1542 2609 et
1565 2576 1635 2608 aliis
1652 2575 1826 2609 Turcarnm
1842 2573 1984 2618 partibus

1329 2631 1453 2674 possint
1474 2628 1638 2664 celebrare
1662 2639 1759 2674 super
1783 2628 1882 2664 altare
1907 2638 1983 2673 por-
