2269 3235
156 233 205 260 An.
228 232 255 260 C.
276 233 342 261 1625

201 722 263 742 Certa
281 722 336 742 etue-

151 754 232 769 mosina
242 755 279 774 pru
288 749 336 768 mis-

151 781 188 796 sae
209 776 335 795 celebratio-

151 808 177 822 ne
192 804 290 827 suscepta
306 802 335 821 in·

151 831 210 854 tegra
219 828 334 848 celebranti

152 855 206 876 tradi
222 854 292 875 debet.

178 1041 283 1062 Pecuniae
303 1042 334 1061 rel

150 1066 206 1087 buna
220 1073 257 1093 pro
268 1068 334 1088 missis

150 1094 284 1115 celebrandis
304 1100 334 1115 re·

151 1120 200 1140 licta
211 1121 288 1147 deponi
299 1121 335 1142 du-

150 1146 208 1172 beat,

195 2265 221 2285 Et
236 2270 282 2285 cum
299 2269 333 2285 eo-

149 2291 196 2312 dem
218 2296 281 2312 onere
304 2291 332 2311 in-

150 2318 230 2339 vestiri.

176 2636 247 2657 Onera
257 2641 334 2663 perpe-

976 236 1117 261 URBANUS
1142 237 1198 261 VIII
1222 238 1269 261 Pr.

353 285 415 313 tam
440 281 634 315 secularibus
651 292 744 326 quani
763 283 971 325 regularibus,
986 284 1089 316 cuius-
1105 289 1107 301 ¹

352 344 488 377 cumque
512 334 650 375 ordinis,
671 335 924 378 congregationis
949 341 979 368 et
1004 336 1090 368 insti-

352 386 427 427 tuti,
452 398 686 431 quamcumque
709 388 750 421 ob
776 398 902 420 causam
927 398 1089 431 concessa,

352 440 466 484 quibus
484 440 673 484 indulgetur,
691 444 725 474 ut
744 445 901 474 certarum
924 441 1089 474 missarum

353 493 399 525 vel
419 493 707 526 anniversariorum
728 493 947 534 celebratione,
967 498 1020 526 aut
1038 494 1091 526 ali-

352 546 465 590 quibus
490 547 628 580 collectis
651 557 706 580 seu
730 546 935 587 orationibus,
952 547 1090 590 plurium

352 600 521 634 missarum
546 600 695 634 oneribus
712 600 743 633 in
761 601 903 633 futurum
924 602 1093 645 suscipien-

351 653 399 686 dis
424 654 563 687 satisfiat.

396 708 411 751 §
435 708 465 741 li.
490 709 533 741 Ac
558 707 712 748 similiter,
733 718 827 741 omne
851 707 1027 741 damnabile
1047 709 1094 741 lu-

351 773 440 795 crum
454 761 492 794 ab
506 761 638 794 ecclesia
648 772 810 795 removere
819 762 936 804 volens,
947 762 1094 806 probibet

351 815 515 856 sacerdoti,
540 815 593 859 qui
617 815 745 848 missam
769 815 906 859 suscepit
933 815 1093 848 celebran-

350 869 422 901 dam
447 879 518 901 cum
545 870 630 901 certa
653 869 861 913 eleemosyna,
886 879 925 902 ne
950 869 1090 902 eamdem

350 921 478 954 missam
496 921 596 962 alteri,
608 926 697 965 parte
719 921 858 955 eiusdem
877 923 1092 966 eleemosynae

350 974 409 1008 sibi
433 976 562 1017 retenta,
590 975 809 1008 celebrandam
834 976 1018 1009 committat.

395 1029 410 1071 g
426 1028 457 1061 5.
474 1029 648 1069 Praeterea,
662 1039 700 1061 ne
714 1029 745 1061 in
759 1029 909 1069 ecclesiis,
928 1029 959 1062 in
976 1029 1091 1073 quibus

350 1093 447 1116 onera
474 1083 643 1115 missarum
670 1083 700 1115 in
727 1088 917 1126 perpetuum
946 1083 1091 1126 imposita

349 1142 431 1179 sunt,
457 1137 635 1171 secerdotes
660 1137 690 1169 in
716 1137 769 1180 eis,
791 1142 824 1170 ut
844 1148 902 1181 par
927 1142 982 1177 cst,
997 1137 1091 1169 adim-

349 1190 471 1234 plendis
485 1201 521 1223 eo
541 1190 708 1234 tepidiores
726 1200 761 1223 ac
779 1190 941 1233 segniores
962 1190 1091 1223 reddan-

349 1249 410 1285 tur,
428 1243 512 1287 quod
529 1254 625 1277 onera
649 1243 830 1276 huiusmodi
848 1254 919 1276 cum
935 1244 1020 1276 nulla
1039 1249 1091 1276 aut

349 1299 447 1340 parva
461 1297 521 1329 sint
538 1297 670 1329 utilitate
683 1296 860 1337 coniuncta,
874 1297 980 1331 statuit
997 1302 1090 1340 atque

348 1350 504 1391 decernit,
530 1355 563 1382 ut
597 1350 749 1393 pecuniae
784 1361 820 1383 ac
848 1350 930 1383 bona
962 1350 1091 1383 mobilia

349 1403 499 1445 ecclesiis,
521 1403 674 1447 capitulis,
700 1403 853 1446 collegiis,
873 1404 1089 1447 hospitalibus,

349 1457 567 1496 societatibus,
593 1457 908 1499 congregationibus,
935 1462 1090 1490 monaste-

348 1510 420 1550 riis,
445 1510 669 1550 conventibus,
694 1521 729 1543 ac
754 1511 830 1543 locis
851 1510 1008 1551 omnibus,
1028 1515 1089 1544 tam

347 1564 543 1597 secularibus
567 1574 661 1607 quam
686 1564 902 1606 regularibus,
927 1568 1021 1607 atque
1046 1564 1086 1596 il-

347 1617 451 1651 lorum
468 1617 612 1661 personis
628 1617 660 1649 in
676 1617 819 1650 futurum
837 1616 1021 1660 simpliciter
1038 1627 1088 1650 ac-

347 1671 500 1715 quirenda
524 1681 596 1704 cum
622 1680 716 1703 onere
742 1676 896 1714 perpetuo
920 1670 1088 1703 missarum

348 1723 619 1764 celebrandarum,
639 1723 677 1756 ab
703 1723 750 1763 iis,
776 1723 814 1756 ad
838 1734 917 1767 quos
942 1723 1088 1767 pertinet,

348 1778 406 1811 sub
430 1779 532 1822 poena
549 1777 705 1812 interdicti
724 1778 762 1810 ab
777 1777 922 1821 ingressu
939 1778 1089 1811 ecclesiae

347 1832 416 1876 ipso
440 1832 521 1865 facto
546 1831 746 1872 incurrenda,
764 1842 781 1864 a
798 1831 848 1864 die
865 1831 958 1864 realis
982 1832 1088 1876 acqui-

348 1885 469 1918 sitionis
494 1885 598 1917 statim
623 1884 757 1918 debeant
780 1895 878 1929 penes
903 1885 1013 1918 aedem
1039 1896 1088 1918 sa-

348 1948 452 1979 cram,
477 1938 526 1971 vel
550 1948 718 1982 personam
743 1938 804 1971 fide
834 1944 865 1971 et
888 1939 1088 1972 facultatibus

347 1991 502 2033 idoneam,
528 1991 652 2035 deponi,
678 1991 717 2024 ad
741 1992 888 2025 effecturi]
914 1992 967 2024 illa
984 2002 1038 2025 seu
1056 1992 1089 2024 il-

347 2045 452 2078 lorum
476 2045 615 2088 pretium
638 2045 874 2089 quamprimum
902 2045 1087 2079 investiendi

347 2098 379 2131 in
402 2098 493 2132 bonis
518 2098 735 2132 immobilibus
759 2099 929 2132 fructiferis
949 2110 1021 2132 cum
1041 2109 1089 2132 ex-

347 2153 456 2196 pressa
473 2157 503 2184 et
519 2151 680 2185 individua
701 2153 858 2186 mentione
873 2153 987 2194 oneris,
1005 2154 1089 2197 quod

347 2205 409 2238 illis
434 2215 591 2238 annexum
615 2206 782 2250 reperitur.

394 2258 408 2301 ἓ
432 2259 461 2292 6.
486 2259 529 2291 Ac
553 2259 578 2291 si
603 2259 711 2292 eadem
737 2260 819 2292 bona
844 2260 1018 2293 immobilia
1038 2270 1090 2293 au-

349 2312 492 2345 ctoritate
516 2313 686 2356 apostoliea
704 2313 851 2357 deinceps
868 2313 999 2346 alienari
1019 2324 1090 2347 con-

348 2365 658 2408 tigerit,eorumdem
670 2367 817 2410 pretium,
829 2367 887 2399 sub
898 2367 1008 2400 eadem
1018 2378 1090 2411 poe-

347 2420 397 2460 na,
422 2422 456 2452 ut
479 2429 586 2463 supra,
611 2419 736 2463 deponi,
753 2425 846 2463 atque
864 2420 896 2452 in
912 2420 980 2453 aliis
997 2421 1089 2454 bonis

348 2471 513 2505 stabilibus
537 2472 644 2505 itidem
669 2473 838 2506 fructiferis
856 2484 928 2506 cum
949 2473 1089 2506 eiusdem

348 2526 454 2559 oneris
488 2526 674 2570 repetitione
703 2532 796 2571 atque
821 2528 996 2561 annexione
1019 2538 1090 2561 con-

347 2580 427 2614 verti
451 2580 573 2614 debeat.

392 2634 407 2678 §
432 2633 460 2667 7.
485 2634 532 2667 Ad
555 2634 633 2667 haec
657 2644 746 2668 sacra
774 2634 984 2679 Congregatio
1010 2635 1084 2680 qui-

430 2696 510 2724 Bull.
528 2697 606 2726 Rom.
626 2712 661 2717 -—
683 2697 744 2726 Vol.
759 2696 839 2725 XIII.
966 2697 1001 2726 43

1771 227 1835 262 337
1882 238 2067 267 An.c.1625

1125 285 1231 318 busvis
1256 285 1411 329 capitulis,
1436 284 1588 327 collegiis,
1612 284 1814 318 societatibus
1839 290 1918 319 etiua
1957 307 2066 321 tna-amm

1125 339 1435 381 congregationibus,
1451 348 1574 372 necnon
1595 338 1740 371 omnibus
1761 344 1791 371 et
1808 339 1868 371 sin·
1882 332 1925 372 3]ξῖἶέ
1937 328 2067 376 ιὶἶῖἶῖξξῖἷῖᾞῖἱῖ

1125 391 1207 433 gulis
1238 391 1442 424 ecclesiarum
1475 402 1511 424 ac
1544 391 1668 435 piorum
1702 385 1972 433 1000111111,1ἰ“ἶ.’ζ””“3
2004 381 2066 401 '¹⁶⁶⁰'

1127 449 1187 476 tam
1213 445 1403 477 secularium
1428 455 1522 488 quam
1547 445 1753 487 regularium,
1778 456 1869 489 supe-

1126 496 1274 537 rioribus,
1301 497 1347 529 rel
1372 497 1455 539 aliis,
1480 498 1517 530 ad
1544 509 1622 541 quos
1647 498 1793 542 pertinet,
1822 499 1868 531 di-

1126 548 1232 582 strictc
1245 549 1402 591 prohibet,
1417 560 1455 581 ne
1470 550 1676 593 imposterum
1689 561 1785 585 onera
1802 562 1870 595 per-

1126 605 1218 644 petua
1232 601 1406 645 suscipiant
1416 602 1583 635 missarum
1595 604 1868 644 celebrandarum,

1127 654 1283 687 seculares
1309 654 1437 697 quidem
1462 655 1529 688 sinc
1554 656 1703 699 episcopi,
1729 658 1778 690 vel
1803 658 1869 691 eius

1127 708 1283 750 generalis
1308 708 1425 749 vicarii,
1450 709 1613 751 regulares
1637 721 1712 743 vero
1732 711 1798 743 sine
1815 722 1869 754 ge-

1126 762 1241 795 neralis
1259 762 1307 794 rel
1325 762 1527 806 provincialis
1552 773 1706 796 consensu
1723 768 1753 796 et
1772 764 1869 797 licen-

1128 815 1167 849 tia
1188 816 1218 848 in
1240 816 1365 860 scriptis
1390 821 1420 849 et
1444 816 1542 859 gratis
1566 816 1777 850 concedendzt:
1795 818 1869 851 alio-

1126 869 1201 912 quin
1235 869 1407 910 secularis,
1433 869 1487 912 qui
1518 869 1611 902 liuius
1644 869 1868 912 prohibitionis

1127 928 1342 965 transgressor
1367 923 1513 963 extiterit,
1539 923 1577 955 ab
1602 922 1747 966 ingressu
1772 924 1869 956 ecclc-

1126 976 1190 1008 siae
1208 976 1390 1009 interdictus
1405 976 1444 1009 sit
1461 987 1497 1009 eo
1515 976 1594 1020 ipso;
1620 976 1776 1019 regularis
1793 987 1868 1010 vero

1126 1039 1259 1072 poenam
1286 1029 1470 1073 privationis
1499 1029 1640 1063 omnium
1672 1029 1867 1072 officiorum,

1126 1092 1205 1125 quae
1230 1087 1303 1115 tunc
1328 1082 1499 1123 obtinebit,
1524 1093 1560 1115 ac
1584 1087 1754 1126 perpetuae
1779 1082 1868 1115 inba-

1125 1135 1253 1168 bilitatis
1277 1135 1316 1168 ad
1340 1136 1400 1168 alia
1421 1136 1459 1168 de
1484 1140 1590 1169 cetero
1615 1136 1794 1177 obtinenda,
1816 1146 1869 1169 vo-

1126 1188 1232 1232 cisque
1263 1189 1381 1222 activae
1413 1199 1448 1222 ac
1476 1189 1637 1233 passivae,
1662 1189 1779 1233 absque
1807 1189 1868 1222 alia

1126 1243 1346 1284 declaratione,
1372 1243 1521 1276 incurrat.

1169 1297 1184 1339 ἕ
1218 1295 1247 1329 8.
1284 1296 1504 1341 Eleemosynas
1536 1307 1611 1330 vero
1644 1297 1805 1330 manuales
1838 1302 1868 1330 ct

1125 1349 1322 1392 quotidianas
1340 1361 1399 1393 pro
1418 1349 1522 1383 missis
1542 1350 1738 1383 celebrandis
1760 1351 1801 1383 ita
1818 1351 1868 1384 de-

1125 1414 1212 1436 mum
1232 1403 1328 1436 iidem
1352 1404 1498 1448 accipere
1522 1404 1654 1447 possint,
1672 1404 1697 1437 si
1718 1404 1867 1437 oneribus

1125 1462 1215 1489 antea
1239 1456 1395 1500 impositis
1420 1457 1462 1489 ita
1486 1457 1703 1498 satisfecerint,
1728 1461 1762 1491 ut
1786 1467 1867 1491 nova

1125 1520 1250 1553 quoque
1274 1520 1371 1543 onera
1395 1510 1554 1554 suscipere
1575 1511 1706 1550 valeant,
1728 1511 1868 1554 alioquin

1125 1564 1254 1596 omnino
1278 1563 1455 1597 abstineant
1471 1564 1510 1596 ab
1527 1564 1709 1597 huiusmodi
1735 1564 1868 1597 eleemo-

1124 1617 1218 1660 synis,
1233 1616 1326 1649 etiam
1343 1621 1454 1660 sponte
1472 1617 1594 1657 oblatis,
1609 1618 1641 1650 in
1660 1618 1803 1650 futurum
1821 1628 1867 1651 re-

1124 1669 1285 1713 cipiendis,
1303 1675 1333 1702 et
1350 1670 1493 1713 capsulas
1511 1671 1653 1703 auferant
1669 1671 1707 1703 ab
1728 1671 1867 1704 ecclesiis

1123 1733 1195 1755 cum
1231 1723 1435 1766 inscriptione
1468 1723 1539 1765 illa,
1569 1723 1782 1767 Eleemosyna
1807 1735 1866 1767 pro

1123 1777 1241 1818 missis,
1260 1777 1308 1810 vel
1332 1777 1393 1809 alia
1418 1776 1522 1817 simili,
1543 1777 1602 1810 sub
1624 1777 1736 1810 iisdem
1756 1777 1866 1821 poenis

1123 1831 1191 1874 ipso
1215 1831 1295 1863 facto
1322 1829 1530 1871 incurrendis,
1552 1840 1592 1864 ne
1616 1830 1725 1863 fideles
1742 1831 1801 1863 hac
1821 1841 1866 1863 ra-

1123 1883 1208 1917 tione
1232 1884 1434 1916 frustrentur.

1167 1938 1181 1981 g
1205 1936 1235 1970 O.
1260 1937 1432 1981 Episcopus
1457 1947 1542 1977 vero,
1560 1947 1615 1970 seu
1632 1936 1698 1969 eius
1718 1936 1863 1979 vicarius,

1123 1996 1175 2023 aut
1204 1991 1382 2034 generalis⁷
1415 1990 1463 2023 vel
1494 1990 1717 2034 provincialis,
1743 1991 1799 2023 ubi
1827 1991 1865 2024 de

1123 2044 1249 2078 licentia
1281 2055 1340 2089 pro
1372 2044 1534 2088 perpetuis
1570 2045 1718 2077 oneribus
1751 2045 1866 2077 fuerint

1123 2098 1287 2142 requisiti,
1320 2099 1351 2131 in
1383 2098 1513 2141 singulis
1545 2098 1670 2131 casibus
1698 2098 1866 2141 diligenter

1124 2152 1282 2196 inquirant
1305 2152 1343 2184 dc
1368 2151 1499 2194 singulis
1520 2151 1688 2184 missarum
1706 2152 1866 2185 celebran-

1123 2206 1235 2239 darum
1270 2205 1515 2249 obligationibus
1547 2205 1660 2249 cuique
1695 2205 1865 2247 ecclesiae,

1124 2259 1326 2300 monasterio,
1351 2264 1404 2292 aut
1428 2259 1497 2293 loco
1521 2259 1574 2303 pio
1598 2259 1865 2300 incumbentibuffi

1124 2323 1181 2346 nec
1205 2316 1295 2347 antea
1319 2323 1482 2346 assensum
1499 2312 1682 2346 huiusmodi
1703 2318 1756 2346 aut
1774 2313 1867 2346 licen—

1125 2368 1198 2400 tiam
1222 2367 1402 2411 praebeant,
1422 2377 1516 2410 quam
1534 2367 1578 2400 eis
1595 2367 1736 2410 legitime
1753 2367 1866 2400 consti-

1124 2421 1205 2462 terit,
1231 2420 1315 2453 illius
1335 2420 1514 2454 sacerdotes
1530 2425 1594 2452 tam
1611 2430 1693 2454 novo
1714 2421 1803 2454 oneri
1820 2431 1868 2453 su-

1123 2473 1302 2517 scipiendo,
1334 2484 1428 2517 quam
1460 2473 1596 2516 antiquis
1620 2473 1683 2505 iam
1708 2474 1865 2518 susceptis

1124 2526 1302 2560 satisfacere
1315 2536 1416 2570 posse,
1430 2526 1698 2570 praecipuamque
1711 2527 1867 2560 rationem

1123 2580 1267 2622 habeant,
1284 2584 1318 2612 ut
1334 2579 1484 2622 redditus,
1505 2579 1560 2623 qui
1578 2580 1719 2613 ecclesiis
1743 2585 1773 2613 et
1789 2581 1866 2614 locis

1122 2635 1182 2679 piis
1213 2634 1457 2678 relinquuntur,
1488 2633 1617 2669 omnino
1650 2634 1865 2679 respondeant

1909 1309 2017 1331 Manuales
2033 1316 2068 1331 ve-

1883 1342 1905 1356 ro
1935 1337 2067 1358 elemosinae

1882 1369 1923 1384 non
1961 1364 2068 1389 aecipien-

1883 1390 1934 1413 dae.
1950 1391 1990 1411 nisi
2013 1396 2068 1410 nova

1883 1423 1947 1437 onera
1986 1419 2068 1442 pessunt

1883 1443 2000 1470 adimpleri.

1907 1950 2066 1974 Quandolieen-

1881 1977 1909 1997 tia
1925 1983 1936 1997 a
1951 1977 2066 2002 superiori-

1880 2004 1919 2024 bus
1942 2004 1970 2023 sit
1995 2003 2065 2024 danda

1880 2036 1935 2051 nova
1946 2036 2011 2051 onera
2020 2036 2065 2050 sus-

1881 2057 1981 2083 cipieudi.
