2269 3235
208 243 256 270 Λη.
273 242 301 269 c.
324 241 391 270 tom
438 232 502 265 ⁶2:39.

236 1424 356 1446 Glausulae.

281 1690 394 1720 [irrogatio

211 1720 372 1738 contrarioium.

408 290 478 323 liter
502 289 677 330 observata,
702 289 748 322 vel
767 298 803 320 ex
826 287 893 321 aliis
911 286 1149 321 rationabilibus

407 343 518 385 causis,
533 354 590 387 per
606 353 663 375 nos
681 343 727 375 vel
745 351 944 374 successores
961 345 1086 374 nostros
1102 351 1151 374 co-

407 397 614 440 gnoscendis,
639 395 868 439 approbandis,
894 405 947 427 scu
977 394 1070 427 etiam
1096 394 1150 427 de-

407 450 562 483 clarandis
584 448 848 492 competentibus,
866 458 945 492 quae
970 447 1062 480 etiam
1078 447 1150 480 lieet

409 504 516 536 tollere
535 512 596 535 non
615 501 822 544 inteiulamus,
840 507 942 534 tamen
962 505 1102 534 nostram
1120 506 1151 533 et

408 556 538 589 Romani
557 555 715 588 Pontificis
740 565 919 599 supremam
945 558 1149 599 potestatem,

407 608 683 653 superioritatem,
713 612 915 652 nostramque
948 613 978 640 et
1009 607 1149 640 eiusdem

408 661 538 696 Romani
551 661 719 702 l‘ontiticis,
732 666 977 705 nostrorumque
992 662 1150 694 Romanae

406 715 516 748 Curiae
533 715 749 755 tributuilium,
770 714 952 748 officialium
964 719 994 747 et
1011 714 1149 748 iudIeum

407 768 656 802 iurisdictionem
681 768 874 813 praedictam
900 768 1072 812 impedire,
1098 773 1151 801 aut

407 828 514 856 contra
541 823 624 855 illam
637 822 656 863 ¹,
682 828 903 867 praeterquam
930 822 960 854 in
986 822 1109 855 casibus
1133 832 1150 854 a

409 877 475 909 iure
491 876 665 921 permissis,
679 875 844 918 suffragari
862 885 953 919 posse
970 876 1018 908 vel
1036 875 1151 907 debere

407 930 564 970 nolumus,
581 929 639 961 nisi
660 929 748 972 prius
765 939 857 961 causa
874 938 1018 968 onerosa,
1036 928 1083 960 vel
1108 927 1152 960 in-

408 983 566 1021 vestitura,
582 993 635 1015 seu
654 981 929 1014 iimnemorabilis²
943 981 1103 1025 praedicta
1120 981 1151 1013 in

408 1036 516 1069 eadem
542 1036 682 1075 camerti,
704 1035 797 1067 citato
818 1034 1036 1067 commissario
1060 1044 1151 1078 prae-

408 1089 502 1130 dicte,
514 1089 655 1132 legitime
671 1088 813 1133 probata,
827 1088 987 1121 verificam
1001 1093 1031 1121 et
1044 1088 1152 1122 iustifi-

408 1148 486 1184 cata,
503 1142 581 1175 aliae
600 1153 674 1175 vero
692 1153 804 1175 causae
832 1142 1033 1175 rationabiles
1058 1153 1151 1185 prae-

408 1196 507 1229 dictae
518 1195 646 1237 anobis,
660 1206 715 1229 seu
731 1196 965 1229 successoribus
982 1196 1151 1240 praedictis

408 1261 466 1294 pro
483 1249 595 1283 talibus
612 1249 755 1292 cognitae
771 1254 800 1282 et
816 1249 1009 1294 approbatae
1029 1260 1085 1282 seu
1102 1250 1151 1282 de-

409 1305 543 1337 claratae
568 1304 723 1348 fuerint),
754 1314 939 1337 revocamus
969 1304 1088 1347 pariter
1121 1308 1151 1337 et

409 1357 609 1400 abrogamus.

453 1410 543 1455 530.
570 1410 697 1444 Irritum
730 1416 760 1443 et
792 1410 884 1443 inane
917 1410 1010 1443 etiam
1041 1410 1150 1443 decer-

409 1469 517 1497 nentes
545 1464 695 1509 quicquid
719 1474 808 1497 secus
833 1475 928 1509 super
951 1463 1000 1496 liis
1025 1474 1042 1496 a
1072 1475 1148 1508 quo-

409 1527 524 1561 quam,
549 1517 661 1562 quovis
691 1522 877 1562 praetextu,
902 1517 1077 1558 occasione,
1103 1518 1150 1550 vel

410 1572 513 1611 causa,
538 1570 672 1603 scienter
696 1571 743 1604 vel
769 1571 963 1614 ignoranter,
984 1571 1152 1614 contigerit

410 1624 565 1658 attentari.

455 1678 470 1721 g
493 1677 545 1711 321.
570 1679 638 1711 Non
664 1677 859 1711 obstantibus
883 1678 1075 1722 praemissis,
1101 1684 1151 1719 et,

411 1737 564 1776 quatenus
584 1743 663 1776 opus
681 1732 730 1773 sit,
750 1733 858 1765 nostra
874 1732 913 1765 de
931 1742 993 1765 non
1014 1732 1152 1766 tollendo

412 1785 479 1818 iure
504 1785 656 1829 quaesito,
681 1795 716 1817 ac
738 1785 900 1829 quibusvis
925 1785 1153 1818 constitutioni-

412 1840 469 1872 bus
493 1844 523 1872 et
545 1839 796 1873 ordinationibus
815 1839 1005 1883 apostolicis,
1030 1849 1152 1872 necnon

412 1893 544 1936 statutis,
570 1892 756 1938 privilegiis,
777 1893 917 1934 indultis,
942 1892 1153 1926 concessioni-

411 1947 480 1987 bus,
501 1946 764 1990 exemptionibus,
781 1945 1042 1986 immunitatibus,
1058 1946 1154 1978 licen-

413 2000 472 2041 tiis,
484 1999 692 2040 facultatibus,
706 1999 973 2043 deputationibus,
988 1999 1154 2032 confirma-

413 2054 571 2094 tionibus,
596 2053 849 2094 extensionibus,
874 2052 1153 2097 prorogationibus

412 2113 442 2141 et.
465 2107 579 2140 litteris
596 2106 776 2151 apostolicis
796 2106 963 2151 praedictis
982 2111 1011 2139 et
1028 2107 1154 2150 quibus-

413 2161 458 2194 vis
483 2161 568 2202 aliis,
593 2160 697 2202 etiam,
716 2165 749 2193 ut
768 2160 962 2204 praefertur,
988 2170 1043 2193 seu
1067 2160 1153 2201 alias,

414 2215 600 2258 qualificatis
632 2219 661 2247 et
694 2214 819 2258 speciali
844 2216 919 2247 nota
942 2218 972 2247 et
996 2214 1154 2247 mentione

414 2269 527 2312 dignis,
552 2269 645 2301 etiam
671 2273 768 2309 motu,
794 2268 924 2301 scientia
949 2272 979 2301 et
1002 2272 1154 2312 potestate

414 2323 554 2366 paribus,
569 2327 598 2355 et
611 2323 705 2355 etiam
723 2321 992 2363 consistorialiter,
1007 2326 1037 2354 et
1054 2322 1091 2354 de
1105 2332 1155 2354 eo-

416 2376 558 2409 rumdem
585 2376 791 2409 cardinalium
807 2375 938 2409 consilio
963 2380 992 2408 et
1015 2385 1154 2415 assensu,

416 2431 472 2463 sub
503 2430 754 2474 quibuscumque
785 2430 955 2464 verborum
989 2429 1098 2463 formis
1126 2434 1156 2463 et

416 2485 588 2526 tenorilms,
613 2490 643 2517 et
667 2496 738 2518 cum
764 2485 927 2530 quibusvis
951 2484 1044 2518 etiam
1068 2484 1156 2518 dero-

453 2567 461 2590 t
477 2564 516 2591 lta
527 2563 712 2597 Che1·itb.;ed.
723 2563 803 2592 Mai'n.
817 2565 900 2592 habet
911 2568 961 2593 aut
972 2565 1055 2593 illum
1068 2564 1155 2600 (n.T.).

450 2609 467 2635 2
488 2608 559 2635 ldest
577 2610 764 2642 consueludo;
781 2618 895 2638 erronee
915 2609 978 2637 edit.
994 2609 1074 2637 lllain.
1095 2608 1159 2644 legit

418 2653 646 2682 immemorabili
658 2653 696 2688 (R.
712 2655 760 2687 Tu).

992 238 1171 263 BULLARIUM
1197 237 1352 263 ROMANUM

1181 286 1376 330 gatoriarum
1405 286 1633 329 derogatoriis,
1657 287 1788 331 aliisque
1818 287 1922 321 effica-

1182 340 1320 373 cioribus
1345 344 1374 372 et
1399 339 1533 373 insolitis
1558 339 1716 380 clausulis,
1740 350 1776 373 ae
1800 339 1923 373 irritan-

1184 393 1266 426 tibus
1290 397 1320 425 ct
1345 393 1414 426 aliis
1437 392 1587 433 decretis,
1612 392 1705 425 etiam
1731 392 1922 436 inexcogita-

1183 446 1299 479 bilibus
1313 451 1343 478 et
1354 446 1532 479 necessario
1547 445 1770 489 exprimendis,
1784 446 1878 479 etiam
1892 446 1923 479 in

1184 500 1245 532 vim
1260 504 1439 533 contractus
1460 498 1788 543 iut·ati‚cameralique
1808 499 1925 542 obliga·

1185 553 1268 586 tione
1283 553 1398 594 vallati,
1415 558 1445 586 et
1465 553 1575 597 quovis
1591 552 1651 586 alio
1668 551 1785 586 robore
1806 557 1836 585 ct
1856 562 1926 586 cau-

1185 607 1246 639 tela
1265 606 1407 647 firmatis,
1428 606 1527 648 editis,
1550 611 1580 638 et
1599 616 1654 639 scu
1675 605 1772 646 sactis,
1790 615 1826 639 ae
1850 605 1925 639 alias

1184 660 1422 704 quomodolibet
1433 661 1461 693 in
1472 660 1666 693 contrarium
1677 659 1926 704 praemissorum

1185 714 1352 754 concessis,
1384 724 1419 747 ac
1455 714 1573 758 pluries
1602 719 1632 746 et
1663 713 1783 746 iteratis
1807 712 1927 746 vicibus

1185 766 1389 807 confirmatis,
1413 766 1593 811 approbatis
1617 772 1647 799 et.
1670 765 1834 799 innovatis.
1852 766 1926 805 Qui-

1184 819 1244 851 bus
1268 819 1415 852 omnibus
1445 824 1475 852 et
1503 819 1635 863 singulis
1665 819 1801 863 (etiamsi
1827 820 1858 852 in
1882 820 1926 853 eis

1185 877 1331 905 caveatur
1361 883 1526 917 expresse,
1557 873 1641 917 quod
1671 873 1759 907 nullo
1787 883 1926 917 unquam

1184 930 1328 969 tempore
1345 926 1402 958 sub
1419 926 1571 958 similium
1591 927 1639 959 vel
1659 926 1859 960 dissimilium
1876 937 1927 960 ex·

1185 979 1380 1023 emptionum
1395 1006 1402 1020 ,
1432 980 1664 1014 immunitatum
1678 1007 1685 1020 ,
1722 981 1904 1014 facultatum
1918 1007 1926 1022 ‚

1185 1032 1394 1073 licentiarum,
1411 1033 1662 1073 concessionum,
1677 1033 1926 1077 deputationum,

1186 1086 1461 1120 confirmationum
1475 1113 1483 1127 ,
1509 1086 1725 1120 extensionum
1739 1113 1747 1127 ,
1772 1097 1928 1130 proroga-

1186 1140 1317 1181 tionum,
1342 1139 1527 1183 gratiarum,
1551 1139 1792 1183 privilegiorum
1812 1144 1842 1172 et
1858 1140 1929 1173 alie-

1185 1193 1348 1226 nationum
1376 1193 1640 1234 revocationibus
1661 1193 1927 1237 suspensionibus,

1185 1246 1434 1288 limitationibus,
1450 1250 1502 1278 aut
1515 1246 1583 1279 aliis
1596 1246 1849 1290 quibuscumque
1858 1257 1930 1280 eon-

1186 1299 1291 1332 trariis
1315 1299 1583 1343 dispositionibus,
1604 1309 1662 1343 pro
1680 1304 1822 1344 tempore
1839 1299 1930 1333 eden-

1185 1354 1242 1394 dis,
1260 1352 1582 1397 comprehendantur,
1597 1353 1650 1385 sed
1668 1363 1792 1397 semper
1810 1353 1849 1386 ab
1866 1353 1928 1387 illis

1186 1411 1333 1451 exceptae
1354 1411 1384 1439 et
1400 1406 1523 1449 quoties
1543 1405 1614 1439 illae
1631 1411 1822 1447 emanarent,
1836 1406 1929 1440 toties

1186 1461 1216 1493 in
1241 1460 1409 1504 pristinum
1432 1464 1462 1491 et
1486 1459 1714 1493 validissimum
1738 1463 1853 1494 statum
1868 1487 1875 1500 ‚
1900 1471 1929 1493 e-

1186 1514 1260 1547 tiam
1285 1514 1343 1547 sub
1368 1513 1539 1558 posteriori
1564 1513 1635 1546 data
1652 1523 1709 1558 per
1725 1523 1790 1554 eos,
1815 1513 1928 1557 quibus

1186 1578 1334 1602 concessa
1348 1572 1428 1609 sunt,
1445 1568 1600 1611 eligenda,
1613 1567 1766 1608 restituta,
1780 1567 1928 1612 reposita,

1185 1622 1325 1665 plenarie
1349 1621 1540 1664 reintegrata
1568 1624 1597 1654 et
1621 1620 1659 1653 de
1679 1630 1761 1654 novo
1781 1630 1929 1654 concessa

1186 1675 1247 1708 sint
1271 1679 1301 1709 et
1325 1686 1392 1708 esse
1417 1679 1613 1715 censeantur,
1633 1684 1756 1707 necnon
1780 1684 1839 1718 pro
1864 1674 1931 1707 illo-

1185 1740 1257 1762 rum
1282 1729 1448 1762 sufficienti
1477 1728 1682 1771 derogatione
1710 1727 1748 1760 de
1772 1727 1855 1768 illis,
1882 1738 1931 1761 eo-

1187 1793 1321 1826 rumque
1338 1782 1411 1816 totis
1428 1782 1601 1823 tenoribus,
1616 1780 1769 1825 specialis,
1785 1781 1930 1825 specifica

1186 1846 1335 1880 expressa
1352 1841 1382 1868 et
1397 1835 1567 1876 individua,
1580 1844 1643 1867 non
1658 1839 1761 1867 autem
1779 1844 1837 1878 per
1850 1835 1932 1868 clau—

1187 1890 1270 1923 sulas
1294 1890 1457 1933 generales
1475 1889 1557 1922 idem
1576 1888 1792 1932 importantes,
1813 1889 1931 1922 mentio

1187 1954 1243 1975 seu
1268 1943 1395 1987 quaevis
1421 1942 1480 1975 alia
1514 1941 1675 1986 expressio
1706 1941 1852 1974 habenda
1879 1948 1932 1975 aut

1187 1997 1293 2041 aliqua
1317 1997 1377 2029 alia
1401 1996 1554 2040 exquisita
1585 1996 1688 2029 forma
1716 1996 1754 2029 ad
1783 1996 1845 2029 hoc
1868 2006 1932 2029 sei·-

1188 2051 1289 2084 vanda
1313 2052 1417 2095 foret),
1431 2055 1557 2084 tenores
1581 2049 1774 2091 huiusmodi,
1795 2060 1830 2083 ac
1850 2049 1876 2082 si
1893 2049 1931 2082 de

1188 2106 1284 2138 verbo
1313 2104 1351 2137 ad
1376 2105 1509 2137 verbum
1542 2104 1629 2146 nihil,
1655 2103 1778 2147 penitus
1804 2103 1930 2143 omisso,

1188 2165 1218 2192 et
1247 2160 1348 2191 forma
1380 2158 1441 2191 illis
1474 2158 1587 2191 tradita
1616 2157 1797 2198 observata,
1822 2156 1930 2189 inserti

1188 2213 1312 2254 forent,
1337 2211 1556 2256 praesentibus
1588 2221 1647 2254 pro
1677 2210 1768 2255 plene
1793 2215 1822 2242 et
1846 2209 1932 2243 suffi-

1188 2266 1307 2299 cienter
1331 2264 1488 2309 expressis
1512 2264 1681 2305 habentes,
1707 2263 1884 2308 specialiter
1902 2268 1932 2296 et

1189 2330 1335 2364 expresse
1360 2329 1396 2352 ae
1420 2317 1571 2350 latissime
1599 2317 1791 2361 derogamus
1816 2322 1846 2350 et
1881 2316 1933 2350 de-

1189 2377 1333 2417 rogatum
1359 2382 1425 2405 esse
1442 2372 1597 2412 volumus,
1619 2371 1795 2416 ceterisque
1813 2375 1933 2404 contra-

1189 2428 1244 2461 riis
1269 2427 1530 2470 quibuscumque.

1234 2482 1248 2525 ἓ
1273 2480 1325 2514 3⁶2.
1352 2480 1390 2514 Ut
1414 2484 1518 2513 autem
1538 2484 1719 2524 praesentes
1744 2478 1867 2511 litterae
1892 2478 1930 2511 ad

1192 2599 1261 2621 mus
1278 2592 1308 2621 et
1325 2588 1497 2633 apostolica
1515 2586 1699 2621 auctoritate
1722 2585 1932 2626 decernimus,

1193 2642 1317 2675 easdem
1352 2646 1533 2687 praesentes
1569 2640 1607 2674 ad
1646 2640 1750 2674 valvas
1785 2638 1934 2673 basilicae

1936 239 1985 265 An.
2001 237 2030 266 C.
2050 238 2117 266 1624

1988 2485 2132 2506 t'raesentium
2178 2504 2182 2506 ,

1947 2512 2045 2532 facienda
2064 2511 2132 2538 publi-

1190 2534 1332 2568 omnium
1348 2533 1490 2568 notitiam
1516 2533 1637 2566 facilius
1657 2532 1832 2573 deveniant,
1849 2532 1933 2565 volu—
1947 2539 2012 2560 cauo·
