2269 3235
225 238 274 265 An.
296 237 324 264 c.
342 235 411 265 1620
456 225 520 261 466

738 282 857 316 cchX.

427 366 616 400 Commissio
633 365 763 397 Lucano
781 363 923 406 episcopo
940 363 1107 395 ministros
1127 363 1167 395 il-

471 420 533 452 lins
550 417 746 461 reipublicae
770 415 955 449 absolvendi
975 426 996 448 a
1012 417 1155 449 censuris

470 473 505 504 in
519 481 600 515 quas
614 471 834 509 incurrerant,
852 469 889 501 ob
903 472 1052 502 exactum
1069 468 1167 512 quod-

472 524 595 558 damah
610 522 832 557 ecclesiasticis
846 522 983 565 vecliyal
997 522 1089 556 ultra
1100 532 1168 555 con.-

470 578 640 611 cessionem
657 576 747 610 Sectis
764 576 789 610 A
794 574 997 620 poseolicae¹.

426 657 595 687 Venerabili
609 657 697 685 fratri
708 657 872 684 Alexandro
882 656 1022 691 episcopo
1037 655 1167 691 Lucano,

621 706 757 733 Urbanus
791 706 870 740 Papa
898 705 974 734 vm.

645 755 830 784 Venerabilis
846 755 954 789 frater,

463 804 592 832 satutem
612 803 643 830 et
662 801 858 836 apostolicam
881 799 1131 828 benedictionem.

473 874 488 917 ξ
509 874 538 906 ’1.
564 872 683 916 Exponi
707 871 797 905 nobis
830 880 930 914 nuper
959 870 1100 903 fecerunt
1123 869 1170 901 di-

376 928 414 965 j'fff
430 928 500 961 lecti
526 927 581 959 filii
607 925 720 958 antiani
742 930 772 957 et
791 923 942 957 vexillifer
960 922 1095 955 iustitiae
1111 922 1170 954 rei-

369 980 393 993 ¹
404 982 414 1012 5¹
431 981 573 1025 publicae
590 981 741 1018 Lucanae,
755 977 839 1021 quod
853 977 938 1017 alias,
952 980 1025 1010 tunc
1042 976 1171 1008 existen-

275 1060 284 1072 η
326 1037 476 1073 ,ffl''„;'sstes
501 1034 597 1077 ipsius
630 1032 761 1065 civitatis
792 1031 934 1064 Lucanae
963 1029 1172 1062 communitas

431 1093 459 1119 et
473 1087 625 1127 homines,
637 1085 879 1126 considerantes,
893 1084 1020 1116 illorum
1032 1082 1172 1115 redditus

432 1146 461 1173 et
485 1145 656 1184 proventus
687 1140 718 1171 in
751 1137 902 1181 gabelus,
928 1137 1019 1170 datiis
1050 1141 1080 1169 et
1104 1131 1173 1169 aliis

432 1194 636 1236 vectigalibus
656 1193 720 1226 suis
744 1191 913 1236 praecipue
937 1190 1117 1230 consistere,
1137 1200 1173 1223 ac

433 1248 572 1291 volentes
596 1246 770 1287 fraudibus,
795 1255 871 1288 quas
896 1244 985 1277 multi
1010 1243 1086 1276 alias
1109 1253 1173 1276 non

434 1300 570 1344 exempti
585 1300 642 1332 sub
658 1299 787 1332 nomine
807 1298 1089 1331 ecclesiasticarum
1106 1307 1175 1340 per-

435 1365 581 1388 sonarum
609 1353 647 1385 ad
672 1352 884 1395 effugiendam
909 1351 1045 1384 debitam
1070 1351 1175 1394 gabel-

434 1409 545 1449 larum,
561 1407 716 1440 (latiorum
735 1412 763 1439 et
780 1405 978 1448 vectigalium
995 1404 1175 1437 huiusmodi

436 1462 623 1495 solutionem
642 1462 672 1493 in
693 1460 866 1493 maximum
895 1469 1005 1492 eorum
1027 1458 1176 1491 damnum

436 1519 465 1549 et
489 1515 717 1559 praeiudicium
737 1513 980 1555 committebant,
999 1522 1176 1553 occurrere,

438 1580 508 1602 cum
523 1569 643 1601 dilectis
660 1568 732 1601 filiis
758 1568 842 1600 clero
856 1572 919 1599 tam
933 1566 1066 1600 seculari
1084 1576 1177 1609 quam

438 1622 577 1665 regulari
597 1621 730 1654 cix-itatis
747 1621 935 1664 praedictae,
954 1620 985 1652 in
1002 1620 1066 1652 vim
1085 1620 1178 1652 sacul-

438 1677 510 1710 tatis
535 1676 652 1709 eisdem
677 1677 762 1709 clero
792 1675 963 1719 apostolica
995 1674 1179 1707 auctoritate

440 1730 497 1763 sub
522 1730 615 1763 certis
632 1729 725 1762 modo
746 1734 776 1761 et
800 1730 900 1761 forma
925 1734 999 1761 tunc
1023 1726 1180 1771 expressis

442 1794 616 1825 concessae,
639 1783 887 1822 concordarunt,
912 1787 946 1815 ut
970 1781 1053 1814 idem
1079 1782 1181 1814 clerus

442 1838 581 1881 gabellas
612 1837 815 1876 huiusmodi,
840 1841 934 1880 prout
966 1835 1035 1876 alii,
1060 1836 1181 1869 solvere

444 1896 617 1930 teneretur;
635 1894 664 1924 et
684 1890 804 1931 deinde,
823 1890 915 1922 certis
940 1889 1011 1922 anni
1034 1888 1183 1933 tempori-

444 1945 510 1985 bus,
532 1944 671 1977 eiusdem
696 1944 772 1976 cleri
797 1943 927 1985 singulis
951 1942 1096 1986 personis
1120 1946 1182 1976 tam

445 1997 636 2031 secularibus
650 2007 743 2040 quam
762 1996 970 2039 regularibus,
985 2001 1090 2029 ettam
1108 1995 1183 2028 viris

445 2062 538 2095 quam
563 2050 758 2090 mulieribus,
775 2055 875 2083 totum
895 2061 952 2093 per
969 2060 1022 2083 eos
1047 2049 1183 2083 solutum

445 2105 565 2148 integre
589 2105 818 2146 restitueretur,
836 2109 866 2136 et
882 2104 967 2143 alias,
984 2109 1078 2147 prout
1094 2103 1127 2136 in
1143 2103 1185 2136 di-

447 2159 543 2191 versis
568 2158 705 2201 desuper
733 2157 881 2190 consectis
909 2156 1043 2201 publicis
1073 2157 1186 2190 instru-

447 2213 559 2246 mentis
576 2212 699 2256 plenius
716 2211 830 2244 dicitur
844 2211 1007 2244 contineri.

492 2268 505 2290 Q

311 2280 430 2313 Quat-fun
491 2284 506 2311 ὃ
530 2268 558 2300 ΞΖ.
584 2267 659 2300 Cum
685 2271 806 2306 autem,
832 2265 912 2299 sicut
936 2266 1045 2299 eadem
1069 2265 1188 2309 exposi-

248 2306 431 2379 Ξὲἓῖᾎὶῗέᾖῖᾗὲυιιῖ
449 2321 490 2354 tio
515 2320 740 2363 subiungebat,
765 2324 834 2364 post
854 2319 961 2352 initam
987 2318 1186 2352 concordiam

291 2366 325 2385 se·
364 2366 368 2383 ς

448 2374 627 2407 huiusmodi
641 2374 781 2417 gabellae
793 2373 971 2417 praedictae
987 2384 1043 2417 per
1060 2373 1187 2406 eosdem

449 2428 590 2461 antiano-s
615 2433 644 2460 et
668 2427 875 2460 vexilliferum
907 2438 961 2461 seu
991 2427 1030 2460 ab
1061 2427 1105 2460 eis
1134 2427 1188 2460 de-

450 2488 571 2526 putatos
584 2481 760 2525 praedictos
777 2487 894 2523 auctae,
909 2487 938 2515 et
951 2482 988 2515 ab
1006 2481 1084 2525 ipsis
1104 2481 1188 2515 clero

450 2536 531 2567 ultra
546 2541 681 2579 ,tempus
706 2535 920 2569 conventionis
949 2540 1059 2569 contra
1083 2545 1188 2570 sacro-

488 2653 498 2679 1
522 2651 559 2679 Ex
579 2651 685 2687 Regest.
705 2652 732 2679 in
752 2651 853 2680 Secret.
874 2651 950 2679 Brev.

1004 231 1183 258 BULLAan
1206 231 1361 256 ROMANUM

1951 232 2002 261 Λιι.
2021 232 2051 261 G.
2067 232 2137 261 1626

1199 290 1269 313 rum
1298 289 1470 320 canonum,
1502 279 1709 312 conciliorum
1733 280 1939 323 generalium,

1198 343 1321 367 necnon
1345 333 1451 367 Bullae
1467 333 1499 366 in
1523 332 1573 366 die
1597 332 1717 366 Coenae
1740 333 1863 367 Domini
1877 334 1940 378 legi

1200 387 1309 420 solitae
1332 386 1466 420 sormam
1492 390 1619 419 exactae
1641 385 1778 427 suerint,
1801 396 1859 420 nec
1882 386 1941 431 ipsi

1159 444 1166 456 '
1202 445 1370 484 propterca
1395 439 1512 473 eisdem
1537 439 1633 480 clero,
1658 438 1742 482 quod
1766 438 1804 471 ab
1829 439 1884 480 eis,
1908 444 1943 472 ut

1201 494 1387 538 praefertur,
1405 498 1548 527 exactum
1568 492 1635 533 suit,
1653 491 1775 535 integre
1797 492 1942 526 restitue—

1202 547 1278 588 rint,
1305 547 1395 580 nobis
1419 551 1586 591 propterea
1611 545 1821 579 communitas
1845 550 1875 579 et
1890 546 1943 580 ho-

1203 600 1302 633 mines
1339 611 1375 634 ac
1411 599 1527 633 antiani
1559 604 1588 632 et
1617 598 1769 632 vexillifer
1792 598 1944 643 praedicti

1203 654 1366 687 humiliter
1390 653 1560 698 supplicari
1585 653 1743 692 fecerunt,
1765 657 1801 685 ut
1824 651 1882 684 sibi
1906 651 1945 685 de

1204 707 1411 742 absolutionis
1442 706 1596 740 beneficio
1627 707 1659 739 in
1689 705 1870 750 praemissis
1894 716 1946 750 op-

1204 766 1340 805 portune
1363 760 1530 804 providere
1546 760 1584 794 de
1607 759 1800 803 benignitate
1823 763 1947 803 aposto-

1204 814 1263 847 lica
1281 814 1496 857 dignaremur.

1249 868 1263 911 ἓ
1280 866 1309 900 3.
1330 868 1393 900 Nos
1409 867 1514 910 igitur,
1534 867 1663 900 illorum
1680 867 1945 900 conscientiarum
1987 880 2082 900 ronan-1
2102 880 2146 906 eps-

1962 911 2026 932 scopo
2060 907 2146 927 Lucano

1204 920 1312 963 quieti,
1330 925 1483 964 quantum
1508 931 1581 953 cum
1604 920 1737 953 Domino
1760 931 1945 964 possumus,
1962 933 2088 956 commum,
2123 934 2146 953 ut

1962 965 1999 980 eos
2027 959 2125 980 absolvat
2140 975 2145 982 ‚

1205 973 1340 1016 benigne
1357 973 1531 1014 consulere,
1547 973 1680 1016 illosque
1696 973 1887 1016 specialibus
1903 974 1947 1006 sa·
1962 988 2062 1016 servans·
2077 988 2146 1006 namen

1206 1026 1334 1059 roribus
1358 1031 1389 1059 et
1413 1025 1522 1069 gratiis
1553 1025 1704 1070 prosequi
1734 1026 1894 1066 volentes,
1918 1031 1949 1058 et
1963 1018 2032 1059 ‘32332
2042 1012 2147 1064 ἶῖἶεὲοἶῖἶ

1206 1090 1317 1113 eorum
1349 1080 1525 1122 singulares
1560 1088 1712 1123 personas
1740 1089 1758 1111 a
1785 1078 1949 1122 quibusvis
1963 1065 2048 1086 ''⁰⁰¹⁰“

1207 1131 1550 1173 excommunicationis,
1571 1131 1787 1175 suspensionis
1811 1137 1841 1164 et
1857 1132 1950 1165 inter-

1207 1187 1291 1229 dicti,
1309 1187 1441 1230 aliisque
1459 1185 1677 1219 ecclesiasticis
1694 1185 1864 1226 sententiis,
1882 1197 1950 1219 cen-

1209 1241 1290 1274 suris
1315 1240 1502 1284 et·poenis,
1527 1250 1544 1272 a
1568 1239 1637 1272 iure
1661 1239 1710 1272 vel
1733 1239 1772 1272 ab
1801 1239 1948 1282 homine,

1209 1294 1317 1339 quavis
1342 1294 1507 1327 occasione
1525 1293 1574 1326 vel
1599 1294 1693 1326 causa
1715 1292 1806 1333 latis,
1831 1292 1856 1326 si
1879 1293 1950 1338 qui-

1209 1349 1267 1382 bus
1291 1347 1529 1392 quomodolibet
1551 1347 1717 1381 innodatae
1742 1347 1893 1388 existunt,
1913 1348 1951 1381 ad

1211 1402 1357 1436 effectum
1393 1394 1606 1446 praesentium
1642 1400 1802 1434 dumtaxat
1835 1411 1948 1435 conse-

1211 1456 1381 1500 quendum,
1399 1455 1512 1488 harum
1537 1454 1619 1487 serie
1637 1454 1833 1487 absolventes
1850 1459 1880 1487 et
1899 1454 1952 1487 ab·

1212 1510 1328 1543 solutas
1352 1508 1419 1542 sore
1445 1511 1616 1548 censenteS,
1633 1507 1814 1541 huiusmodi
1838 1507 1954 1552 suppli-

1213 1562 1388 1597 cationibus
1412 1561 1561 1603 inclinati,
1585 1560 1773 1595 fraternitati
1796 1566 1869 1594 tuae
1897 1571 1954 1605 per

1213 1621 1393 1660 praesentes
1410 1614 1636 1648 committimus
1660 1619 1690 1647 et
1705 1614 1901 1656 mandamus,
1920 1620 1955 1648 ut

1214 1670 1472 1703 communitatem
1490 1673 1519 1701 et
1534 1668 1688 1708 homines
1705 1678 1880 1712 eorumque
1896 1668 1956 1702 sin—

1215 1724 1315 1767 gulos,
1329 1734 1363 1756 ac
1377 1723 1573 1766 gabellarum
1586 1722 1767 1755 huiusmodi
1783 1722 1954 1764 ministros,

1216 1777 1360 1811 custodes
1384 1781 1414 1809 et
1438 1781 1609 1816 exactores,
1626 1785 1749 1808 necnon
1769 1775 1847 1808 alios
1866 1785 1957 1819 quos-

1216 1841 1352 1874 cumque
1365 1830 1396 1862 in
1410 1829 1589 1874 praemissis
1604 1828 1785 1872 culpabiles,
1799 1833 1829 1862 et
1846 1839 1957 1862 eorum

1216 1885 1397 1929 quemlibet,
1418 1884 1442 1917 si
1458 1884 1519 1917 hoc
1535 1894 1552 1916 a
1567 1888 1598 1916 te
1622 1882 1784 1916 humiliter
1800 1883 1957 1927 petierint,

1198 1953 1199 1958 ¹
1217 1945 1246 1972 et
1270 1938 1443 1972 dummodo
1464 1947 1481 1970 a
1502 1936 1655 1970 similibus
1680 1936 1718 1969 de
1743 1941 1848 1970 cetero
1865 1937 1959 1970 absti-

1217 1996 1319 2033 neant,
1337 1993 1479 2035 factaque
1503 1991 1592 2035 prius
1616 2001 1672 2034 per
1697 2000 1750 2023 eos
1766 1989 1804 2023 de
1820 1990 1958 2023 indebite

1217 2046 1361 2090 usquein
1377 2049 1574 2089 praesentem
1588 2044 1671 2077 diem
1688 2044 1813 2084 exactis,
1825 2048 1859 2076 ut
1871 2053 1959 2088 prae-

1218 2101 1327 2142 fertur,
1342 2099 1460 2133 eisdem
1478 2099 1563 2132 clero
1580 2097 1787 2140 restitutione,
1804 2098 1853 2131 vel
1869 2098 1959 2131 aliter

1219 2164 1291 2187 cum
1316 2153 1434 2187 eisdem
1459 2153 1544 2185 clero
1568 2156 1631 2184 tam
1656 2150 1846 2185 coniunctim
1865 2162 1959 2195 quarn

1220 2207 1343 2241 divisim
1360 2207 1496 2251 desuper
1516 2205 1715 2246 concordato,
1733 2215 1788 2239 seu
1803 2205 1884 2240 sacta
1902 2217 1960 2250 per

1220 2261 1429 2296 camerarium
1473 2260 1520 2294 vel
1555 2259 1782 2303 depositarium
1820 2259 1959 2293 eiusdem

1221 2314 1454 2349 communitatis
1481 2317 1511 2348 et
1527 2313 1692 2347 hominum
1717 2313 1911 2356 obligatione
1930 2313 1961 2346 in

1222 2370 1322 2404 forma
1353 2367 1487 2412 depositi
1519 2366 1557 2400 de
1588 2366 1782 2400 restituendo
1814 2377 1908 2400 omne
1931 2372 1963 2399 et

1222 2429 1323 2459 totum
1348 2426 1491 2457 exactum
1515 2427 1546 2455 et
1569 2431 1633 2455 non
1652 2421 1830 2454 restitutum
1854 2426 1890 2454 ut
1913 2431 1963 2454 su-

1222 2489 1290 2523 pra,
1309 2488 1325 2510 a
1349 2476 1511 2521 quibusvis
1535 2473 1878 2515 excommunicationis,
1899 2475 1963 2507 sus·

1222 2531 1382 2577 pensionis
1406 2535 1437 2564 et
1460 2528 1639 2570 interdicti,
1664 2528 1797 2573 aliisque
1821 2526 1963 2562 ecclesia-

1224 2585 1308 2619 sticis
1332 2583 1514 2625 sententiis,
1544 2583 1685 2617 censuris
1715 2588 1744 2616 et
1773 2582 1883 2627 poenis
1906 2591 1963 2626 per

1203 2643 1339 2686 ,eos-et
1370 2648 1481 2673 eorum
1512 2637 1683 2683 quemlibet
1714 2636 1962 2682 praemissorum

2011 562 2025 581 Α
2048 560 2142 581 censuris

1957 589 2033 614 petunt
2053 586 2143 608 absolvi.

1181 1227 1197 1234 a
