2269 3235
106 252 156 278 An.
176 250 204 277 C.
223 248 290 278 1626

119 524 149 545 Ad
158 528 231 549 preces
239 527 289 548 pro-

107 550 210 572 curatoris
227 554 291 575 gone-

107 577 157 598 ratis
201 576 291 596 huiusce

108 603 291 629 Conui-aganonis.

921 239 1063 264 URBANUS
1088 238 1144 262 VIII
1169 238 1216 262 PP.

304 294 408 328 dinata
428 292 524 326 fuisse
545 291 702 330 dicuntur,
721 288 910 334 apostolicae
935 287 1044 320 contir-

305 346 450 380 mationis
490 344 653 391 munimen
686 343 818 376 libenter
859 340 1043 379 adiiciinus,

304 405 399 445 prout
415 400 446 433 in
463 398 595 434 Domino
619 396 787 431 salubriter
811 393 957 438 expedire
975 403 1045 426 con-

305 453 463 498 spicimus.

350 506 402 551 §t
413 502 695 549 Exponisiquidem
705 500 796 534 nobis
805 510 905 543 nuper
923 499 993 531 fecit
1003 498 1045 531 di-

307 560 406 594 lectus
430 558 514 592 filius
540 555 723 590 Ambrosius
745 552 960 592 Lexoviensis,
986 552 1044 584 sra-

309 618 392 646 trum
403 611 497 645 Tertii
506 609 629 644 Ordinis
639 606 828 641 S.F1·ancisei
837 606 875 639 de
885 605 1043 638 Poeniten-

308 666 351 700 tia
369 667 624 709 nuncupatorum
646 660 812 694 strictioris
829 659 1045 693 observantiae

308 715 560 762 congregationis
581 714 697 749 Galliae
710 718 899 758 procurator
919 722 1046 755 genera-

308 772 355 814 lis,
366 771 449 815 quod
458 769 543 811 alias,
555 767 730 801 imminenti
744 766 886 811 proxime
898 766 1044 799 celebrati

309 824 436 868 capituli
470 822 626 866 generalis
657 821 757 854 dictae
792 820 1046 864 congregationis

307 876 594 920 celebratione-,pro
610 880 699 919 parte
709 875 895 908 dilectorum
908 874 1045 907 filiorum

306 931 439 964 fratrum
464 929 589 964 Ordinis
609 934 639 962 et
659 928 913 971 congregationis
937 927 1046 960 huius-

308 984 393 1018 modi
418 984 532 1017 dilecto
556 983 622 1016 filio
646 987 755 1016 nostro
779 982 948 1015 Franciseo
977 992 1047 1014 san-

308 1042 375 1071 ctae
394 1037 532 1080 Agathae
548 1036 680 1070 diacono
700 1035 850 1069 cardinali
876 1035 1047 1068 Barberino

308 1095 490 1134 nuncupato
500 1095 608 1123 nostro
620 1089 791 1123 secundum
806 1099 931 1122 earnem
941 1099 977 1121 ex
991 1090 1048 1121 sra-

308 1149 356 1178 tre
373 1154 524 1187 germano
541 1143 648 1187 nepoti
666 1144 753 1187 (tunc
770 1143 807 1175 ad
828 1142 1047 1176 charissimum

308 1198 341 1231 in
375 1197 497 1232 Christo
535 1197 636 1230 filium
674 1202 818 1230 nostrum
855 1196 1047 1229 Ludovicum

308 1252 502 1285 Francorum
515 1261 623 1294 regem
637 1250 930 1283 christianissimum
945 1255 974 1282 et
983 1250 1048 1282 uni-

310 1315 436 1340 versum
461 1304 611 1337 Franciae
635 1314 778 1346 regnum⁷
804 1303 949 1346 illiusque
973 1313 1048 1346 pro-

310 1359 437 1399 vincias,
461 1357 610 1397 dominia,
635 1357 783 1397 civitates,
801 1357 928 1401 oppida,
949 1361 1050 1389 terras

309 1418 339 1447 et
358 1414 427 1446 loca
444 1412 547 1445 eidem
563 1411 631 1454 regi
649 1411 788 1444 subiecta
804 1416 833 1443 et
851 1411 933 1443 dicto
950 1421 1049 1453 regno

309 1466 499 1506 adjacentia,
524 1470 691 1508 ceteraque
716 1465 775 1497 alia
798 1465 884 1504 loca,
908 1464 947 1496 ad
972 1474 1050 1507 quae

309 1520 399 1554 illum
412 1519 571 1553 declinare
588 1518 779 1561 contigisset,
794 1523 902 1551 nostro
920 1523 949 1550 et
963 1517 1050 1551 Sedis

309 1573 508 1618 Apostolicae
518 1572 557 1605 de
568 1573 664 1606 latere
674 1572 790 1615 legato)
802 1571 955 1615 exposito,
967 1571 1050 1614 ipsos

310 1628 484 1672 capitulum
513 1625 695 1659 huiusmodi
728 1625 760 1657 in
788 1625 883 1658 domo
911 1625 1049 1667 regulari

310 1682 339 1716 S.
357 1681 472 1715 Martae
489 1679 527 1713 de
543 1679 649 1713 Gratia
666 1682 863 1722 nuncupatae
884 1678 1050 1711 parisiensi

311 1734 451 1769 eiusdem
465 1732 730 1776 congregationis,
750 1743 809 1776 pro
833 1732 985 1765 electione
1010 1732 1050 1764 vi-

311 1787 448 1822 sitatoris
472 1786 628 1830 generalis
645 1791 675 1818 et
691 1785 824 1818 aliorum
850 1785 1049 1829 superiorum

312 1839 436 1874 Ordinis
460 1843 491 1872 et
514 1837 767 1881 congregationis
798 1837 1050 1881 praedictorum,

312 1902 435 1926 necnon
458 1891 588 1925 diversis
611 1890 744 1934 negotiis
764 1891 908 1924 ordinem
929 1896 958 1924 et
982 1901 1052 1924 eon-

314 1946 530 1990 gregationem
561 1945 743 1978 huiusmodi
767 1945 1051 1987 concernentibus,

313 2006 387 2034 tunc
409 1999 594 2045 propediem
618 1999 778 2032 celebrare
803 1999 934 2039 debere;
959 2000 990 2032 in
1016 2001 1053 2033 si-

314 2054 441 2088 milibus
460 2065 535 2087 vero
555 2054 698 2098 capitulis
722 2054 871 2086 nonnulla
894 2054 1051 2087 interdum

313 2108 408 2142 dubia
431 2118 466 2141 ac
490 2107 682 2141 differentias
706 2107 738 2140 in
762 2107 934 2141 maximum
958 2108 1052 2142 totius

313 2162 432 2196 ordinis
444 2161 671 2206 praeiudicium
687 2160 764 2194 oriri
781 2161 896 2201 solere;
922 2166 952 2194 et
980 2172 1054 2205 pro-

314 2221 421 2260 pterea
429 2226 487 2260 pro
501 2220 590 2260 parte
607 2214 790 2248 eorumdem
801 2215 934 2249 fratrum
951 2215 1052 2248 eidem

315 2269 480 2302 Francisco
514 2268 665 2302 cardinali
696 2273 726 2301 et
756 2269 860 2312 legato
891 2269 1054 2302 humiliter

315 2322 411 2355 fuisse
434 2323 653 2367 supplicatum,
678 2326 712 2355 ut
736 2322 769 2355 in
792 2323 974 2366 praemissis
998 2334 1053 2367 op-

316 2380 456 2420 portune.
469 2376 635 2420 providere
651 2376 689 2409 de
708 2382 870 2420 susceptae
890 2377 1054 2420 legationis

317 2441 390 2464 suae
415 2430 518 2463 officio
538 2430 736 2473 dignaretur3
762 2431 844 2463 idem
869 2431 1054 2465 Franciscus

317 2483 483 2518 cardinalis
507 2488 537 2516 et
560 2484 680 2527 legatus
699 2484 908 2517 venerabilem
925 2485 1053 2518 fratrem

316 2537 492 2571 Rolandum
500 2537 770 2582 archiepiscopum
780 2538 1006 2572 Bituricensem
1023 2539 1055 2572 in

317 2590 494 2636 praesidem
514 2590 587 2623 dicti
604 2591 741 2635 capituli,
757 2602 880 2625 necnon
896 2591 1053 2625 Andream

317 2645 359 2679 du
383 2645 436 2678 Val
459 2644 679 2690 presbyterum
703 2645 735 2679 in
758 2646 918 2680 academia
942 2645 1055 2680 Sorbo-

1720 225 1776 258 511

1079 295 1149 327 nica
1175 293 1340 327 Parisiensi
1365 303 1471 325 sacrae
1499 291 1674 333 theologiae
1702 290 1818 333 profes-

1078 359 1202 389 sorem,
1228 359 1263 381 ac
1288 358 1385 380 unum
1411 358 1446 380 ex
1473 346 1615 390 patribus
1645 345 1777 377 alicuius
1801 355 1817 377 a

1078 401 1156 434 Sede
1190 401 1346 444 praedicta
1370 400 1573 443 ‘approbatae
1606 398 1766 441 religionis
1802 410 1818 430 a

1078 454 1160 487 dicto
1175 454 1312 496 capitulo
1327 454 1516 495 eligendum,
1535 453 1665 486 dilectos
1683 453 1774 492 tilios,
1788 452 1817 483 iu

1078 507 1145 539 cius
1171 507 1350 538 assistentes
1374 507 1558 539 auctoritate
1584 506 1629 538 sui
1656 505 1820 548 legationis

1079 558 1173 591 oflicii
1198 559 1357 592 constituit
1381 564 1411 591 ct
1430 559 1609 601 deputavit,
1634 562 1728 602 prout
1754 558 1819 601 ple-

1079 612 1149 644 nius
1174 612 1352 645 continetur
1377 612 1408 643 in
1433 612 1544 643 litteris
1564 612 1637 643 dicti
1662 611 1818 643 Francisci

1079 665 1246 698 cardinalis
1264 669 1293 697 ct
1311 664 1413 707 legati,
1432 675 1566 709 quarum
1588 670 1676 697 tenor
1693 670 1739 697 est
1766 664 1818 707 qui

1079 718 1231 762 sequitur,
1249 717 1407 750 videlicet:

1128 772 1142 815 ᾗ
1174 771 1202 804 ⁶2.
1237 771 1443 812 Franciscus,
1477 770 1677 803 miseratione
1715 770 1818 802 divina

1080 826 1109 858 S.
1124 825 1263 868 Agatbae
1280 825 1431 858 diaconus
1448 823 1614 857 cardinalis
1632 823 1819 855 Barbcrinus
1836 828 1885 871 ¹¹¹⁸,ss
1987 859 1999 871 Δ

1081 883 1295 921 nuncupatus,
1322 878 1361 910 ad
1386 877 1620 910 serenissimum
1646 876 1819 919 principem
1836 885 1884 897 *rr
1911 887 1915 897 ⁴
1950 884 2012 897 rw

1837 907 1903 931 pitulo
1919 891 2018 930 generati.

1080 932 1274 965 Ludovicum
1293 932 1487 964 Francorum
1505 940 1613 973 regem
1634 927 1823 962 christianis-

1081 986 1206 1026 simum,
1230 996 1266 1018 ac
1290 985 1471 1018 universum
1497 984 1646 1017 Franciae
1670 994 1821 1026 regnum,

1083 1041 1227 1083 illiusque
1255 1039 1453 1083 provincias,
1479 1038 1636 1079 dominia,
1663 1037 1821 1077 civitates,

1082 1093 1207 1136 oppida,
1232 1097 1331 1125 terras
1357 1097 1386 1124 et
1411 1093 1479 1124 loca
1504 1091 1605 1123 eidem
1630 1090 1697 1133 regi
1718 1090 1817 1123 subie-

1082 1151 1131 1178 cta
1155 1150 1185 1178 et
1210 1145 1292 1178 dicto
1322 1154 1422 1187 regno
1447 1144 1629 1185 adiacentia,
1655 1149 1823 1187 ceteraque

1082 1198 1141 1230 alia
1153 1199 1230 1240 loca,
1249 1198 1285 1230 ad
1303 1208 1382 1241 quae
1400 1208 1456 1230 nos
1471 1197 1629 1230 declinare
1646 1197 1823 1239 contigerit,

1083 1252 1270 1285 sanctissimi
1303 1251 1335 1283 in
1365 1251 1488 1285 Christo
1513 1251 1611 1283 Patris
1643 1256 1672 1283 et
1700 1250 1822 1283 Domini

1083 1306 1186 1339 Nostri
1211 1305 1335 1338 Domini
1356 1305 1473 1338 Urbani
1497 1305 1601 1337 divina
1627 1304 1823 1348 providentia

1084 1361 1183 1404 Papae
1200 1360 1265 1393 Vlll
1291 1365 1321 1392 et
1344 1359 1431 1393 Sedis
1451 1359 1648 1403 Apostolicac
1669 1358 1707 1391 de
1726 1359 1823 1391 latere

1083 1415 1213 1456 legatus.
1239 1414 1333 1453 Cum,
1359 1413 1437 1445 sicut
1467 1413 1558 1445 nobis
1589 1423 1690 1456 nuper
1720 1412 1823 1444 dilecti

1083 1468 1173 1500 nobis
1194 1467 1225 1498 in
1242 1467 1364 1500 Cbristo
1382 1472 1487 1510 patres
1504 1466 1597 1500 Tertii
1616 1465 1740 1499 Ordinis
1758 1476 1825 1499 san-

1084 1520 1124 1552 eti
1146 1520 1304 1552 Francisci
1322 1519 1575 1562 congregationis
1596 1519 1746 1552 Franciae
1771 1530 1824 1552 ex-

1084 1574 1156 1618 poni
1189 1574 1354 1614 fecerunt,
1387 1574 1445 1616 ipsi
1478 1574 1648 1616 capitulum
1683 1573 1823 1606 eiusdem

1084 1627 1339 1670 congregationis
1356 1626 1386 1658 in
1403 1627 1497 1659 domo
1515 1627 1651 1669 regulari
1665 1627 1694 1659 S.
1712 1627 1824 1659 Mariae

1085 1681 1122 1713 de
1133 1681 1239 1714 Gratia
1258 1683 1455 1722 nuncupatae
1477 1679 1615 1711 eiusdem
1631 1680 1754 1712 Ordinis
1773 1681 1826 1712 Pa<

1085 1734 1218 1774 risiensi,
1234 1739 1295 1766 tam
1310 1744 1368 1776 pro
1383 1732 1533 1766 electione
1551 1732 1719 1766 visitatoris
1737 1743 1826 1775 gene<

1085 1788 1159 1820 ralis
1194 1798 1229 1820 ac
1266 1787 1400 1819 allorum
1433 1786 1634 1829 superiorum
1669 1786 1825 1819 dictorum

1085 1841 1210 1875 Ordinis
1225 1846 1254 1873 et
1272 1840 1535 1883 congregationis,
1554 1834 1648 1883 quam
1663 1840 1754 1873 etiam
1769 1851 1826 1884 pro

1085 1895 1217 1927 diversis
1241 1894 1376 1937 negotiis
1401 1894 1549 1927 Ordinem
1567 1899 1596 1926 et
1613 1894 1827 1937 congregatio-

1085 1959 1155 1981 nem
1167 1947 1349 1981 huiusmodi
1360 1948 1632 1989 concernentibus,
1642 1948 1825 1991 propediem

1086 2003 1247 2035 celebrare
1273 2002 1422 2041 debeant;
1448 2002 1480 2034 in
1504 2001 1657 2034 similibus
1681 2012 1755 2034 vero
1780 2012 1827 2034 ca-

1085 2056 1192 2100 pitulis
1211 2055 1363 2088 nonnulla
1390 2055 1547 2089 interdum
1573 2055 1666 2087 dubia
1687 2065 1722 2087 ac
1739 2055 1827 2087 disse-

1086 2110 1204 2142 rentiae
1228 2109 1259 2142 in
1284 2109 1455 2142 niaximum
1475 2109 1568 2142 totius
1592 2108 1716 2141 Ordinis
1736 2119 1827 2152 prae-

1087 2163 1235 2196 iudicium
1261 2163 1339 2196 oriri
1364 2164 1499 2202 soleant;
1525 2173 1621 2206 quare
1650 2173 1707 2205 pro
1737 2167 1827 2205 parte

1087 2217 1270 2250 eorumdem
1303 2222 1429 2261 patrum
1460 2216 1550 2249 nobis
1582 2216 1638 2249 suit
1666 2215 1827 2248 humiliter

1087 2270 1314 2314 supplicatum,
1341 2275 1494 2312 quatenus
1519 2269 1562 2302 cis
1591 2269 1621 2301 in
1646 2269 1828 2312 praemissis

1087 2329 1263 2368 opportune
1287 2323 1453 2367 providere
1478 2323 1516 2355 dc
1541 2327 1685 2366 suscepto
1702 2323 1828 2365 legatio-

1087 2378 1135 2410 nis
1159 2383 1284 2410 nostrae
1309 2377 1412 2409 officio
1436 2376 1655 2419 dignaremur:
1680 2387 1748 2418 nos,
1774 2377 1827 2421 qui

1089 2442 1198 2475 pacem
1212 2431 1293 2463 inter
1306 2440 1456 2474 personas
1470 2430 1632 2474 quaslibet,
1643 2430 1827 2473 praesertim

1088 2486 1145 2518 sub
1170 2485 1255 2517 suavi
1275 2484 1438 2527 religionis
1457 2484 1531 2526 iugo
1551 2484 1710 2516 Altissimo
1731 2484 1830 2517 samu-

1089 2538 1311 2580 lantes‚vige1·e
1322 2537 1451 2570 sinceris
1462 2543 1644 2581 exoptamus
1655 2537 1827 2578 affectibus,

1088 2591 1267 2624 huiusmodi
1293 2591 1575 2634 supplicationibus
1600 2590 1755 2633 inclinati,
1781 2600 1828 2623 re-

1088 2646 1348 2680 verendissimum
1377 2646 1540 2680 dominum
1564 2646 1740 2680 Rolandum
1764 2656 1828 2679 mo-

1830 234 1878 260 An.
1899 233 1928 259 C.
1948 231 2014 258 1626
