2269 3235
239 232 265 257 ΑΙ

290 507 374 526 titulant
381 513 420 526 111111

318 234 333 258 ·..
363 232 425 259 11107
474 226 537 256 61Ιί

437 293 472 314 ac
498 282 620 314 irritum
639 288 668 314 01
698 283 788 314 inane
806 282 958 324 quidquid
976 292 1065 314 secus
1084 292 1177 325 super

440 334 486 365 his
510 345 526 366 a
552 346 719 377 quoquam,
738 335 846 377 quavis
866 334 1061 374 auctoritate,
1082 334 1179 367 scien-

440 391 484 420 ter
502 388 546 419 rel
567 388 757 429 ignoranter,
773 387 939 429 contigerit
956 387 1110 430 attentari,
1129 387 1179 420 de-

437 441 604 472 cernimus.

482 494 496 535 g
521 492 549 524 t).
575 493 642 525 Non
676 492 871 525 obstantibus
901 493 1177 526 constitutionibus

438 551 464 577 et
492 545 740 577 ordinationibus
757 546 949 589 apostolicis,
966 556 1088 579 necnon
1105 557 1178 590 pro-

439 598 621 639 vinciarum,
633 608 815 641 regnorum,
827 599 998 642 civitatum,
1009 605 1177 642 terrarum,

437 651 637 694 oppidorum,
656 651 812 692 locorum,
837 652 1052 692 ecclesiarum,
1070 662 1178 685 mona-

437 705 616 745 steriorum,
636 705 830 745 militiarum,
855 705 1068 749 hospitalium,
1085 705 1177 738 etiam

437 758 465 789 S.
492 758 626 798 Ioannis,
644 758 869 801 praefatorum,
896 763 925 791 et
945 758 1079 791 aliorum
1106 758 1178 791 reli-

436 810 597 851 giosorum
616 821 651 844 ac
667 811 791 854 piorum
809 811 951 843 locorum
970 810 1077 855 (etiam
1094 810 1178 843 iura-

438 869 553 904 mento,
568 864 806 897 confirmatione
817 863 996 907 apostolica,
1008 864 1055 896 vel
1070 863 1179 907 quavis

437 918 584 949 111-1111111ιο
601 917 661 949 alia
679 917 847 959 roboratis)
863 917 985 949 statutis
1002 922 1032 949 et
1049 926 1179 949 consue-

437 970 605 1012 tudinibus,
634 969 806 1013 privilegiis
831 980 967 1013 quoque,
996 969 1124 1002 indultis
1149 974 1179 1002 et

437 1024 548 1056 litteris
572 1024 762 1067 apostolicis,
783 1023 901 1055 eisdem
926 1023 1107 1067 provinciis,
1128 1033 1177 1056 10-

437 1078 526 1119 gnis,
552 1077 728 1110 civitatibus
745 1103 752 1117 ‚
777 1077 888 1118 terris,
914 1076 1054 1120 oppidis,
1079 1077 1176 1116 locis,

436 1131 587 1170 ecclesiis,
605 1130 815 1170 monasteriis,
837 1130 1046 1174 hospitalibus
1073 1135 1103 1162 et
1122 1130 1178 1162 mi-

436 1184 519 1225 litiis,
546 1184 638 1218 etiam
663 1184 696 1217 S,
719 1184 851 1223 Ioannis,
877 1188 910 1216 111
934 1184 1122 1227 praefertur,
1149 1188 1178 1216 et

438 1238 506 1270 aliis
530 1237 687 1280 religiosis
711 1241 740 1270 et
764 1237 824 1280 piis
848 1236 946 1276 locis,
971 1236 1178 1269 universitati-

438 1292 514 1331 bus,
541 1291 701 1334 capitulis,
726 1289 944 1333 superioribus
976 1294 1006 1322 et
1033 1290 1177 1333 personis

437 1345 468 1377 in
488 1344 682 1377 contrarium
701 1343 937 1387 quomodolibet
955 1343 1121 1383 concessis,
1142 1353 1178 1376 ac

437 1397 530 1429 etiarn
555 1397 673 1440 pluries
698 1397 817 1429 iteratis
837 1396 959 1428 vicibus
983 1395 1176 1439 approbatis,

437 1451 630 1484 confirmatis
655 1456 685 1483 et
706 1451 869 1483 innovatis.
891 1450 1010 1489 Quibus
1031 1450 1178 1482 omnibus

439 1510 468 1537 et
492 1505 640 1547 singulis,
666 1504 759 1537 etiam
785 1504 810 1537 si
838 1503 877 1536 de
902 1504 978 1545 illis,
1005 1514 1178 1547 eorumque

438 1559 509 1591 totis
526 1558 689 1591 tenoribus
706 1558 861 1602 specialis,
876 1558 1032 1601 specifica,
1050 1567 1178 1601 expres-

438 1622 480 1652 sa,
506 1611 680 1653 individua,
706 1621 742 1644 ac
773 1610 811 1643 de
842 1610 939 1643 verbo
963 1610 1002 1643 ad
1026 1610 1176 1652 verbum,

437 1676 500 1698 11011
524 1670 628 1697 autem
652 1675 710 1708 per
735 1664 890 1697 clausulas
915 1664 1077 1706 generales
1094 1664 1177 1696 idem

438 1719 653 1762 importantes,
678 1717 795 1750 mentio
821 1728 876 1750 seu
895 1718 1023 1761 quaevis
1047 1717 1106 1750 alia
1129 1728 1179 1750 ex-

438 1772 559 1815 pressio
584 1770 727 1803 habenda
746 1776 797 1803 aut
823 1771 926 1814 aliqua
949 1771 1009 1803 alia
1026 1771 1179 1814 exquisita

438 1827 540 1858 forma
564 1825 602 1857 ad
626 1825 685 1857 hoc
711 1823 862 1857 servanda
878 1824 969 1863 soret,
987 1835 1098 1857 eorum
1115 1835 1180 1857 om-

438 1879 525 1911 nium
544 1884 680 1918 tenores,
699 1888 733 1910 ae
751 1878 775 1909 si
801 1877 839 1909 de
860 1877 959 1910 verbo
983 1876 1022 1910 ad
1046 1877 1178 1910 verbum

440 1932 662 1973 insererentur,
691 1930 908 1974 praesentibus
936 1940 994 1974 pro
1023 1930 1178 1974 expressis

439 1984 599 2026 habentes,
615 1984 676 2016 illis
692 1983 767 2015 alifis
782 1983 813 2015 in
831 1993 887 2015 suo
904 1982 1020 2015 robore
1036 1993 1180 2026 perman-

440 2038 531 2077 511113,
549 2037 586 2070 ad
607 2036 752 2069 effectum
773 2036 986 2080 praesentium
1007 2035 1177 2077 dumtaxat,

440 2092 617 2135 specialiter
642 2095 670 2124 et
695 2101 843 2134 expresse
867 2090 1071 2132 derogamus,
1097 2096 1179 2123 cete-

440 2146 546 2188 risque
567 2144 733 2178 contrariis
750 2144 1012 2188 quibuscumque.

485 2199 499 2242 §
524 2198 575 2231 110.
593 2199 743 2231 Yoluinus
760 2203 875 2238 autem,
895 2198 979 2241 quod
999 2203 1179 2241 praesentes

314 2239 424 2280 32¹,¹f¹‚[j„,'‘g
442 2252 471 2284 in
485 2252 580 2284 valvis
595 2251 745 2284 ecelesiae
758 2251 975 2284 Lateranensis
989 2256 1018 2284 et
1033 2251 1180 2284 basilicae

442 2304 594 2348 Principis
623 2304 839 2348 apostolorum
864 2304 902 2336 de
927 2303 1026 2345 Urbe,
1058 2314 1180 2337 necnon

442 2357 646 2390 cancellariae
669 2357 868 2401 apostolicae,
889 2363 919 2390 et
935 2357 967 2389 in
983 2357 1049 2390 acie
1074 2357 1180 2401 Campi

442 2412 552 2444 Florae.
576 2411 777 2455 publicentur
807 2416 837 2444 et
866 2412 1054 2454 affigantur,
1079 2422 1180 2455 quae,

443 2476 489 2507 pot
503 2470 608 2503 tatiani
628 2465 673 2498 sic
689 2465 798 2498 affixae
815 2470 844 2498 et
861 2465 1036 2509 publicatae
1055 2465 1181 2506 fuerint,

443 2524 510 2561 post
535 2518 613 2551 duos
633 2528 755 2551 menses
771 2529 790 2551 a
812 2518 863 2551 die
886 2518 1108 2562 publicationis
1126 2518 1182 2551 hu-

444 2570 579 2602 iusmxsidi
605 2571 851 2614 computandos,
877 2581 1094 2615 quoscumque
1118 2576 1181 2604 tam

447 2624 476 2656 {n
500 2624 587 2656 b'tatu
610 2629 727 2665 nostro,
748 2635 841 2667 quam
858 2629 945 2658 extra
970 2634 1041 2658 eum
1065 2624 1182 2669 ubique

1026 235 1202 257 lttlliliitltlUM
1229 236 1380 258 ROMANUM

1960 237 2014 274 an.
2031 237 2060 264 c.
2080 238 2148 265 1627

1213 282 1374 321 locorum,
1396 281 1426 314 in
1451 282 1537 314 ltalia
1561 287 1674 323 tamen,
1699 283 1876 325 existentes,
1901 294 1952 328 pe-

1212 335 1300 368 rinde
1324 339 1446 367 aretent
1461 340 1491 367 et
1511 335 1655 375 alliciant,
1673 346 1709 368 ac
1733 335 1757 367 si
1782 337 1951 380 unicuique

1212 388 1397 421 nominatim
1422 393 1452 421 et
1476 388 1683 432 personaliter
1699 388 1859 422 intimatae
1875 390 1950 423 suis-

1212 446 1299 481 sent;

1257 495 1271 537 ἓ
1295 494 1346 527 tt.
1373 494 1523 538 Quodque
1548 504 1656 527 earum
1678 494 1840 538 exemplis,
1858 495 1950 529 etiam
2003 509 2149 535 Exemplorum

1213 547 1386 591 impressis,
1411 558 1507 580 manu
1534 547 1648 580 notarii
1675 548 1792 591 publici
1813 548 1952 582 subseri·
1965 535 2026 556 ⁰⁴¹⁰*

1212 601 1283 645 ptis,
1302 606 1332 633 et
1351 601 1453 644 sigillo
1473 600 1605 634 alicuius
1629 611 1783 644 personae
1803 601 1835 633 in
1854 602 1953 644 digni-

1213 658 1274 686 tate
1294 654 1504 688 ecclesiastiea
1525 654 1711 687 constitutae
1735 654 1878 695 munitis,
1901 664 1952 687 ea-

1212 706 1282 739 dem
1298 716 1430 750 prorsus
1446 707 1523 739 fides
1536 707 1730 748 adhibeatur,
1745 717 1824 750 quae
1842 707 1952 740 iisdem

1213 759 1431 802 praesentibus
1444 760 1625 801 haberetur,
1639 760 1664 793 si
1678 760 1780 793 forent
1796 760 1952 793 exhibitae

1213 812 1261 844 vel
1278 817 1430 845 ostensae.

1257 865 1272 908 ἓ
1296 865 1346 898 12.
1371 865 1455 899 Ν11111
1475 876 1552 908 ergo
1576 866 1705 899 omnino
1728 866 1893 900 hominurn
1918 867 1954 899 li-

1213 923 1280 950 ceat
1307 918 1387 951 hane
1416 918 1562 962 paginam
1590 919 1850 962 approbationis,
1879 930 1952 953 con-

1212 970 1399 1004 firmationis
1413 997 1421 1011 ,
1460 971 1670 1005 innovationis
1685 999 1692 1013 ,
1732 973 1924 1006 extensionis
1945 1001 1952 1015 ,

1212 1021 1439 1065 ampliationis,
1475 1021 1709 1065 impositionis,
1738 1023 1952 1066 voluntatum,

1212 1074 1434 1117 derogationis,
1459 1075 1681 1108 mandatorum
1706 1081 1736 1108 et
1759 1076 1877 1109 decreti
1900 1087 1954 1110 no-

1212 1132 1349 1161 strorum
1375 1128 1559 1171 infringere,
1576 1129 1625 1161 vel
1643 1128 1672 1161 ei
1688 1139 1767 1161 ausu
1782 1118 1953 1163 ffimerario

1212 1181 1378 1214 contraire.
1410 1181 1441 1214 Si
1473 1181 1543 1225 quis
1574 1187 1678 1215 autem
1710 1182 1771 1215 1100
1801 1185 1954 1217 attentare

1211 1235 1469 1278 praesumpserit,
1486 1235 1734 1278 indignationem
1758 1236 1954 1280 omnipoten-

1212 1288 1250 1320 tis
1275 1287 1329 1320 Dei
1358 1297 1393 1320 ac
1417 1287 1582 1321 beatorum
1608 1288 1691 1321 Petri
1715 1293 1745 1321 et
1769 1288 1856 1321 Pauli
1880 1299 1954 1333 apo-

1211 1341 1366 1374 stolorum
1381 1341 1447 1374 eius
1463 1351 1496 1374 se
1512 1341 1635 1374 noverit
1651 1341 1864 1374 incursurum.

1255 1394 1367 1427 Datum
1381 1394 1507 1435 Romae,
1519 1394 1602 1438 apud
1612 1394 1640 1428 S.
1652 1395 1780 1427 Mariam
1793 1396 1953 1438 Maiorem,

1211 1457 1292 1480 anno
1320 1447 1546 1480 Incarnationis
1575 1448 1757 1481 Dominieae
1781 1458 1953 1490 mucxxvn,

1212 1500 1315 1533 idibus
1338 1501 1529 1543 novembris,
1552 1501 1754 1545 pontificatus
1779 1502 1879 1535 nostri
1903 1512 1954 1535 an-

1211 1564 1252 1587 no
1277 1564 1306 1587 v.

2039 878 2152 899 Decretum

1967 906 2065 932 poenale.

1247 1617 1305 1645 Dat.
1322 1617 1365 1645 die
1382 1617 1415 1644 13
1430 1617 1587 1645 novembris
1604 1618 1681 1654 1527,
1699 1619 1795 1654 pontif.
1811 1627 1880 1647 anno
1895 1626 1922 1646 v.

1255 1706 1353 1740 Anno
1378 1717 1398 1739 a
1416 1706 1598 1740 Nativitale
1614 1707 1748 1740 Domini
1760 1709 1864 1741 nostri
1880 1709 1954 1743 Iesu

1214 1760 1338 1794 Christi
1361 1770 1536 1801 nncxxvln,
1552 1761 1731 1794 indictione
1747 1771 1791 1801 xi,
1811 1762 1863 1795 die
1883 1773 1955 1796 vero

1212 1823 1310 1846 xxvm
1326 1814 1445 1846 mensis
1464 1814 1625 1854 ianuarii,
1646 1814 1858 1858 pontificatus
1874 1813 1961 1849 San?

1213 1866 1350 1900 ctissimi
1374 1867 1414 1900 D.
1435 1867 1476 1900 N.
1497 1867 1535 1900 D.
1561 1867 1684 1900 Urbani
1711 1867 1826 1901 divinit
1847 1869 1956 1912 provi-

1213 1919 1324 1952 dentia
1343 1920 1456 1963 Papae
1480 1920 1580 1961 VIII,
1607 1931 1693 1954 anno
1713 1922 1782 1954 eius
1805 1932 1836 1963 v,
1859 1926 1956 1955 retro-

1212 1973 1350 2016 scriptae
1387 1973 1514 2006 litterae
1548 1974 1742 2017 apostolicae
1771 1974 1892 2018 affixae
1927 1979 1957 2009 et

1210 2026 1397 2069 publicatae
1412 2027 1547 2069 fuerunt
1562 2027 1604 2060 acl
1619 2028 1730 2060 valvas
1742 2028 1957 2062 basilicarum

1213 2079 1244 2113 S.
1276 2080 1413 2112 Ioannis
1443 2080 1693 2121 Lateranensis,
1726 2085 1754 2113 et
1785 2081 1956 2125 Principis

1213 2133 1433 2177 apostolorum
1456 2133 1494 2166 cle
1521 2133 1610 2174 Urbe,
1639 2134 1855 2167 cancellariae
1867 2145 1952 2178 ¹apo-

1213 2187 1354 2228 stolicae,
1375 2192 1404 2221 et
1423 2188 1461 2221 in
1477 2188 1545 2221 acie
1561 2188 1676 2232 Campi
1692 2189 1820 2230 Florae,
1841 2188 1956 2222 dimis-

1213 2242 1257 2274 sis
1282 2240 1402 2274 ibidem
1419 2242 1645 2285 praesentibus
1671 2242 1788 2275 litteris
1810 2253 1869 2285 per
1893 2243 1956 2276 ali-

1213 2294 1299 2338 quod
1312 2295 1462 2338 temporis
1471 2295 1615 2338 spatium
1629 2296 1789 2339 appensis,
1802 2300 1831 2328 et
1843 2296 1958 2330 deincle

1214 2349 1342 2389 amotis,
1358 2353 1395 2382 ut
1407 2349 1507 2382 ‘moris
1519 2353 1574 2390 est,
1588 2359 1647 2393 per
1662 2360 1717 2382 vnos
1729 2350 1958 2393 Auqustinum

1214 2401 1251 2435 de
1285 2402 1377 2435 Bolis
1408 2403 1593 2436 Romanum
1624 2407 1653 2435 el
1683 2403 1955 2437 Brandimartem

1214 2455 1374 2489 Latinum
1390 2455 1580 2500 apostolicos
1605 2466 1758 2490 cursores.

1412 2527 1556 2575 ltlAers
1580 2527 1693 2569 SPADA,
1707 2528 1867 2572 magister.
