2269 3235
224 269 273 295 An.
292 269 321 296 C.
340 268 407 296 1⁶25

259 915 340 936 Causae
356 919 410 934 con—

225 942 334 963 cedendae
345 941 409 962 facul·

225 970 282 989 tuus.

452 259 517 292 ‚⁶348

425 317 581 350 tradentes
616 317 770 349 nascentis
808 316 964 349 Ecclesiae
1000 316 1159 350 infantiam

424 370 511 410 lacte,
538 374 718 413 provectam
738 379 811 401 vero
828 369 894 401 eius
911 374 1043 401 aetatem
1061 369 1160 402 solido

423 423 493 456 cibo
507 423 718 465 nutriverunt>
732 422 828 455 verbo
842 426 871 456 et
884 423 1027 466 exemplo
1041 422 1160 464 edocta,

423 476 653 519 neophytorum
679 475 819 508 omnium
845 486 862 508 a
886 478 1032 519 suscepta
1048 475 1160 509 Christi

423 528 482 561 lide
494 528 684 561 deviantium
699 529 791 561 statui
805 532 835 562 et
849 529 1054 563 imbecillitati
1067 529 1163 562 liben-

422 585 469 614 ter
482 581 682 625 compatitur,
694 592 730 614 ao
745 582 815 615 illos
831 587 989 626 tamquam
1003 583 1161 626 parvulos,

422 640 452 667 et
469 640 591 668 teneras
607 635 707 669 dictae
720 636 876 670 Ecclesiae
892 637 1023 680 plantas,
1038 637 1162 680 pietatis

423 692 453 720 et
472 688 673 732 benignitatis
689 700 763 723 suae
783 690 937 723 uberibus
958 691 1162 732 confovendo,

423 742 573 774 nonnulla
585 742 630 775 eis
643 743 737 776 etiam
751 749 822 788 post
834 744 994 787 relapsum
1008 744 1164 777 condonat

425 801 455 828 et
470 796 609 838 remittit,
630 808 710 841 quae
726 798 758 830 in
774 798 1027 842 provectioribus
1051 798 1163 831 merito

424 854 528 882 essent
546 850 689 883 acerbius
708 851 896 893 corrigenda
915 855 945 884 et
968 850 1133 894 punienda.

472 903 486 946 ἓ
514 903 542 935 l.
575 903 651 936 Cum
680 903 804 947 itaque,
834 902 934 936 sicut¹
959 903 1164 936 charissimus

424 957 456 989 in
478 956 600 990 Christo
625 956 708 989 filius
735 962 842 990 noster
866 956 1027 1000 Philippus
1053 957 1163 989 Portu-

424 1009 535 1053 galliae
573 1014 602 1042 et
640 1009 860 1052 Algarbiorum
898 1020 951 1043 rex
992 1010 1164 1043 catholicus

424 1061 513 1095 nobis
549 1071 651 1105 nuper
689 1063 801 1106 exponi
837 1062 929 1103 fecit,
961 1062 1164 1106 quamplures

424 1114 658 1158 provinciarum
683 1120 713 1147 et
737 1115 911 1147 insularum
943 1115 1165 1148 transmarina-

425 1178 494 1200 rum
519 1179 577 1212 pro
602 1174 744 1212 tempore
769 1168 929 1201 existentis
953 1169 1163 1212 Portugalliae

424 1227 453 1254 et
482 1222 702 1265 Algarbiorum
734 1222 818 1265 regis
852 1222 1017 1266 temporali
1051 1222 1163 1256 ditioni

424 1275 637 1309 subiectarum
656 1276 776 1309 incolae
794 1281 824 1309 et
838 1276 1023 1317 habitantes,
1037 1277 1075 1309 de
1093 1287 1165 1319 gen-

425 1329 544 1362 tilitatis
567 1333 597 1363 et
624 1329 816 1363 infidelitatis
849 1340 994 1363 errorum
1027 1330 1164 1364 tenebris

424 1382 462 1415 ad
486 1383 551 1415 veri
576 1383 713 1425 luminis,
738 1383 790 1426 qui
816 1387 862 1417 est
884 1383 1035 1424 Christus,
1061 1383 1165 1426 cogni-

425 1436 539 1469 tionem
565 1437 687 1470 noviter
711 1437 865 1477 conversi,
882 1447 918 1470 ac
943 1437 1023 1470 sacri
1048 1437 1164 1480 baptis-

425 1489 515 1522 matis
531 1490 655 1523 lavacro
672 1490 779 1532 abluti,
798 1501 835 1523 ex
853 1492 963 1523 mutua
980 1490 1060 1524 inter
1080 1500 1112 1523 se
1130 1501 1165 1523 ac

425 1542 518 1576 etiam
536 1542 712 1576 indiscreta
736 1554 846 1576 eorum
863 1554 936 1577 cum
959 1543 1028 1576 aliis
1045 1543 1166 1587 gentili-

424 1596 483 1630 bus
504 1602 534 1630 et
553 1597 731 1630 infidelibus
757 1598 1003 1640 conversatione,
1021 1598 1069 1630 vel
1090 1597 1165 1630 alias

425 1651 555 1684 humani
580 1651 704 1694 generis
729 1651 848 1695 antiqui
872 1651 972 1685 hostis
997 1650 1122 1693 fraude,
1148 1662 1166 1683 a

426 1704 487 1738 fide
512 1705 666 1738 catholica
686 1704 840 1747 deficiant,
861 1710 891 1737 et
914 1705 1101 1749 quandoque
1126 1705 1164 1737 ad

426 1768 495 1790 eam
526 1757 647 1790 reducti
671 1758 702 1790 in
726 1758 876 1801 pristinos
905 1758 1087 1801 gentilitatis
1111 1769 1166 1791 seu

427 1810 618 1843 infidelitatis
642 1821 787 1851 errores,
813 1821 847 1844 ac
872 1812 966 1843 etiam
991 1811 1022 1843 in
1047 1812 1124 1844 alias
1149 1822 1166 1844 a

427 1866 535 1897 sancta
565 1864 704 1897 Ecclesia
735 1864 896 1897 damnatas
921 1870 951 1897 et
983 1865 1166 1908 reprobatas

428 1918 573 1950 haereses
592 1922 684 1961 atque
709 1918 948 1962 superstitiones
972 1918 1165 1959 relabantur,

427 1971 481 2004 sed
505 1971 723 2015 postmodum,
748 1971 881 2015 cognitis
905 1972 969 2005 suis
994 1972 1167 2013 erroribus,

428 2024 564 2057 maxima
592 2024 790 2058 contritionis
817 2025 906 2067 signa
930 2024 982 2059 et'z
1006 2035 1167 2069 nunquam

427 2078 561 2122 amplius
578 2078 616 2111 ab
633 2078 773 2111 eiusdem
790 2078 862 2111 fidei
879 2078 1057 2112 sinceritate
1073 2079 1168 2112 disce·
1183 2096 1185 2102 <

428 2131 521 2164 dendi
545 2133 741 2175 propositum
772 2132 1040 2175 praeseferentes,
1065 2132 1166 2165 eidem

429 2190 553 2218 sanctae
570 2185 662 2219 matri
687 2185 844 2218 Ecclesiae
864 2185 1063 2218 reconciliari
1083 2196 1168 2219 sum-

429 2249 558 2282 mopere
582 2239 770 2279 desiderent,
796 2244 825 2271 et
846 2250 904 2283 pro
922 2240 1049 2272 illorum
1067 2240 1166 2272 salute

429 2292 599 2335 plurimum
621 2292 774 2336 expediat,
792 2297 825 2326 ut
842 2293 885 2325 sic
905 2292 1101 2336 poenitentes
1118 2292 1168 2324 be-

430 2345 523 2388 nigne
540 2345 744 2389 recipiantur,
760 2357 817 2379 nec
831 2347 937 2379 curiae
950 2346 1084 2379 seculari
1098 2356 1168 2390 pro-

431 2404 500 2442 pter
513 2399 639 2432 illorum
658 2400 817 2443 relapsum
835 2401 919 2433 iuxta
937 2400 1014 2433 iuris
1027 2400 1168 2443 rigorem

432 2452 534 2484 debita
547 2453 818 2486 animadversione
832 2454 982 2497 puniendi
994 2453 1169 2497 relinquan-

432 2511 489 2541 ῐιυἸ
505 2505 555 2537 ac²
566 2505 742 2550 desperatio
756 2507 863 2540 veniae
880 2518 933 2540 eos
950 2507 988 2540 ad
1004 2507 1168 2551 pristinam

472 2589 476 2609 l
497 2586 609 2614 Verbum
621 2588 782 2623 accepimus
793 2588 929 2615 intrusum
940 2588 1061 2616 delemus
1071 2588 1109 2623 (n.
1121 2589 1168 2621 T.).

467 2632 482 2658 2
498 2632 640 2659 Coniunct.
658 2636 683 2660 ec
699 2641 746 2660 nos
762 2632 884 2660 addimus
899 2636 936 2668 (n.
949 2635 997 2667 Ti).

468 2676 483 2703 3
500 2676 597 2704 Forsan
616 2686 649 2703 ne
665 2686 712 2712 pro
728 2687 760 2704 ac
777 2677 919 2713 legendum
935 2680 972 2711 (n.
989 2679 1037 2713 T.).

1007 268 1185 293 BULLARIUM
1211 267 1365 292 ROMANUM

1195 317 1403 360 perditionem
1429 315 1519 349 saciat
1549 315 1720 356 recidivos,
1752 316 1873 360 ipsique
1896 326 1932 349 ac

1194 370 1246 402 alii
1271 369 1402 413 gentiles
1427 372 1456 403 et
1480 368 1620 401 infideles
1645 372 1730 402 metu
1760 369 1933 413 corporalis

1195 422 1342 466 supplicii
1368 422 1406 454 ab
1435 432 1546 455 eorum
1571 421 1675 454 sutura
1699 421 1738 454 ad
1761 422 1873 456 Christi
1899 421 1934 454 fi-

1195 475 1266 508 dem
1292 475 1496 509 conversione
1522 475 1741 508 retrahantur:

1241 529 1255 573 §
1279 529 1308 562 2.
1334 529 1406 570 Nos,
1427 529 1523 571 Illius,
1541 528 1595 572 qui
1620 528 1800 562 misericors
1825 534 1856 561 et
1881 528 1935 561 mi-

1197 587 1319 616 serator
1344 583 1480 615 existens
1503 592 1567 615 non
1583 582 1649 615 vult
1669 586 1804 615 mortem
1828 591 1936 626 peeca-

1197 635 1273 669 toris
1297 635 1351 669 sed
1378 635 1478 679 magis
1502 640 1536 668 ut
1559 640 1759 669 convertatur
1784 638 1813 668 et
1833 634 1934 678 vivat,

1197 689 1280 722 vices
1300 694 1444 733 gerentes
1462 689 1493 721 in
1518 689 1620 730 terris,
1637 699 1695 733 pro
1716 689 1752 721 ea
1772 692 1936 732 potestate,

1198 753 1292 786 quam
1316 743 1355 775 ab
1375 753 1412 776 eo
1436 753 1492 786 per
1517 742 1630 776 Filium
1657 753 1749 775 suum
1773 742 1936 783 habemus,

1198 796 1276 829 iuris
1301 796 1441 839 rigorem
1466 796 1703 830 mansuetudine
1720 795 1936 840 temperando,

1198 849 1319 882 noviter
1339 859 1507 883 conversos
1531 849 1719 893 praedictos,
1743 859 1782 882 ne
1807 849 1887 882 iacta
1906 848 1938 881 in

1199 903 1243 935 eis
1267 902 1340 935 fidei
1363 903 1542 946 praedictae
1566 903 1686 936 semina
1709 908 1861 944 arescant,
1885 907 1938 936 aut

1199 955 1314 988 diaboli
1339 955 1459 988 malitia
1484 955 1692 997 eradicentur,
1717 956 1771 989 sed
1795 956 1938 1000 benigni—

1199 1007 1270 1041 'tatis
1295 1008 1395 1043 dictae
1420 1008 1507 1042 Sedis
1532 1010 1654 1042 ratione
1677 1020 1805 1053 aspersa
1829 1010 1934 1043 coale-

1199 1067 1296 1103 scant,
1322 1073 1357 1096 ac
1381 1062 1482 1095 firmis
1507 1062 1665 1096 radicibus
1685 1063 1821 1096 stabilita
1842 1063 1939 1096 incre-

1202 1121 1342 1149 mentum
1361 1116 1541 1160 suscipiant,
1559 1121 1590 1149 et
1606 1127 1706 1160 usque
1723 1116 1761 1149 ad
1777 1115 1940 1160 perfectio-

1199 1181 1270 1203 nem
1296 1170 1489 1215 perdurent,
1524 1171 1630 1211 omni,
1660 1181 1722 1214 qua
1750 1180 1939 1214 possumus,

1199 1226 1367 1258 clementia
1392 1225 1540 1269 prosequi
1558 1228 1587 1258 et
1603 1225 1770 1258 confovere
1790 1224 1938 1266 volentes,

1198 1279 1258 1323 piis
1276 1279 1372 1323 ipsius
1390 1278 1524 1322 Philippi
1542 1278 1626 1321 regis
1640 1278 1671 1310 in
1688 1278 1746 1311 hac
1762 1282 1852 1322 parte
1870 1288 1941 1321 sup-

1198 1331 1419 1376 plicationibus
1451 1331 1605 1373 inclinati,
1636 1330 1824 1364 fraternitati
1849 1336 1940 1371 tuae,

1199 1396 1271 1418 cum
1304 1390 1336 1418 tu
1364 1385 1541 1418 haereticae
1578 1384 1741 1428 pravitatis
1769 1384 1799 1416 in
1834 1383 1941 1427 regnis

1200 1438 1368 1482 praedictis
1393 1438 1547 1481 generalis
1573 1437 1740 1482 inquisitor
1764 1437 1888 1478 existas,
1905 1447 1940 1470 ac

1199 1502 1258 1536 pro
1271 1497 1414 1536 tempore
1425 1491 1569 1525 existenti
1586 1491 1618 1523 in
1635 1490 1741 1534 regnis
1758 1489 1940 1524 huiusmodi

1200 1545 1339 1589 generali
1359 1545 1549 1589 inquisitori,
1567 1549 1601 1577 ut
1618 1544 1751 1577 durante
1770 1543 1941 1588 quinquen-

1200 1600 1252 1633 nio
1276 1610 1294 1632 a
1318 1599 1387 1640 die,
1420 1610 1483 1643 quo
1515 1603 1696 1643 praesentes
1731 1597 1853 1631 litterae
1884 1596 1940 1630 tibi

1200 1653 1316 1686 suerint
1339 1657 1565 1697 praesentatae,
1590 1651 1810 1696 computando,
1827 1662 1885 1696 per
1900 1656 1941 1691 te,

1201 1707 1248 1739 vel
1272 1706 1379 1747 alium,
1404 1717 1458 1739 seu
1479 1706 1556 1739 alios
1581 1705 1757 1739 haereticae
1780 1704 1942 1749 pravitatis

1202 1760 1233 1793 in
1249 1759 1389 1793 eiusdem
1409 1760 1515 1803 regnis
1539 1765 1569 1793 et
1593 1759 1764 1803 provinciis
1784 1763 1815 1792 et
1831 1758 1941 1791 insulis

1200 1824 1259 1857 pro
1284 1818 1429 1858 tempore
1454 1813 1618 1857 deputatos
1643 1812 1856 1856 inquisitores,
1880 1811 1939 1844 ad-

1202 1867 1315 1900 iunctis
1339 1867 1433 1900 etiam
1457 1867 1601 1900 locorum
1627 1865 1812 1906 Ordinariis,
1838 1865 1886 1898 vel
1910 1864 1943 1898 il-

1201 1921 1305 1953 lorum
1330 1919 1517 1954 officialibus
1537 1930 1593 1952 seu
1609 1918 1734 1952 vicariis
1752 1919 1784 1951 in
1801 1918 1943 1962 spiritua-

1202 1973 1283 2006 libus
1308 1973 1525 2017 generalibus,
1549 1978 1618 2014 aut,
1640 1972 1700 2005 illis
1723 1969 1943 2006 recusantibus

1203 2038 1255 2060 seu
1265 2026 1509 2070 negligentibus,
1519 2026 1612 2060 etiam
1623 2026 1742 2070 absque
1752 2025 1823 2067 illis,
1832 2034 1943 2058 omnes

1202 2086 1233 2113 et
1247 2091 1464 2124 quoscumque
1479 2080 1645 2124 utriusque
1658 2090 1748 2113 sexus
1759 2088 1942 2122 regnorum,

1204 2134 1440 2177 provinciarum
1480 2139 1509 2166 et
1549 2133 1723 2166 insularum
1762 2130 1942 2165 huiusmodi

1202 2187 1376 2231 neophytos
1393 2197 1429 2219 ex
1446 2186 1616 2229 gentilibus
1636 2190 1667 2218 et
1687 2184 1865 2218 infidelibus
1882 2184 1942 2218 ori-

1202 2240 1306 2282 ginem
1320 2239 1479 2280 ducentes,
1493 2239 1546 2283 qui
1564 2242 1634 2282 post
1649 2238 1762 2272 Christi
1777 2237 1871 2270 fidem
1886 2247 1942 2281 per

1203 2305 1255 2327 eos
1267 2298 1442 2338 susceptam
1457 2294 1488 2325 in
1503 2293 1622 2326 crimen
1636 2292 1811 2336 apostasiae
1823 2291 1943 2335 abipsa

1203 2348 1273 2388 side,
1299 2348 1346 2380 vel
1370 2347 1402 2379 in
1425 2347 1587 2380 damnatas
1612 2351 1641 2379 et
1665 2345 1848 2389 reprobatas
1873 2344 1943 2377 hae-

1203 2412 1288 2434 reses
1305 2406 1334 2434 et
1350 2411 1475 2434 errores
1499 2401 1595 2434 semel
1609 2405 1638 2434 et
1656 2400 1770 2433 iterum
1789 2399 1836 2432 vel
1850 2399 1943 2432 etiam

1203 2452 1306 2493 tertio,
1323 2462 1385 2485 non
1403 2457 1507 2485 tamen
1524 2451 1666 2492 ulterius,
1684 2450 1799 2494 relapsi
1818 2450 1942 2490 fuerint,

1205 2506 1330 2549 cognita
1350 2506 1381 2538 in
1399 2506 1443 2539 eis
1468 2506 1540 2539 vera
1557 2510 1587 2538 et
1602 2515 1666 2538 non
1690 2504 1763 2538 ficta
1788 2514 1823 2537 ac
1844 2503 1941 2537 simu-

1204 2561 1264 2593 lata
1289 2559 1492 2603 poenitentia,
1516 2569 1638 2592 necnon
1661 2558 1817 2602 apostasia
1842 2568 1859 2590 a
1883 2557 1943 2590 fide

1205 2619 1234 2646 et
1248 2613 1430 2647 haeresibus
1441 2624 1476 2646 ac
1489 2613 1652 2646 erroribus
1664 2611 1846 2645 huiusmodi
1856 2610 1944 2655 prius

1208 2679 1264 2712 per
1289 2678 1352 2704 eos,
1379 2667 1503 2711 publice
1529 2667 1574 2699 vel
1600 2666 1745 2710 privatim
1769 2669 1861 2709 prout
1888 2664 1943 2696 tibi

1949 268 1996 295 Αη.
2014 267 2044 295 C.
2064 267 2130 295 ¹625

1976 539 2090 561 Concessio
2105 540 2134 560 sa-

1949 566 2076 590 cultatis.de
2091 571 2133 593 qua

1950 593 1971 614 in
1988 593 2079 617 πιὼνίοι.
