2269 3235
229 220 278 246 Au.
296 220 324 246 C.
349 220 414 245 loss
460 209 524 240 05³»st

242 2383 246 2387 ⁸
267 2357 366 2378 Decimi.
380 2355 424 2385 eius

241 2386 377 2404 intentionem
389 2388 427 2402 Cir·

242 2416 267 2431 ca
282 2410 398 2436 praedicta.

430 269 467 300 lia
484 273 509 298 et
528 267 687 310 poli-statis
699 265 889 309 plenitudine
904 264 1033 307 paribus
1052 264 1166 306 specia-

430 321 499 352 liter
521 325 546 352 et
570 331 714 362 expresse
733 319 932 358 ‹leronamus⁷
951 322 980 349 et
1000 316 1166 349 contrariis

429 374 690 417 quilmseumque.
713 372 792 403 Nulli
819 382 895 413 ergo
916 371 1044 403 omnino
1069 370 1166 403 homi-

428 438 502 458 num
528 427 614 458 liveat
641 426 719 457 hauc
744 424 887 467 paginam
913 429 1051 455 nostram
1076 423 1163 455 abso-

430 479 577 518 lutionis·7
612 477 879 518 ‹·milii·niationis,
910 476 1165 520 approbationis,

429 532 621 570 adiectionis,
646 531 863 574 suppletionis,
889 531 1089 570 avocatiouis,
1115 541 1167 563 ex-

431 586 596 626 iim-tionis,
623 584 817 624 donatismi&
843 583 1066 624 concessionis,
1091 584 1168 616 elar-

429 639 566 681 gitionis,
590 637 810 678 translationis,
836 637 1074 676 substitutionis⁷
1099 637 1168 669 sub-

430 691 601 733 rogationis
617 719 623 731 ‚
638 721 642 725 ,
657 691 877 723 declarationis
898 719 904 732 ,
938 690 1165 734 exemptionis,

430 745 634 785 lilwrationis,
660 746 774 783 statuti,
800 745 994 777 inhibitionis
1019 745 1168 788 posterio-

430 810 499 830 rum
519 798 729 835 det-retortuu,
748 798 884 831 mandati
903 803 932 830 et
956 797 1168 839 derogationis

429 851 609 893 infringere,
624 852 669 883 rel
685 852 712 883 ei
726 863 802 883 ausu
817 851 984 883 temerario
1002 850 1167 883 contraire.

429 905 459 937 Si
477 905 545 947 quis
563 910 666 936 autem
693 905 751 936 hoc
776 909 928 936 attentare
953 913 1170 946 praesumpse-

429 958 489 995 rit,
515 958 762 999 indignationem
794 956 1017 1000 omnipotentis
1048 956 1101 989 Dei
1134 967 1169 989 ac

429 1011 592 1043 beatorum
621 1010 700 1042 l'etri
723 1015 752 1042 et
770 1010 854 1043 l'auli
872 1010 1086 1053 apostolorum
1104 1010 1170 1042 eius

430 1076 461 1097 se
486 1065 608 1097 noverit
633 1064 843 1096 incursurum.

474 1119 585 1150 Datum
614 1119 741 1157 Itomae,
767 1117 849 1161 apud
873 1118 901 1149 S.
921 1117 1060 1158 Petrum,
1088 1120 1180 1150 anno

430 1172 654 1203 Inearuatiouis
680 1171 860 1203 Dominieac
878 1181 1050 1211 MDLXXXVI,
1066 1171 1170 1203 idibus

432 1226 622 1267 novembris,
641 1226 840 1268 pontificatus
857 1226 956 1258 nostri
977 1236 1058 1258 anno
1075 1235 1107 1258 11.

476 1280 490 1321 ξ
508 1278 535 1311 8.
555 1279 631 1317 Quia
647 1279 733 1311 rero¹
747 1279 776 1311 in
795 1279 998 1322 praeinsertis
1015 1278 1138 1320 litteris,
1154 1288 1171 1310 a

431 1333 520 1365 nobis
541 1333 710 1373 (affluatis,
732 1333 844 1366 mentis
865 1338 894 1365 et
916 1332 1098 1365 intentionis
1118 1343 1171 1365 no-

432 1392 513 1419 strae
534 1397 596 1419 nou
616 1387 681 1425 l'uit,
698 1398 799 1429 neque
817 1391 872 1427 est,
891 1386 1050 1426 ecclesiae,
1069 1386 1171 1419 archi-

434 1440 629 1483 presbytero,
648 1440 805 1472 canonicis
823 1445 853 1472 et
870 1440 1004 1483 capitulo
1023 1440 1171 1472 ecclesiae

432 1493 463 1525 B.
475 1494 587 1526 Mariae
600 1493 762 1526 Rotundae
776 1504 879 1526 nuncu
886 1499 972 1537 patae
983 1493 1020 1525 de
1031 1493 1124 1533 Urbe,
1135 1493 1171 1525 ad

434 1558 568 1590 (pioriun
585 1548 721 1579 satorem
742 1548 861 1579 litterae
877 1547 959 1590 ipsae
977 1550 1172 1587 emanarunt,

433 1600 602 1643 quidquam
615 1600 652 1632 de
664 1611 755 1639 novo,
766 1605 793 1631 et
809 1599 994 1642 praesertim
1009 1599 1040 1631 in
1053 1599 1174 1643 praeiu-

435 1654 550 1686 dicium
565 1654 702 1686 euiusvis
714 1653 795 1686 tertii
810 1653 994 1694 concedere,
1004 1653 1057 1685 sed
1071 1653 1172 1686 solum

434 1708 622 1740 contii-mare
649 1712 753 1739 vetera
778 1717 888 1739 eorum
914 1706 939 1738 si
960 1717 1021 1750 qua
1039 1712 1068 1739 et
1084 1717 1175 1750 quae-

434 1772 569 1804 cumque
587 1761 714 1801 easdem,
733 1761 817 1793 iuxta
839 1771 1001 1793 sacrorum
1020 1771 1174 1793 canonum

434 1820 547 1848 statuta
572 1820 598 1847 et
625 1816 839 1847 Romanorum
871 1814 1057 1847 Pontificum
1083 1824 1174 1857 prae-

435 1870 636 1901 decessorum
655 1874 835 1901 nostrorum
853 1873 905 1901 aut
921 1868 1052 1900 aliarum
1070 1878 1177 1911 perso-

434 1933 544 1955 narum
564 1931 836 1965 qualiumcumque
853 1921 889 1953 ad
908 1921 937 1952 id
959 1921 1175 1954 auctoritatem

434 1977 616 2009 habentium
642 1977 859 2009 concessiones
874 1980 904 2008 et
924 1975 1051 2015 indulta,
1069 1980 1121 2008 aut
1140 1986 1176 2008 ex

436 2030 512 2063 iuris
531 2029 706 2062 communis
720 2029 936 2072 dispositione,
958 2039 1012 2061 seu
1026 2040 1177 2072 quocum-

436 2095 496 2127 que
521 2084 581 2117 alio
606 2083 747 2125 legitimo
773 2083 873 2122 titulo,
895 2083 964 2114 iura
988 2087 1177 2126 con‘ipetant,

437 2143 466 2169 et
482 2148 543 2169 non
561 2138 660 2177 aliter,
674 2147 775 2179 neque
791 2137 851 2169 alio
869 2136 973 2176 modo,
988 2141 1027 2176 et,
1041 2135 1084 2168 si*Z
1099 2136 1178 2169 sorte

437 2191 558 2223 litterae
572 2191 767 2234 sthradit-tae
781 2190 870 2222 aliter
885 2190 1045 2223 continere
1058 2190 1180 2223 ridean-

438 2250 499 2285 tur,
518 2245 548 2277 id
574 2255 590 2276 a
615 2244 705 2277 nobis
725 2249 850 2287 praeter
867 2250 894 2276 et
914 2249 1023 2277 eontra
1042 2247 1178 2278 mentem

439 2303 467 2330 et
486 2298 691 2331 intentionem
708 2304 849 2331 nostram
868 2297 994 2330 accidit:

484 2352 498 2395 g
514 2353 542 2384 a.
562 2352 691 2393 Idcirco,
710 2362 749 2384 ne
766 2352 815 2383 eui
834 2362 868 2384 ex
887 2351 977 2383 dictis
998 2351 1113 2384 nostris
1130 2350 1179 2382 lit-

440 2405 515 2436 teris
533 2410 562 2437 et
579 2405 733 2438 contentis
754 2404 785 2436 in
806 2404 850 2437 eis
875 2404 1007 2447 quodvis
1031 2403 1180 2436 damnum

442 2464 471 2489 et
489 2458 717 2501 prm-iiulicium
736 2458 854 2489 illatum
870 2457 1001 2497 censeri,
1018 2467 1096 2489 neve
1112 2456 1182 2500 quis

442 2512 531 2543 aliter
556 2517 680 2544 nostrae
702 2511 815 2543 inentis
836 2516 865 2543 et
891 2510 1071 2544 intentionis
1087 2510 1182 2543 fuisse

480 2584 488 2607 1
506 2581 665 2608 i'ai-tieulam
677 2590 741 2609 cero
753 2570 909 2609 addendum
920 2581 1073 2610 censuimus
1085 2580 1121 2618 (n.
1132 2581 1181 2618 tn).

479 2628 494 2654 2
508 2627 579 2655 Edit.
594 2627 672 2655 Muin.
689 2628 753 2664 legit
768 2629 821 2657 etsi
837 2629 873 2664 (R.
885 2628 933 2664 Τ.).

1017 216 1195 240 nnnLAnnJM
1219 214 1374 239 ROMANUM

1200 268 1229 295 et
1253 273 1320 295 esse
1345 261 1524 294 existimare
1540 264 1571 293 et
1596 260 1744 302 iudicare,
1763 260 1827 294 sive
1844 260 1937 294 inter-

1200 315 1316 360 pretari
1343 315 1457 358 possit,
1476 318 1561 348 motu
1586 314 1717 358 proprio
1742 318 1772 346 et
1791 324 1826 347 ex
1852 315 1937 347 certa

1200 371 1306 402 nosti-:⁴1
1327 369 1467 409 seientia,
1485 379 1520 401 ac
1536 369 1574 401 de
1598 367 1787 412 apostolicae
1807 372 1939 411 potesta-

1201 423 1238 455 tis
1252 422 1454 466 plenitudine,
1470 427 1577 454 tenore
1591 420 1814 465 praesentium,
1828 420 1859 453 in
1872 430 1939 464 per-

1202 481 1329 519 petuum
1355 475 1551 508 declaramus
1583 478 1613 506 et
1640 477 1833 514 attestamur,
1850 473 1937 506 volu—

1202 540 1270 562 mus
1289 534 1319 562 et
1337 528 1547 568 decernimus,
1565 527 1663 560 dictas
1683 527 1802 559 litteras
1819 531 1850 559 et
1870 536 1940 559 con-

1201 587 1284 615 tenta
1309 582 1338 614 in
1365 582 1445 624 illis,
1471 582 1503 614 in
1532 585 1683 624 quantum
1713 580 1795 612 ultra
1820 584 1940 612 veteres
1984 613 1988 617 ,

1201 636 1419 669 concessiones
1443 641 1473 669 et
1497 635 1634 677 indulta,
1659 638 1712 667 aut
1738 633 1861 674 titulos,
1886 643 1941 665 seu

1201 690 1260 722 alia
1292 690 1360 722 iura
1392 689 1571 722 huiusmodi
1602 687 1772 732 quidquam
1797 686 1836 719 de
1859 697 1941 719 novo

1202 743 1394 776 concessisse
1413 742 1585 783 videamur,
1603 752 1660 785 pro
1685 751 1747 774 non
1772 740 1862 773 editis
1886 739 1941 772 ha-

1203 797 1292 838 beri,
1317 797 1596 840 concessionesque
1629 801 1659 829 et
1690 795 1809 829 indulta
1832 794 1942 849 huius-

1203 849 1287 882 modi
1298 855 1328 882 et
1345 850 1449 883 omnia
1466 849 1498 882 in
1515 849 1576 882 illis
1590 853 1734 882 contenta
1746 858 1941 888 revocamus,

1203 903 1401 935 annullamus
1420 906 1449 936 et
1468 913 1527 946 pro
1545 912 1607 935 non
1623 901 1711 935 sactis
1732 901 1842 934 haberi
1859 911 1943 934 man-

1204 956 1314 989 damus
1339 956 1471 999 (eisdem
1496 956 1618 996 litteris,
1645 966 1716 988 cum
1746 955 1892 988 omnibus
1913 955 1943 987 in

1205 1009 1264 1041 illis
1290 1009 1453 1051 contentis,
1479 1009 1581 1041 solum
1605 1011 1636 1042 et
1658 1008 1818 1041 dumtaxat
1841 1007 1944 1051 quoad

1204 1062 1476 1095 confirmationem
1493 1066 1634 1094 veterum
1660 1060 1899 1094 concessionum
1916 1066 1945 1094 et

1205 1115 1400 1148 ixulultorum
1417 1126 1452 1148 ae
1469 1115 1595 1154 iurium,
1621 1112 1758 1147 eisdem¹
1784 1113 1943 1156 ecelesiae,

1205 1168 1500 1213 archipresbytero,
1533 1167 1692 1201 canonicis
1723 1172 1753 1200 et
1787 1167 1945 1211 capitulo,

1206 1222 1290 1256 iuxta
1308 1232 1472 1255 sacrorum
1490 1231 1645 1254 canonum
1666 1225 1778 1255 statuta
1795 1225 1824 1253 et
1840 1230 1947 1264 supra-

1205 1275 1362 1308 dictorum
1387 1275 1665 1319 praedecessorum
1690 1279 1889 1314 nostrorum,
1913 1276 1947 1307 ut

1207 1340 1322 1373 supra,
1347 1334 1399 1362 ant
1423 1328 1499 1362 alias
1524 1328 1742 1361 concessiones
1767 1333 1796 1361 et
1816 1327 1946 1368 litteras,

1206 1383 1464 1427 competentium,
1482 1382 1513 1414 in
1535 1392 1591 1415 suo
1615 1381 1730 1415 robore
1751 1386 1781 1414 et
1799 1381 1947 1415 firmitate

1207 1437 1431 1480 numentum),
1447 1441 1477 1469 et
1497 1435 1541 1468 sic
1560 1446 1616 1479 per
1634 1445 1849 1479 quoscumque
1867 1434 1948 1467 iudi·
1994 1437 1997 1438 ’

1207 1502 1258 1524 ces
1274 1490 1451 1523 ordinarios
1469 1494 1499 1522 et
1518 1489 1687 1532 delegatos,
1704 1494 1796 1532 atque
1812 1488 1949 1521 iustitiae

1208 1545 1376 1586 ministros,
1402 1554 1601 1588 quacumque
1625 1543 1786 1585 dignitate,
1804 1542 1945 1575 auctori—

1209 1603 1269 1631 tate
1294 1603 1323 1631 et
1347 1602 1499 1641 potestate
1524 1597 1688 1640 pollenteS,
1706 1596 1799 1628 etiam
1825 1600 1949 1629 sanctae

1208 1653 1366 1685 Romanae
1390 1650 1549 1684 Ecclesiae
1573 1650 1766 1692 cardinales,
1792 1649 1885 1682 etiam
1911 1649 1949 1682 de

1209 1707 1305 1739 latere
1330 1706 1468 1747 legatos,
1489 1709 1669 1748 praesentes
1693 1708 1724 1736 et
1748 1704 1888 1744 futuros,
1914 1713 1950 1737 ac

1208 1760 1314 1804 palatii
1338 1759 1438 1792 nostri
1463 1758 1628 1802 apostolici
1661 1768 1825 1791 causarum
1862 1757 1950 1790 audi-

1210 1819 1304 1854 tores,
1325 1811 1537 1856 interpretari,
1562 1808 1694 1844 iudicari
1720 1816 1749 1844 et
1773 1810 1897 1843 definiri
1921 1815 1952 1843 et

1210 1867 1323 1910 exequi
1349 1866 1514 1907 volumus,
1540 1865 1721 1908 pariterque
1752 1863 1952 1897 decernimus

1211 1925 1240 1953 et
1264 1920 1459 1961 mandamus,
1481 1919 1602 1951 sublata
1626 1918 1743 1951 eisdem
1761 1921 1791 1951 et
1807 1917 1952 1950 omnibus

1211 1974 1288 2016 aliis,
1314 1974 1430 2017 quibus
1455 1983 1535 2016 opus
1559 1971 1662 2012 suerit,
1687 1971 1777 2004 aliter
1801 1971 1954 2015 interpre-

1214 2027 1306 2067 tandi,
1335 2026 1502 2067 iudicandi,
1527 2024 1695 2058 definiendi
1723 2029 1753 2058 et
1780 2024 1954 2068 exequendi

1212 2085 1364 2124 potestate
1389 2085 1419 2113 et
1443 2079 1647 2121 auctoritate,
1674 2078 1799 2111 irritum
1828 2088 1954 2121 quoque

1213 2140 1243 2167 et
1267 2134 1358 2166 inane
1383 2133 1536 2176 quidquid
1560 2132 1591 2164 in
1617 2131 1811 2165 contrarium
1831 2130 1900 2163 ficri
1924 2134 1954 2165 et

1213 2187 1357 2221 attentari
1382 2186 1558 2229 contigerit.
1585 2187 1654 2219 Non
1673 2185 1869 2218 obstantibus
1894 2184 1954 2217 eis-

1213 2242 1284 2274 dem
1309 2240 1511 2284 praeinsertis
1542 2239 1658 2272 nostris
1681 2239 1803 2279 litteris,
1829 2243 1859 2271 et
1882 2237 1955 2270 inde

1215 2295 1364 2338 sequutis,
1382 2305 1462 2338 quae
1480 2294 1629 2326 adversus
1648 2293 1729 2326 hanc
1748 2297 1888 2325 nostram
1906 2291 1973 2324 de-‘

1215 2349 1427 2389 clarationem,
1448 2347 1688 2387 attestationem,
1713 2347 1905 2379 voluntatem
1926 2350 1956 2378 et

1215 2403 1376 2436 decretum
1402 2401 1561 2444 ecelesiae,
1587 2400 1879 2444 archipresbytero,
1905 2408 1956 2432 ca-

1215 2456 1338 2490 nonicis
1362 2460 1393 2488 et
1416 2455 1552 2498 capitulo
1577 2453 1764 2498 supradictis
1788 2452 1956 2495 suffragari

1216 2509 1453 2554 quomodolibet
1476 2509 1556 2542 sorte
1579 2511 1715 2552 possent,
1736 2518 1771 2541 ac
1796 2507 1864 2540 aliis
1881 2516 1956 2540 con-

1251 2582 1264 2608 ’1
1284 2581 1353 2610 Edit.
1369 2580 1446 2610 lllain.
1464 2580 1530 2617 legit
1548 2580 1661 2610 iuriam
1679 2579 1807 2608 eiusdem
1826 2578 1956 2608 ecclesiae

1217 2628 1256 2663 (n.
1268 2627 1318 2663 T.).

1953 212 2002 239 An.
2017 211 2047 239 C.
2069 210 2138 240 1628
