2269 3235
106 235 157 262 An.
175 233 205 261 C.
223 232 290 261 1627

915 228 1058 252 URBANUS

304 277 377 313 Quid
397 279 574 305 servandum
596 278 690 312 quoad
710 277 913 312 probationem
934 277 1041 304 doctri-

339 330 397 350 nae
419 323 536 356 quando
556 323 746 357 promovendi
763 322 821 350 orti
837 325 908 349 sunt
928 323 959 348 in
975 330 1041 355 pro—

339 367 447 394 vinciis
469 368 500 394 in
521 368 628 401 quibus
654 374 712 393 non
734 369 805 394 sunt
825 366 1042 393 universitates

340 412 509 439 studiorum
522 433 528 443 ,
549 418 646 445 neque
667 414 843 438 consuetum
863 413 910 438 est.
930 410 1043 443 suscipi

340 458 464 491 gradum
484 455 624 489 aliquem.

350 518 383 550 In
403 517 585 551 huiusmodi
602 517 678 550 locis
695 522 724 549 et
741 516 884 560 personis
901 516 1043 555 sufficiet,

306 571 330 603 si
350 571 530 604 testimonio
550 571 691 603 virorum
716 570 870 613 gravium,
889 574 918 601 et
938 579 1063 620 sacrae¹

307 625 483 667 theologiae
508 624 555 656 vel
580 624 657 656 iuris
681 622 821 656 canonici
847 623 1044 666 peritorum,

306 682 434 720 constet,
460 676 690 721 promovendos
715 678 750 709 ea
775 676 904 709 scientia
929 676 1046 708 theolo-

306 731 375 774 giae
393 731 441 763 vel
467 739 623 762 canonum
645 739 717 761 vere
734 729 864 772 pollere,
883 733 916 760 ut
943 728 1045 761 idonci

307 784 368 816 sint
392 783 431 816 ad
456 793 492 816 ea
515 782 665 822 docenda,
687 792 766 825 quae
790 782 943 825 populum
967 782 1048 814 chri-

307 837 440 870 stianum
466 836 547 869 scire
581 840 726 879 oportet,
751 846 786 868 ac
815 835 955 868 muneris
988 835 1046 867 sibi

307 891 491 934 iniungendi
508 890 687 923 necessitati
711 889 833 922 valeant
852 889 1046 922 satisfacere:

307 944 378 977 ideo
402 944 603 978 formandum
628 944 688 976 erit
712 944 992 986 interrogatorium
1010 938 1057 975 ad'

308 998 393 1031 hunc
413 1008 550 1039 sensum,
568 998 653 1030 iuxta
678 997 773 1041 quod,
799 998 823 1029 si
848 1002 941 1029 testes
958 997 1050 1040 depo-

309 1051 430 1084 suerint
461 1062 493 1083 se
525 1051 563 1084 de
594 1051 725 1084 scientia
760 1050 1067 1095 promovendorum¹

310 1110 413 1137 certos
437 1104 576 1137 redditos
601 1115 668 1137 esse
699 1115 736 1137 ex
761 1115 797 1137 eo
822 1104 906 1147 quod
930 1104 1051 1147 praedi-

311 1163 377 1191 ctos
402 1158 635 1202 promovendos
660 1159 817 1202 specimen
843 1168 916 1190 suae
934 1158 1069 1198 doctri-5

310 1222 369 1244 nae
393 1212 517 1255 publice
546 1213 593 1244 vel
618 1212 763 1256 privatim
788 1212 909 1245 dedisse
933 1223 1051 1255 cogno—

311 1266 421 1307 verint,
440 1266 500 1298 hoc
515 1265 608 1298 modo
623 1266 780 1298 sufficiens
794 1277 887 1298 causa
905 1266 1051 1299 scientiae
1069 1288 1070 1299 l

311 1318 371 1351 dici
394 1319 527 1362 poterit:
553 1319 628 1351 alias
659 1329 722 1352 non
752 1319 845 1362 plene
874 1319 1053 1363 probabunt

311 1372 485 1404 doctrinam
504 1372 542 1404 ad
562 1377 698 1405 mentem
723 1372 921 1416 supradictae
938 1373 1052 1407 consti-

311 1426 440 1458 tutionis
465 1426 609 1469 Gregorii
634 1426 864 1471 decimiquarti.

365 1506 438 1540 Quid
459 1507 654 1541 servandum,
676 1507 701 1534 si
721 1508 937 1541 promovendus
959 1508 1000 1535 sit

597 1553 766 1586 Regularis.

357 1613 477 1655 Omnia,
498 1624 577 1657 quae
602 1614 721 1646 servari
745 1614 859 1647 debent
880 1615 910 1647 in
928 1625 1054 1658 promo-

313 1667 413 1700 vendo
438 1667 476 1699 ad
501 1666 665 1700 ecclesiam
690 1667 935 1709 chathedralem,
962 1669 986 1701 si
1015 1664 1072 1701 sit'*

313 1721 473 1764 secularis,
495 1721 647 1754 servanda
671 1722 764 1754 etiam
789 1726 869 1765 sunt,
892 1722 917 1755 si
942 1722 980 1755 sit
1004 1733 1053 1755 rc-

314 1776 442 1818 gularis.

359 1828 419 1862 Sed
437 1829 510 1873 quia
525 1830 688 1872 regulares
702 1840 765 1863 non
783 1830 883 1864 solent
906 1835 941 1863 ut
959 1830 1055 1874 pluri—

315 1894 402 1916 mum
417 1882 578 1927 suscipere
596 1883 730 1926 insignia
746 1883 928 1917 doctoratus
942 1884 973 1916 in
990 1884 1055 1916 uni-

315 1936 514 1970 versitatibus
539 1937 724 1979 studiorum,
745 1948 873 1970 necesse
898 1943 954 1979 est,
971 1933 1074 1972 iuxta*

316 1991 476 2024 decretum
499 1991 627 2024 Concilii
652 1991 840 2034 Tridentini,
863 1998 897 2025 ut
921 2003 1053 2036 promo-

316 2044 434 2077 vendus
459 2045 613 2088 regularis
638 2056 655 2078 a
680 2045 743 2078 suis
769 2046 987 2090 superioribus
1012 2057 1058 2079 re-

316 2098 479 2141 gularibus
504 2098 716 2132 testimonium
742 2100 855 2132 habeat
875 2100 1056 2133 sufficientis

316 2151 488 2193 doctrinae,
507 2158 536 2185 et
561 2153 646 2196 quod
667 2153 706 2185 sit
731 2158 823 2197 aptus
848 2153 887 2186 ad
911 2154 988 2186 alios
1006 2154 1075 2193 do-¹

316 2206 447 2246 cendos,
464 2206 592 2239 nomine
616 2212 720 2240 autem
747 2207 947 2251 superiorum
973 2208 1058 2241 intel-

317 2259 434 2303 ligendi
452 2265 523 2293 sunt
543 2260 713 2301 dumtaxat,
728 2261 780 2305 qui
798 2262 919 2294 nullum
939 2261 986 2294 sui
1004 2262 1059 2295 Or-

318 2312 398 2346 dinis
418 2314 615 2358 superiorem
632 2320 816 2358 agnoscunt,
834 2314 897 2348 sive
918 2315 938 2347 ii
959 2315 1059 2348 cuius-

318 2366 364 2400 vis
378 2366 502 2401 Ordinis
516 2368 653 2409 abbates,
671 2369 824 2412 magistri,
843 2369 988 2410 ministri,
1006 2375 1059 2402 aut

317 2421 488 2465 praepositi
503 2423 675 2465 generales,
696 2423 743 2456 rel
760 2424 972 2467 quarun‘ilibet
989 2435 1060 2457 con-

318 2475 537 2519 gregationum
551 2477 776 2521 praesidentes,
788 2477 851 2510 sive
866 2477 1058 2519 definitores,

318 2534 370 2561 aut
385 2529 570 2570 visitatores,
588 2530 756 2574 capitulum
772 2531 918 2573 generale
936 2542 1060 2575 reprac-

318 2587 484 2626 sentantes,
506 2583 572 2617 sive
596 2583 656 2616 alio
680 2595 880 2628 quecumque
905 2585 1058 2618 vocabulo

316 2642 553 2681 nuncupentur;
572 2642 610 2679 et,
624 2637 656 2670 in
673 2648 783 2671 eorum
804 2639 957 2680 absentia,
976 2639 1058 2682 ipso-

434 2702 512 2731 Bult.
528 2702 609 2732 Rom.
625 2717 661 2723 —
679 2702 737 2731 Vol.
753 2702 834 2731 XIII.
983 2703 1017 2731 74

1081 227 1139 251 VIII
1162 227 1210 250 ΙΨ.

1078 286 1146 308 rurn
1162 273 1280 314 vicarii,
1293 283 1346 306 scu
1362 271 1570 305 commissarii
1586 272 1759 313 generales,
1772 272 1817 304 vel

1078 329 1106 360 in
1134 329 1272 360 Romana
1298 327 1384 359 curia
1410 331 1631 369 procuratores
1656 325 1817 368 generales

1077 382 1228 415 Ordinum
1255 386 1308 413 aut
1336 380 1614 423 ceiigregationum
1637 379 1816 411 succedunt.

1122 434 1440 467 Auimadvertendum
1460 438 1573 472 tamt-n,
1591 433 1674 476 quod
1695 438 1819 475 praeter

1078 487 1326 530 suprascriptum
1353 486 1553 529 superiorum
1589 485 1818 526 tirestimonium,

1079 545 1125 572 est
1149 539 1241 571 ctiam
1267 539 1391 571 aliunde
1409 539 1631 581 itisptii‘s,¹1i‹liiiii
1659 538 1688 570 in
1714 538 1821 571 liuius-

1080 593 1164 626 modi
1190 592 1383 635 regularium
1405 592 1597 633 doctrinam,
1621 593 1822 635 quemadmo-

1080 647 1153 679 dum
1179 646 1296 678 dictum
1322 650 1367 677 est
1398 645 1435 677 ‹lc
1466 645 1620 685 seculari,
1649 646 1702 688 qui
1728 647 1822 679 babet.

1081 710 1154 732 suae
1179 698 1341 731 doctrinae
1367 697 1580 729 testimonium
1595 708 1612 729 a
1628 698 1754 741 publica
1772 699 1823 731 ali-

1081 754 1143 797 qua
1169 751 1338 784 academia.

1118 816 1190 850 Quid
1201 814 1383 842 servandum
1398 813 1429 840 in
1440 812 1642 840 translatione
1658 813 1787 840 alicuius

1193 860 1325 894 episcopi
1346 859 1381 886 ad
1402 859 1528 886 alteram
1548 857 1716 885 eeclesiam.

1128 913 1286 948 Servanda
1310 917 1356 945 est
1380 912 1488 945 eadem
1521 912 1623 946 forma
1647 911 1824 955 inquirendi

1065 979 1121 1002 rex
1141 967 1254 1009 officio,
1277 977 1356 1011 quae
1382 965 1528 1010 superius
1552 965 1634 997 dicta
1659 970 1713 997 est.

1129 1022 1159 1054 Si
1192 1021 1359 1065 episcopus
1391 1019 1625 1052 transferendus
1660 1023 1825 1062 promotus

1067 1104 1068 1110 ,
1084 1072 1143 1109 suit.
1157 1080 1229 1119 post
1241 1073 1487 1119 publicationem
1503 1073 1631 1106 Concilii
1643 1073 1825 1113 Tridentini,

1085 1133 1114 1163 et
1131 1132 1252 1161 constat
1269 1128 1300 1159 in
1321 1138 1479 1171 processu,
1499 1132 1571 1159 tunc
1588 1127 1739 1170 temporis
1757 1137 1827 1160 con-

1085 1184 1175 1223 secto,
1193 1183 1284 1226 plene
1302 1182 1435 1225 probata
1459 1191 1525 1213 esse
1546 1181 1652 1213 omnia
1668 1181 1826 1224 requisita,

1087 1236 1218 1269 sufficiet
1235 1235 1405 1279 inquirere,
1424 1238 1453 1268 et
1472 1240 1566 1267 testes
1583 1235 1761 1267 examinare
1780 1245 1829 1267 su-

1069 1302 1145 1334 per
1177 1290 1386 1333 infrascriptis
1411 1289 1574 1322 articulis:
1600 1289 1625 1321 si
1659 1299 1733 1321 vero
1765 1299 1829 1321 non

1087 1348 1207 1378 constet
1221 1344 1257 1376 de
1274 1343 1453 1376 huiusmodi
1476 1343 1661 1386 probatione
1680 1343 1709 1375 in
1727 1347 1827 1376 totum

1087 1399 1134 1431 vel
1160 1398 1191 1430 in
1215 1403 1348 1442 partem,
1369 1397 1537 1441 expediens
1562 1397 1621 1431 erit
1645 1402 1738 1430 testes
1762 1408 1829 1430 exa-

1088 1452 1209 1484 minare
1234 1462 1329 1495 super
1354 1451 1500 1484 omnibus
1524 1451 1664 1483 articulis
1685 1451 1829 1494 superius

1088 1505 1264 1548 descriptis,
1282 1505 1328 1537 vel
1353 1505 1463 1537 saltem
1489 1515 1584 1547 super
1608 1504 1678 1545 illis,
1696 1504 1734 1536 de
1751 1515 1830 1547 quo-

1088 1569 1158 1590 rum
1183 1557 1370 1602 probatione
1390 1568 1452 1590 non
1474 1557 1665 1597 constiterit,
1691 1561 1721 1591 et
1744 1568 1830 1601 prae-

1070 1617 1174 1662 bterea
1206 1623 1300 1655 super
1333 1611 1472 1644 articulis
1506 1612 1708 1655 sequentibus
1739 1617 1831 1644 erunt

1089 1671 1222 1709 utroque
1248 1676 1322 1698 casu
1347 1665 1477 1698 omnino
1502 1665 1699 1697 examinandi
1724 1670 1830 1707 testes,

1089 1725 1119 1752 ct
1143 1720 1180 1752 de
1206 1719 1358 1753 contentis
1377 1719 1407 1750 in
1433 1718 1477 1751 cis
1503 1718 1643 1752 facienda
1669 1718 1830 1762 inquisitio

1090 1785 1126 1807 ex
1151 1774 1264 1817 officio,
1292 1773 1452 1806 videlicet:

1134 1828 1163 1860 ’1.
1181 1828 1228 1861 An
1245 1827 1331 1861 testis
1349 1830 1517 1870 cognoscat
1535 1826 1717 1870 episcopum
1736 1830 1833 1859 trans-

1090 1882 1264 1922 ferendum,
1278 1881 1448 1925 quomodo,
1462 1892 1479 1913 a
1493 1892 1555 1925 quo
1577 1885 1719 1924 tempore
1743 1881 1830 1923 citra,

1090 1946 1128 1968 an
1154 1936 1192 1968 sit
1211 1936 1309 1979 ipsius
1326 1935 1589 1977 consanguineus,
1611 1940 1773 1977 cognatus,
1794 1935 1833 1967 as-

1091 1990 1170 2032 finis,
1196 1989 1330 2022 nimium
1355 1989 1528 2032 familiaris,
1548 1989 1704 2030 inimicus,
1729 2000 1834 2022 aernu-

1091 2045 1149 2084 lus,
1167 2044 1215 2075 rel
1240 2043 1396 2076 odiosus‘?

1135 2098 1164 2130 ⁰2.
1190 2098 1235 2130 An
1261 2097 1337 2130 sciat
1368 2097 1470 2141 ipsum
1497 2096 1742 2130 consecrationis
1768 2107 1834 2129 mu-

1092 2162 1150 2184 nus
1175 2151 1359 2194 suscepisse,
1380 2154 1409 2184 et
1434 2161 1515 2195 quae
1540 2150 1579 2183 sit
1603 2161 1696 2183 causa
1726 2150 1831 2183 scien-

1093 2205 1152 2238 tiae
1166 2206 1180 2237 ‘J

1136 2258 1165 2292 3.
1192 2259 1237 2292 An
1262 2258 1339 2292 sciat
1362 2270 1419 2303 per
1443 2262 1519 2302 quot
1535 2268 1632 2291 annos
1652 2257 1745 2290 suerit
1768 2257 1834 2301 epi-

1093 2324 1207 2358 scopus
1232 2313 1315 2346 illius
1340 2312 1500 2354 ecclesiae,
1521 2318 1551 2346 et
1575 2323 1654 2356 quae
1679 2312 1717 2346 sit
1742 2322 1835 2345 causa

1093 2368 1241 2400 scientiae
1254 2367 1268 2399 ἲ)

1137 2422 1167 2454 4.
1188 2422 1235 2454 An
1252 2421 1328 2453 sciat
1346 2431 1416 2454 eum
1435 2420 1466 2452 in
1486 2420 1542 2453 sua
1559 2419 1691 2453 ecclesia
1708 2424 1738 2453 et
1755 2419 1837 2453 dioe-

1094 2476 1156 2510 cesi
1181 2476 1304 2509 assidue
1329 2475 1507 2508 resedisse?

1139 2530 1167 2563 5.
1193 2531 1239 2562 An
1265 2529 1340 2562 sciat
1365 2540 1437 2562 eum
1462 2528 1649 2571 diligenter,
1675 2532 1705 2561 et
1729 2538 1837 2572 saepe-

1094 2582 1227 2618 dictam¹
1246 2594 1334 2617 suam
1353 2583 1516 2616 ecclesiam
1542 2588 1572 2626 et
1595 2582 1765 2616 dioecesim
1789 2583 1834 2615 vi-

1127 2648 1140 2675 1
1153 2647 1246 2675 Nescio
1257 2655 1290 2674 an
1301 2647 1390 2682 potius
1400 2646 1508 2683 legend.
1517 2654 1601 2681 saepe
1610 2646 1719 2674 dictam
1732 2646 1771 2682 (n.
1786 2646 1822 2681 T.)
1834 2674 1837 2678 Α

1724 214 1788 249 585
1835 224 1886 250 An.
1903 223 1931 250 e.
1950 223 2016 250 1627
