2269 3235
105 260 160 288 An.
175 259 206 288 C.
221 258 291 287 1624

108 2185 219 2207 Contraria
230 2186 290 2207 toltit.

910 256 1052 281 URBANUS
1077 256 1133 280 VIII
1157 256 1205 280 Pr.

305 306 425 349 omnia,
450 305 580 350 perinde
612 316 648 339 ac
678 306 703 339 si
732 304 917 339 nominatim
943 309 1043 336 ratam

305 359 447 393 eamdem
472 370 504 392 se
523 360 681 393 soluturos
706 358 892 392 obtulissent
912 357 1044 400 (clausu-

305 413 342 446 lis
367 417 397 446 et
425 413 560 447 decretis
592 413 623 445 in
652 412 765 446 litteris
794 410 975 455 apostolicis
998 420 1044 442 re-

305 466 516 500 servationum
541 466 728 510 pensionum
753 469 783 497 et
805 464 964 497 fructuum
990 464 1045 496 liu-

305 520 440 554 iusmodi
465 520 558 553 etiam
587 517 844 553 consistorialiter
872 516 1043 561 appositis,

306 574 399 607 etiam
417 573 500 618 quod
516 573 615 607 dietae
639 570 807 616 pensiones
825 570 864 603 ab
888 570 973 604 omni
993 570 1045 603 de-

307 626 397 667 eima,
422 626 560 660 subsidio
585 623 780 665 charitativo,
798 635 833 657 ac
853 623 963 667 quovis
982 623 1044 656 alio

306 690 411 723 onere,
426 685 488 713 tam
501 677 660 712 ordinario
673 687 768 721 quam
782 676 1042 719 extraordinario,

306 733 415 778 quavis
438 731 630 773 auctoritate,
648 730 742 763 etiam
767 741 826 775 pro
847 730 1043 774 expeditione

307 792 369 820 tam
394 785 543 819 ostensiva
560 795 653 828 quam
674 784 833 817 defensiva
858 790 966 818 contra
982 789 1045 817 tur-

306 850 357 872 cas
381 843 410 871 et
433 838 511 871 alios
535 837 686 880 infideles,
704 848 740 871 ac
756 837 947 882 reipublicae
965 838 1045 871 cliri-

306 892 422 925 stianae
445 892 484 925 ab
509 892 636 925 illorum
661 891 825 926 conatibus
849 891 1043 935 defensione,

304 955 359 978 seu
383 945 443 978 alia
468 945 700 988 inexcogitabili
724 947 838 986 causa,
864 955 881 977 a
904 946 1044 978 Romano

304 999 453 1033 Pontifiee
468 1010 527 1044 pro
551 1004 695 1044 tempore
719 999 879 1042 existente,
897 1000 990 1034 etiam
1007 999 1045 1033 ad

305 1052 514 1097 imperatoris,
540 1063 669 1096 regum,
694 1052 831 1095 ducum,
856 1058 886 1086 et
910 1052 1044 1086 aliorum

304 1105 492 1148 instantiam,
518 1106 708 1149 illorumque
732 1106 995 1150 contemplatione
1015 1111 1046 1139 et

304 1159 438 1202 intuitu,
464 1160 557 1193 etiam
582 1165 670 1194 motu
693 1160 823 1204 proprio
848 1165 877 1193 et
902 1170 939 1193 ex
959 1162 1045 1194 certa

305 1213 434 1248 scientia
453 1213 608 1258 impositis
627 1219 657 1247 et
676 1213 885 1258 imponendis,
902 1219 954 1246 aut
969 1214 1045 1247 alias

304 1267 584 1311 qualitercumque,
592 1272 756 1311 exemptae
766 1267 836 1309 sint,
846 1277 1044 1311 nequaquam

304 1319 514 1364 obstantibus)
527 1323 699 1362 teneantur,
713 1325 744 1353 et
757 1320 925 1355 efficaciter
936 1321 1046 1354 obstri-

304 1372 345 1404 cti
369 1372 446 1413 sint3
472 1373 597 1417 ipsique
621 1373 868 1417 archiepiscopi,
894 1374 1043 1418 episcopi,

303 1425 560 1466 archimandrita,
578 1431 608 1459 et
631 1426 709 1460 aliae
730 1437 893 1470 personae,
911 1438 1044 1471 quarum

304 1479 464 1520 ecclesiae,
486 1480 676 1514 monasteria
696 1484 726 1513 et
746 1481 806 1513 alia
828 1481 981 1514 beneficia
999 1492 1046 1514 ee-

304 1530 475 1564 elesiastiea
492 1531 603 1564 annuis
619 1532 834 1575 pensionibus,
860 1533 1044 1566 auctoritate

304 1584 475 1628 apostolica
498 1585 678 1628 assignatis,
704 1590 831 1628 gravata
856 1590 886 1619 et
917 1591 1045 1619 onerata

305 1643 385 1678 sunt,
406 1643 507 1671 ratam
532 1639 807 1682 pensionariorum
832 1650 973 1680 suorum,
990 1650 1045 1673 seu

305 1702 438 1733 eorum,
465 1692 579 1736 quibus
611 1693 731 1726 fructus
762 1693 943 1727 huiusmodi
974 1699 1046 1726 sunt

305 1745 465 1786 reservati,
482 1746 614 1786 solvere,
635 1750 665 1779 et
680 1746 767 1787 illud,
792 1746 876 1790 quod
892 1757 951 1790 pro
968 1746 1046 1791 ipsis

304 1798 522 1843 pensionariis,
548 1809 603 1832 seu
627 1799 681 1842 iis,
706 1799 821 1844 quibus
841 1800 962 1833 fructus
986 1801 1045 1833 hu-

305 1852 442 1886 iusmodi
456 1857 527 1886 sunt
545 1853 711 1894 reservati,
727 1863 798 1886 vere
812 1859 842 1887 et
855 1853 992 1894 realiter,
1010 1864 1047 1888 ac

305 1916 504 1950 quacumque
520 1905 647 1940 fictione
659 1911 810 1947 cessante,
826 1907 1045 1951 persolverint,

307 1959 361 1994 sua
378 1960 509 2004 propria
527 1961 712 1994 auctoritate
733 1961 936 2005 postmodum
951 1971 1047 2005 penes

307 2024 339 2047 se
358 2014 495 2047 retinere
511 2014 642 2058 possint,
659 2025 717 2047 nec
734 2020 905 2058 propterea
922 2020 1046 2048 senten-

306 2067 375 2108 tias,
394 2077 543 2101 censuras
561 2071 590 2101 et
606 2078 723 2112 poenas
740 2067 772 2101 in
793 2068 909 2101 eisdem
927 2068 1048 2112 pensio-

306 2131 382 2154 num
399 2121 665 2155 reservationibus
682 2125 843 2156 contentas
859 2122 1031 2155 incurrant.

351 2173 408 2218 56.
426 2175 495 2208 Non
511 2175 708 2209 obstantibus
720 2175 914 2219 praemissis,
932 2186 967 2209 ae
984 2176 1049 2219 quiâ€”

307 2228 413 2261 busvis
437 2229 712 2263 constitutionibus
744 2234 774 2262 et
798 2229 1049 2263 ordinationibus

309 2282 499 2326 apostolicis,
515 2293 639 2322 necnon
663 2283 878 2326 ecclesiarum,
896 2288 1050 2317 monaste-

308 2335 429 2369 riorum
448 2340 478 2369 et
493 2336 721 2370 beneficiorum
739 2337 921 2371 huiusmodi
942 2338 1048 2381 (etiam

308 2388 495 2429 iuramento,
520 2390 760 2424 confirmatione
784 2391 976 2435 apostolica,
1002 2393 1049 2425 vel

308 2442 418 2486 quavis
438 2442 586 2476 firmitate
610 2443 670 2477 alia
690 2444 860 2489 roboratis)
881 2445 1003 2479 statutis
1021 2451 1050 2479 et

309 2496 596 2539 consuetudinibus,
607 2498 781 2542 privilegiis
798 2510 933 2544 quoque,
949 2500 1051 2533 indul-

308 2549 357 2592 tis,
383 2550 647 2594 exemptionibus,
668 2551 929 2595 immunitatibus,
955 2553 1049 2586 etiam

1722 246 1781 280 241

1078 304 1256 345 concessis,
1283 313 1405 338 necnon
1430 303 1542 337 litteris
1567 304 1817 338 reservationum

1078 357 1287 400 pensionum,
1313 363 1343 391 et
1366 358 1526 391 fructuum
1556 357 1757 399 huiusmodi,
1783 368 1819 391 ac

1077 410 1240 453 quibusvis
1264 411 1517 453 obligationibus,
1542 412 1636 443 etiam
1662 411 1693 443 in
1717 411 1818 444 forma

1078 473 1241 505 camerae,
1267 464 1359 496 ctiam
1393 476 1464 497 (zum
1491 465 1667 498 iuramento
1692 469 1722 498 ct
1746 475 1819 497 cen-

1078 516 1169 557 suris,
1191 526 1227 548 ac
1247 516 1384 549 mandati
1410 518 1586 561 cxequutivi
1612 519 1818 562 susceptione,

1078 569 1126 601 vel
1150 568 1226 601 alias
1250 569 1385 613 desuper
1410 570 1513 612 sactis,
1540 571 1661 603 etiamsi
1686 571 1723 603 de
1748 571 1819 611 illis,

1078 632 1252 665 eorumque
1265 622 1338 655 totis
1351 622 1522 664 tenoribus,
1538 623 1575 655 dc
1590 624 1685 656 verbo
1699 624 1738 656 ad
1754 635 1819 657 ver-

1078 675 1152 708 bum
1178 676 1315 717 mentio,
1344 686 1399 709 scu
1423 676 1550 719 quaevis
1574 677 1633 709 alia
1658 679 1818 721 expressio

1078 728 1221 762 habenda
1246 729 1294 769 sit,
1313 734 1342 761 ct
1367 728 1398 761 in
1422 729 1466 761 eis
1491 734 1636 762 caveatur
1660 740 1817 773 expresse,

1078 783 1162 827 quod
1186 793 1242 826 per
1266 782 1447 816 huiusmodi
1467 783 1622 816 clausulas
1647 785 1819 826 generales,

1078 836 1173 870 etiam
1197 835 1390 869 mentionem
1411 836 1580 880 specialem
1601 836 1819 879 importantes,

1079 890 1123 922 eis
1148 889 1334 933 derogatum
1364 899 1432 922 esse
1463 899 1526 923 non
1557 894 1742 931 censeatur,
1768 894 1821 922 aut

1079 943 1227 986 derogari
1250 953 1313 977 non
1338 943 1498 984 videatur,
1523 943 1582 975 nisi
1608 943 1701 976 certis
1725 943 1820 977 modo

1080 1001 1109 1030 et
1133 997 1235 1029 forma
1268 997 1300 1029 in
1324 996 1384 1029 illis
1417 996 1571 1040 expressis
1594 996 1687 1040 plene
1711 997 1820 1030 obser-

1081 1051 1166 1083 vatis.
1200 1050 1320 1089 Quibus
1351 1050 1497 1083 omnibus
1515 1078 1523 1091 ,
1554 1060 1665 1083 eorum
1696 1055 1822 1085 tenores

1078 1104 1296 1148 praesentibus
1313 1114 1371 1147 pro
1396 1103 1554 1148 expressis
1579 1103 1739 1146 habentes,
1757 1104 1819 1138 illis

1080 1158 1154 1190 alias
1175 1157 1207 1190 in
1224 1167 1280 1190 suo
1299 1157 1415 1190 robore
1432 1157 1658 1201 permansuris,
1675 1158 1734 1190 hac
1753 1158 1821 1191 vice

1079 1210 1241 1243 dumtaxat
1265 1210 1442 1255 specialiter
1467 1215 1496 1243 et
1520 1221 1667 1255 expresse
1691 1210 1820 1254 deroga-

1080 1275 1159 1305 mus,
1178 1264 1353 1308 ceterisque
1371 1263 1537 1298 contrariis
1556 1265 1818 1308 quibuscumque.

1124 1318 1139 1361 Î¾
1165 1317 1192 1350 7.
1217 1318 1383 1357 Ceterum,
1414 1318 1553 1351 volentes
1584 1317 1753 1361 providere
1781 1329 1819 1351 ne

1079 1380 1233 1414 pauperes
1261 1370 1463 1403 ecclesiastici
1492 1370 1531 1402 ad
1555 1370 1820 1405 contributionem

1079 1423 1260 1457 huiusmodi
1281 1428 1460 1467 graventur,
1477 1424 1708 1457 loannettinum
1725 1425 1822 1458 cardi-

1078 1478 1181 1510 nalem
1207 1482 1237 1510 et
1260 1488 1429 1521 proregem
1445 1478 1641 1522 praedictum
1658 1478 1823 1512 hortamur

1079 1536 1203 1573 attente,
1222 1542 1258 1565 ac
1282 1532 1313 1565 in
1338 1533 1452 1565 virtute
1477 1538 1602 1566 sanctae
1628 1533 1823 1567 obedientiae

1080 1584 1124 1617 illi
1150 1585 1344 1626 mandamus,
1370 1590 1524 1629 quatenus
1548 1596 1704 1630 pauperes
1728 1587 1825 1619 eccleÎ‡

1080 1639 1238 1681 siasticos,
1264 1639 1317 1683 qui
1343 1639 1373 1671 in
1398 1639 1575 1672 redditibus
1599 1640 1710 1672 annuis
1734 1639 1824 1681 nihil,

1080 1698 1133 1725 aut
1156 1703 1280 1737 parum,
1307 1693 1400 1725 etiam
1425 1703 1524 1736 usque
1550 1693 1588 1725 ad
1612 1693 1752 1726 valorem
1770 1693 1824 1727 de-

1081 1757 1149 1779 cem
1174 1746 1350 1788 unciarum,
1375 1749 1461 1780 scuta
1485 1756 1546 1780 xxv
1573 1751 1717 1779 monetae
1741 1746 1824 1780 illius

1080 1800 1170 1843 regni
1184 1800 1452 1842 constituentium,
1472 1800 1623 1833 inclusive
1644 1800 1768 1843 habent,
1786 1802 1824 1835 ad

1081 1853 1348 1887 contributionem
1368 1853 1561 1897 praedictam
1586 1864 1644 1897 per
1661 1864 1825 1897 quoscum-

1081 1917 1160 1950 que,
1189 1907 1298 1951 quavis
1330 1907 1514 1941 auctoritate
1539 1907 1724 1950 fungentes,
1753 1909 1824 1951 cogi

1081 1966 1133 1994 aut
1158 1960 1304 2005 compelli
1328 1962 1415 1994 nullo
1440 1961 1535 1994 modo
1560 1962 1729 2005 permittat.

1126 2013 1182 2058 Â§8
1198 2015 1358 2055 Volumus,
1376 2014 1460 2058 quod
1480 2015 1600 2048 exactio
1618 2015 1823 2058 pecuniarum

1082 2068 1263 2102 huiusmodi
1287 2068 1326 2102 ab
1351 2068 1571 2101 ecclesiasticis
1594 2078 1651 2112 per
1672 2079 1824 2112 personas

1082 2122 1176 2155 etiam
1203 2121 1428 2155 ecclesiasticas
1455 2132 1472 2153 a
1492 2121 1574 2154 dicta
1593 2122 1753 2155 maiestate
1770 2124 1825 2155 tua

1083 2186 1138 2209 seu
1151 2175 1235 2209 dicto
1252 2175 1447 2208 Ioannettino
1465 2174 1668 2212 cardinaleet
1688 2186 1825 2219 prorege

1083 2228 1275 2273 deputandas
1289 2228 1358 2261 fieri
1375 2228 1495 2269 debeat,
1509 2228 1653 2261 invocato
1676 2228 1769 2260 etiam
1787 2228 1826 2261 ad

1083 2284 1153 2323 lioc,
1179 2283 1203 2315 si
1228 2293 1306 2327 opus
1330 2282 1435 2323 fuerit,
1460 2282 1576 2315 auxilio
1596 2282 1717 2315 brachii
1741 2293 1826 2316 secu-

1084 2337 1157 2370 laris
1175 2336 1273 2380 (quod
1293 2336 1318 2369 si
1343 2346 1433 2369 secus
1458 2336 1490 2369 in
1514 2335 1619 2379 aliquo
1636 2336 1825 2379 praemisso-

1084 2401 1154 2424 rum
1171 2391 1286 2424 sactum
1307 2390 1411 2431 suerit,
1432 2389 1486 2433 qui
1511 2389 1774 2432 contravenerint,
1793 2389 1825 2423 in

1084 2454 1200 2488 poenas
1220 2449 1251 2477 et
1277 2454 1426 2477 censuras
1451 2443 1622 2484 incurrant,
1640 2442 1772 2487 perinde
1789 2454 1824 2477 ac

1084 2498 1109 2531 si
1134 2502 1315 2542 praesentes
1339 2497 1461 2530 litterae
1485 2507 1550 2529 non
1572 2498 1801 2541 emanassent),

1129 2553 1143 2595 á¼
1168 2552 1196 2586 9.
1222 2551 1374 2595 Quodque
1394 2551 1487 2583 etiam
1512 2551 1727 2595 praesentium
1744 2556 1825 2584 tran-

308 2603 341 2636 in
357 2614 490 2647 corpore
504 2603 582 2637 iuris
599 2604 722 2647 clausis,
744 2616 780 2638 ac
796 2606 908 2639 litteris
927 2611 1052 2650 aposto-
1084 2605 1226 2648 sumptis,
1251 2604 1343 2637 etiam
1368 2603 1547 2647 impressis,
1573 2614 1667 2637 manu
1693 2604 1824 2638 alicuius

308 2656 385 2700 licis,
404 2657 565 2700 quibusvis
589 2657 778 2700 generaliter
802 2659 849 2691 vel
875 2659 1052 2703 specialiter
1084 2658 1196 2692 notarii
1221 2657 1341 2702 publici
1365 2657 1560 2703 subscriptis,
1586 2661 1615 2693 et
1639 2657 1742 2702 sigillo
1767 2657 1823 2691 ali-

395 2719 474 2749 Bull.
494 2719 578 2748 Rom.
600 2735 633 2740 â€”
652 2720 711 2748 Vol.
727 2720 810 2749 XIII.
956 2721 986 2748 31

1832 257 1880 284 AnÎ‡
1897 257 1925 284 C.
1947 257 2015 285 1624

1862 1334 1969 1362 Pauperes
1987 1335 2019 1353 ta-

1835 1366 1881 1381 men
1891 1361 2019 1389 ecriesuastiÎ‡

1836 1393 1871 1408 cos
1887 1389 1964 1407 eximit.

1886 2026 2023 2047 Exactionein

1839 2058 1889 2073 vero
1904 2052 2025 2073 huiusmodi

1839 2085 1877 2105 per
1894 2079 2025 2099 eeclesiasti-

1839 2111 1876 2128 cos
1898 2106 1942 2127 fieri
1964 2111 2024 2132 prae-

1839 2134 1897 2159 cipit.

1879 2559 2025 2585 Transumpm

1839 2586 1897 2607 credi
1913 2587 1977 2606 iubet.
