2269 3235
240 258 289 284 An.
308 257 423 286 (2162ss

257 531 363 553 Ouala-nu<
373 536 421 555 pru-

237 559 363 582 pugnarum.
379 559 418 577 ιΙι.

238 584 352 603 tra-tantur.

469 248 533 281 484

437 306 468 337 iu
493 306 608 338 nostris
629 305 763 347 desuper
788 304 818 336 in
843 303 936 335 simili
955 303 1055 335 forma
1070 302 1176 335 Brevis

436 359 588 401 expeditis
611 358 740 399 litteris,
767 366 899 401 quartuli
926 362 1050 389 tenores
1080 365 1172 399 prae-

436 412 575 443 sentibus
600 421 657 453 pro
691 409 846 452 expressis
875 409 985 441 haberi
1009 409 1173 450 volumus,

436 464 560 506 plenius
584 463 762 495 continetur
776 462 794 494 ¹:
819 472 876 494 nos
901 461 933 494 in
957 467 1119 502 eventum,
1144 462 1175 493 in

435 527 529 559 quem
554 515 702 548 fortalitia
730 515 794 548 sive
814 515 1051 558 propugnacula
1070 519 1100 547 et
1116 515 1176 547 alia

436 570 503 601 loca
526 567 706 600 huiusmodi
730 567 822 600 nobis
847 573 876 600 et
900 567 1002 600 cidem
1027 567 1098 600 Scdi
1125 578 1175 600 re-

435 621 530 661 stitui,
549 621 613 653 sive
632 620 664 652 in
682 620 828 653 manibus
848 621 963 654 nostris
983 625 1013 653 et
1034 620 1175 653 ciusdem

434 674 521 707 Sedis
546 677 699 717 potestate
723 674 839 718 deponi
871 674 1052 717 contingat,
1075 674 1152 706 nihil
1167 701 1174 714 ‚

434 727 517 770 quod
541 727 580 760 ad
604 727 745 760 muneris
770 728 870 761 nostri
904 732 1010 771 partes
1037 738 1097 770 pro
1121 728 1176 761 Ita-

435 780 504 820 liae,
525 784 617 823 alque
642 781 720 814 adeo
745 781 883 814 universi
904 780 1064 813 christiani
1088 780 1175 813 orbis

434 844 510 876 pace
533 834 747 866 conservanda
772 839 899 877 spectat,
923 832 1174 877 praetermittere

434 887 583 927 volentes,
601 887 766 930 simulque,
780 891 814 919 ut
830 886 977 919 omnibus
990 886 1173 925 innoteseat,

433 941 541 983 quanti
579 941 742 983 negotium
783 939 963 973 huiusmodi
1001 939 1173 978 saciamus3

433 998 521 1026 motu
541 994 681 1036 proprio,
702 999 732 1025 et
749 1004 786 1026 ex
808 995 894 1026 certa
915 992 1044 1026 scientia
1061 1003 1097 1025 ac
1113 1002 1174 1024 rna-

434 1049 503 1078 tura
528 1046 752 1079 deliberatione
775 1046 902 1085 nostris,
923 1045 979 1077 tibi
1004 1055 1063 1088 per
1086 1054 1174 1088 prae-

432 1103 534 1131 sentes
559 1098 784 1131 committimus
809 1101 839 1132 et
862 1098 1057 1138 mandamus,
1073 1102 1117 1139 ut,
1141 1097 1178 1134 in

432 1157 579 1183 eventum
599 1151 815 1191 restitutionis,
833 1161 887 1184 seu
907 1150 1123 1194 depositionis,
1139 1155 1174 1183 ut

430 1205 617 1247 praefertur,
633 1204 857 1238 fortalitiorum
881 1204 930 1236 vel
954 1213 1174 1248 propugnacu-

396 1301 399 1303 μ
430 1258 534 1290 lorum
566 1263 597 1290 et
628 1258 763 1290 aliorum
794 1257 939 1290 locorum
970 1256 1172 1299 huiusmodi,

259 2064 308 2084 (lum
327 2064 416 2083 faculta-

231 2092 288 2110 litui<

231 2124 276 2138 nis:

316 2094 415 2117 opportu-

430 1310 483 1342 illa
507 1311 613 1343 onmia
638 1316 668 1343 et
693 1311 816 1354 singula
840 1321 911 1344 cum
936 1310 1083 1344 omnibus
1107 1315 1173 1343 tor-

430 1365 552 1405 mentis,
570 1364 675 1406 armis,
694 1364 825 1408 aliisque
842 1364 1093 1407 quibuscumque
1106 1375 1174 1396 mu-

429 1417 618 1458 nitionibus,
644 1417 932 1461 suppellectilibus,
957 1428 993 1451 ae
1020 1418 1117 1450 rebus
1142 1417 1173 1449 in

431 1471 547 1503 eisdem
579 1471 756 1512 fortalitiis,
781 1471 846 1504 sive
870 1471 1119 1515 propugnaculis
1143 1475 1174 1503 et,

430 1524 507 1557 locis
529 1525 745 1565 existentibus,
768 1535 785 1557 a
809 1535 1008 1568 quacumque
1038 1526 1173 1568 persona

431 1578 596 1610 sufficienti
619 1577 786 1610 facultate¹
817 1578 869 1610 illa
900 1578 1085 1612 restituendi
1118 1589 1173 1611 seu

431 1631 609 1674 deponendi
633 1635 661 1665 et
686 1631 776 1664 titulo
797 1631 930 1674 depositi
950 1631 1093 1664 tradendi
1121 1636 1174 1663 aut

431 1684 635 1726 consignandi
659 1684 803 1724 habente,
821 1684 853 1716 in
869 1684 1048 1728 depositum
1064 1687 1173 1717 nostro

431 1742 462 1769 et
487 1737 573 1770 Sedis
597 1737 775 1780 praedictae
799 1737 927 1770 nomine
952 1743 981 1770 et
1005 1737 1095 1770 titulo
1119 1737 1172 1769 de-

431 1790 536 1833 positi,
556 1801 592 1823 ac
611 1790 686 1823 alias
710 1791 742 1822 in
767 1791 913 1824 omnibus
933 1796 963 1822 et
987 1801 1044 1834 per
1068 1791 1173 1823 omnia

430 1848 526 1886 prout
549 1843 606 1875 tibi
631 1844 668 1875 ab
693 1844 804 1876 codem
828 1844 938 1877 Carolo
963 1844 1127 1887 capitaneo
1144 1849 1173 1876 et

432 1897 643 1939 gubernatore
668 1897 807 1939 generali
832 1897 1014 1930 mandatum
1032 1902 1063 1930 et
1079 1897 1173 1940 signi-

430 1949 558 1983 ficatum
583 1951 686 1991 fuerit,
704 1951 847 1994 recipias,
864 1951 1043 1994 dictamque
1066 1961 1174 1994 perso-

430 2013 501 2035 nam
528 2004 566 2036 de
590 2004 764 2046 fortalitiis,
786 2005 849 2037 sive
873 2004 1118 2048 propugnaculis
1143 2009 1172 2037 et

430 2057 507 2090 locis
532 2058 733 2100 huiusmodi,
760 2057 989 2102 tormentisque
1014 2063 1044 2091 et
1068 2058 1172 2091 muni-

431 2111 578 2153 tionibus,
593 2122 628 2144 ac
646 2112 914 2155 suppellectilibus
931 2117 961 2145 et
976 2112 1070 2145 rebus
1085 2122 1172 2155 prae-

431 2164 530 2199 dictis.
552 2165 595 2198 sic
613 2166 747 2209 receptis
772 2171 802 2198 et
821 2165 1022 2208 consignatis⁷
1040 2165 1171 2208 quietes,

430 2218 551 2261 aliaque
576 2219 681 2251 onmia
698 2224 728 2251 et
747 2218 869 2261 singula
886 2219 917 2250 in
934 2218 1127 2262 praemissis,
1142 2223 1171 2251 et

431 2272 514 2304 circa
534 2283 580 2313 ea,
594 2283 673 2315 quae
698 2272 752 2305 tibi
770 2273 808 2305 ab
834 2272 944 2305 codem
961 2272 1071 2306 Carolo
1092 2272 1172 2316 capi-

432 2329 523 2358 taneo
554 2331 583 2358 et
613 2326 825 2368 gubernatore
856 2326 996 2368 generali
1025 2326 1171 2358 mandata

431 2382 461 2409 et
490 2378 663 2421 significata
694 2380 831 2420 fuerint,
857 2379 979 2412 etiamsi
1003 2379 1077 2411 talia
1100 2379 1169 2421 sint,

431 2441 507 2473 qusw
534 2432 714 2474 specialem,
733 2433 911 2476 specificam
936 2432 1127 2465 individuam
1142 2435 1171 2466 et

431 2494 609 2527 tj·x11¹'‹‘]}:}ttttl
634 2486 832 2529 requirerent
848 2486 1048 2529 mentionem,
1065 2486 1170 2527 facias,

430 2536 531 2578 ditas,
556 2549 647 2581 geras
671 2544 702 2572 ct
725 2541 909 2583 exequaris,
935 2551 1030 2585 super
1055 2540 1170 2584 quibus

470 2613 477 2633 ‘i
502 2610 572 2639 Quas
592 2609 652 2636 vide
671 2618 755 2646 supra
774 2619 836 2647 pag.
853 2611 905 2638 4⁵24
919 2613 957 2647 (n.
969 2612 1018 2646 Τ.).

465 2652 482 2679 2
500 2652 657 2689 Legendum
671 2655 858 2690 sufficientem
871 2657 1039 2693 facultatem
1054 2658 1091 2692 (n.
1108 2655 1158 2692 T.).

1014 255 1193 279 BULLARIUM
1215 254 1370 279 nontANUM

1209 302 1354 335 omnibus
1379 305 1409 335 et
1433 300 1563 344 singulis
1587 301 1711 345 plenam
1727 329 1734 343 ,
1762 302 1894 335 liberam
1919 307 1949 335 et

1208 356 1343 399 amplam
1367 355 1546 387 facultatem
1567 359 1597 387 et
1621 354 1847 397 auctoritatem,
1865 355 1947 388 dieta

1209 408 1403 449 auctoritate,
1428 413 1536 440 tenore
1560 407 1783 451 praesentium,
1808 407 1948 441 concedi-

1209 473 1279 495 mus
1303 467 1333 494 ct
1352 461 1561 505 impartimur.

1254 515 1268 558 g
1292 514 1321 547 3.
1348 514 1527 547 Mandantcs
1550 519 1719 558 propterea
1736 513 1793 547 sub
1810 512 1949 557 indigna-

1208 567 1302 601 tionis
1325 573 1451 601 nostrae
1476 573 1506 600 et
1529 567 1598 600 aliis
1621 567 1742 600 arbitrii
1760 567 1860 600 nostri
1877 577 1948 610 poe-

1208 620 1266 661 nis,
1277 621 1424 654 omnibus
1437 625 1467 653 et
1480 619 1611 663 singulis
1625 624 1687 652 tam
1704 619 1948 663 particularibus

1209 674 1377 717 capitaneis
1394 674 1534 717 equitum
1549 679 1578 706 et
1598 673 1748 717 peditum,
1762 684 1856 716 quam
1873 674 1948 717 ipsis

1209 727 1366 771 equitibus
1389 732 1419 760 et
1438 727 1604 770 peditibus,
1623 726 1797 770 ceterisque
1814 727 1853 759 ad
1870 737 1948 769 quos

1208 786 1338 824 spectat,
1354 786 1389 814 ut
1408 781 1464 813 tibi
1489 780 1521 813 in
1544 780 1724 824 praemissis
1748 780 1894 813 omnibus
1918 784 1949 812 et

1208 834 1338 876 singulis
1362 839 1509 878 prompte
1531 839 1682 877 pareant,
1703 834 1824 866 faveant
1848 839 1878 866 et
1900 843 1948 866 as-

1208 887 1326 919 sistant.
1344 888 1379 920 In
1400 888 1594 920 contrarium
1617 887 1802 920 facientibus
1817 897 1881 920 non
1897 886 1949 920 ob-

1207 939 1360 972 stantibus
1384 940 1644 983 quibuscumque.

1250 992 1362 1026 Datum
1386 993 1515 1034 Romae,
1540 993 1622 1036 apud
1646 992 1675 1026 S.
1700 992 1830 1026 Mariam
1853 993 1948 1026 Maio-

1207 1056 1285 1085 rem,
1312 1046 1370 1078 sub
1396 1046 1512 1078 annulo
1532 1046 1709 1086 Piscatoris,
1732 1046 1782 1078 die
1813 1056 1878 1078 xxx
1899 1056 1950 1078 au-

1207 1099 1290 1142 gusti
1307 1108 1458 1139 iuncxxw,
1475 1099 1675 1142 pontificatus
1691 1099 1790 1132 nostri
1808 1109 1889 1132 anno
1906 1109 1947 1132 1v.

1243 1160 1302 1188 Dat.
1320 1161 1362 1188 die
1377 1161 1411 1188 30
1430 1161 1538 1195 augusti
1554 1160 1633 1195 16:26,
1649 1160 1746 1196 pontif.
1762 1168 1832 1188 anno
1851 1167 1888 1188 lv.

1523 1304 1631 1338 CCXII.

1209 1383 1420 1426 Confirmatio
1456 1384 1623 1417 erectionis
1655 1384 1827 1417 seminarii
1849 1385 1886 1417 in
1910 1385 1950 1417 ci-

1250 1437 1349 1470 vitate
1368 1437 1550 1471 Coloniensi
1570 1448 1630 1481 pro
1655 1437 1823 1471 monachis
1840 1438 1872 1471 S.
1893 1438 1949 1471 Be-

1250 1490 1371 1523 nedicti
1406 1491 1673 1534 Conqregyaliom's
1697 1490 1948 1533 Bursfeldensz'8‚

1252 1547 1279 1576 et
1304 1544 1397 1577 illius
1422 1544 1723 1578 constitutionum&

1416 1625 1550 1652 Urbanus
1570 1624 1649 1658 Papa
1663 1625 1742 1658 VIII,

1327 1670 1362 1695 ad
1381 1672 1557 1703 perpetuam
1577 1670 1622 1697 rei
1640 1669 1823 1696 memoriam.

1251 1738 1493 1772 Sacrosanctum
1517 1740 1708 1783 apostolatus
1726 1740 1864 1773 officium
1887 1740 1947 1773 hu-

1207 1792 1329 1825 militati
1343 1798 1478 1833 nostrae,
1496 1793 1583 1826 nullo
1599 1793 1673 1826 licet
1689 1793 1876 1826 meritorum
1889 1793 1949 1826 suf-

1206 1845 1318 1887 fragio,
1338 1855 1395 1888 per
1415 1845 1605 1878 ineffabilem
1631 1846 1753 1879 divinae
1777 1845 1948 1890 sapientiae

1206 1898 1435 1941 providentiam
1460 1899 1664 1932 commissum
1689 1900 1804 1943 iugiter
1820 1911 1838 1932 a
1857 1900 1948 1933 nobis

1206 1951 1351 1994 postulat,
1364 1956 1408 1993 ut,
1428 1952 1510 1985 inter
1527 1952 1728 1995 gravissimas
1745 1953 1949 1996 multiplices-

1205 2015 1266 2048 que
1285 2005 1474 2048 apostolicae
1498 2006 1655 2039 servitutis
1673 2017 1773 2049 curas,
1792 2007 1876 2039 illam
1896 2017 1950 2051 pe-

1206 2059 1315 2091 culiari
1351 2059 1455 2092 studio
1487 2060 1735 2103 amplectamur,
1764 2071 1821 2104 per
1852 2071 1947 2103 quam

1206 2111 1435 2153 christifideles,
1453 2113 1510 2145 sub
1525 2113 1610 2145 suavi
1628 2113 1792 2156 religionis
1809 2113 1883 2156 iugo
1899 2114 1948 2146 Al-

1207 2164 1325 2198 tissimo
1339 2165 1534 2206 famulantes,
1546 2165 1740 2198 felicioribus
1753 2166 1784 2198 in
1798 2165 1864 2198 dies
1876 2176 1949 2210 pro-

1205 2218 1300 2251 ficere
1331 2219 1452 2252 valeant
1476 2219 1694 2259 incrementis,
1720 2225 1750 2252 et
1780 2230 1839 2260 ea,
1867 2230 1947 2263 quae

1205 2278 1374 2316 propterea
1398 2273 1450 2316 pie
1474 2277 1504 2306 et
1522 2273 1653 2316 provide
1678 2277 1792 2306 statuta
1816 2279 1896 2315 sunt,
1915 2273 1948 2306 li-

1203 2325 1323 2368 benter,
1349 2337 1420 2359 cum
1446 2337 1463 2359 a
1486 2327 1577 2360 nobis
1600 2327 1728 2371 petitur,
1757 2327 1947 2370 apostolicae

1204 2380 1453 2413 confirmationis
1476 2380 1592 2414 robore
1618 2381 1879 2413 communiamus.

1248 2433 1262 2476 ἓ
1288 2433 1317 2466 sl.
1342 2433 1419 2467 Cum
1443 2434 1565 2477 itaque,
1595 2434 1676 2467 sicut
1706 2434 1838 2467 dilectus
1862 2433 1947 2467 filius

1203 2486 1422 2520 Constantinus
1453 2488 1604 2521 Caetanus
1635 2487 1730 2520 abbas
1763 2487 1946 2531 praesidens

1204 2540 1328 2584 collegii
1345 2541 1532 2585 Gregoriani
1552 2541 1589 2575 de
1606 2541 1689 2575 Urbe
1706 2541 1830 2576 Ordinis
1847 2541 1876 2576 S.
1894 2541 1947 2574 Be-

1239 2658 1251 2685 1
1273 2657 1311 2686 Ex
1329 2658 1440 2694 Regest.
1461 2658 1490 2687 in
1507 2657 1611 2688 Secret.
1632 2658 1710 2688 Brev.

1961 254 2009 281 Αη.
2027 254 2056 282 C.
2076 254 2147 282 ¹62ss

1983 525 2149 552 Mandatumquo

1963 551 2099 578 defluendo:

1989 1747 2111 1769 Exordium.

1988 2440 2077 2462 Nuntius
2095 2441 2148 2466 Apo-

1961 2468 2048 2488 stolicus
2056 2469 2147 2488 semina·

1961 2495 2013 2514 rium
2029 2499 2066 2519 pro
2082 2493 2149 2514 Bene·

1962 2521 2047 2541 dictinis
2056 2520 2149 2545 Congre-

1961 2547 2054 2574 gationis
2095 2547 2148 2568 Bur-
