2269 3235
122 236 172 265 An.
194 235 223 264 C.
240 236 309 265 ¹623

131 1631 243 1657 Demgatm
252 1639 301 1654 rou-

115 1659 235 1679 uariorum.

942 238 1084 264 URBANUS
1109 240 1164 264 VIII
1188 240 1236 264 PP-

320 290 350 318 et
361 284 486 318 Ordinis
499 286 735 329 praedictorum
748 285 976 330 superioribus,
989 298 1063 330 quo-

320 349 455 381 cumque
477 340 605 373 nomine
627 340 830 384 nuncupatis,
855 349 893 372 ne
918 340 1062 373 alumnos

319 392 562 426 seminariorum
586 393 832 437 praedictorum,
857 393 1009 437 quamdiu
1031 394 1062 425 in

319 446 496 480 seminariis
528 446 697 490 praedictis
728 446 980 489 permanserint,
1006 457 1062 479 nec

319 499 414 532 etiam
439 499 656 543 quadriennio,
674 510 691 531 a
711 499 760 532 die
777 499 904 532 illorum
930 510 946 531 e
971 499 1062 532 dictis

319 552 497 586 seminariis
514 563 657 586 recessus
679 553 901 596 computando,
919 552 1061 593 durante,

319 605 358 638 ad
382 606 524 641 habitum
545 612 575 640 et
589 601 822 650 professionem
848 607 1011 650 regulares
1031 607 1062 639 in

319 658 484 701 Societate‚
510 660 574 693 sive
598 660 859 703 Congoegafione,
877 665 929 693 aut
946 660 1061 693 Ordine

319 712 501 746 huiusmodi
534 713 592 746 sub
624 713 735 757 quovis
767 713 909 757 quaesito
938 713 1061 754 colore,

320 765 446 809 ingenio
463 766 511 799 vel
527 770 692 810 praetextu
709 766 884 807 admittant,
905 766 969 799 sive
986 777 1061 810 qua-

319 819 465 853 driennio
489 820 669 854 huiusmodi
695 821 827 854 durante
847 821 879 853 in
902 820 1007 864 aliquo
1025 832 1062 854 cx

318 872 459 915 collegiis
475 873 540 906 sive
556 874 705 908 domibus
722 879 752 907 et
768 874 845 907 locis
861 875 1062 917 regularibus

317 926 491 967 societatis,
511 937 566 960 seu
582 928 853 971 Congregationis,
873 929 921 961 vel
936 928 1062 962 Ordinis

317 978 510 1021 huiusmodi,
532 981 580 1014 vel
604 981 642 1014 ab
659 981 704 1014 eis
722 981 980 1025 dependentibus,
1006 993 1062 1015 seu

318 1043 415 1076 penes
438 1044 590 1078 personas
614 1034 808 1068 confidentes
824 1035 989 1076 retineant,
1007 1046 1062 1069 seu

317 1086 483 1121 admittere
505 1087 555 1121 vel
578 1088 715 1122 retinere
747 1095 974 1132 praesumant,
1003 1090 1061 1123 sub

318 1141 460 1174 censuris
489 1146 520 1174 et
548 1141 659 1186 poenis
686 1142 905 1175 ecclesiasticis
930 1143 1061 1176 arbitrio

318 1199 372 1227 tuo
397 1194 606 1238 imponendis,
630 1196 816 1229 auctoritate
840 1198 949 1229 nostra
973 1197 1057 1229 inhi—

317 1247 391 1280 beas
399 1258 406 1287 ;
424 1248 735 1292 contradictoresque
752 1249 908 1293 quoslibet
921 1255 951 1282 et
964 1250 1062 1282 rebel-

318 1300 371 1342 les,
400 1311 436 1333 ac
465 1301 520 1334 tibi
544 1302 577 1334 in
607 1302 788 1345 praemissis
815 1313 879 1336 non
903 1309 1060 1347 parentes,

317 1364 465 1387 censuras
493 1360 523 1387 et
550 1365 667 1398 poenas
694 1356 870 1400 praedictas
889 1357 1060 1390 incurrisse

316 1406 468 1440 declares.
493 1408 705 1442 Deceruentes
724 1409 850 1442 irritum
868 1414 898 1443 et
915 1410 1017 1451 inane,
1036 1411 1059 1443 si

316 1471 406 1494 secus
423 1472 518 1506 super
534 1463 583 1496 his
600 1474 617 1496 a
633 1474 803 1507 quoquam,
824 1464 934 1509 quavis
951 1470 1060 1498 aucto-

316 1515 426 1556 ritate,
447 1517 582 1550 scienter
605 1518 654 1550 vel
678 1518 871 1561 ignoranter,
893 1519 1061 1562 contigerit

316 1570 472 1602 attentari.

361 1622 418 1666 §3
434 1624 504 1656 Non
520 1623 716 1657 obstantibus
736 1625 1014 1658 constitutionibus
1031 1631 1061 1659 et

316 1676 567 1711 ordinationibus
596 1679 796 1722 apostolicis,
825 1690 861 1712 ac
886 1679 1059 1720 Societatis,

316 1730 576 1774 Congregationis
608 1737 638 1765 et
669 1732 794 1765 Ordinis
824 1733 1059 1776 praedictorum

317 1783 424 1826 (etiarn
448 1785 638 1827 iuramento,
664 1786 904 1820 confirmatione
933 1792 1059 1831 aposto-

315 1836 387 1878 lica,
411 1839 460 1871 vel
487 1839 597 1883 quavis
624 1840 773 1873 firmitate
800 1840 860 1873 alia
888 1841 1059 1884 roboratis)

316 1892 439 1924 statutis
452 1897 483 1925 et
496 1894 786 1935 consuetudinibus,
800 1894 975 1938 ceterisque
989 1905 1061 1927 con-

316 1945 422 1978 trariis
445 1946 707 1992 quibuscumque.

358 1996 472 2030 Datum
485 1999 614 2040 Rornae,
638 2000 721 2044 apud
735 2000 763 2034 S.
779 2001 917 2041 Petrum,
930 2001 988 2034 sub
1004 2011 1059 2033 an-

314 2051 390 2085 nulo
402 2052 580 2094 piscatoris,
591 2053 641 2087 die
649 2064 704 2087 xvi
717 2054 895 2088 decembris
904 2065 1058 2096 uncxxnl,

314 2105 515 2149 pontificatus
538 2107 639 2140 nostri
663 2118 746 2142 anno
767 2118 786 2142 1.

351 2167 409 2195 Dat.
426 2167 470 2196 die
485 2169 519 2196 16
533 2169 689 2197 decembris
705 2170 783 2206 1623,
800 2170 896 2207 pontif.
914 2179 958 2198 an.
975 2179 994 2198 1.

637 2342 740 2375 XVIII.

317 2428 527 2471 Confirmatio
547 2429 736 2463 litterarum
758 2430 909 2474 Greyorii
931 2430 994 2464 XV
1008 2441 1059 2464 su-

355 2492 415 2526 per
423 2482 582 2526 reqimine
592 2483 791 2516 monialium
803 2484 1058 2518 Carmelc'tarum

358 2536 637 2570 Discalceatarum
657 2537 751 2580 reym‘
774 2537 939 2571 Franciae
949 2537 967 2570 ¹.

351 2608 362 2634 1
381 2606 420 2635 Ex
435 2607 543 2642 Regest.
560 2607 588 2634 in
602 2607 704 2635 Secret.
721 2607 857 2636 Brevium.
875 2608 999 2643 Gregorii
1015 2607 1059 2635 lit-

315 2656 386 2680 teras
401 2652 460 2680 vide
475 2656 542 2680 tom.
558 2659 606 2687 xii,
623 2660 683 2688 pag.
699 2653 761 2686 505,
777 2661 835 2688 seq.

1762 232 1804 264 85
1850 242 1901 267 An.
1919 241 1948 268 c.
1967 241 2035 270 1623

1304 288 1438 316 urbanus
1455 289 1534 322 Papa
1549 288 1625 322 vul,

1220 333 1256 360 ad
1276 336 1449 367 perpetuam
1469 333 1515 360 rei
1534 333 1716 360 memoriam.

1140 394 1234 427 Decet
1251 396 1427 428 Romanum
1452 395 1647 435 Pontificem,
1665 395 1767 438 aequi,
1786 395 1839 427 bo·
1879 409 2000 429 Exordium.

1096 448 1190 490 nique
1206 459 1389 491 supremum
1409 454 1608 490 assertorem,
1621 459 1667 491 ea,
1685 459 1765 493 quae
1782 459 1839 492 per

1096 500 1353 543 praedecessores
1376 512 1448 534 suos
1472 513 1530 545 pro
1548 502 1628 535 felici
1649 501 1838 535 christifide-

1096 552 1172 585 lium
1198 553 1255 585 sub
1282 554 1369 586 suavi
1393 555 1555 597 religionis
1580 555 1653 598 iugo
1678 555 1838 588 Altissimo

1094 606 1313 639 famulantium
1345 613 1376 640 et
1403 609 1589 651 praesertim
1619 609 1839 643 sanctimonia-

1096 660 1173 692 lium
1204 660 1357 703 regimine
1389 666 1482 705 atque
1506 662 1672 704 gubernio,
1697 674 1754 695 nec
1776 673 1839 696 non

1095 724 1171 757 pace
1185 719 1214 747 et
1228 714 1342 758 quiete,
1360 717 1484 748 matura
1497 716 1746 750 consideratione
1756 716 1840 748 adhi-

1094 767 1173 808 bita,
1198 768 1278 800 sacta
1302 773 1332 800 et
1354 768 1480 801 decreta
1504 778 1573 801 esse
1596 774 1781 809 noscuntur,
1805 774 1840 801 ut

1095 821 1133 853 ab
1158 821 1315 862 omnibus,
1337 832 1417 865 quos
1434 832 1470 855 ea
1487 826 1692 863 concernunt,
1709 823 1839 855 sublatis

1094 875 1287 919 quibuslibet
1300 875 1540 919 impedimentis,
1554 875 1777 909 inviolabiliter
1789 875 1841 908 oh-

1095 933 1269 970 serventur,
1294 929 1486 973 apostolicae
1509 928 1760 963 confirmationis
1787 939 1840 962 ro-

1094 982 1172 1016 bore
1189 983 1398 1024 communire,
1415 988 1520 1027 prout,
1537 993 1646 1016 rerum
1656 982 1676 1023 ¹,
1693 993 1841 1027 persona-

1094 1047 1176 1077 rum,
1194 1047 1229 1070 ac
1242 1042 1423 1081 temporum
1438 1037 1640 1080 qualitatibus
1653 1036 1757 1070 debite
1768 1047 1841 1080 pen-

1095 1090 1179 1131 satis,
1205 1090 1359 1135 conspicit
1382 1091 1414 1123 in
1438 1091 1572 1124 Domino
1597 1090 1765 1124 salubriter
1787 1101 1839 1124 ex-

1094 1144 1212 1188 pedire.

1139 1197 1153 1239 g
1177 1197 1207 1229 t.
1232 1197 1315 1230 Alias
1339 1197 1495 1240 siquidem
1521 1208 1539 1230 a
1563 1197 1747 1231 recolendae
1772 1208 1837 1230 me-
1881 1208 1976 1233 φεμ-ἤ
2002 1208 2036 1228 xv

1095 1250 1215 1283 moriae
1239 1250 1394 1293 Gregorio
1414 1251 1515 1294 Papae
1528 1251 1578 1284 XV
1594 1251 1837 1294 praedecessore
1853 1239 1988 1285 i{i;fi›',⁵”¹'¹¹¹¹'
2006 1236 2038 1255 Μ’

1094 1308 1203 1335 nostro
1227 1309 1414 1336 emanarunt
1438 1304 1559 1337 litterae
1588 1304 1706 1338 tenoris
1729 1304 1838 1337 subse-

1094 1357 1227 1400 quentis,
1245 1356 1399 1389 videlicet:
1419 1357 1594 1401 Greyorz'us
1609 1358 1704 1401 Papa
1720 1358 1784 1391 XV
1796 1358 1839 1391 ad

1091 1414 1282 1454 perpetuam
1292 1412 1339 1443 rei
1349 1412 1550 1444 memoriam.
1563 1411 1660 1444 Alias
1666 1416 1839 1455 postquam

1093 1463 1198 1506 felicis
1222 1463 1456 1496 recordationis
1478 1464 1621 1498 Clemens
1643 1465 1737 1508 Papa
1759 1464 1841 1498 VIII

1091 1516 1333 1560 praedecessor,
1362 1521 1418 1550 etc.
1445 1517 1594 1561 (Reliqua
1623 1517 1693 1550 vide
1719 1518 1751 1550 in
1778 1518 1837 1551 loc.

1094 1570 1143 1603 cit.
1170 1570 1202 1602 in
1227 1576 1290 1603 not.
1312 1570 1351 1603 ad
1375 1570 1560 1614 rubricam).

1138 1624 1152 1667 ξ
1177 1624 1206 1656 2.
1239 1625 1341 1663 Quare
1373 1624 1544 1657 inviolabili
1568 1625 1836 1668 praeinsertarum
1875 1634 2037 1656 riconmman-

1094 1677 1271 1710 litterarum
1296 1678 1478 1710 huiusmodi
1499 1677 1721 1718 observationi,
1739 1688 1837 1722 quan-
1854 1665 1894 1683 ’Μ’

1093 1736 1161 1764 tum
1178 1742 1251 1764 cuin
1265 1731 1398 1764 Domino
1415 1742 1594 1775 possumus,
1609 1732 1775 1764 consulere
1788 1742 1840 1765 vo-

1094 1785 1202 1825 lentes,
1227 1785 1420 1817 sufficienter
1451 1785 1545 1817 etiam
1571 1784 1684 1818 auditis
1713 1795 1838 1818 earum-

1093 1838 1164 1871 dem
1176 1839 1361 1872 monialium
1371 1838 1641 1882 procuratoribus,
1650 1839 1839 1882 illarumque

1092 1893 1266 1936 praetensis
1284 1893 1405 1925 iuribus
1421 1898 1544 1926 mature
1560 1893 1734 1936 perpensis,
1751 1898 1840 1926 motu

1093 1947 1233 1990 proprio,
1258 1957 1321 1980 non
1345 1947 1383 1979 ad
1401 1947 1533 1980 alicuius
1550 1947 1641 1980 nobis
1659 1957 1756 1991 super
1776 1947 1836 1979 hoc

1093 2000 1213 2033 oblatae
1238 2000 1398 2044 petitionis
1419 2000 1609 2041 instantiam,
1627 2000 1682 2033 sed
1698 2011 1734 2033 ex
1752 2001 1839 2033 certa

1093 2053 1224 2087 scientia
1247 2064 1283 2087 ac
1307 2055 1432 2087 matura
1456 2053 1683 2087 deliberatione
1711 2053 1837 2093 nostris,

1092 2107 1194 2151 deque
1220 2107 1411 2151 apostolicae
1434 2107 1598 2151 potestatis
1621 2106 1816 2151 plenitudine
1830 2133 1837 2147 ,

1092 2161 1304 2204 praeinsertas
1318 2161 1438 2194 litteras
1451 2160 1638 2205 praedictas,
1653 2171 1724 2194 cum
1742 2160 1839 2193 omni-

1092 2213 1151 2246 bus
1182 2218 1212 2246 et
1243 2214 1374 2257 singulis
1399 2214 1430 2246 in
1455 2214 1499 2247 eis
1527 2213 1703 2253 contentis,
1728 2217 1836 2247 tenore

1091 2267 1315 2310 praesentium,
1328 2267 1541 2311 approbamus
1554 2272 1585 2300 et
1602 2266 1837 2305 confirmamus,

1092 2321 1215 2365 illisque
1239 2326 1411 2365 perpetuae
1435 2326 1465 2354 et
1484 2321 1675 2354 inviolabilis
1692 2319 1837 2364 apostoli-

1092 2386 1146 2408 cae
1169 2375 1329 2408 firmitatis
1353 2375 1454 2408 robur
1477 2374 1651 2407 adiicimus.

1135 2429 1150 2472 ξ
1174 2428 1203 2461 3.
1228 2429 1437 2461 Decernentes
1469 2428 1594 2461 easdem
1624 2427 1836 2472 praeinsertas
1878 2434 1998 2455 Clausum-

1091 2482 1220 2522 litteras,
1246 2483 1413 2525 omniaque
1439 2487 1468 2514 et
1493 2482 1616 2524 singula
1641 2481 1672 2514 in
1697 2481 1741 2514 cis
1766 2492 1837 2515 con-

1091 2540 1174 2569 tenta
1207 2546 1334 2579 semper
1363 2541 1393 2567 et
1419 2540 1572 2578 perpetuo
1598 2535 1719 2575 valida,
1744 2534 1836 2567 firma

1091 2594 1120 2622 et
1145 2589 1283 2622 efficacia
1307 2599 1374 2621 esse
1399 2593 1428 2621 et
1452 2589 1519 2621 sore
1534 2616 1541 2629 ,
1566 2599 1702 2632 suosque
1727 2589 1835 2632 plena-

1120 2654 1129 2679 1
1146 2652 1298 2680 inordinate
1309 2651 1374 2680 edit.
1387 2651 1466 2680 Main.
1476 2652 1541 2687 legit
1550 2660 1650 2680 rerum
1658 2654 1748 2687 prout
1758 2651 1834 2687 (n-r).
