2269 3235
235 262 281 288 Αη.
301 262 328 289 c.
354 262 419 290 16026
465 252 528 286 480

250 1123 357 1142 Clausulas
371 1127 419 1141 con-

236 1150 361 1169 firmatoria<
383 1155 419 1174 pu-

266 1440 374 1461 Decretum
393 1440 419 1461 ii·-

238 1469 302 1489 ritans
318 1468 384 1488 addit.

241 1816 348 1837 Contraria
365 1817 423 1837 tollit.

283 2613 427 2638 Transumpns

244 2640 303 2661 credi
317 2640 410 2661 mandat.

430 311 538 351 Cruce,
559 310 589 343 in
614 309 785 343 Genuensis
811 306 1008 340 Valerianum
1029 316 1046 339 a
1064 307 1092 339 5.
1110 306 1170 339 Au-

431 363 566 405 gustino,
584 374 619 395 ae
636 363 666 394 in
680 361 801 393 Siciliae
815 359 1048 403 provinciarum
1066 359 1170 391 liuius-

432 416 514 449 modi
545 415 752 459 provinciales
784 414 930 445 loannem
960 412 1128 456 Baptistam
1153 422 1170 445 a

432 470 459 502 S.
480 469 646 501 Franciseo
671 467 708 499 de
731 467 833 506 Paula,
850 465 975 499 Ordinis
991 470 1022 498 et
1038 466 1170 509 Congre-

431 521 566 563 gationis
592 520 770 553 huiusmodi
795 520 1011 563 professores,
1039 519 1170 552 dilectos

433 575 521 615 tilios,
546 574 602 606 sub
633 583 695 606 uno
721 573 818 617 ipsius
842 573 1100 616 C011g1·egationis
1124 573 1169 605 vi-

432 628 516 661 vario
536 627 686 671 generali,
703 637 738 659 ae
756 637 828 660 cum
850 627 1033 671 privilegiis,
1050 626 1169 670 gratiis,

434 681 570 721 indultis,
596 680 803 721 ltu-altatibus,
828 679 1042 713 iurisdictione
1067 685 1097 712 et
1120 690 1171 711 au—

433 734 575 766 ctoritate
600 733 707 775 solitis,
726 738 756 766 ct
775 732 835 766 sibi
854 743 890 765 ex
910 743 993 765 nunc
1017 743 1116 775 usque
1133 732 1170 764 ad

432 786 573 819 eiusdem
605 786 733 829 capituli
768 786 1011 819 celebrationem
1040 785 1079 817 ab
1103 785 1171 829 ipso

436 840 545 873 Basilio
570 840 686 873 vicario
708 839 857 882 generali,
875 838 1077 883 postmodum
1097 849 1171 872 vero

433 894 472 926 ab
497 893 608 927 eodem
640 893 777 937 capitulo
802 892 941 935 generali
965 891 1172 925 concedendis

434 952 464 980 et
480 947 685 989 declarandis,
706 946 891 979 auctoritate
909 951 938 978 et
956 951 1064 978 tenore
1081 955 1173 989 prae-

434 1001 524 1034 dietis
549 1011 712 1041 creamus,
738 999 957 1033 constituimus
982 1002 1011 1033 et
1034 999 1173 1031 deelara-

436 1065 514 1087 mus.

479 1108 494 1150 g
518 1106 547 1138 4.
580 1106 788 1138 Deeernentes
802 1132 809 1146 ‚
842 1110 1024 1149 praesentes
1055 1104 1174 1137 litteras

436 1160 562 1200 validas,
580 1159 687 1192 sirmas
704 1164 734 1192 et
750 1159 890 1192 efficaces
904 1158 1038 1191 existere
1055 1163 1085 1190 et
1098 1158 1174 1200 sore,

437 1223 572 1257 suosque
590 1213 747 1256 plenarios
761 1217 791 1245 et
808 1212 948 1254 integros
965 1210 1094 1244 effeetus
1111 1221 1176 1244 sor-

435 1268 486 1301 tiri
511 1272 541 1300 et
565 1267 722 1307 obtinere,
747 1276 783 1299 ae
807 1266 909 1298 eidem
934 1265 1175 1307 Congregationi

435 1321 467 1353 in
486 1320 632 1354 omnibus
654 1324 685 1353 et
708 1329 766 1363 per
783 1318 889 1352 omnia
913 1317 1093 1362 plenissime
1111 1318 1176 1350 suf-

434 1374 551 1417 fragari
563 1384 570 1413 ;

479 1428 494 1471 ξ
519 1427 547 1460 5.
573 1428 673 1470 Atque
690 1426 731 1460 ita
750 1426 782 1458 in
799 1425 981 1470 praemissis
1006 1435 1063 1469 per
1083 1434 1176 1468 qnos-

436 1491 572 1525 eumque
597 1481 716 1513 iudices
740 1479 917 1513 ordinarios
941 1483 971 1511 et
999 1478 1176 1521 delegatos,

436 1534 529 1567 etiam
554 1544 720 1567 causarum
740 1533 846 1577 palatii
870 1531 1035 1576 apostolici
1059 1531 1177 1565 audito-

435 1598 496 1629 res,
515 1588 647 1621 iudicari
668 1592 697 1620 et
711 1586 834 1620 definiri
852 1586 977 1626 debere,
987 1596 1023 1619 ae
1040 1585 1176 1626 irritum,

437 1646 467 1674 et
490 1641 591 1682 inane,
612 1641 637 1673 si
662 1651 752 1674 secus
772 1651 869 1683 super
893 1639 942 1672 his
966 1649 983 1671 a
1007 1649 1175 1682 quoquam,

437 1695 545 1737 quavis
558 1694 751 1733 auctoritate,
770 1693 903 1727 scienter
920 1692 967 1725 vel
984 1692 1176 1735 ignoranter,

438 1748 608 1791 contigerit
632 1746 786 1780 attentari.

484 1803 498 1845 ᾗ
523 1801 551 1834 6.
577 1802 645 1834 Non
676 1799 872 1833 obstantibus
904 1797 1178 1833 constitutionibus

439 1861 469 1889 et
489 1855 739 1889 ordinationibus
752 1853 940 1897 apostolicis,
958 1863 1002 1895 ac,
1024 1858 1177 1897 quatenus

439 1921 518 1954 opus
540 1909 588 1949 sit,
602 1908 726 1942 Ordinis
746 1913 776 1940 et
795 1906 1053 1950 Congregationis
1073 1906 1178 1939 huius-

440 1963 524 1997 modi
535 1963 640 2006 (etiam
658 1962 844 2001 iuramento,
855 1961 1094 1994 confirmatione
1107 1971 1178 2004 apo-

439 2018 548 2051 stolica
565 2017 612 2049 vel
633 2016 742 2060 quavis
762 2015 909 2048 firmitate
926 2015 987 2047 alia
1007 2014 1176 2058 roboratis)

439 2070 560 2104 statutis
574 2075 604 2103 et
616 2069 905 2109 consuetudinibus,
919 2067 1093 2112 privilegiis
1103 2079 1179 2113 quo-

439 2136 510 2169 que,
528 2123 655 2157 indultis
673 2129 702 2156 et
722 2123 833 2155 litteris
859 2122 1038 2166 apostolicis
1055 2122 1086 2154 in
1104 2132 1177 2155 eon-

441 2178 570 2211 trarium
590 2176 836 2222 praemissorum
854 2175 1093 2219 quomodolibet
1103 2171 1179 2208 'con-

440 2233 555 2273 cessis⁷
590 2231 782 2265 confirmatis
807 2235 837 2263 et
865 2229 1029 2263 innovatis.
1061 2228 1178 2268 Quibus

441 2286 586 2320 omnibus
606 2291 636 2318 et
655 2285 797 2328 singulis,
815 2294 926 2317 eorum
950 2289 1075 2317 tenores
1092 2293 1179 2327 prae-

441 2340 579 2374 sentibus
595 2350 653 2383 pro
670 2339 761 2382 plene
778 2343 808 2371 et
821 2337 1012 2371 sufficienter
1025 2336 1179 2380 expressis

441 2393 601 2433 habentes,
619 2392 678 2425 illis
695 2392 770 2424 alias
787 2392 819 2424 in
836 2402 892 2424 suo
909 2391 1024 2424 robore
1037 2399 1180 2433 perman-

441 2446 532 2482 suiis,
556 2447 612 2478 ‘tiae
629 2445 698 2479 viee
718 2445 879 2477 dumtaxat
896 2443 1073 2488 specialiter
1088 2448 1118 2476 et
1131 2453 1180 2476 ex-

442 2510 549 2543 presse
577 2500 784 2542 derogamus,
811 2498 987 2542 ceterisque
1012 2497 1179 2531 contrariis

442 2556 701 2597 quiliii.³euni(pie.

487 2608 502 2649 g
523 2606 549 2638 7.
568 2607 717 2639 Volumus
733 2611 847 2647 autem,
865 2605 948 2650 quod
965 2604 1179 2649 praesentium

442 2660 656 2705 transumptis,
682 2660 774 2695 etiam
799 2659 978 2705 iiiipi‘essi5‚
1002 2669 1099 2694 manu
1123 2658 1179 2693 ali-

1007 258 1184 282 BULLARIUM
1209 257 1362 281 ROMANUM

1203 305 1292 339 cuius
1308 304 1422 339 notarii
1438 304 1556 349 publici
1579 304 1773 349 subscriptis,
1792 310 1822 339 et
1839 306 1943 349 sigillo

1203 358 1335 391 alieuius
1351 368 1505 402 personae
1522 358 1553 390 in
1567 358 1716 401 dignitate
1732 359 1942 393 ecclesiastiea

1203 413 1390 446 constitutae
1414 411 1552 452 munitis,
1577 411 1686 444 eadem
1710 422 1843 454 prorsus
1866 413 1943 446 fides

1204 465 1320 508 ubique
1338 465 1532 506 adhibeatur,
1547 474 1626 508 quae
1639 464 1842 498 adhiberetur
1857 476 1944 509 prae-

1205 518 1354 559 sentibus,
1377 517 1401 550 si
1426 518 1528 550 forent.
1553 517 1708 550 exhibitae
1726 518 1773 550 vel
1791 523 1942 551 ostensae.

1249 572 1360 605 Datum
1389 572 1524 611 Rornae,
1550 571 1632 615 apud
1660 571 1689 604 S.
1707 571 1836 603 Mariam
1853 572 1944 606 Maio-

1203 636 1281 666 rem,
1294 626 1350 658 sub
1364 626 1480 658 annulo
1494 624 1672 665 piscatoris,
1683 623 1733 657 die
1749 634 1824 658 xxix
1843 635 1944 667 augu-

1205 680 1241 714 sti
1259 689 1412 721 rincxxvl,
1431 679 1631 723 pontificatus
1654 678 1754 712 nostri
1778 689 1860 712 anno
1885 689 1926 712 lv.

1239 742 1298 768 Dat.
1319 742 1362 769 die
1378 742 1412 769 29
1427 742 1532 778 augusti
1553 741 1631 776 1626,
1652 741 1749 777 pontif.
1768 749 1838 768 anno
1856 748 1891 769 lv.

1206 839 1360 882 Sequitur
1370 838 1546 871 declaratio
1559 849 1669 871 sacrae
1681 838 1947 882 Conqreqatiom's

1250 892 1275 925 A
1281 891 1455 935 postolicae
1469 891 1674 924 Visitationis
1683 902 1780 935 super
1792 891 1948 935 facultate

1251 954 1352 987 qaam
1374 944 1490 976 habere
1509 943 1721 976 dubitabatur
1737 944 1881 976 vicarius
1898 954 1948 986 qe-

1251 997 1376 1030 aeratis
1411 997 1549 1029 istorum
1583 997 1726 1039 fratrum
1758 1006 1791 1028 eo
1823 996 1949 1029 absente

1253 1049 1456 1093 subroqandi
1472 1049 1579 1082 alium
1595 1059 1652 1082 suo
1674 1049 1739 1081 loco
1758 1059 1831 1081 cum
1848 1049 1949 1081 omni-

1252 1103 1348 1136 moda
1370 1106 1525 1146 potestate
1545 1106 1573 1135 et
1591 1101 1826 1143 iurisdictione,
1848 1112 1949 1145 quam

1253 1157 1321 1200 ipse
1336 1156 1480 1189 vicarius
1495 1155 1659 1199 generalis
1672 1166 1825 1200 praesens
1844 1156 1948 1189 habet.

1210 1237 1299 1265 Sacra
1319 1237 1512 1272 congregatio
1536 1236 1725 1270 apostolicae
1747 1235 1949 1264 visitationis.

1254 1318 1287 1350 In
1319 1318 1413 1351 eausa
1437 1321 1468 1349 et
1490 1317 1592 1350 causis
1622 1327 1727 1350 eoram
1753 1316 1844 1350 nobis
1869 1315 1950 1350 inter

1210 1369 1380 1403 admodum
1413 1369 1622 1402 reverendum
1653 1374 1792 1413 patrem,
1820 1369 1950 1402 fratrem

1210 1423 1357 1456 Basilium
1374 1433 1391 1455 a
1409 1423 1610 1456 Sanctissima
1622 1422 1783 1464 Trinitate,
1798 1422 1951 1456 vicarium

1210 1477 1389 1520 generalem
1405 1476 1662 1519 Congregationis
1686 1476 1952 1509 Disealeeatorum

1210 1530 1335 1564 Ordinis
1352 1530 1450 1563 sancti
1474 1529 1640 1572 Augustini
1656 1529 1762 1562 Italiae
1778 1539 1816 1562 ex
1832 1530 1904 1571 una,
1923 1534 1953 1562 et

1210 1588 1315 1627 patres
1340 1583 1494 1626 Ignatium
1515 1593 1532 1615 a
1546 1584 1652 1615 sancta
1678 1583 1783 1623 Maria,
1805 1583 1952 1616 Ioannem

1210 1637 1249 1670 ab
1272 1637 1505 1680 Assumptione,
1527 1640 1556 1670 et
1575 1636 1722 1669 Ioannem
1747 1636 1917 1680 Baptistam
1935 1647 1953 1668 a

1211 1691 1240 1724 S.
1258 1691 1280 1724 F
1284 1691 1425 1724 ranciseo
1447 1691 1485 1723 de
1510 1690 1614 1732 Paula,
1632 1690 1813 1724 definitores
1834 1695 1864 1722 et
1883 1700 1952 1733 pro-

1211 1749 1390 1777 curatorem
1415 1744 1595 1787 generalem
1617 1743 1790 1787 respective
1811 1743 1951 1776 eiusdem

1211 1797 1479 1841 Congregationis,
1496 1797 1534 1830 de
1554 1802 1583 1830 et
1603 1807 1697 1841 super
1710 1798 1876 1841 praetensa
1886 1797 1953 1829 nul-

1211 1853 1297 1885 litate
1329 1851 1535 1895 delegationis
1566 1861 1622 1895 per
1651 1850 1797 1883 eumdem
1829 1855 1951 1894 patrem

1210 1906 1362 1939 ricarium
1383 1905 1562 1948 generalem
1582 1904 1680 1938 saetae
1699 1904 1731 1936 in
1747 1905 1883 1948 persona
1899 1914 1954 1948 pa-

1211 1959 1267 1992 tris
1290 1958 1445 1992 Valeriani
1470 1968 1487 1990 a
1512 1962 1619 1991 saneto
1650 1958 1825 2001 Augustino
1850 1957 1952 2001 quarti

1211 2012 1385 2046 definitoris
1403 2016 1431 2046 et
1447 2011 1564 2056 prioris
1584 2016 1755 2045 conventus
1780 2011 1808 2045 S.
1827 2012 1951 2046 Antonii

1211 2067 1249 2100 de
1274 2067 1367 2107 Urbe,
1392 2066 1550 2110 rebusque
1574 2065 1651 2108 aliis,
1670 2070 1728 2098 etc.

1254 2120 1326 2152 Fuit
1355 2119 1517 2163 provisum
1542 2124 1572 2151 et
1595 2119 1778 2159 decretum,
1803 2128 1951 2151 reveren-

1212 2172 1284 2206 dum
1300 2178 1422 2217 patrem
1435 2172 1587 2205 vicarium
1601 2172 1697 2205 suisse
1709 2176 1738 2204 et
1758 2182 1826 2205 esse
1838 2182 1951 2205 verum

1212 2231 1242 2259 et
1264 2226 1440 2269 legitimum
1464 2225 1663 2270 superiorem
1687 2225 1840 2258 vicarium
1862 2236 1954 2269 gene-

1212 2281 1311 2314 ralem
1335 2285 1551 2323 nuncupatum
1569 2279 1663 2313 totius
1683 2289 1757 2312 suae
1775 2279 1953 2323 Congrega-

1212 2334 1316 2375 tionis,
1336 2344 1371 2367 ac
1396 2333 1440 2366 uti
1458 2339 1488 2366 et
1515 2333 1653 2376 gaudere
1677 2333 1823 2367 omnibus
1844 2338 1874 2366 et
1891 2333 1954 2366 sin-

1212 2389 1293 2433 gulis
1306 2388 1437 2429 iuribus,
1447 2387 1685 2432 praerogativis,
1699 2387 1954 2431 praeeminentiis

1213 2448 1243 2476 et
1258 2442 1465 2483 facultatibus,
1483 2442 1598 2486 quibus
1615 2442 1747 2475 aliarum
1762 2441 1953 2485 religionum

1213 2497 1375 2540 generales
1399 2496 1546 2539 gaudent,
1569 2500 1701 2528 utuntur
1726 2500 1756 2528 et
1779 2495 1952 2540 potiuntur3

1213 2551 1346 2594 ideoque
1371 2550 1429 2583 sibi
1453 2549 1579 2583 licuisse
1604 2555 1634 2582 et
1657 2550 1753 2583 licere
1778 2549 1859 2583 inter
1883 2549 1952 2593 alia,

1213 2615 1250 2638 eo
1268 2605 1405 2646 absente,
1422 2604 1518 2638 alium
1536 2614 1592 2637 suo
1609 2605 1679 2638 loeo
1696 2604 1882 2647 subrogare,
1900 2603 1954 2646 qui

1213 2658 1395 2694 omnimoda
1416 2658 1482 2693 eius
1507 2662 1662 2703 potestate
1682 2662 1712 2693 et
1736 2644 1984 2692 iurisdictionfl

1950 258 1999 286 An.
2020 259 2050 286 C.
2072 258 2142 286 1626

1991 1327 2109 1352 Dubitatio,
2122 1327 2149 1349 do

1965 1360 2008 1381 qua
2022 1356 2044 1376 in
2056 1355 2149 1376 rubrica.

1994 2127 2104 2149 Resolntio
2121 2127 2153 2149 di·

1967 2156 2015 2202 ¹cltgai
2038 2155 2153 2176 dubitatio-
