2269 3235
219 284 265 310 An.
288 285 316 310 (ἶ.
339 285 403 310 11195

218 531 258 550 dtis
280 534 401 550 iet-›inmm-
530 545 535 559 ,
615 543 619 547 .
694 543 698 549 .
720 542 725 547 .
908 542 913 547 .
970 543 975 547 ,
1070 552 1076 557 .

218 559 401 603 lissl'l..‚..'.‘J¹'.'.''J-·¹‘¹
418 554 487 575 rum
514 543 659 575 lolontae
685 544 779 575 luisse
803 542 882 574 benc
908 546 1158 581 iiistitiitas,e·21s-

254 1509 283 1529 Dn
298 1510 404 1529 monazia-

220 1537 251 1556 rio
283 1536 404 1555 mon-atium

220 1562 307 1582 maioris
331 1563 404 1586 filogo-

221 1590 275 1609 viae.

264 1988 289 2008 Et
304 1988 408 2007 consentu

224 2015 344 2035 Gtivtcunsi.

283 2519 314 2540 Do
329 2518 414 2539 statutis

229 2547 317 2568 &atrum
351 2545 414 2566 retor-

230 2575 342 2595 matorum.

448 275 513 308 4102

416 333 507 365 liram
532 331 733 370 consulendo,
747 330 770 362 si
788 340 866 373 opus
883 329 984 362 suerit.
1002 329 1156 372 Quidquid

417 396 490 418 vero
507 386 545 417 ab
567 385 633 427 ipso
660 388 808 415 statutum
836 382 928 415 t'uerit
955 383 983 414 in
1009 382 1069 415 illis
1089 393 1158 426 pro-

419 439 526 470 rinciis
551 436 733 479 exquutioni
760 436 934 468 mandetur.

463 490 663 529 Declaratur,
688 489 765 521 duas
790 488 947 521 rustmlias
973 488 1157 521 rct'ori'nato-

372 599 375 603 '
417 607 499 639 que,
529 601 554 627 et
582 596 619 627 ad
652 595 733 628 idem
769 595 943 628 institutum
969 595 1156 628 serrandum

420 649 528 691 teneri,
547 653 577 683 et
601 649 718 682 eisdem
743 648 917 692 privilegiis
937 653 965 680 et
992 657 1158 691 praeroga-

419 702 489 735 tivis
502 702 649 745 gaudere,
664 702 747 746 quod
762 706 895 742 servant,
910 707 939 733 et
956 701 1070 744 quibus
1087 711 1159 743 gau-

417 755 491 788 dent
515 755 674 789 custodiae
704 756 949 788 reformatorum
981 754 1103 786 ltaliae:
1129 758 1159 786 et

416 808 602 851 praesertim
628 808 843 851 quod'rotum
868 807 1003 840 babeant
1027 806 1058 838 in
1078 806 1160 849 capi-

417 861 490 893 tulis
506 861 754 905 prorineialilnts
771 861 895 892 illarum
914 859 1158 903 provinciarum,

417 914 533 956 quibus
558 918 629 947 sunt
648 924 796 945 annexae.
814 913 946 955 lnsuper
963 911 1101 943 declarat
1118 915 1161 945 to-

418 971 485 999 tum
508 966 722 999 delinitorium
738 993 745 1005 ,
771 967 941 997 rel'ormam
971 975 1024 996 seu
1050 969 1157 1001 custo-

418 1019 501 1051 diam
525 1019 667 1051 Austriac
694 1029 799 1051 reram
824 1028 893 1050 esse
917 1017 1092 1051 custodiam
1122 1017 1160 1049 ad

418 1072 553 1103 sormam
589 1071 722 1103 aliarum
757 1071 1019 1103 relormatiomun
1056 1070 1160 1104 Italiae

419 1124 609 1164 institutam,
635 1124 818 1167 eisdemque
843 1123 1016 1167 privilegiis
1041 1127 1070 1157 et
1094 1133 1162 1166 gra-

419 1177 483 1218 tiis,
502 1177 616 1220 quibus
633 1182 755 1209 ceterae
776 1177 880 1209 ltaliae
905 1176 1065 1209 custodiae
1090 1186 1162 1218 gau-

418 1230 500 1271 dent,
523 1230 617 1273 potiri
642 1235 672 1262 et
696 1230 833 1273 gaudere
859 1230 982 1262 debere.
1008 1229 1094 1262 Idem
1118 1229 1163 1261 di-

418 1283 519 1316 eimus
544 1283 637 1317 ctiam
662 1283 699 1316 de
724 1289 879 1316 conventu
904 1283 1068 1326 Pragensi,
1092 1294 1163 1327 pro-

419 1337 521 1369 vincia
546 1337 691 1370 lloi‘miae
716 1341 745 1370 et
769 1337 980 1380 Tyrnavffinsi,
999 1337 1161 1380 provincia

419 1390 448 1423 S.
474 1390 587 1423 Mariae
611 1391 791 1433 Ilungariac
816 1391 994 1424 reformatis
1025 1390 1087 1423 iam
1118 1401 1164 1423 as-

419 1444 550 1487 signatis
575 1450 603 1477 et
629 1445 761 1485 traditis,
780 1450 837 1477 cte.

464 1498 687 1531 lllonasterium
705 1498 889 1531 monialium
908 1498 1085 1531 clausarum
1103 1508 1165 1530 ma-

421 1551 496 1584 ioris
520 1551 689 1594 Glogoviae
714 1552 896 1595 provinciae
920 1552 1076 1592 Boemiae,
1094 1562 1165 1594 sup-

420 1605 524 1648 posita
536 1604 675 1648 ipsarum
690 1605 901 1637 inobedientia
915 1609 944 1637 et
956 1605 1164 1644 contumacia⁷

422 1657 551 1691 omnino
567 1658 774 1701 relinquatur,
792 1663 822 1691 et
839 1658 1017 1700 resignetur
1032 1658 1093 1690 loci
1113 1658 1166 1690 Or-

422 1710 562 1750 dinario,
596 1711 674 1743 itaut
699 1711 906 1754 imposterum
930 1711 1007 1743 nulli
1039 1710 1166 1753 provin-

423 1764 549 1797 cialium
570 1764 746 1797 successive
764 1765 943 1797 futurorum
962 1767 1014 1797 aut
1031 1764 1165 1804 aliorum

423 1827 701 1861 quorumcumque
719 1817 852 1849 fratrum
870 1817 960 1850 liceat
984 1817 1015 1849 in
1041 1822 1166 1850 contra-

422 1871 506 1903 rium
523 1870 640 1914 aliquid
658 1874 819 1910 attentare,
833 1870 890 1903 sub
904 1872 1006 1914 poena
1023 1871 1168 1913 privatio-

424 1924 472 1956 nis
482 1929 608 1957 actuum
628 1924 841 1967 legitimorum
860 1924 1166 1957 contrasacientibus.

469 1978 646 2011 Conventus
663 1977 862 2019 Gliricensis,
889 1977 964 2010 olim
984 1978 1023 2011 ad
1039 1978 1168 2021 provin-

425 2031 490 2064 ciae
515 2031 662 2064 Boemiae
686 2032 798 2064 fratres
823 2035 977 2075 spectans,
997 2042 1033 2064 ae
1057 2031 1169 2064 deinde

424 2084 605 2117 reformatis
619 2084 800 2128 provinciae
818 2084 966 2118 Poloniae
983 2085 1168 2127 assignatus,

425 2138 604 2172 declaratur
623 2138 844 2182 incorporatus
862 2137 1080 2171 reformationi
1100 2148 1170 2181 pro-

425 2192 545 2225 vinciae
565 2192 722 2234 Poloniae,
738 2192 1005 2236 praecipiturque,
1026 2191 1171 2235 1111111110-

425 2250 546 2278 sterum
563 2256 626 2278 non
643 2246 736 2278 liceat
752 2245 937 2288 provinciali
956 2245 1112 2285 Bo'emiae,
1123 2244 1169 2277 vel

426 2298 515 2331 alteri
532 2298 613 2342 patri
630 2298 771 2331 eiusdem
792 2297 982 2341 provinciae,
1001 2297 1119 2341 aliquid
1139 2287 1169 2329 in

426 2352 620 2385 contrarium
630 2356 791 2394 attentare,
802 2353 859 2385 sub
873 2352 974 2396 poena
988 2351 1170 2395 privationis

427 2405 615 2447 officiorum,
633 2410 823 2450 acttunnque
836 2405 1052 2449 legitimorum
1067 2405 1104 2438 iis
1117 2404 1170 2449 qui

430 2460 682 2493 contrafecerint.

473 2512 520 2545 Aa
537 2513 738 2547 confusiones
755 2519 785 2546 et
800 2514 964 2547 varietates
982 2518 1171 2546 statutorum

432 2566 618 2599 reformatos
636 2568 893 2601 concernentium
911 2567 1075 2608 tollendas⁷
1089 2572 1119 2600 et.
1134 2567 1171 2599 ad

432 2623 548 2653 tertam
580 2619 708 2663 insuper
739 2621 946 2664 stabilemque
978 2621 1058 2655 inter
1089 2620 1173 2664 ipsos

431 2673 690 2708 constitutionum
714 2674 966 2710 observationem
989 2673 1170 2719 praefigen-

994 280 1174 305 tittt.t.itntm=t
1201 280 1354 304 noatANttM

1192 329 1274 369 1111111,
1305 327 1573 370 statuemlamtpie,
1598 327 1741 361 consulto
1765 327 1930 368 statuitur,

1192 382 1391 425 strictiusque
1410 380 1612 424 praecipitur,
1626 379 1683 412 sub
1698 380 1808 423 poenis
1825 380 1855 413 in
1869 379 1931 414 eis-

1191 435 1262 467 dem
1288 432 1562 467 constitutionibus
1580 432 1699 473 taxatis,
1717 437 1747 465 et
1767 433 1932 466 irremissi-

1192 487 1296 522 biliter
1314 486 1503 529 infligendis,
1527 491 1561 518 ut
1586 486 1794 529 imposterum
1819 486 1932 519 fratres

1193 540 1352 573 reformati
1373 540 1409 572 iis
1426 539 1586 571 dumtaxat
1600 538 1721 571 statutis
1734 537 1934 581 generalibus

1192 599 1328 633 utantur,
1342 604 1377 626 ae
1387 604 1422 626 ea
1433 591 1653 625 inviolabiliter
1670 591 1845 632 observent,
1855 601 1934 634 quae

1192 658 1249 690 pro
1278 647 1361 679 bono
1393 658 1428 679 ac
1459 644 1609 678 strictiori
1646 644 1786 688 ipsorum
1811 643 1933 677 vivendi

1193 700 1285 733 modo
1303 700 1333 732 in
1350 698 1507 743 praesenti
1525 697 1771 741 congregatione
1785 696 1933 739 generali,

1193 753 1285 786 etiam
1316 753 1391 796 ipsis
1424 751 1600 785 reformatis
1634 750 1876 784 assentientibus
1907 755 1937 782 et

1193 806 1442 850 acceptantibus,
1468 810 1591 838 mature
1615 805 1741 838 decreta
1765 808 1795 836 et
1820 803 1937 836 sancita

1195 860 1292 899 suere,
1309 869 1407 901 eaque
1432 858 1572 901 quolibet
1590 857 1733 890 bimestri
1758 857 1864 899 legere
1890 861 1935 888 te-

1194 916 1328 944 neantur
1353 916 1495 955 tempore
1520 912 1697 945 eommunis
1722 911 1908 965 reseptionis.

1196 1001 1328 1034 Decreta
1341 1011 1451 1033 sacrae
1462 1000 1728 1043 Conqregyatimzis
1741 1012 1761 1033 a
1775 1001 1828 1034 SS.
1842 1001 1880 1033 D.
1894 1001 1934 1034 N.

1239 1064 1296 1097 pro
1314 1054 1519 1086 cismonlamz
1535 1053 1669 1096 familia
1683 1053 1937 1086 consultationi-

1241 1107 1298 1140 bus
1309 1107 1525 1150 praepositae,
1542 1117 1625 1150 quae
1640 1106 1721 1139 lecta
1736 1107 1825 1150 fuere
1838 1107 1874 1139 in
1891 1117 1940 1150 qe-

1239 1161 1349 1193 nerali
1368 1160 1502 1194 Ordinis
1519 1161 1776 1204 commessatione.

1241 1231 1334 1264 Sacra
1354 1231 1562 1275 Congregatio
1586 1242 1603 1264 a
1628 1231 1831 1264 Sanctissimo
1852 1231 1886 1264 D.
1902 1231 1937 1264 N.
1969 1267 1972 1271 ⁴
1995 1241 2075 1264 eumn<
2089 1245 2137 1266 pm-

1197 1284 1330 1317 sratrtsm
1359 1285 1514 1317 Minorum
1544 1285 1583 1317 de
1611 1283 1814 1317 observanti-a
1841 1284 1939 1317 saneti
1954 1273 2038 1314 {Elsil'ffo
2051 1267 2138 1314 1911151,

1197 1338 1219 1369 F
1223 1338 1355 1371 rancisci
1380 1338 1594 1371 cismontanae
1616 1337 1752 1370 familiae
1776 1337 1936 1370 consulta·
1955 1320 2139 1377 lisslliltisl't'll'c'fffi

1198 1392 1335 1424 tionibus
1345 1392 1533 1435 praeposita,
1544 1392 1661 1431 rolens,
1673 1395 1824 1434 quantum
1837 1395 1941 1434 potest
1955 1376 2093 1427 {lid-lfflj'f'ffi
2108 1378 2139 1393 ω’

1198 1446 1230 1478 111
1254 1445 1403 1485 Domino,
1428 1445 1569 1488 ipsorum
1586 1445 1744 1488 postulato
1761 1444 1941 1477 satisfacere

1199 1499 1282 1532 circa
1299 1498 1433 1532 novitios
1450 1498 1489 1530 ad
1506 1497 1647 1531 habitum
1665 1501 1695 1531 et
1712 1496 1941 1540 professionem

1198 1552 1428 1592 admittendos,
1454 1552 1623 1584 Sanctitate
1647 1551 1709 1584 Sua
1733 1550 1941 1594 approbante,

1200 1605 1330 1645 censuit,
1344 1610 1418 1638 tune
1435 1604 1562 1637 demum
1579 1615 1646 1637 esse.
1671 1604 1732 1636 illis
1757 1603 1943 1647 permitten-

1200 1658 1284 1700 dum,
1302 1663 1335 1690 ut
1352 1657 1497 1698 novitios,
1514 1662 1549 1691 ut
1565 1668 1670 1701 supra,
1687 1657 1852 1700 recipiant,
1870 1667 1943 1689 cum

1201 1711 1395 1751 consumit,
1420 1722 1457 1743 ex
1481 1711 1625 1755 ipsorum
1655 1710 1861 1743 conventibus
1891 1719 1944 1742 eos

1201 1764 1363 1797 sustulisse
1376 1764 1491 1796 abusus
1508 1774 1627 1804 omnes,
1639 1764 1691 1806 qui
1706 1763 1835 1806 regulae
1848 1762 1945 1795 sancti

1202 1817 1360 1850 Francisci
1385 1817 1601 1851 observantiae
1624 1817 1838 1849 adversantur.
1856 1815 1945 1855 Quod

1202 1871 1256 1903 ubi
1280 1870 1519 1914 praestiterint,
1545 1870 1736 1913 designanda
1760 1875 1853 1902 erunt
1877 1870 1945 1902 loca

1202 1935 1261 1968 pro
1287 1925 1397 1957 iisdem
1417 1924 1545 1958 novitiis
1569 1924 1769 1968 recipiendis,
1794 1929 1824 1957 et
1847 1934 1942 1967 prae-

1204 1977 1387 2010 scribendus
1401 1977 1656 2021 recipiendorum
1668 1988 1819 2010 numerus
1832 1981 1862 2010 et
1874 1987 1947 2021 qua-

1204 2031 1283 2071 litas,
1308 2036 1339 2064 et
1363 2031 1422 2063 alia
1446 2031 1485 2063 ad
1505 2041 1614 2064 eorum
1634 2031 1860 2064 institutionem
1878 2041 1947 2074 per-

1204 2085 1342 2126 tinentia,
1361 2090 1391 2117 et
1408 2089 1501 2128 prout
1518 2095 1725 2128 unaquaeque
1741 2083 1903 2128 provincia
1916 2084 1947 2116 id

1205 2143 1387 2181 exequetur,
1406 2138 1508 2170 eidem
1528 2138 1743 2182 receptionem
1767 2136 1947 2170 huiusmodi

1204 2191 1271 2224 sore
1295 2191 1547 2234 permittendam.

1249 2244 1374 2277 Abusus
1391 2255 1477 2285 vero,
1495 2244 1609 2287 quibus
1627 2254 1680 2277 eos
1696 2249 1866 2288 propterea
1886 2253 1948 2276 me-
1963 2251 2062 2299 amum*
2071 2251 2146 2288 totton-

1205 2297 1272 2331 deri
1281 2297 1446 2341 oportebit,
1455 2302 1526 2330 sunt
1536 2298 1734 2341 potissimum
1745 2297 1946 2341 infrascripti.
1979 2285 1984 2299 ¹
1999 2285 2010 2299 d
2029 2284 2085 2300 ΜΝ

1249 2350 1310 2384 Λο1
1335 2352 1474 2395 primum
1499 2351 1644 2384 abdicent
1667 2362 1685 2384 a
1714 2362 1746 2384 se
1777 2355 1807 2385 et
1836 2361 1947 2384 eorum
1989 2359 2018 2378 tic
2034 2352 2094 2378 ¹›‹=n'is
2110 2358 2147 2378 nn-

1963 2384 2082 2408 mobilibusy
2099 2389 2147 2404 een-

1206 2405 1410 2438 eonventibus
1439 2415 1503 2437 non
1527 2405 1628 2438 solum
1650 2405 1783 2448 pristina
1806 2416 1842 2438 ac
1865 2404 2148 2458 bonztssiflpgffduffipbffiai:

1207 2458 1312 2491 onmia
1329 2458 1512 2500 immobilia,
1530 2469 1609 2501 quae
1627 2458 1741 2491 alieubi
1759 2463 1869 2492 contra
1892 2468 1946 2491 re—
1963 2465 2043 2486 candis-

1207 2512 1298 2555 gulae
1315 2511 1483 2555 puritatem
1497 2516 1527 2544 et
1540 2511 1767 2544 declarationes
1787 2511 1886 2544 felicis
1905 2521 1949 2543 re-

1207 2565 1397 2600 eordationis
1421 2565 1540 2599 Nicolai
1570 2565 1607 2597 111
1636 2570 1666 2597 et
1693 2564 1860 2598 Clementis
1884 2564 1947 2597 vlll

1208 2623 1294 2653 extra
1318 2619 1366 2652 rel
1391 2619 1472 2652 intra
1496 2624 1585 2662 septa
1610 2618 1873 2653 monasteriorum
1898 2618 1948 2651 de-

1248 2685 1256 2711 t
1274 2683 1315 2712 Ita
1328 2682 1458 2718 Clierub.;
1476 2681 1519 2712 ed.
1535 2681 1616 2712 Maia.
1632 2682 1715 2711 habet
1730 2682 1776 2710 Ad
1790 2682 1828 2718 (a.
1845 2681 1894 2716 T.).
