<?xml version="1.0" encoding="UTF-8"?>
<!DOCTYPE html PUBLIC "-//W3C//DTD XHTML 1.0 Transitional//EN"
    "http://www.w3.org/TR/xhtml1/DTD/xhtml1-transitional.dtd">
<html xmlns="http://www.w3.org/1999/xhtml" xml:lang="en" lang="en">
 <head>
  <title>
</title>
<meta http-equiv="Content-Type" content="text/html;charset=utf-8" />
  <meta name='ocr-system' content='tesseract 3.04.00' />
  <meta name='ocr-capabilities' content='ocr_page ocr_carea ocr_par ocr_line ocrx_word'/>
</head>
<body>
  <div class='ocr_page' id='page_1' title='image "./bullarumdiplomat13cath_0388.png"; bbox 0 0 2269 3235; ppageno 0'>
   <div class='ocr_carea' id='block_1_1' title="bbox 230 226 524 262">
    <p class='ocr_par' dir='ltr' id='par_1_1' title="bbox 230 226 524 262">
     <span class='ocr_line' id='line_1_1' title="bbox 230 226 524 262; baseline 0 -2"><span class='ocrx_word' id='word_1_1' title='bbox 230 234 278 261; x_wconf 71' lang='lat' dir='ltr'><strong>An.</strong></span> <span class='ocrx_word' id='word_1_2' title='bbox 297 235 326 261; x_wconf 81' lang='grc'><strong>0.</strong></span> <span class='ocrx_word' id='word_1_3' title='bbox 346 234 414 262; x_wconf 65' lang='grc'><strong>1005</strong></span> <span class='ocrx_word' id='word_1_4' title='bbox 459 226 524 260; x_wconf 70' lang='lat'><strong>5350</strong></span> 
     </span>
    </p>
   </div>
   <div class='ocr_carea' id='block_1_2' title="bbox 227 2048 410 2096">
    <p class='ocr_par' dir='ltr' id='par_1_2' title="bbox 227 2048 410 2096">
     <span class='ocr_line' id='line_1_2' title="bbox 297 2048 410 2073; baseline 0 -5"><span class='ocrx_word' id='word_1_5' title='bbox 297 2048 410 2073; x_wconf 59' lang='lat' dir='ltr'><strong>huminatio</strong></span> 
     </span>
     <span class='ocr_line' id='line_1_3' title="bbox 227 2077 387 2096; baseline 0 -1"><span class='ocrx_word' id='word_1_6' title='bbox 227 2077 387 2096; x_wconf 78' lang='lat' dir='ltr'><strong>contrariorum.</strong></span> 
     </span>
    </p>
   </div>
   <div class='ocr_carea' id='block_1_3' title="bbox 427 282 1174 697">
    <p class='ocr_par' dir='ltr' id='par_1_3' title="bbox 427 282 1174 697">
     <span class='ocr_line' id='line_1_4' title="bbox 431 282 1173 326; baseline 0 -11"><span class='ocrx_word' id='word_1_7' title='bbox 431 283 560 323; x_wconf 84' lang='lat' dir='ltr'><strong>damus,</strong></span> <span class='ocrx_word' id='word_1_8' title='bbox 584 287 737 326; x_wconf 85' lang='lat' dir='ltr'><strong>quatenus</strong></span> <span class='ocrx_word' id='word_1_9' title='bbox 764 282 841 325; x_wconf 81' lang='grc'><strong>11151,</strong></span> <span class='ocrx_word' id='word_1_10' title='bbox 867 282 914 314; x_wconf 70' lang='lat' dir='ltr'><strong>vel</strong></span> <span class='ocrx_word' id='word_1_11' title='bbox 939 283 1017 314; x_wconf 85' lang='lat' dir='ltr'><strong>alter</strong></span> <span class='ocrx_word' id='word_1_12' title='bbox 1042 294 1173 323; x_wconf 87' lang='grc'><strong>00111111,</strong></span> 
     </span>
     <span class='ocr_line' id='line_1_5' title="bbox 431 335 1174 379; baseline 0.004 -14"><span class='ocrx_word' id='word_1_13' title='bbox 431 347 487 378; x_wconf 87' lang='lat' dir='ltr'><strong>per</strong></span> <span class='ocrx_word' id='word_1_14' title='bbox 507 347 548 377; x_wconf 79' lang='lat' dir='ltr'><strong>se,</strong></span> <span class='ocrx_word' id='word_1_15' title='bbox 567 337 613 368; x_wconf 72' lang='lat' dir='ltr'><strong>vel</strong></span> <span class='ocrx_word' id='word_1_16' title='bbox 631 336 737 375; x_wconf 81' lang='lat' dir='ltr'><strong>alium,</strong></span> <span class='ocrx_word' id='word_1_17' title='bbox 753 346 807 367; x_wconf 78' lang='grc'><strong>5011</strong></span> <span class='ocrx_word' id='word_1_18' title='bbox 825 335 911 377; x_wconf 88' lang='lat' dir='ltr'><strong>alios,</strong></span> <span class='ocrx_word' id='word_1_19' title='bbox 930 341 1111 379; x_wconf 67' lang='lat' dir='ltr'>praesentes</span> <span class='ocrx_word' id='word_1_20' title='bbox 1127 336 1174 368; x_wconf 85' lang='lat' dir='ltr'><strong>lit-</strong></span> 
     </span>
     <span class='ocr_line' id='line_1_6' title="bbox 430 388 1172 432; baseline 0.001 -12"><span class='ocrx_word' id='word_1_21' title='bbox 430 394 522 429; x_wconf 73' lang='lat' dir='ltr'><strong>teras,</strong></span> <span class='ocrx_word' id='word_1_22' title='bbox 540 393 567 420; x_wconf 84' lang='lat' dir='ltr'><strong>et</strong></span> <span class='ocrx_word' id='word_1_23' title='bbox 586 388 616 420; x_wconf 91' lang='lat' dir='ltr'><strong>iu</strong></span> <span class='ocrx_word' id='word_1_24' title='bbox 635 388 679 420; x_wconf 77' lang='lat' dir='ltr'><strong>eis</strong></span> <span class='ocrx_word' id='word_1_25' title='bbox 704 393 849 420; x_wconf 81' lang='lat' dir='ltr'><strong>contenta</strong></span> <span class='ocrx_word' id='word_1_26' title='bbox 867 398 1093 432; x_wconf 81' lang='lat' dir='ltr'><strong>quaecumque,</strong></span> <span class='ocrx_word' id='word_1_27' title='bbox 1119 389 1172 421; x_wconf 93' lang='lat' dir='ltr'><strong>ubi</strong></span> 
     </span>
     <span class='ocr_line' id='line_1_7' title="bbox 430 440 1172 485; baseline 0.004 -13"><span class='ocrx_word' id='word_1_28' title='bbox 430 446 460 473; x_wconf 89' lang='lat' dir='ltr'><strong>et</strong></span> <span class='ocrx_word' id='word_1_29' title='bbox 473 440 597 483; x_wconf 85' lang='lat' dir='ltr'><strong>quando</strong></span> <span class='ocrx_word' id='word_1_30' title='bbox 615 452 694 484; x_wconf 87' lang='lat' dir='ltr'><strong>opus</strong></span> <span class='ocrx_word' id='word_1_31' title='bbox 712 441 814 481; x_wconf 84' lang='lat' dir='ltr'><strong>suerit,</strong></span> <span class='ocrx_word' id='word_1_32' title='bbox 833 446 862 473; x_wconf 97' lang='grc'><strong>01</strong></span> <span class='ocrx_word' id='word_1_33' title='bbox 879 441 1001 484; x_wconf 87' lang='lat' dir='ltr'><strong>quoties</strong></span> <span class='ocrx_word' id='word_1_34' title='bbox 1014 452 1072 485; x_wconf 90' lang='lat' dir='ltr'><strong>pro</strong></span> <span class='ocrx_word' id='word_1_35' title='bbox 1085 447 1172 485; x_wconf 88' lang='lat' dir='ltr'><strong>parte</strong></span> 
     </span>
     <span class='ocr_line' id='line_1_8' title="bbox 430 493 1172 539; baseline 0.004 -14"><span class='ocrx_word' id='word_1_36' title='bbox 430 493 503 526; x_wconf 87' lang='lat' dir='ltr'><strong>dicti</strong></span> <span class='ocrx_word' id='word_1_37' title='bbox 529 494 663 537; x_wconf 84' lang='lat' dir='ltr'><strong>Philippi</strong></span> <span class='ocrx_word' id='word_1_38' title='bbox 688 495 772 537; x_wconf 80' lang='lat' dir='ltr'><strong>regis</strong></span> <span class='ocrx_word' id='word_1_39' title='bbox 796 500 826 527; x_wconf 88' lang='grc'><strong>01</strong></span> <span class='ocrx_word' id='word_1_40' title='bbox 851 495 1048 538; x_wconf 78' lang='lat' dir='ltr'><strong>singularum</strong></span> <span class='ocrx_word' id='word_1_41' title='bbox 1068 506 1172 539; x_wconf 87' lang='lat' dir='ltr'><strong>perso-</strong></span> 
     </span>
     <span class='ocr_line' id='line_1_9' title="bbox 429 547 1172 593; baseline 0.005 -15"><span class='ocrx_word' id='word_1_42' title='bbox 429 557 539 579; x_wconf 86' lang='lat' dir='ltr'><strong>narum</strong></span> <span class='ocrx_word' id='word_1_43' title='bbox 552 547 784 590; x_wconf 86' lang='lat' dir='ltr'><strong>praedictarum</strong></span> <span class='ocrx_word' id='word_1_44' title='bbox 799 549 914 582; x_wconf 87' lang='lat' dir='ltr'><strong>suerint</strong></span> <span class='ocrx_word' id='word_1_45' title='bbox 928 549 1079 593; x_wconf 73' lang='lat' dir='ltr'><strong>requisiti,</strong></span> <span class='ocrx_word' id='word_1_46' title='bbox 1094 550 1172 582; x_wconf 88' lang='grc'><strong>5010-</strong></span> 
     </span>
     <span class='ocr_line' id='line_1_10' title="bbox 429 600 1168 644; baseline 0.007 -14"><span class='ocrx_word' id='word_1_47' title='bbox 429 600 543 632; x_wconf 87' lang='lat' dir='ltr'><strong>mniter</strong></span> <span class='ocrx_word' id='word_1_48' title='bbox 557 601 764 644; x_wconf 77' lang='lat' dir='ltr'><strong>publicanth</strong></span> <span class='ocrx_word' id='word_1_49' title='bbox 779 602 817 634; x_wconf 87' lang='lat' dir='ltr'><strong>ad</strong></span> <span class='ocrx_word' id='word_1_50' title='bbox 830 602 1047 636; x_wconf 73' lang='lat' dir='ltr'><strong>executionem</strong></span> <span class='ocrx_word' id='word_1_51' title='bbox 1059 613 1168 635; x_wconf 89' lang='lat' dir='ltr'><strong>eorum</strong></span> 
     </span>
     <span class='ocr_line' id='line_1_11' title="bbox 427 653 1171 697; baseline 0.004 -11"><span class='ocrx_word' id='word_1_52' title='bbox 427 653 580 694; x_wconf 86' lang='lat' dir='ltr'><strong>omnium⁷</strong></span> <span class='ocrx_word' id='word_1_53' title='bbox 597 665 675 697; x_wconf 89' lang='lat' dir='ltr'><strong>quae</strong></span> <span class='ocrx_word' id='word_1_54' title='bbox 690 655 719 687; x_wconf 90' lang='lat' dir='ltr'><strong>in</strong></span> <span class='ocrx_word' id='word_1_55' title='bbox 733 655 815 688; x_wconf 74' lang='lat' dir='ltr'><strong>dicta</strong></span> <span class='ocrx_word' id='word_1_56' title='bbox 829 656 997 689; x_wconf 78' lang='lat' dir='ltr'><strong>concordia</strong></span> <span class='ocrx_word' id='word_1_57' title='bbox 1013 656 1171 690; x_wconf 90' lang='lat' dir='ltr'><strong>continen-</strong></span> 
     </span>
    </p>
   </div>
   <div class='ocr_carea' id='block_1_4' title="bbox 429 707 1187 753">
    <p class='ocr_par' dir='ltr' id='par_1_4' title="bbox 429 707 1187 753">
     <span class='ocr_line' id='line_1_12' title="bbox 429 707 1187 753; baseline 0.005 -15"><span class='ocrx_word' id='word_1_58' title='bbox 429 712 496 747; x_wconf 88' lang='lat' dir='ltr'><strong>tur,</strong></span> <span class='ocrx_word' id='word_1_59' title='bbox 522 707 710 751; x_wconf 81' lang='lat' dir='ltr'><strong>procedant,</strong></span> <span class='ocrx_word' id='word_1_60' title='bbox 735 709 827 741; x_wconf 89' lang='lat' dir='ltr'><strong>ctiam</strong></span> <span class='ocrx_word' id='word_1_61' title='bbox 853 720 910 753; x_wconf 89' lang='lat' dir='ltr'><strong>per</strong></span> <span class='ocrx_word' id='word_1_62' title='bbox 935 720 1004 750; x_wconf 89' lang='grc'><strong>005,</strong></span> <span class='ocrx_word' id='word_1_63' title='bbox 1030 709 1068 741; x_wconf 88' lang='lat' dir='ltr'><strong>ad</strong></span> <span class='ocrx_word' id='word_1_64' title='bbox 1091 720 1187 752; x_wconf 51' lang='lat' dir='ltr'><strong>quos¹</strong></span> 
     </span>
    </p>
   </div>
   <div class='ocr_carea' id='block_1_5' title="bbox 427 761 1168 803">
    <p class='ocr_par' dir='ltr' id='par_1_5' title="bbox 427 761 1168 803">
     <span class='ocr_line' id='line_1_13' title="bbox 427 761 1168 803; baseline 0.003 -11"><span class='ocrx_word' id='word_1_65' title='bbox 427 765 555 803; x_wconf 84' lang='lat' dir='ltr'><strong>spectat,</strong></span> <span class='ocrx_word' id='word_1_66' title='bbox 570 761 678 793; x_wconf 87' lang='lat' dir='ltr'><strong>cadem</strong></span> <span class='ocrx_word' id='word_1_67' title='bbox 694 761 856 795; x_wconf 74' lang='lat' dir='ltr'><strong>observari</strong></span> <span class='ocrx_word' id='word_1_68' title='bbox 873 768 985 795; x_wconf 90' lang='lat' dir='ltr'><strong>curent</strong></span> <span class='ocrx_word' id='word_1_69' title='bbox 1001 767 1030 795; x_wconf 91' lang='grc'><strong>01</strong></span> <span class='ocrx_word' id='word_1_70' title='bbox 1046 762 1168 802; x_wconf 85' lang='lat' dir='ltr'><strong>saciant,</strong></span> 
     </span>
    </p>
   </div>
   <div class='ocr_carea' id='block_1_6' title="bbox 426 815 1187 912">
    <p class='ocr_par' dir='ltr' id='par_1_6' title="bbox 426 815 1187 912">
     <span class='ocr_line' id='line_1_14' title="bbox 428 815 1187 858; baseline 0.003 -12"><span class='ocrx_word' id='word_1_71' title='bbox 428 824 548 847; x_wconf 86' lang='lat' dir='ltr'><strong>necnon</strong></span> <span class='ocrx_word' id='word_1_72' title='bbox 569 815 687 848; x_wconf 86' lang='lat' dir='ltr'><strong>eisdem</strong></span> <span class='ocrx_word' id='word_1_73' title='bbox 707 816 816 849; x_wconf 89' lang='lat' dir='ltr'><strong>nuntio</strong></span> <span class='ocrx_word' id='word_1_74' title='bbox 835 821 864 849; x_wconf 89' lang='lat' dir='ltr'><strong>et</strong></span> <span class='ocrx_word' id='word_1_75' title='bbox 881 816 1099 849; x_wconf 79' lang='lat' dir='ltr'><strong>commissario</strong></span> <span class='ocrx_word' id='word_1_76' title='bbox 1117 826 1187 858; x_wconf 75' lang='lat' dir='ltr'><strong>ge-¹</strong></span> 
     </span>
     <span class='ocr_line' id='line_1_15' title="bbox 426 867 1186 912; baseline 0.003 -14"><span class='ocrx_word' id='word_1_77' title='bbox 426 867 525 900; x_wconf 84' lang='lat' dir='ltr'><strong>nerali</strong></span> <span class='ocrx_word' id='word_1_78' title='bbox 556 868 769 911; x_wconf 73' lang='lat' dir='ltr'><strong>iniungimus,</strong></span> <span class='ocrx_word' id='word_1_79' title='bbox 795 868 895 912; x_wconf 77' lang='lat' dir='ltr'><strong>quod,</strong></span> <span class='ocrx_word' id='word_1_80' title='bbox 917 868 971 900; x_wconf 90' lang='lat' dir='ltr'><strong>ubi</strong></span> <span class='ocrx_word' id='word_1_81' title='bbox 996 872 1026 902; x_wconf 85' lang='grc'><strong>01</strong></span> <span class='ocrx_word' id='word_1_82' title='bbox 1045 867 1186 910; x_wconf 87' lang='lat' dir='ltr'><strong>quoties·</strong></span> 
     </span>
    </p>
   </div>
   <div class='ocr_carea' id='block_1_7' title="bbox 427 921 1169 1016">
    <p class='ocr_par' dir='ltr' id='par_1_7' title="bbox 427 921 1169 1016">
     <span class='ocr_line' id='line_1_16' title="bbox 429 921 1169 964; baseline 0 -12"><span class='ocrx_word' id='word_1_83' title='bbox 429 930 525 963; x_wconf 88' lang='lat' dir='ltr'><strong>super</strong></span> <span class='ocrx_word' id='word_1_84' title='bbox 550 921 753 964; x_wconf 81' lang='lat' dir='ltr'><strong>repartitione</strong></span> <span class='ocrx_word' id='word_1_85' title='bbox 768 925 797 954; x_wconf 90' lang='lat' dir='ltr'><strong>et</strong></span> <span class='ocrx_word' id='word_1_86' title='bbox 811 921 878 953; x_wconf 90' lang='lat' dir='ltr'><strong>aliis</strong></span> <span class='ocrx_word' id='word_1_87' title='bbox 896 921 927 953; x_wconf 90' lang='grc'><strong>10</strong></span> <span class='ocrx_word' id='word_1_88' title='bbox 945 921 1027 954; x_wconf 76' lang='lat' dir='ltr'><strong>dieta</strong></span> <span class='ocrx_word' id='word_1_89' title='bbox 1041 930 1169 953; x_wconf 88' lang='lat' dir='ltr'><strong>concor—</strong></span> 
     </span>
     <span class='ocr_line' id='line_1_17' title="bbox 427 972 1167 1016; baseline 0.001 -12"><span class='ocrx_word' id='word_1_90' title='bbox 427 972 478 1004; x_wconf 82' lang='lat' dir='ltr'><strong>dia</strong></span> <span class='ocrx_word' id='word_1_91' title='bbox 504 974 657 1005; x_wconf 87' lang='lat' dir='ltr'><strong>contentis</strong></span> <span class='ocrx_word' id='word_1_92' title='bbox 682 974 801 1016; x_wconf 89' lang='lat' dir='ltr'><strong>aliquas</strong></span> <span class='ocrx_word' id='word_1_93' title='bbox 826 974 1019 1006; x_wconf 79' lang='lat' dir='ltr'><strong>ditl&#39;crentias</strong></span> <span class='ocrx_word' id='word_1_94' title='bbox 1044 978 1167 1006; x_wconf 88' lang='lat' dir='ltr'><strong>exortas</strong></span> 
     </span>
    </p>
   </div>
   <div class='ocr_carea' id='block_1_8' title="bbox 426 1025 1185 1123">
    <p class='ocr_par' dir='ltr' id='par_1_8' title="bbox 426 1025 1185 1123">
     <span class='ocr_line' id='line_1_18' title="bbox 426 1025 1185 1069; baseline 0.003 -13"><span class='ocrx_word' id='word_1_95' title='bbox 426 1025 519 1058; x_wconf 81' lang='lat' dir='ltr'><strong>fuisse</strong></span> <span class='ocrx_word' id='word_1_96' title='bbox 527 1026 749 1069; x_wconf 71' lang='lat' dir='ltr'><strong>compererint,</strong></span> <span class='ocrx_word' id='word_1_97' title='bbox 759 1027 826 1059; x_wconf 88' lang='lat' dir='ltr'><strong>illas</strong></span> <span class='ocrx_word' id='word_1_98' title='bbox 833 1026 1168 1069; x_wconf 85' lang='lat' dir='ltr'><strong>absqueretardatione</strong></span> <span class='ocrx_word' id='word_1_99' title='bbox 1184 1037 1185 1044; x_wconf 61' lang='lat'>¹</span> 
     </span>
     <span class='ocr_line' id='line_1_19' title="bbox 427 1079 1185 1123; baseline 0 -13"><span class='ocrx_word' id='word_1_100' title='bbox 427 1079 590 1111; x_wconf 75' lang='lat' dir='ltr'><strong>solutionis</strong></span> <span class='ocrx_word' id='word_1_101' title='bbox 606 1079 689 1112; x_wconf 78' lang='lat' dir='ltr'><strong>iuxta</strong></span> <span class='ocrx_word' id='word_1_102' title='bbox 707 1080 945 1123; x_wconf 86' lang='lat' dir='ltr'><strong>repartitionem</strong></span> <span class='ocrx_word' id='word_1_103' title='bbox 970 1080 1032 1112; x_wconf 88' lang='lat' dir='ltr'><strong>iam</strong></span> <span class='ocrx_word' id='word_1_104' title='bbox 1057 1080 1185 1114; x_wconf 64' lang='lat' dir='ltr'><strong>factam,</strong></span> 
     </span>
    </p>
   </div>
   <div class='ocr_carea' id='block_1_9' title="bbox 426 1131 1170 1496">
    <p class='ocr_par' dir='ltr' id='par_1_9' title="bbox 426 1131 1170 1496">
     <span class='ocr_line' id='line_1_20' title="bbox 427 1131 1169 1176; baseline 0.001 -13"><span class='ocrx_word' id='word_1_105' title='bbox 427 1136 456 1163; x_wconf 92' lang='grc'><strong>01</strong></span> <span class='ocrx_word' id='word_1_106' title='bbox 481 1131 653 1164; x_wconf 80' lang='lat' dir='ltr'><strong>faciendam</strong></span> <span class='ocrx_word' id='word_1_107' title='bbox 679 1132 794 1165; x_wconf 84' lang='lat' dir='ltr'><strong>iudicio</strong></span> <span class='ocrx_word' id='word_1_108' title='bbox 819 1143 930 1166; x_wconf 89' lang='lat' dir='ltr'><strong>eorum</strong></span> <span class='ocrx_word' id='word_1_109' title='bbox 961 1131 1169 1176; x_wconf 79' lang='lat' dir='ltr'><strong>aequabiliter</strong></span> 
     </span>
     <span class='ocr_line' id='line_1_21' title="bbox 427 1177 1168 1230; baseline 0.003 -14"><span class='ocrx_word' id='word_1_110' title='bbox 427 1190 616 1228; x_wconf 76' lang='lat' dir='ltr'><strong>componant</strong></span> <span class='ocrx_word' id='word_1_111' title='bbox 636 1186 873 1230; x_wconf 84' lang='lat' dir='ltr'><strong>compositione,</strong></span> <span class='ocrx_word' id='word_1_112' title='bbox 891 1190 920 1218; x_wconf 86' lang='lat' dir='ltr'><strong>et</strong></span> <span class='ocrx_word' id='word_1_113' title='bbox 937 1177 1105 1220; x_wconf 72' lang='lat' dir='ltr'><strong>ter&#39;minent</strong></span> <span class='ocrx_word' id='word_1_114' title='bbox 1121 1186 1168 1218; x_wconf 91' lang='lat' dir='ltr'><strong>iu-</strong></span> 
     </span>
     <span class='ocr_line' id='line_1_22' title="bbox 427 1238 1167 1283; baseline 0.001 -13"><span class='ocrx_word' id='word_1_115' title='bbox 427 1238 543 1271; x_wconf 90' lang='lat' dir='ltr'><strong>stitiam</strong></span> <span class='ocrx_word' id='word_1_116' title='bbox 576 1239 718 1283; x_wconf 89' lang='lat' dir='ltr'><strong>partibus</strong></span> <span class='ocrx_word' id='word_1_117' title='bbox 748 1239 965 1273; x_wconf 87' lang='lat' dir='ltr'><strong>ministrando.</strong></span> <span class='ocrx_word' id='word_1_118' title='bbox 991 1240 1053 1273; x_wconf 86' lang='lat' dir='ltr'><strong>Nos</strong></span> <span class='ocrx_word' id='word_1_119' title='bbox 1084 1239 1167 1272; x_wconf 87' lang='lat' dir='ltr'><strong>enim</strong></span> 
     </span>
     <span class='ocr_line' id='line_1_23' title="bbox 427 1292 1168 1338; baseline 0.004 -14"><span class='ocrx_word' id='word_1_120' title='bbox 427 1292 544 1325; x_wconf 86' lang='lat' dir='ltr'><strong>eisdem</strong></span> <span class='ocrx_word' id='word_1_121' title='bbox 570 1298 633 1325; x_wconf 85' lang='lat' dir='ltr'><strong>tam</strong></span> <span class='ocrx_word' id='word_1_122' title='bbox 657 1294 832 1337; x_wconf 87' lang='lat' dir='ltr'><strong>praemissa</strong></span> <span class='ocrx_word' id='word_1_123' title='bbox 856 1293 1049 1338; x_wconf 77' lang='lat' dir='ltr'><strong>peragendi,</strong></span> <span class='ocrx_word' id='word_1_124' title='bbox 1075 1304 1168 1338; x_wconf 89' lang='lat' dir='ltr'><strong>quam</strong></span> 
     </span>
     <span class='ocr_line' id='line_1_24' title="bbox 426 1345 1170 1391; baseline 0.003 -14"><span class='ocrx_word' id='word_1_125' title='bbox 426 1345 578 1389; x_wconf 87' lang='lat' dir='ltr'><strong>quidquid</strong></span> <span class='ocrx_word' id='word_1_126' title='bbox 592 1357 686 1390; x_wconf 88' lang='lat' dir='ltr'><strong>super</strong></span> <span class='ocrx_word' id='word_1_127' title='bbox 702 1347 885 1391; x_wconf 79' lang='lat' dir='ltr'><strong>praemissis</strong></span> <span class='ocrx_word' id='word_1_128' title='bbox 903 1348 1068 1381; x_wconf 80' lang='lat' dir='ltr'><strong>statuerint</strong></span> <span class='ocrx_word' id='word_1_129' title='bbox 1085 1347 1170 1380; x_wconf 90' lang='lat' dir='ltr'><strong>omni</strong></span> 
     </span>
     <span class='ocr_line' id='line_1_25' title="bbox 427 1400 1167 1444; baseline 0.003 -13"><span class='ocrx_word' id='word_1_130' title='bbox 427 1404 456 1431; x_wconf 88' lang='lat' dir='ltr'><strong>et</strong></span> <span class='ocrx_word' id='word_1_131' title='bbox 479 1410 677 1443; x_wconf 88' lang='lat' dir='ltr'><strong>quacumque</strong></span> <span class='ocrx_word' id='word_1_132' title='bbox 701 1400 909 1444; x_wconf 80' lang='lat' dir='ltr'><strong>appellatione</strong></span> <span class='ocrx_word' id='word_1_133' title='bbox 941 1402 1064 1434; x_wconf 75' lang='lat' dir='ltr'><strong>remota</strong></span> <span class='ocrx_word' id='word_1_134' title='bbox 1093 1411 1167 1433; x_wconf 85' lang='lat' dir='ltr'><strong>exe-</strong></span> 
     </span>
     <span class='ocr_line' id='line_1_26' title="bbox 426 1452 1170 1496; baseline 0.004 -12"><span class='ocrx_word' id='word_1_135' title='bbox 426 1452 569 1495; x_wconf 89' lang='lat' dir='ltr'><strong>quutioni</strong></span> <span class='ocrx_word' id='word_1_136' title='bbox 587 1452 709 1486; x_wconf 80' lang='lat' dir='ltr'><strong>debitae</strong></span> <span class='ocrx_word' id='word_1_137' title='bbox 728 1453 944 1496; x_wconf 80' lang='lat' dir='ltr'><strong>demandandi,</strong></span> <span class='ocrx_word' id='word_1_138' title='bbox 963 1464 1085 1487; x_wconf 90' lang='lat' dir='ltr'><strong>necnon</strong></span> <span class='ocrx_word' id='word_1_139' title='bbox 1099 1465 1170 1488; x_wconf 89' lang='lat' dir='ltr'><strong>con-</strong></span> 
     </span>
    </p>
   </div>
   <div class='ocr_carea' id='block_1_10' title="bbox 427 1502 1187 1549">
    <p class='ocr_par' dir='ltr' id='par_1_10' title="bbox 427 1502 1187 1549">
     <span class='ocr_line' id='line_1_27' title="bbox 427 1502 1187 1549; baseline 0.004 -15"><span class='ocrx_word' id='word_1_140' title='bbox 427 1502 612 1536; x_wconf 89' lang='lat' dir='ltr'><strong>tradictores</strong></span> <span class='ocrx_word' id='word_1_141' title='bbox 637 1504 793 1547; x_wconf 88' lang='lat' dir='ltr'><strong>quoslibet</strong></span> <span class='ocrx_word' id='word_1_142' title='bbox 821 1509 851 1537; x_wconf 95' lang='grc'><strong>01</strong></span> <span class='ocrx_word' id='word_1_143' title='bbox 880 1504 1013 1538; x_wconf 82' lang='lat' dir='ltr'><strong>rebelles</strong></span> <span class='ocrx_word' id='word_1_144' title='bbox 1038 1516 1095 1548; x_wconf 88' lang='lat' dir='ltr'><strong>per</strong></span> <span class='ocrx_word' id='word_1_145' title='bbox 1119 1516 1187 1549; x_wconf 56' lang='grc' dir='ltr'><strong>011-ἰ</strong></span> 
     </span>
    </p>
   </div>
   <div class='ocr_carea' id='block_1_11' title="bbox 426 1556 1170 1709">
    <p class='ocr_par' dir='ltr' id='par_1_11' title="bbox 426 1556 1170 1709">
     <span class='ocr_line' id='line_1_28' title="bbox 427 1556 1169 1599; baseline 0.003 -10"><span class='ocrx_word' id='word_1_146' title='bbox 427 1560 561 1599; x_wconf 84' lang='lat' dir='ltr'><strong>portuna</strong></span> <span class='ocrx_word' id='word_1_147' title='bbox 581 1556 659 1589; x_wconf 91' lang='lat' dir='ltr'><strong>iuris</strong></span> <span class='ocrx_word' id='word_1_148' title='bbox 676 1561 706 1591; x_wconf 91' lang='lat' dir='ltr'><strong>et</strong></span> <span class='ocrx_word' id='word_1_149' title='bbox 722 1557 793 1591; x_wconf 84' lang='lat' dir='ltr'><strong>sacti</strong></span> <span class='ocrx_word' id='word_1_150' title='bbox 813 1558 961 1598; x_wconf 88' lang='lat' dir='ltr'><strong>remedia,</strong></span> <span class='ocrx_word' id='word_1_151' title='bbox 983 1569 1018 1591; x_wconf 88' lang='lat' dir='ltr'><strong>ac</strong></span> <span class='ocrx_word' id='word_1_152' title='bbox 1042 1558 1169 1592; x_wconf 88' lang='lat' dir='ltr'><strong>domum</strong></span> 
     </span>
     <span class='ocr_line' id='line_1_29' title="bbox 426 1610 1170 1655; baseline 0.005 -14"><span class='ocrx_word' id='word_1_153' title='bbox 426 1620 483 1653; x_wconf 84' lang='lat' dir='ltr'><strong>per</strong></span> <span class='ocrx_word' id='word_1_154' title='bbox 508 1610 687 1650; x_wconf 83' lang='lat' dir='ltr'><strong>sententias,</strong></span> <span class='ocrx_word' id='word_1_155' title='bbox 713 1621 862 1644; x_wconf 86' lang='lat' dir='ltr'><strong>censuras</strong></span> <span class='ocrx_word' id='word_1_156' title='bbox 888 1617 915 1644; x_wconf 88' lang='lat' dir='ltr'><strong>et</strong></span> <span class='ocrx_word' id='word_1_157' title='bbox 938 1622 1054 1655; x_wconf 87' lang='lat' dir='ltr'><strong>poenas</strong></span> <span class='ocrx_word' id='word_1_158' title='bbox 1075 1613 1170 1645; x_wconf 89' lang='lat' dir='ltr'><strong>eccle-</strong></span> 
     </span>
     <span class='ocr_line' id='line_1_30' title="bbox 427 1663 1165 1709; baseline 0.005 -15"><span class='ocrx_word' id='word_1_159' title='bbox 427 1663 575 1704; x_wconf 81' lang='lat' dir='ltr'><strong>siasticas,</strong></span> <span class='ocrx_word' id='word_1_160' title='bbox 599 1664 805 1707; x_wconf 84' lang='lat' dir='ltr'><strong>appellatione</strong></span> <span class='ocrx_word' id='word_1_161' title='bbox 838 1666 1011 1708; x_wconf 77' lang='lat' dir='ltr'><strong>postposita</strong></span> <span class='ocrx_word' id='word_1_162' title='bbox 1037 1676 1165 1709; x_wconf 85' lang='lat' dir='ltr'><strong>compe—</strong></span> 
     </span>
    </p>
   </div>
   <div class='ocr_carea' id='block_1_12' title="bbox 426 1716 1186 1867">
    <p class='ocr_par' dir='ltr' id='par_1_12' title="bbox 426 1716 1186 1867">
     <span class='ocr_line' id='line_1_31' title="bbox 427 1716 1186 1762; baseline 0.005 -14"><span class='ocrx_word' id='word_1_163' title='bbox 427 1717 532 1749; x_wconf 88' lang='lat' dir='ltr'><strong>scendi</strong></span> <span class='ocrx_word' id='word_1_164' title='bbox 545 1716 563 1759; x_wconf 87' lang='lat'><strong>¹,</strong></span> <span class='ocrx_word' id='word_1_165' title='bbox 592 1717 801 1761; x_wconf 83' lang='lat' dir='ltr'><strong>legitimisque</strong></span> <span class='ocrx_word' id='word_1_166' title='bbox 824 1729 919 1762; x_wconf 83' lang='lat' dir='ltr'><strong>super</strong></span> <span class='ocrx_word' id='word_1_167' title='bbox 943 1719 991 1751; x_wconf 88' lang='lat' dir='ltr'><strong>his</strong></span> <span class='ocrx_word' id='word_1_168' title='bbox 1015 1719 1186 1755; x_wconf 61' lang='lat' dir='ltr'><strong>habendis:</strong></span> 
     </span>
     <span class='ocr_line' id='line_1_32' title="bbox 426 1769 1185 1813; baseline 0.004 -12"><span class='ocrx_word' id='word_1_169' title='bbox 426 1769 556 1802; x_wconf 80' lang='lat' dir='ltr'><strong>servatis</strong></span> <span class='ocrx_word' id='word_1_170' title='bbox 580 1771 789 1813; x_wconf 87' lang='lat' dir='ltr'><strong>processibus,</strong></span> <span class='ocrx_word' id='word_1_171' title='bbox 815 1772 999 1811; x_wconf 83' lang='lat' dir='ltr'><strong>sententias,</strong></span> <span class='ocrx_word' id='word_1_172' title='bbox 1020 1782 1185 1808; x_wconf 69' lang='lat' dir='ltr'><strong>censuras}</strong></span> 
     </span>
     <span class='ocr_line' id='line_1_33' title="bbox 427 1824 1185 1867; baseline 0.004 -12"><span class='ocrx_word' id='word_1_173' title='bbox 427 1826 456 1856; x_wconf 86' lang='lat' dir='ltr'><strong>et</strong></span> <span class='ocrx_word' id='word_1_174' title='bbox 479 1833 595 1866; x_wconf 90' lang='lat' dir='ltr'><strong>poenas</strong></span> <span class='ocrx_word' id='word_1_175' title='bbox 623 1824 724 1867; x_wconf 88' lang='lat' dir='ltr'><strong>ipsas,</strong></span> <span class='ocrx_word' id='word_1_176' title='bbox 757 1824 850 1858; x_wconf 88' lang='lat' dir='ltr'><strong>etiam</strong></span> <span class='ocrx_word' id='word_1_177' title='bbox 883 1825 1001 1857; x_wconf 80' lang='lat' dir='ltr'><strong>iteratis</strong></span> <span class='ocrx_word' id='word_1_178' title='bbox 1026 1825 1185 1865; x_wconf 57' lang='lat' dir='ltr'><strong>vicibus‚}</strong></span> 
     </span>
    </p>
   </div>
   <div class='ocr_carea' id='block_1_13' title="bbox 426 1876 1168 1921">
    <p class='ocr_par' dir='ltr' id='par_1_13' title="bbox 426 1876 1168 1921">
     <span class='ocr_line' id='line_1_34' title="bbox 426 1876 1168 1921; baseline 0.004 -14"><span class='ocrx_word' id='word_1_179' title='bbox 426 1876 634 1921; x_wconf 75' lang='lat' dir='ltr'><strong>aggravandi,</strong></span> <span class='ocrx_word' id='word_1_180' title='bbox 650 1877 865 1921; x_wconf 80' lang='lat' dir='ltr'><strong>auxiliumque</strong></span> <span class='ocrx_word' id='word_1_181' title='bbox 879 1877 1000 1910; x_wconf 86' lang='lat' dir='ltr'><strong>brachii</strong></span> <span class='ocrx_word' id='word_1_182' title='bbox 1018 1878 1168 1911; x_wconf 87' lang='lat' dir='ltr'><strong>secularis</strong></span> 
     </span>
    </p>
   </div>
   <div class='ocr_carea' id='block_1_14' title="bbox 427 1982 1168 2241">
    <p class='ocr_par' dir='ltr' id='par_1_14' title="bbox 427 1982 640 2016">
     <span class='ocr_line' id='line_1_35' title="bbox 427 1982 640 2016; baseline 0.005 -1"><span class='ocrx_word' id='word_1_183' title='bbox 427 1982 640 2016; x_wconf 84' lang='lat' dir='ltr'><strong>concedimus.</strong></span> 
     </span>
    </p>

    <p class='ocr_par' dir='ltr' id='par_1_15' title="bbox 427 2034 1168 2241">
     <span class='ocr_line' id='line_1_36' title="bbox 471 2034 1164 2079; baseline 0.003 -11"><span class='ocrx_word' id='word_1_184' title='bbox 471 2036 485 2079; x_wconf 63' lang='grc' dir='ltr'><strong>ἓ</strong></span> <span class='ocrx_word' id='word_1_185' title='bbox 509 2034 537 2068; x_wconf 82' lang='grc'><strong>8.</strong></span> <span class='ocrx_word' id='word_1_186' title='bbox 563 2037 632 2069; x_wconf 83' lang='lat' dir='ltr'><strong>Non</strong></span> <span class='ocrx_word' id='word_1_187' title='bbox 664 2037 860 2070; x_wconf 85' lang='lat' dir='ltr'><strong>obstantibus</strong></span> <span class='ocrx_word' id='word_1_188' title='bbox 890 2038 989 2070; x_wconf 83' lang='lat' dir='ltr'><strong>felicis</strong></span> <span class='ocrx_word' id='word_1_189' title='bbox 1013 2038 1164 2071; x_wconf 87' lang='lat' dir='ltr'><strong>recorda-</strong></span> 
     </span>
     <span class='ocr_line' id='line_1_37' title="bbox 427 2090 1167 2135; baseline 0.003 -14"><span class='ocrx_word' id='word_1_190' title='bbox 427 2090 520 2122; x_wconf 88' lang='lat' dir='ltr'><strong>tionis</strong></span> <span class='ocrx_word' id='word_1_191' title='bbox 544 2090 693 2124; x_wconf 85' lang='lat' dir='ltr'><strong>Bonisaeii</strong></span> <span class='ocrx_word' id='word_1_192' title='bbox 714 2092 814 2135; x_wconf 85' lang='lat' dir='ltr'><strong>Papae</strong></span> <span class='ocrx_word' id='word_1_193' title='bbox 832 2091 896 2124; x_wconf 78' lang='lat' dir='ltr'>VIII</span> <span class='ocrx_word' id='word_1_194' title='bbox 916 2091 1167 2135; x_wconf 82' lang='lat' dir='ltr'><strong>praedecessoris</strong></span> 
     </span>
     <span class='ocr_line' id='line_1_38' title="bbox 427 2143 1167 2187; baseline 0.003 -12"><span class='ocrx_word' id='word_1_195' title='bbox 427 2143 526 2176; x_wconf 79' lang='lat' dir='ltr'><strong>nostri</strong></span> <span class='ocrx_word' id='word_1_196' title='bbox 547 2144 584 2177; x_wconf 87' lang='lat' dir='ltr'><strong>de</strong></span> <span class='ocrx_word' id='word_1_197' title='bbox 602 2146 664 2176; x_wconf 78' lang='lat' dir='ltr'><strong>una</strong></span> <span class='ocrx_word' id='word_1_198' title='bbox 682 2150 711 2177; x_wconf 91' lang='grc'><strong>01</strong></span> <span class='ocrx_word' id='word_1_199' title='bbox 728 2144 759 2176; x_wconf 86' lang='grc'><strong>10</strong></span> <span class='ocrx_word' id='word_1_200' title='bbox 777 2145 910 2178; x_wconf 88' lang='grc'><strong>00001110</strong></span> <span class='ocrx_word' id='word_1_201' title='bbox 929 2145 1067 2187; x_wconf 76' lang='lat' dir='ltr'><strong>generali</strong></span> <span class='ocrx_word' id='word_1_202' title='bbox 1085 2145 1167 2177; x_wconf 75' lang='lat' dir='ltr'><strong>edita</strong></span> 
     </span>
     <span class='ocr_line' id='line_1_39' title="bbox 427 2196 1168 2241; baseline 0.001 -12"><span class='ocrx_word' id='word_1_203' title='bbox 427 2196 465 2229; x_wconf 87' lang='grc'><strong>(10</strong></span> <span class='ocrx_word' id='word_1_204' title='bbox 482 2197 603 2230; x_wconf 89' lang='lat' dir='ltr'><strong>duabus</strong></span> <span class='ocrx_word' id='word_1_205' title='bbox 619 2198 720 2238; x_wconf 85' lang='lat' dir='ltr'><strong>dictis,</strong></span> <span class='ocrx_word' id='word_1_206' title='bbox 737 2198 867 2241; x_wconf 81' lang='lat' dir='ltr'><strong>aliisque</strong></span> <span class='ocrx_word' id='word_1_207' title='bbox 893 2198 1168 2231; x_wconf 85' lang='lat' dir='ltr'><strong>constitutionibus</strong></span> 
     </span>
    </p>
   </div>
   <div class='ocr_carea' id='block_1_15' title="bbox 426 2251 1944 2401">
    <p class='ocr_par' dir='ltr' id='par_1_16' title="bbox 426 2251 1944 2401">
     <span class='ocr_line' id='line_1_40' title="bbox 427 2251 1185 2296; baseline 0.003 -13"><span class='ocrx_word' id='word_1_208' title='bbox 427 2255 457 2283; x_wconf 91' lang='lat' dir='ltr'><strong>et</strong></span> <span class='ocrx_word' id='word_1_209' title='bbox 481 2251 730 2285; x_wconf 86' lang='lat' dir='ltr'><strong>ordinationibus</strong></span> <span class='ocrx_word' id='word_1_210' title='bbox 754 2252 943 2295; x_wconf 86' lang='lat' dir='ltr'><strong>apostolicis,</strong></span> <span class='ocrx_word' id='word_1_211' title='bbox 963 2263 1087 2285; x_wconf 88' lang='lat' dir='ltr'><strong>necnon</strong></span> <span class='ocrx_word' id='word_1_212' title='bbox 1104 2252 1185 2296; x_wconf 51' lang='lat' dir='ltr'><strong>qui-¹</strong></span> 
     </span>
     <span class='ocr_line' id='line_1_41' title="bbox 426 2304 1185 2349; baseline 0.003 -12"><span class='ocrx_word' id='word_1_213' title='bbox 426 2304 532 2338; x_wconf 72' lang='lat' dir='ltr'><strong>busvis</strong></span> <span class='ocrx_word' id='word_1_214' title='bbox 564 2306 670 2349; x_wconf 89' lang='lat' dir='ltr'><strong>(etiam</strong></span> <span class='ocrx_word' id='word_1_215' title='bbox 707 2306 905 2347; x_wconf 89' lang='lat' dir='ltr'><strong>iuramento,</strong></span> <span class='ocrx_word' id='word_1_216' title='bbox 931 2306 1185 2339; x_wconf 72' lang='grc'><strong>000111010110001</strong></span> 
     </span>
     <span class='ocr_line' id='line_1_42' title="bbox 1184 2353 1944 2401; baseline 0.001 -11"><span class='ocrx_word' id='word_1_217' title='bbox 1184 2353 1186 2364; x_wconf 86' lang='grc'><strong>“</strong></span> <span class='ocrx_word' id='word_1_218' title='bbox 1203 2358 1352 2401; x_wconf 75' lang='lat' dir='ltr'><strong>dignitate</strong></span> <span class='ocrx_word' id='word_1_219' title='bbox 1376 2359 1586 2392; x_wconf 79' lang='lat' dir='ltr'><strong>ecclesiastica</strong></span> <span class='ocrx_word' id='word_1_220' title='bbox 1605 2359 1790 2392; x_wconf 85' lang='lat' dir='ltr'><strong>constitutae</strong></span> <span class='ocrx_word' id='word_1_221' title='bbox 1807 2358 1944 2399; x_wconf 86' lang='lat' dir='ltr'><strong>munitis,</strong></span> 
     </span>
    </p>
   </div>
   <div class='ocr_carea' id='block_1_16' title="bbox 427 2359 1170 2456">
    <p class='ocr_par' dir='ltr' id='par_1_17' title="bbox 427 2359 1170 2456">
     <span class='ocr_line' id='line_1_43' title="bbox 427 2359 1170 2404; baseline 0.003 -13"><span class='ocrx_word' id='word_1_222' title='bbox 427 2359 608 2402; x_wconf 74' lang='lat' dir='ltr'><strong>apostolica,</strong></span> <span class='ocrx_word' id='word_1_223' title='bbox 633 2361 681 2393; x_wconf 73' lang='lat' dir='ltr'><strong>vel</strong></span> <span class='ocrx_word' id='word_1_224' title='bbox 705 2361 814 2404; x_wconf 70' lang='lat' dir='ltr'><strong>quavis</strong></span> <span class='ocrx_word' id='word_1_225' title='bbox 838 2360 985 2393; x_wconf 87' lang='lat' dir='ltr'><strong>firmitate</strong></span> <span class='ocrx_word' id='word_1_226' title='bbox 1003 2360 1170 2394; x_wconf 64' lang='grc'><strong>0111110110-</strong></span> 
     </span>
     <span class='ocr_line' id='line_1_44' title="bbox 427 2413 1170 2456; baseline 0.001 -12"><span class='ocrx_word' id='word_1_227' title='bbox 427 2413 516 2456; x_wconf 74' lang='lat' dir='ltr'><strong>ratis)</strong></span> <span class='ocrx_word' id='word_1_228' title='bbox 534 2413 655 2446; x_wconf 79' lang='lat' dir='ltr'><strong>statutis</strong></span> <span class='ocrx_word' id='word_1_229' title='bbox 670 2417 699 2447; x_wconf 91' lang='lat' dir='ltr'><strong>et</strong></span> <span class='ocrx_word' id='word_1_230' title='bbox 718 2414 996 2447; x_wconf 88' lang='lat' dir='ltr'><strong>consuetudinibus</strong></span> <span class='ocrx_word' id='word_1_231' title='bbox 1008 2441 1015 2455; x_wconf 91' lang='lat'><strong>,</strong></span> <span class='ocrx_word' id='word_1_232' title='bbox 1046 2414 1170 2456; x_wconf 81' lang='lat' dir='ltr'><strong>legibus</strong></span> 
     </span>
    </p>
   </div>
   <div class='ocr_carea' id='block_1_17' title="bbox 429 2460 1187 2512">
    <p class='ocr_par' dir='ltr' id='par_1_18' title="bbox 429 2460 1187 2512">
     <span class='ocr_line' id='line_1_45' title="bbox 429 2460 1187 2512; baseline 0.003 -15"><span class='ocrx_word' id='word_1_233' title='bbox 429 2465 521 2497; x_wconf 82' lang='lat' dir='ltr'><strong>etiam</strong></span> <span class='ocrx_word' id='word_1_234' title='bbox 546 2467 805 2510; x_wconf 79' lang='lat' dir='ltr'><strong>municipalibus,</strong></span> <span class='ocrx_word' id='word_1_235' title='bbox 835 2467 1010 2512; x_wconf 74' lang='grc' dir='ltr'><strong>111-1111ος115</strong></span> <span class='ocrx_word' id='word_1_236' title='bbox 1034 2460 1187 2510; x_wconf 56' lang='lat' dir='ltr'><strong>quoque,X</strong></span> 
     </span>
    </p>
   </div>
   <div class='ocr_carea' id='block_1_18' title="bbox 429 2519 1945 2564">
    <p class='ocr_par' dir='ltr' id='par_1_19' title="bbox 429 2519 1945 2565">
     <span class='ocr_line' id='line_1_46' title="bbox 429 2519 1945 2564; baseline 0.001 -13"><span class='ocrx_word' id='word_1_237' title='bbox 429 2519 556 2551; x_wconf 71' lang='grc'><strong>1011111115</strong></span> <span class='ocrx_word' id='word_1_238' title='bbox 574 2525 603 2552; x_wconf 89' lang='grc'><strong>01</strong></span> <span class='ocrx_word' id='word_1_239' title='bbox 620 2520 732 2553; x_wconf 86' lang='grc'><strong>11110115</strong></span> <span class='ocrx_word' id='word_1_240' title='bbox 757 2521 951 2564; x_wconf 83' lang='lat' dir='ltr'><strong>apostolicis,</strong></span> <span class='ocrx_word' id='word_1_241' title='bbox 969 2520 1026 2553; x_wconf 84' lang='lat' dir='ltr'><strong>sub</strong></span> <span class='ocrx_word' id='word_1_242' title='bbox 1046 2520 1171 2563; x_wconf 85' lang='lat' dir='ltr'><strong>quibus·</strong></span> <span class='ocrx_word' id='word_1_243' title='bbox 1204 2520 1342 2561; x_wconf 86' lang='lat' dir='ltr'><strong>beretur,</strong></span> <span class='ocrx_word' id='word_1_244' title='bbox 1368 2520 1393 2553; x_wconf 89' lang='grc'><strong>51</strong></span> <span class='ocrx_word' id='word_1_245' title='bbox 1418 2521 1518 2553; x_wconf 76' lang='lat' dir='ltr'><strong>forent</strong></span> <span class='ocrx_word' id='word_1_246' title='bbox 1545 2520 1701 2553; x_wconf 77' lang='lat' dir='ltr'><strong>exhibitae</strong></span> <span class='ocrx_word' id='word_1_247' title='bbox 1729 2521 1777 2553; x_wconf 64' lang='lat' dir='ltr'><strong>rel</strong></span> <span class='ocrx_word' id='word_1_248' title='bbox 1795 2524 1945 2553; x_wconf 84' lang='lat' dir='ltr'><strong>ostensae.</strong></span> 
     </span>
    </p>
   </div>
   <div class='ocr_carea' id='block_1_19' title="bbox 429 2591 1171 2673">
    <p class='ocr_par' dir='ltr' id='par_1_20' title="bbox 429 2591 1171 2673">
     <span class='ocr_line' id='line_1_47' title="bbox 467 2591 1171 2628; baseline 0.001 -10"><span class='ocrx_word' id='word_1_249' title='bbox 467 2596 476 2617; x_wconf 73' lang='lat' dir='ltr'><strong>t</strong></span> <span class='ocrx_word' id='word_1_250' title='bbox 496 2591 565 2619; x_wconf 85' lang='lat' dir='ltr'><strong>Male</strong></span> <span class='ocrx_word' id='word_1_251' title='bbox 581 2591 614 2618; x_wconf 88' lang='lat' dir='ltr'><strong>ed</strong></span> <span class='ocrx_word' id='word_1_252' title='bbox 629 2591 707 2619; x_wconf 81' lang='lat' dir='ltr'><strong>Maia.</strong></span> <span class='ocrx_word' id='word_1_253' title='bbox 725 2592 788 2627; x_wconf 85' lang='lat' dir='ltr'><strong>legit</strong></span> <span class='ocrx_word' id='word_1_254' title='bbox 808 2593 1008 2628; x_wconf 81' lang='lat' dir='ltr'><strong>compescendo</strong></span> <span class='ocrx_word' id='word_1_255' title='bbox 1033 2596 1059 2620; x_wconf 85' lang='lat' dir='ltr'><strong>et</strong></span> <span class='ocrx_word' id='word_1_256' title='bbox 1081 2595 1171 2628; x_wconf 81' lang='lat' dir='ltr'><strong>postea</strong></span> 
     </span>
     <span class='ocr_line' id='line_1_48' title="bbox 429 2636 939 2673; baseline 0 -8"><span class='ocrx_word' id='word_1_257' title='bbox 429 2636 644 2672; x_wconf 65' lang='lat' dir='ltr'><strong>ayqravando.,.</strong></span> <span class='ocrx_word' id='word_1_258' title='bbox 662 2637 821 2666; x_wconf 76' lang='lat' dir='ltr'><strong>invocando</strong></span> <span class='ocrx_word' id='word_1_259' title='bbox 836 2639 873 2673; x_wconf 81' lang='grc'><strong>(11.</strong></span> <span class='ocrx_word' id='word_1_260' title='bbox 891 2639 939 2673; x_wconf 71' lang='grc'><strong>1.).</strong></span> 
     </span>
    </p>
   </div>
   <div class='ocr_carea' id='block_1_20' title="bbox 1185 285 1193 2430">
    <p class='ocr_par' dir='ltr' id='par_1_21' title="bbox 1185 285 1193 2430">
     <span class='ocr_line' id='line_1_49' title="bbox 1185 285 1193 2430; baseline 0 0"><span class='ocrx_word' id='word_1_261' title='bbox 1185 285 1193 2430; x_wconf 95' lang='lat' dir='ltr'><strong> </strong></span> 
     </span>
    </p>
   </div>
   <div class='ocr_carea' id='block_1_21' title="bbox 1014 235 1371 260">
    <p class='ocr_par' dir='ltr' id='par_1_22' title="bbox 1014 235 1371 260">
     <span class='ocr_line' id='line_1_50' title="bbox 1014 235 1371 260; baseline 0.003 -2"><span class='ocrx_word' id='word_1_262' title='bbox 1014 235 1192 259; x_wconf 70' lang='lat' dir='ltr'><strong>mmmmm!</strong></span> <span class='ocrx_word' id='word_1_263' title='bbox 1218 235 1371 260; x_wconf 69' lang='lat' dir='ltr'>ROMANUM</span> 
     </span>
    </p>
   </div>
   <div class='ocr_carea' id='block_1_22' title="bbox 1201 283 1954 1603">
    <p class='ocr_par' dir='ltr' id='par_1_23' title="bbox 1201 283 1954 1603">
     <span class='ocr_line' id='line_1_51' title="bbox 1209 283 1947 328; baseline 0.003 -13"><span class='ocrx_word' id='word_1_264' title='bbox 1209 294 1343 327; x_wconf 87' lang='lat' dir='ltr'><strong>cumque</strong></span> <span class='ocrx_word' id='word_1_265' title='bbox 1369 283 1529 316; x_wconf 85' lang='lat' dir='ltr'><strong>tenoribus</strong></span> <span class='ocrx_word' id='word_1_266' title='bbox 1554 288 1584 315; x_wconf 92' lang='grc'><strong>01</strong></span> <span class='ocrx_word' id='word_1_267' title='bbox 1605 284 1723 325; x_wconf 79' lang='lat' dir='ltr'><strong>formis,</strong></span> <span class='ocrx_word' id='word_1_268' title='bbox 1740 294 1775 318; x_wconf 86' lang='lat' dir='ltr'><strong>ac</strong></span> <span class='ocrx_word' id='word_1_269' title='bbox 1793 294 1864 317; x_wconf 90' lang='lat' dir='ltr'><strong>cum</strong></span> <span class='ocrx_word' id='word_1_270' title='bbox 1881 284 1947 328; x_wconf 90' lang='lat' dir='ltr'><strong>qui-</strong></span> 
     </span>
     <span class='ocr_line' id='line_1_52' title="bbox 1207 336 1945 380; baseline 0.004 -12"><span class='ocrx_word' id='word_1_271' title='bbox 1207 336 1312 369; x_wconf 80' lang='lat' dir='ltr'><strong>busvis</strong></span> <span class='ocrx_word' id='word_1_272' title='bbox 1332 337 1424 370; x_wconf 90' lang='lat' dir='ltr'><strong>ctiam</strong></span> <span class='ocrx_word' id='word_1_273' title='bbox 1438 336 1709 379; x_wconf 79' lang='lat' dir='ltr'><strong>derogatoriarum</strong></span> <span class='ocrx_word' id='word_1_274' title='bbox 1727 337 1945 380; x_wconf 84' lang='lat' dir='ltr'><strong>derogatoriis,</strong></span> 
     </span>
     <span class='ocr_line' id='line_1_53' title="bbox 1206 389 1944 433; baseline 0.003 -12"><span class='ocrx_word' id='word_1_275' title='bbox 1206 389 1336 433; x_wconf 84' lang='lat' dir='ltr'><strong>aliisque</strong></span> <span class='ocrx_word' id='word_1_276' title='bbox 1351 389 1578 422; x_wconf 81' lang='lat' dir='ltr'><strong>efficacioribus</strong></span> <span class='ocrx_word' id='word_1_277' title='bbox 1593 394 1623 422; x_wconf 90' lang='lat' dir='ltr'><strong>ct</strong></span> <span class='ocrx_word' id='word_1_278' title='bbox 1639 389 1771 424; x_wconf 87' lang='lat' dir='ltr'><strong>insolitis</strong></span> <span class='ocrx_word' id='word_1_279' title='bbox 1788 390 1944 431; x_wconf 86' lang='lat' dir='ltr'><strong>clausulis,</strong></span> 
     </span>
     <span class='ocr_line' id='line_1_54' title="bbox 1207 441 1944 486; baseline 0.003 -12"><span class='ocrx_word' id='word_1_280' title='bbox 1207 441 1465 486; x_wconf 81' lang='lat' dir='ltr'><strong>irritantibusque</strong></span> <span class='ocrx_word' id='word_1_281' title='bbox 1483 446 1512 475; x_wconf 92' lang='lat' dir='ltr'><strong>ct</strong></span> <span class='ocrx_word' id='word_1_282' title='bbox 1529 442 1596 475; x_wconf 88' lang='lat' dir='ltr'><strong>aliis</strong></span> <span class='ocrx_word' id='word_1_283' title='bbox 1620 441 1763 484; x_wconf 79' lang='lat' dir='ltr'><strong>decretis,</strong></span> <span class='ocrx_word' id='word_1_284' title='bbox 1781 442 1812 475; x_wconf 91' lang='lat' dir='ltr'><strong>in</strong></span> <span class='ocrx_word' id='word_1_285' title='bbox 1829 453 1944 485; x_wconf 83' lang='lat' dir='ltr'><strong>genere</strong></span> 
     </span>
     <span class='ocr_line' id='line_1_55' title="bbox 1205 495 1945 539; baseline 0.003 -12"><span class='ocrx_word' id='word_1_286' title='bbox 1205 495 1253 528; x_wconf 85' lang='lat' dir='ltr'><strong>vcl</strong></span> <span class='ocrx_word' id='word_1_287' title='bbox 1278 495 1309 527; x_wconf 89' lang='grc'><strong>111</strong></span> <span class='ocrx_word' id='word_1_288' title='bbox 1335 495 1448 539; x_wconf 76' lang='lat' dir='ltr'><strong>specie,</strong></span> <span class='ocrx_word' id='word_1_289' title='bbox 1476 496 1568 528; x_wconf 88' lang='lat' dir='ltr'><strong>ctiam</strong></span> <span class='ocrx_word' id='word_1_290' title='bbox 1594 500 1680 529; x_wconf 91' lang='lat' dir='ltr'><strong>motu</strong></span> <span class='ocrx_word' id='word_1_291' title='bbox 1698 495 1838 539; x_wconf 88' lang='lat' dir='ltr'><strong>proprio,</strong></span> <span class='ocrx_word' id='word_1_292' title='bbox 1855 506 1890 529; x_wconf 86' lang='lat' dir='ltr'><strong>ac</strong></span> <span class='ocrx_word' id='word_1_293' title='bbox 1907 496 1945 529; x_wconf 90' lang='lat' dir='ltr'><strong>dc</strong></span> 
     </span>
     <span class='ocr_line' id='line_1_56' title="bbox 1205 547 1945 593; baseline 0.004 -14"><span class='ocrx_word' id='word_1_294' title='bbox 1205 548 1395 592; x_wconf 86' lang='lat' dir='ltr'><strong>apostolicae</strong></span> <span class='ocrx_word' id='word_1_295' title='bbox 1420 549 1582 592; x_wconf 85' lang='lat' dir='ltr'><strong>potcstatis</strong></span> <span class='ocrx_word' id='word_1_296' title='bbox 1598 547 1800 593; x_wconf 87' lang='lat' dir='ltr'><strong>plenitudine,</strong></span> <span class='ocrx_word' id='word_1_297' title='bbox 1817 559 1853 581; x_wconf 88' lang='lat' dir='ltr'><strong>ac</strong></span> <span class='ocrx_word' id='word_1_298' title='bbox 1871 549 1945 582; x_wconf 78' lang='lat' dir='ltr'><strong>alias</strong></span> 
     </span>
     <span class='ocr_line' id='line_1_57' title="bbox 1204 599 1945 645; baseline 0.003 -12"><span class='ocrx_word' id='word_1_299' title='bbox 1204 599 1559 645; x_wconf 75' lang='grc'><strong>111100101101111010111110</strong></span> <span class='ocrx_word' id='word_1_300' title='bbox 1584 601 1703 635; x_wconf 79' lang='lat' dir='ltr'><strong>iteratis</strong></span> <span class='ocrx_word' id='word_1_301' title='bbox 1727 601 1848 635; x_wconf 85' lang='lat' dir='ltr'><strong>vicibus</strong></span> <span class='ocrx_word' id='word_1_302' title='bbox 1872 612 1945 635; x_wconf 90' lang='lat' dir='ltr'><strong>con-</strong></span> 
     </span>
     <span class='ocr_line' id='line_1_58' title="bbox 1204 654 1946 698; baseline 0 -11"><span class='ocrx_word' id='word_1_303' title='bbox 1204 654 1317 695; x_wconf 79' lang='lat' dir='ltr'><strong>cessis,</strong></span> <span class='ocrx_word' id='word_1_304' title='bbox 1349 654 1532 698; x_wconf 86' lang='lat' dir='ltr'><strong>approbatis</strong></span> <span class='ocrx_word' id='word_1_305' title='bbox 1564 658 1593 688; x_wconf 88' lang='lat' dir='ltr'><strong>et</strong></span> <span class='ocrx_word' id='word_1_306' title='bbox 1628 654 1800 695; x_wconf 86' lang='lat' dir='ltr'><strong>innovatis;</strong></span> <span class='ocrx_word' id='word_1_307' title='bbox 1833 654 1946 698; x_wconf 87' lang='lat' dir='ltr'><strong>quibus</strong></span> 
     </span>
     <span class='ocr_line' id='line_1_59' title="bbox 1203 707 1945 751; baseline 0.001 -12"><span class='ocrx_word' id='word_1_308' title='bbox 1203 707 1350 740; x_wconf 89' lang='lat' dir='ltr'><strong>omnibus</strong></span> <span class='ocrx_word' id='word_1_309' title='bbox 1375 713 1404 740; x_wconf 85' lang='lat' dir='ltr'><strong>et</strong></span> <span class='ocrx_word' id='word_1_310' title='bbox 1430 708 1572 751; x_wconf 78' lang='lat' dir='ltr'><strong>singulis,</strong></span> <span class='ocrx_word' id='word_1_311' title='bbox 1597 708 1691 740; x_wconf 88' lang='lat' dir='ltr'><strong>etiam</strong></span> <span class='ocrx_word' id='word_1_312' title='bbox 1708 708 1733 740; x_wconf 92' lang='lat' dir='ltr'><strong>si</strong></span> <span class='ocrx_word' id='word_1_313' title='bbox 1750 708 1788 741; x_wconf 92' lang='lat' dir='ltr'><strong>de</strong></span> <span class='ocrx_word' id='word_1_314' title='bbox 1808 707 1880 747; x_wconf 88' lang='lat' dir='ltr'><strong>illis,</strong></span> <span class='ocrx_word' id='word_1_315' title='bbox 1897 717 1945 740; x_wconf 89' lang='lat' dir='ltr'><strong>co-</strong></span> 
     </span>
     <span class='ocr_line' id='line_1_60' title="bbox 1204 760 1944 805; baseline 0.001 -13"><span class='ocrx_word' id='word_1_316' title='bbox 1204 770 1339 803; x_wconf 89' lang='lat' dir='ltr'><strong>rumque</strong></span> <span class='ocrx_word' id='word_1_317' title='bbox 1357 760 1429 793; x_wconf 90' lang='lat' dir='ltr'><strong>totis</strong></span> <span class='ocrx_word' id='word_1_318' title='bbox 1446 761 1610 794; x_wconf 90' lang='lat' dir='ltr'><strong>tenoribus</strong></span> <span class='ocrx_word' id='word_1_319' title='bbox 1627 761 1780 805; x_wconf 86' lang='lat' dir='ltr'><strong>specialis,</strong></span> <span class='ocrx_word' id='word_1_320' title='bbox 1799 760 1944 804; x_wconf 87' lang='lat' dir='ltr'><strong>specifica</strong></span> 
     </span>
     <span class='ocr_line' id='line_1_61' title="bbox 1204 814 1946 857; baseline 0 -12"><span class='ocrx_word' id='word_1_321' title='bbox 1204 817 1233 845; x_wconf 88' lang='grc'><strong>01</strong></span> <span class='ocrx_word' id='word_1_322' title='bbox 1260 823 1405 856; x_wconf 81' lang='lat' dir='ltr'><strong>expressa</strong></span> <span class='ocrx_word' id='word_1_323' title='bbox 1429 814 1548 847; x_wconf 89' lang='lat' dir='ltr'><strong>mentio</strong></span> <span class='ocrx_word' id='word_1_324' title='bbox 1580 814 1723 847; x_wconf 86' lang='lat' dir='ltr'><strong>habenda</strong></span> <span class='ocrx_word' id='word_1_325' title='bbox 1754 819 1808 847; x_wconf 86' lang='lat' dir='ltr'><strong>aut</strong></span> <span class='ocrx_word' id='word_1_326' title='bbox 1843 814 1946 857; x_wconf 89' lang='lat' dir='ltr'><strong>aliqua</strong></span> 
     </span>
     <span class='ocr_line' id='line_1_62' title="bbox 1202 865 1945 910; baseline 0.003 -13"><span class='ocrx_word' id='word_1_327' title='bbox 1202 865 1262 897; x_wconf 89' lang='lat' dir='ltr'><strong>alia</strong></span> <span class='ocrx_word' id='word_1_328' title='bbox 1280 866 1432 910; x_wconf 86' lang='lat' dir='ltr'><strong>exquisita</strong></span> <span class='ocrx_word' id='word_1_329' title='bbox 1449 867 1549 900; x_wconf 84' lang='lat' dir='ltr'><strong>forma</strong></span> <span class='ocrx_word' id='word_1_330' title='bbox 1562 867 1673 901; x_wconf 82' lang='lat' dir='ltr'><strong>adhoc</strong></span> <span class='ocrx_word' id='word_1_331' title='bbox 1687 867 1839 900; x_wconf 86' lang='lat' dir='ltr'><strong>servanda</strong></span> <span class='ocrx_word' id='word_1_332' title='bbox 1856 867 1945 908; x_wconf 82' lang='lat' dir='ltr'><strong>soret,</strong></span> 
     </span>
     <span class='ocr_line' id='line_1_63' title="bbox 1203 919 1946 961; baseline 0.003 -11"><span class='ocrx_word' id='word_1_333' title='bbox 1203 923 1328 951; x_wconf 88' lang='lat' dir='ltr'><strong>tenores</strong></span> <span class='ocrx_word' id='word_1_334' title='bbox 1359 919 1562 961; x_wconf 88' lang='lat' dir='ltr'><strong>huiusmodi,</strong></span> <span class='ocrx_word' id='word_1_335' title='bbox 1592 930 1628 953; x_wconf 90' lang='lat' dir='ltr'><strong>ac</strong></span> <span class='ocrx_word' id='word_1_336' title='bbox 1659 921 1684 953; x_wconf 90' lang='lat' dir='ltr'><strong>si</strong></span> <span class='ocrx_word' id='word_1_337' title='bbox 1717 920 1755 954; x_wconf 92' lang='lat' dir='ltr'><strong>de</strong></span> <span class='ocrx_word' id='word_1_338' title='bbox 1779 920 1877 953; x_wconf 87' lang='lat' dir='ltr'><strong>verbo</strong></span> <span class='ocrx_word' id='word_1_339' title='bbox 1908 920 1946 952; x_wconf 89' lang='lat' dir='ltr'><strong>ad</strong></span> 
     </span>
     <span class='ocr_line' id='line_1_64' title="bbox 1202 971 1946 1017; baseline 0.005 -15"><span class='ocrx_word' id='word_1_340' title='bbox 1202 971 1335 1003; x_wconf 77' lang='lat' dir='ltr'><strong>verbum</strong></span> <span class='ocrx_word' id='word_1_341' title='bbox 1352 971 1577 1013; x_wconf 86' lang='lat' dir='ltr'><strong>insererentur,</strong></span> <span class='ocrx_word' id='word_1_342' title='bbox 1591 973 1809 1015; x_wconf 87' lang='lat' dir='ltr'><strong>praesentibus</strong></span> <span class='ocrx_word' id='word_1_343' title='bbox 1825 984 1883 1017; x_wconf 89' lang='lat' dir='ltr'><strong>pro</strong></span> <span class='ocrx_word' id='word_1_344' title='bbox 1897 983 1946 1005; x_wconf 84' lang='lat' dir='ltr'><strong>ex-</strong></span> 
     </span>
     <span class='ocr_line' id='line_1_65' title="bbox 1202 1024 1945 1066; baseline 0.003 -10"><span class='ocrx_word' id='word_1_345' title='bbox 1202 1024 1320 1066; x_wconf 88' lang='lat' dir='ltr'><strong>pressis</strong></span> <span class='ocrx_word' id='word_1_346' title='bbox 1345 1024 1504 1065; x_wconf 89' lang='lat' dir='ltr'><strong>habentes,</strong></span> <span class='ocrx_word' id='word_1_347' title='bbox 1530 1025 1591 1058; x_wconf 91' lang='lat' dir='ltr'><strong>illis</strong></span> <span class='ocrx_word' id='word_1_348' title='bbox 1611 1025 1687 1058; x_wconf 75' lang='lat' dir='ltr'><strong>alias</strong></span> <span class='ocrx_word' id='word_1_349' title='bbox 1708 1025 1740 1058; x_wconf 89' lang='lat' dir='ltr'><strong>in</strong></span> <span class='ocrx_word' id='word_1_350' title='bbox 1758 1036 1814 1059; x_wconf 90' lang='lat' dir='ltr'><strong>suo</strong></span> <span class='ocrx_word' id='word_1_351' title='bbox 1831 1025 1945 1058; x_wconf 87' lang='lat' dir='ltr'><strong>robore</strong></span> 
     </span>
     <span class='ocr_line' id='line_1_66' title="bbox 1202 1077 1946 1122; baseline 0.001 -13"><span class='ocrx_word' id='word_1_352' title='bbox 1202 1077 1429 1120; x_wconf 88' lang='lat' dir='ltr'><strong>permansuris,</strong></span> <span class='ocrx_word' id='word_1_353' title='bbox 1455 1078 1513 1111; x_wconf 87' lang='lat' dir='ltr'><strong>hac</strong></span> <span class='ocrx_word' id='word_1_354' title='bbox 1536 1078 1604 1111; x_wconf 83' lang='lat' dir='ltr'><strong>vice</strong></span> <span class='ocrx_word' id='word_1_355' title='bbox 1628 1078 1790 1111; x_wconf 78' lang='lat' dir='ltr'><strong>dumtaxat</strong></span> <span class='ocrx_word' id='word_1_356' title='bbox 1807 1078 1946 1122; x_wconf 89' lang='lat' dir='ltr'><strong>speciali-</strong></span> 
     </span>
     <span class='ocr_line' id='line_1_67' title="bbox 1201 1131 1947 1175; baseline 0.003 -12"><span class='ocrx_word' id='word_1_357' title='bbox 1201 1135 1249 1163; x_wconf 85' lang='lat' dir='ltr'><strong>ter</strong></span> <span class='ocrx_word' id='word_1_358' title='bbox 1263 1136 1293 1163; x_wconf 90' lang='lat' dir='ltr'><strong>et</strong></span> <span class='ocrx_word' id='word_1_359' title='bbox 1306 1141 1453 1175; x_wconf 84' lang='lat' dir='ltr'><strong>expresse</strong></span> <span class='ocrx_word' id='word_1_360' title='bbox 1468 1131 1667 1175; x_wconf 81' lang='lat' dir='ltr'><strong>derogamus,</strong></span> <span class='ocrx_word' id='word_1_361' title='bbox 1681 1131 1856 1175; x_wconf 84' lang='lat' dir='ltr'><strong>ceterisque</strong></span> <span class='ocrx_word' id='word_1_362' title='bbox 1871 1142 1947 1165; x_wconf 90' lang='lat' dir='ltr'><strong>con-</strong></span> 
     </span>
     <span class='ocr_line' id='line_1_68' title="bbox 1202 1183 1954 1228; baseline 0.003 -13"><span class='ocrx_word' id='word_1_363' title='bbox 1202 1183 1308 1216; x_wconf 86' lang='lat' dir='ltr'><strong>trariis</strong></span> <span class='ocrx_word' id='word_1_364' title='bbox 1317 1183 1579 1228; x_wconf 78' lang='lat' dir='ltr'><strong>quibuscumque3</strong></span> <span class='ocrx_word' id='word_1_365' title='bbox 1590 1194 1712 1217; x_wconf 88' lang='lat' dir='ltr'><strong>necnon</strong></span> <span class='ocrx_word' id='word_1_366' title='bbox 1719 1184 1866 1218; x_wconf 90' lang='lat' dir='ltr'><strong>omnibus</strong></span> <span class='ocrx_word' id='word_1_367' title='bbox 1875 1184 1954 1227; x_wconf 84' lang='lat' dir='ltr'><strong>illis„</strong></span> 
     </span>
     <span class='ocr_line' id='line_1_69' title="bbox 1203 1237 1946 1282; baseline 0.003 -13"><span class='ocrx_word' id='word_1_368' title='bbox 1203 1238 1326 1280; x_wconf 90' lang='lat' dir='ltr'><strong>quaein</strong></span> <span class='ocrx_word' id='word_1_369' title='bbox 1339 1237 1422 1271; x_wconf 75' lang='lat' dir='ltr'><strong>dicta</strong></span> <span class='ocrx_word' id='word_1_370' title='bbox 1440 1238 1642 1271; x_wconf 86' lang='lat' dir='ltr'><strong>concessione</strong></span> <span class='ocrx_word' id='word_1_371' title='bbox 1666 1238 1788 1282; x_wconf 89' lang='lat' dir='ltr'><strong>primae</strong></span> <span class='ocrx_word' id='word_1_372' title='bbox 1805 1238 1946 1271; x_wconf 86' lang='lat' dir='ltr'><strong>decimae</strong></span> 
     </span>
     <span class='ocr_line' id='line_1_70' title="bbox 1204 1291 1945 1335; baseline 0.003 -12"><span class='ocrx_word' id='word_1_373' title='bbox 1204 1291 1384 1324; x_wconf 86' lang='lat' dir='ltr'><strong>huiusmodi</strong></span> <span class='ocrx_word' id='word_1_374' title='bbox 1417 1301 1601 1335; x_wconf 83' lang='lat' dir='ltr'><strong>expressum</strong></span> <span class='ocrx_word' id='word_1_375' title='bbox 1627 1297 1681 1325; x_wconf 41' lang='lat' dir='ltr'><strong>est*</strong></span> <span class='ocrx_word' id='word_1_376' title='bbox 1704 1302 1767 1325; x_wconf 90' lang='lat' dir='ltr'><strong>non</strong></span> <span class='ocrx_word' id='word_1_377' title='bbox 1802 1292 1945 1332; x_wconf 87' lang='lat' dir='ltr'><strong>obstare,</strong></span> 
     </span>
     <span class='ocr_line' id='line_1_71' title="bbox 1204 1344 1945 1388; baseline 0.001 -12"><span class='ocrx_word' id='word_1_378' title='bbox 1204 1354 1260 1376; x_wconf 89' lang='lat' dir='ltr'><strong>seu</strong></span> <span class='ocrx_word' id='word_1_379' title='bbox 1284 1344 1309 1376; x_wconf 94' lang='lat' dir='ltr'><strong>si</strong></span> <span class='ocrx_word' id='word_1_380' title='bbox 1334 1344 1491 1388; x_wconf 85' lang='lat' dir='ltr'><strong>aliquibus</strong></span> <span class='ocrx_word' id='word_1_381' title='bbox 1509 1345 1720 1378; x_wconf 85' lang='lat' dir='ltr'><strong>communiter</strong></span> <span class='ocrx_word' id='word_1_382' title='bbox 1746 1345 1794 1378; x_wconf 83' lang='lat' dir='ltr'><strong>vel</strong></span> <span class='ocrx_word' id='word_1_383' title='bbox 1822 1345 1945 1378; x_wconf 90' lang='lat' dir='ltr'><strong>divisim</strong></span> 
     </span>
     <span class='ocr_line' id='line_1_72' title="bbox 1204 1397 1946 1442; baseline 0.003 -12"><span class='ocrx_word' id='word_1_384' title='bbox 1204 1398 1242 1430; x_wconf 89' lang='lat' dir='ltr'><strong>ab</strong></span> <span class='ocrx_word' id='word_1_385' title='bbox 1256 1397 1365 1430; x_wconf 78' lang='lat' dir='ltr'><strong>eadem</strong></span> <span class='ocrx_word' id='word_1_386' title='bbox 1376 1398 1501 1432; x_wconf 84' lang='lat' dir='ltr'><strong>sitSede</strong></span> <span class='ocrx_word' id='word_1_387' title='bbox 1514 1399 1681 1441; x_wconf 88' lang='lat' dir='ltr'><strong>indultum,</strong></span> <span class='ocrx_word' id='word_1_388' title='bbox 1692 1399 1776 1442; x_wconf 90' lang='lat' dir='ltr'><strong>quod</strong></span> <span class='ocrx_word' id='word_1_389' title='bbox 1791 1398 1946 1439; x_wconf 88' lang='lat' dir='ltr'><strong>interdici,</strong></span> 
     </span>
     <span class='ocr_line' id='line_1_73' title="bbox 1204 1451 1947 1496; baseline 0 -12"><span class='ocrx_word' id='word_1_390' title='bbox 1204 1451 1353 1495; x_wconf 89' lang='lat' dir='ltr'><strong>suspendi</strong></span> <span class='ocrx_word' id='word_1_391' title='bbox 1375 1452 1421 1485; x_wconf 78' lang='lat' dir='ltr'><strong>vel</strong></span> <span class='ocrx_word' id='word_1_392' title='bbox 1448 1452 1716 1485; x_wconf 78' lang='lat' dir='ltr'><strong>excommunicari</strong></span> <span class='ocrx_word' id='word_1_393' title='bbox 1739 1462 1803 1485; x_wconf 91' lang='lat' dir='ltr'><strong>non</strong></span> <span class='ocrx_word' id='word_1_394' title='bbox 1826 1452 1947 1496; x_wconf 88' lang='lat' dir='ltr'><strong>possint</strong></span> 
     </span>
     <span class='ocr_line' id='line_1_74' title="bbox 1204 1505 1947 1550; baseline 0.001 -12"><span class='ocrx_word' id='word_1_395' title='bbox 1204 1516 1260 1548; x_wconf 89' lang='lat' dir='ltr'><strong>per</strong></span> <span class='ocrx_word' id='word_1_396' title='bbox 1284 1505 1404 1539; x_wconf 85' lang='lat' dir='ltr'><strong>litteras</strong></span> <span class='ocrx_word' id='word_1_397' title='bbox 1428 1506 1617 1549; x_wconf 88' lang='lat' dir='ltr'><strong>apostolicas</strong></span> <span class='ocrx_word' id='word_1_398' title='bbox 1641 1516 1704 1539; x_wconf 90' lang='lat' dir='ltr'><strong>non</strong></span> <span class='ocrx_word' id='word_1_399' title='bbox 1729 1506 1875 1539; x_wconf 86' lang='lat' dir='ltr'><strong>facientes</strong></span> <span class='ocrx_word' id='word_1_400' title='bbox 1886 1506 1947 1550; x_wconf 91' lang='lat' dir='ltr'><strong>ple-</strong></span> 
     </span>
     <span class='ocr_line' id='line_1_75' title="bbox 1203 1559 1946 1603; baseline 0 -12"><span class='ocrx_word' id='word_1_401' title='bbox 1203 1569 1275 1591; x_wconf 89' lang='lat' dir='ltr'><strong>nam</strong></span> <span class='ocrx_word' id='word_1_402' title='bbox 1289 1564 1318 1591; x_wconf 88' lang='lat' dir='ltr'><strong>et</strong></span> <span class='ocrx_word' id='word_1_403' title='bbox 1333 1569 1512 1603; x_wconf 81' lang='lat' dir='ltr'><strong>expressam</strong></span> <span class='ocrx_word' id='word_1_404' title='bbox 1526 1570 1561 1591; x_wconf 90' lang='lat' dir='ltr'><strong>ac</strong></span> <span class='ocrx_word' id='word_1_405' title='bbox 1578 1559 1616 1592; x_wconf 91' lang='lat' dir='ltr'><strong>de</strong></span> <span class='ocrx_word' id='word_1_406' title='bbox 1636 1560 1734 1593; x_wconf 80' lang='lat' dir='ltr'><strong>verbo</strong></span> <span class='ocrx_word' id='word_1_407' title='bbox 1751 1559 1790 1592; x_wconf 90' lang='lat' dir='ltr'><strong>ad</strong></span> <span class='ocrx_word' id='word_1_408' title='bbox 1815 1559 1946 1592; x_wconf 80' lang='lat' dir='ltr'><strong>verbum</strong></span> 
     </span>
    </p>
   </div>
   <div class='ocr_carea' id='block_1_23' title="bbox 1185 1612 1794 1654">
    <p class='ocr_par' dir='ltr' id='par_1_24' title="bbox 1185 1612 1794 1654">
     <span class='ocr_line' id='line_1_76' title="bbox 1185 1612 1794 1654; baseline 0.002 -10"><span class='ocrx_word' id='word_1_409' title='bbox 1185 1617 1187 1654; x_wconf 70' lang='lat' dir='ltr'><strong>j</strong></span> <span class='ocrx_word' id='word_1_410' title='bbox 1203 1612 1241 1645; x_wconf 94' lang='lat' dir='ltr'><strong>de</strong></span> <span class='ocrx_word' id='word_1_411' title='bbox 1258 1612 1378 1646; x_wconf 89' lang='lat' dir='ltr'><strong>indulto</strong></span> <span class='ocrx_word' id='word_1_412' title='bbox 1395 1612 1577 1646; x_wconf 90' lang='lat' dir='ltr'><strong>huiusmodi</strong></span> <span class='ocrx_word' id='word_1_413' title='bbox 1593 1613 1794 1646; x_wconf 89' lang='lat' dir='ltr'><strong>mentionem.</strong></span> 
     </span>
    </p>
   </div>
   <div class='ocr_carea' id='block_1_24' title="bbox 1202 1666 1946 1869">
    <p class='ocr_par' dir='ltr' id='par_1_25' title="bbox 1202 1666 1946 1869">
     <span class='ocr_line' id='line_1_77' title="bbox 1247 1666 1943 1708; baseline 0 -9"><span class='ocrx_word' id='word_1_414' title='bbox 1247 1666 1262 1708; x_wconf 65' lang='grc' dir='ltr'><strong>ἓ,</strong></span> <span class='ocrx_word' id='word_1_415' title='bbox 1282 1666 1310 1699; x_wconf 81' lang='grc'><strong>9.</strong></span> <span class='ocrx_word' id='word_1_416' title='bbox 1336 1666 1481 1699; x_wconf 85' lang='lat' dir='ltr'><strong>Ceterum</strong></span> <span class='ocrx_word' id='word_1_417' title='bbox 1498 1666 1625 1699; x_wconf 88' lang='lat' dir='ltr'><strong>eosdem</strong></span> <span class='ocrx_word' id='word_1_418' title='bbox 1644 1671 1768 1699; x_wconf 86' lang='lat' dir='ltr'><strong>sanctae</strong></span> <span class='ocrx_word' id='word_1_419' title='bbox 1785 1666 1943 1699; x_wconf 84' lang='lat' dir='ltr'><strong>Romanae</strong></span> 
     </span>
     <span class='ocr_line' id='line_1_78' title="bbox 1203 1717 1946 1762; baseline 0.003 -12"><span class='ocrx_word' id='word_1_420' title='bbox 1203 1717 1359 1751; x_wconf 87' lang='lat' dir='ltr'><strong>Ecclesiae</strong></span> <span class='ocrx_word' id='word_1_421' title='bbox 1384 1718 1560 1751; x_wconf 86' lang='lat' dir='ltr'><strong>cardinales</strong></span> <span class='ocrx_word' id='word_1_422' title='bbox 1585 1723 1716 1759; x_wconf 86' lang='lat' dir='ltr'><strong>tantum,</strong></span> <span class='ocrx_word' id='word_1_423' title='bbox 1741 1719 1855 1762; x_wconf 91' lang='lat' dir='ltr'><strong>quibus</strong></span> <span class='ocrx_word' id='word_1_424' title='bbox 1872 1729 1946 1762; x_wconf 87' lang='lat' dir='ltr'><strong>pen—</strong></span> 
     </span>
     <span class='ocr_line' id='line_1_79' title="bbox 1203 1771 1945 1816; baseline 0.003 -13"><span class='ocrx_word' id='word_1_425' title='bbox 1203 1771 1306 1804; x_wconf 87' lang='lat' dir='ltr'><strong>siones</strong></span> <span class='ocrx_word' id='word_1_426' title='bbox 1324 1782 1445 1805; x_wconf 88' lang='lat' dir='ltr'><strong>annuae</strong></span> <span class='ocrx_word' id='word_1_427' title='bbox 1462 1782 1556 1816; x_wconf 90' lang='lat' dir='ltr'><strong>super</strong></span> <span class='ocrx_word' id='word_1_428' title='bbox 1572 1772 1727 1805; x_wconf 85' lang='lat' dir='ltr'><strong>fructibus</strong></span> <span class='ocrx_word' id='word_1_429' title='bbox 1741 1772 1945 1805; x_wconf 85' lang='lat' dir='ltr'><strong>ecclesiarum</strong></span> 
     </span>
     <span class='ocr_line' id='line_1_80' title="bbox 1202 1825 1946 1869; baseline 0.003 -13"><span class='ocrx_word' id='word_1_430' title='bbox 1202 1825 1432 1858; x_wconf 83' lang='lat' dir='ltr'><strong>cathedralium</strong></span> <span class='ocrx_word' id='word_1_431' title='bbox 1475 1829 1527 1859; x_wconf 86' lang='lat' dir='ltr'><strong>aut</strong></span> <span class='ocrx_word' id='word_1_432' title='bbox 1572 1825 1889 1869; x_wconf 84' lang='lat' dir='ltr'><strong>metropolitanarum</strong></span> <span class='ocrx_word' id='word_1_433' title='bbox 1916 1830 1946 1858; x_wconf 90' lang='lat' dir='ltr'><strong>et</strong></span> 
     </span>
    </p>
   </div>
   <div class='ocr_carea' id='block_1_25' title="bbox 426 1871 1947 1974">
    <p class='ocr_par' dir='ltr' id='par_1_26' title="bbox 426 1871 1947 1974">
     <span class='ocr_line' id='line_1_81' title="bbox 1183 1871 1947 1920; baseline 0.001 -10"><span class='ocrx_word' id='word_1_434' title='bbox 1183 1871 1185 1920; x_wconf 57' lang='lat' dir='ltr'><strong>f</strong></span> <span class='ocrx_word' id='word_1_435' title='bbox 1201 1878 1337 1911; x_wconf 91' lang='lat' dir='ltr'><strong>aliorum</strong></span> <span class='ocrx_word' id='word_1_436' title='bbox 1351 1878 1580 1912; x_wconf 85' lang='lat' dir='ltr'><strong>beneficiorum</strong></span> <span class='ocrx_word' id='word_1_437' title='bbox 1595 1878 1881 1912; x_wconf 86' lang='lat' dir='ltr'><strong>ecclesiasticorum</strong></span> <span class='ocrx_word' id='word_1_438' title='bbox 1901 1888 1947 1911; x_wconf 86' lang='lat' dir='ltr'><strong>re-</strong></span> 
     </span>
     <span class='ocr_line' id='line_1_82' title="bbox 426 1929 1184 1974; baseline 0.004 -13"><span class='ocrx_word' id='word_1_439' title='bbox 426 1929 607 1971; x_wconf 71' lang='lat' dir='ltr'><strong>invocandi,</strong></span> <span class='ocrx_word' id='word_1_440' title='bbox 632 1931 758 1974; x_wconf 84' lang='lat' dir='ltr'><strong>plenam</strong></span> <span class='ocrx_word' id='word_1_441' title='bbox 784 1936 814 1963; x_wconf 91' lang='grc'><strong>01</strong></span> <span class='ocrx_word' id='word_1_442' title='bbox 837 1931 969 1963; x_wconf 88' lang='lat' dir='ltr'><strong>liberam</strong></span> <span class='ocrx_word' id='word_1_443' title='bbox 988 1931 1184 1964; x_wconf 46' lang='lat' dir='ltr'><strong>facultatem*</strong></span> 
     </span>
    </p>
   </div>
   <div class='ocr_carea' id='block_1_26' title="bbox 1201 1930 1946 2349">
    <p class='ocr_par' dir='ltr' id='par_1_27' title="bbox 1201 1930 1946 2189">
     <span class='ocr_line' id='line_1_83' title="bbox 1201 1930 1946 1976; baseline 0.001 -12"><span class='ocrx_word' id='word_1_444' title='bbox 1201 1930 1362 1972; x_wconf 86' lang='lat' dir='ltr'><strong>servatae¹,</strong></span> <span class='ocrx_word' id='word_1_445' title='bbox 1379 1942 1433 1964; x_wconf 91' lang='lat' dir='ltr'><strong>seu</strong></span> <span class='ocrx_word' id='word_1_446' title='bbox 1444 1932 1502 1975; x_wconf 91' lang='lat' dir='ltr'><strong>ipsi</strong></span> <span class='ocrx_word' id='word_1_447' title='bbox 1527 1932 1658 1972; x_wconf 79' lang='lat' dir='ltr'><strong>fructus,</strong></span> <span class='ocrx_word' id='word_1_448' title='bbox 1675 1932 1723 1965; x_wconf 71' lang='lat' dir='ltr'><strong>vel</strong></span> <span class='ocrx_word' id='word_1_449' title='bbox 1744 1942 1855 1965; x_wconf 87' lang='lat' dir='ltr'><strong>eorum</strong></span> <span class='ocrx_word' id='word_1_450' title='bbox 1873 1942 1946 1976; x_wconf 86' lang='lat' dir='ltr'><strong>pars</strong></span> 
     </span>
     <span class='ocr_line' id='line_1_84' title="bbox 1201 1985 1944 2029; baseline 0.001 -12"><span class='ocrx_word' id='word_1_451' title='bbox 1201 1985 1271 2018; x_wconf 91' lang='lat' dir='ltr'><strong>loco</strong></span> <span class='ocrx_word' id='word_1_452' title='bbox 1301 1985 1489 2028; x_wconf 86' lang='lat' dir='ltr'><strong>pensionum</strong></span> <span class='ocrx_word' id='word_1_453' title='bbox 1514 1985 1665 2018; x_wconf 88' lang='lat' dir='ltr'><strong>reservati</strong></span> <span class='ocrx_word' id='word_1_454' title='bbox 1689 1985 1902 2029; x_wconf 86' lang='lat' dir='ltr'><strong>reperiuntur,</strong></span> <span class='ocrx_word' id='word_1_455' title='bbox 1927 1996 1944 2018; x_wconf 85' lang='lat' dir='ltr'><strong>a</strong></span> 
     </span>
     <span class='ocr_line' id='line_1_85' title="bbox 1201 2039 1945 2083; baseline 0.001 -12"><span class='ocrx_word' id='word_1_456' title='bbox 1201 2039 1373 2082; x_wconf 79' lang='lat' dir='ltr'><strong>praemissa</strong></span> <span class='ocrx_word' id='word_1_457' title='bbox 1391 2039 1634 2081; x_wconf 76' lang='lat' dir='ltr'><strong>contributione,</strong></span> <span class='ocrx_word' id='word_1_458' title='bbox 1647 2039 1751 2083; x_wconf 89' lang='lat' dir='ltr'><strong>quoad</strong></span> <span class='ocrx_word' id='word_1_459' title='bbox 1771 2039 1854 2083; x_wconf 88' lang='lat' dir='ltr'><strong>ipsas</strong></span> <span class='ocrx_word' id='word_1_460' title='bbox 1870 2049 1945 2083; x_wconf 87' lang='lat' dir='ltr'><strong>pen-</strong></span> 
     </span>
     <span class='ocr_line' id='line_1_86' title="bbox 1202 2092 1945 2134; baseline 0 -10"><span class='ocrx_word' id='word_1_461' title='bbox 1202 2092 1305 2125; x_wconf 89' lang='lat' dir='ltr'><strong>siones</strong></span> <span class='ocrx_word' id='word_1_462' title='bbox 1323 2098 1353 2125; x_wconf 88' lang='lat' dir='ltr'><strong>et</strong></span> <span class='ocrx_word' id='word_1_463' title='bbox 1365 2093 1594 2126; x_wconf 73' lang='lat' dir='ltr'><strong>reservationes</strong></span> <span class='ocrx_word' id='word_1_464' title='bbox 1611 2093 1781 2134; x_wconf 82' lang='lat' dir='ltr'><strong>fructuum,</strong></span> <span class='ocrx_word' id='word_1_465' title='bbox 1800 2092 1945 2125; x_wconf 78' lang='lat' dir='ltr'><strong>volumus</strong></span> 
     </span>
     <span class='ocr_line' id='line_1_87' title="bbox 1201 2150 1463 2189; baseline 0.004 -11"><span class='ocrx_word' id='word_1_466' title='bbox 1201 2150 1362 2189; x_wconf 81' lang='lat' dir='ltr'><strong>exemptos</strong></span> <span class='ocrx_word' id='word_1_467' title='bbox 1379 2156 1463 2186; x_wconf 87' lang='lat' dir='ltr'><strong>esse;</strong></span> 
     </span>
    </p>

    <p class='ocr_par' dir='ltr' id='par_1_28' title="bbox 1202 2197 1945 2349">
     <span class='ocr_line' id='line_1_88' title="bbox 1246 2197 1944 2243; baseline 0 -13"><span class='ocrx_word' id='word_1_468' title='bbox 1246 2199 1261 2241; x_wconf 62' lang='lat' dir='ltr'>g</span> <span class='ocrx_word' id='word_1_469' title='bbox 1279 2198 1325 2231; x_wconf 83' lang='lat'><strong>10.</strong></span> <span class='ocrx_word' id='word_1_470' title='bbox 1339 2199 1489 2242; x_wconf 82' lang='lat' dir='ltr'><strong>Quodque</strong></span> <span class='ocrx_word' id='word_1_471' title='bbox 1502 2199 1714 2243; x_wconf 87' lang='lat' dir='ltr'><strong>praesentium</strong></span> <span class='ocrx_word' id='word_1_472' title='bbox 1729 2197 1944 2242; x_wconf 81' lang='lat' dir='ltr'><strong>transumptis,</strong></span> 
     </span>
     <span class='ocr_line' id='line_1_89' title="bbox 1202 2251 1945 2295; baseline -0.001 -11"><span class='ocrx_word' id='word_1_473' title='bbox 1202 2252 1296 2284; x_wconf 87' lang='lat' dir='ltr'><strong>etiam</strong></span> <span class='ocrx_word' id='word_1_474' title='bbox 1320 2252 1483 2295; x_wconf 86' lang='lat' dir='ltr'><strong>impressis</strong></span> <span class='ocrx_word' id='word_1_475' title='bbox 1497 2279 1504 2293; x_wconf 91' lang='lat'><strong>,</strong></span> <span class='ocrx_word' id='word_1_476' title='bbox 1536 2262 1630 2285; x_wconf 88' lang='lat' dir='ltr'><strong>manu</strong></span> <span class='ocrx_word' id='word_1_477' title='bbox 1662 2252 1794 2285; x_wconf 90' lang='lat' dir='ltr'><strong>alicuius</strong></span> <span class='ocrx_word' id='word_1_478' title='bbox 1825 2251 1945 2295; x_wconf 90' lang='lat' dir='ltr'><strong>publici</strong></span> 
     </span>
     <span class='ocr_line' id='line_1_90' title="bbox 1202 2304 1945 2349; baseline 0 -12"><span class='ocrx_word' id='word_1_479' title='bbox 1202 2305 1316 2338; x_wconf 89' lang='lat' dir='ltr'><strong>notarii</strong></span> <span class='ocrx_word' id='word_1_480' title='bbox 1341 2305 1537 2349; x_wconf 77' lang='lat' dir='ltr'><strong>subscriptis,</strong></span> <span class='ocrx_word' id='word_1_481' title='bbox 1558 2306 1724 2349; x_wconf 78' lang='lat' dir='ltr'><strong>sigilloque</strong></span> <span class='ocrx_word' id='word_1_482' title='bbox 1743 2315 1896 2349; x_wconf 86' lang='lat' dir='ltr'><strong>personae</strong></span> <span class='ocrx_word' id='word_1_483' title='bbox 1913 2304 1945 2337; x_wconf 90' lang='lat' dir='ltr'><strong>in</strong></span> 
     </span>
    </p>
   </div>
   <div class='ocr_carea' id='block_1_27' title="bbox 1204 2413 1947 2510">
    <p class='ocr_par' dir='ltr' id='par_1_29' title="bbox 1204 2413 1947 2510">
     <span class='ocr_line' id='line_1_91' title="bbox 1204 2413 1945 2456; baseline 0 -11"><span class='ocrx_word' id='word_1_484' title='bbox 1204 2413 1312 2446; x_wconf 86' lang='lat' dir='ltr'><strong>eadem</strong></span> <span class='ocrx_word' id='word_1_485' title='bbox 1346 2423 1477 2456; x_wconf 87' lang='lat' dir='ltr'><strong>prorsus</strong></span> <span class='ocrx_word' id='word_1_486' title='bbox 1506 2413 1584 2446; x_wconf 86' lang='lat' dir='ltr'><strong>fides</strong></span> <span class='ocrx_word' id='word_1_487' title='bbox 1609 2413 1639 2446; x_wconf 90' lang='lat' dir='ltr'><strong>in</strong></span> <span class='ocrx_word' id='word_1_488' title='bbox 1664 2413 1780 2446; x_wconf 92' lang='lat' dir='ltr'><strong>iudicio</strong></span> <span class='ocrx_word' id='word_1_489' title='bbox 1805 2418 1835 2446; x_wconf 90' lang='grc'><strong>01</strong></span> <span class='ocrx_word' id='word_1_490' title='bbox 1859 2417 1945 2446; x_wconf 83' lang='lat' dir='ltr'><strong>extra</strong></span> 
     </span>
     <span class='ocr_line' id='line_1_92' title="bbox 1205 2465 1947 2510; baseline 0 -12"><span class='ocrx_word' id='word_1_491' title='bbox 1205 2466 1399 2507; x_wconf 83' lang='lat' dir='ltr'><strong>adhibeatur,</strong></span> <span class='ocrx_word' id='word_1_492' title='bbox 1425 2476 1504 2510; x_wconf 86' lang='lat' dir='ltr'><strong>quae</strong></span> <span class='ocrx_word' id='word_1_493' title='bbox 1529 2466 1603 2510; x_wconf 85' lang='lat' dir='ltr'><strong>ipsis</strong></span> <span class='ocrx_word' id='word_1_494' title='bbox 1631 2466 1837 2509; x_wconf 75' lang='lat' dir='ltr'><strong>originalibus</strong></span> <span class='ocrx_word' id='word_1_495' title='bbox 1861 2465 1947 2498; x_wconf 86' lang='lat' dir='ltr'><strong>adhi-</strong></span> 
     </span>
    </p>
   </div>
   <div class='ocr_carea' id='block_1_28' title="bbox 1243 2573 1946 2674">
    <p class='ocr_par' dir='ltr' id='par_1_30' title="bbox 1243 2573 1946 2674">
     <span class='ocr_line' id='line_1_93' title="bbox 1250 2573 1946 2618; baseline -0.001 -12"><span class='ocrx_word' id='word_1_496' title='bbox 1250 2574 1361 2607; x_wconf 90' lang='lat' dir='ltr'><strong>Datum</strong></span> <span class='ocrx_word' id='word_1_497' title='bbox 1382 2574 1509 2615; x_wconf 87' lang='lat' dir='ltr'><strong>Romae,</strong></span> <span class='ocrx_word' id='word_1_498' title='bbox 1532 2574 1616 2618; x_wconf 89' lang='lat' dir='ltr'><strong>apud</strong></span> <span class='ocrx_word' id='word_1_499' title='bbox 1644 2574 1672 2608; x_wconf 83' lang='lat' dir='ltr'><strong>S.</strong></span> <span class='ocrx_word' id='word_1_500' title='bbox 1700 2574 1827 2607; x_wconf 84' lang='lat' dir='ltr'><strong>Mariam</strong></span> <span class='ocrx_word' id='word_1_501' title='bbox 1853 2573 1946 2606; x_wconf 87' lang='lat' dir='ltr'><strong>Maio—</strong></span> 
     </span>
     <span class='ocr_line' id='line_1_94' title="bbox 1243 2636 1786 2674; baseline -0.002 -10"><span class='ocrx_word' id='word_1_502' title='bbox 1243 2638 1253 2664; x_wconf 89' lang='lat'>1</span> <span class='ocrx_word' id='word_1_503' title='bbox 1276 2636 1326 2665; x_wconf 87' lang='lat' dir='ltr'><strong>Ed.</strong></span> <span class='ocrx_word' id='word_1_504' title='bbox 1343 2636 1422 2665; x_wconf 84' lang='lat' dir='ltr'><strong>Main.</strong></span> <span class='ocrx_word' id='word_1_505' title='bbox 1441 2637 1506 2672; x_wconf 78' lang='lat' dir='ltr'><strong>legit</strong></span> <span class='ocrx_word' id='word_1_506' title='bbox 1520 2640 1666 2667; x_wconf 77' lang='lat' dir='ltr'><strong>reservata</strong></span> <span class='ocrx_word' id='word_1_507' title='bbox 1681 2638 1719 2674; x_wconf 75' lang='grc'><strong>(0.</strong></span> <span class='ocrx_word' id='word_1_508' title='bbox 1737 2637 1786 2672; x_wconf 70' lang='grc'><strong>1.).</strong></span> 
     </span>
    </p>
   </div>
   <div class='ocr_carea' id='block_1_29' title="bbox 1959 235 2141 265">
    <p class='ocr_par' dir='ltr' id='par_1_31' title="bbox 1959 235 2141 265">
     <span class='ocr_line' id='line_1_95' title="bbox 1959 235 2141 265; baseline 0.011 -3"><span class='ocrx_word' id='word_1_509' title='bbox 1959 235 2010 263; x_wconf 80' lang='lat' dir='ltr'><strong>An.</strong></span> <span class='ocrx_word' id='word_1_510' title='bbox 2026 235 2054 264; x_wconf 83' lang='lat' dir='ltr'><strong>C.</strong></span> <span class='ocrx_word' id='word_1_511' title='bbox 2072 236 2141 265; x_wconf 76' lang='lat'>¹625</span> 
     </span>
    </p>
   </div>
   <div class='ocr_carea' id='block_1_30' title="bbox 1961 1676 2145 1750">
    <p class='ocr_par' dir='ltr' id='par_1_32' title="bbox 1961 1676 2145 1750">
     <span class='ocr_line' id='line_1_96' title="bbox 1994 1676 2145 1697; baseline 0.007 -1"><span class='ocrx_word' id='word_1_512' title='bbox 1994 1676 2116 1697; x_wconf 61' lang='grc' dir='ltr'><strong>(ἴω-«11113105</strong></span> <span class='ocrx_word' id='word_1_513' title='bbox 2132 1682 2145 1697; x_wconf 72' lang='lat' dir='ltr'><strong>a</strong></span> 
     </span>
     <span class='ocr_line' id='line_1_97' title="bbox 1961 1703 2145 1732; baseline 0 -9"><span class='ocrx_word' id='word_1_514' title='bbox 1961 1704 2064 1732; x_wconf 64' lang='lat' dir='ltr'><strong>conventa</strong></span> <span class='ocrx_word' id='word_1_515' title='bbox 2080 1703 2145 1732; x_wconf 54' lang='lat' dir='ltr'><strong>⁴sotu-</strong></span> 
     </span>
     <span class='ocr_line' id='line_1_98' title="bbox 1961 1732 2145 1750; baseline 0.005 -1"><span class='ocrx_word' id='word_1_516' title='bbox 1961 1732 2017 1750; x_wconf 67' lang='lat' dir='ltr'><strong>unua</strong></span> <span class='ocrx_word' id='word_1_517' title='bbox 2052 1735 2145 1750; x_wconf 74' lang='lat' dir='ltr'><strong>eximun-</strong></span> 
     </span>
    </p>
   </div>
   <div class='ocr_carea' id='block_1_31' title="bbox 1961 2205 2143 2259">
    <p class='ocr_par' dir='ltr' id='par_1_33' title="bbox 1961 2205 2143 2259">
     <span class='ocr_line' id='line_1_99' title="bbox 1997 2205 2143 2227; baseline 0.007 -1"><span class='ocrx_word' id='word_1_518' title='bbox 1997 2205 2058 2227; x_wconf 73' lang='lat' dir='ltr'><strong>Fides</strong></span> <span class='ocrx_word' id='word_1_519' title='bbox 2074 2205 2143 2227; x_wconf 66' lang='lat' dir='ltr'><strong>danila</strong></span> 
     </span>
     <span class='ocr_line' id='line_1_100' title="bbox 1961 2233 2103 2259; baseline 0 -6"><span class='ocrx_word' id='word_1_520' title='bbox 1961 2233 2103 2259; x_wconf 74' lang='lat' dir='ltr'><strong>transumptIs.</strong></span> 
     </span>
    </p>
   </div>
  </div>
 </body>
</html>
