2269 3235
109 242 163 270 An.
179 241 210 270 C.
225 241 295 269 1624

134 732 178 754 Qua
192 730 290 751 cuin-‹uli-

106 758 290 778 tui-visitatorum

106 785 221 810 praedictus
259 785 290 804 iu-

106 811 185 831 uultum
232 816 290 831 exer-

105 838 167 858 cendi
179 838 289 863 pontifica-

105 864 134 885 lt'a
159 864 178 884 iu
203 864 288 890 quihus-

105 896 194 916 rumque
222 897 257 910 ere
269 898 288 910 e·

104 917 141 937 siis
156 917 237 943 pau-iar

104 943 159 964 libus
192 944 287 969 quamtis

104 972 213 996 exerimus.

239 917 288 937 ctia-
305 929 310 934 ·

125 1851 203 1871 Altaria
218 1852 238 1870 et
251 1855 283 1871 ec·

99 1878 175 1898 ctesias
205 1883 283 1897 conse-

98 1904 187 1925 crandi.
203 1910 227 1924 ac
247 1909 282 1928 pa-

98 1933 193 1952 ramenta
202 1946 206 1951 .
233 1937 238 1948 1
250 1938 255 1949 1

97 1959 118 1977 et
134 1957 209 1977 similia
220 1957 282 1977 bene-

98 1984 191 2004 dicendi.

156 2223 283 2244 Sacramen-

916 241 1057 266 URBANUS
1083 242 1139 266 VIII
1163 243 1210 266 1¹1².

307 288 417 322 diebus
441 288 628 331 indiximus,
656 294 686 322 et
710 298 804 333 quam
827 298 930 333 nuper
954 289 1046 322 etiam

306 341 533 383 inchoavimus,
551 343 743 387 experientia
756 341 981 386 comprobante
999 353 1048 375 co-

306 395 519 438 gnoverimus,
531 396 697 439 aliquando
707 405 834 429 necesse
844 405 911 428 esse
924 395 955 428 in
966 406 1048 428 com-

305 448 451 492 pluribus
476 449 615 482 eiusdem
641 449 732 482 Urbis
763 459 798 481 ac
829 448 912 481 illius
941 448 1047 481 distri-

306 505 373 535 ctus
387 501 528 535 ecclesiis
541 502 650 534 altaria
664 501 853 542 consecrari,
867 512 1046 545 campanas,

306 561 500 596 ornamenta,
514 556 758 598 indumentaque
773 555 985 588 ecclesiastica
998 555 1048 587 be-

306 609 418 650 nedici,
436 614 629 642 sacramenta
646 609 829 650 ministrari,
847 614 875 642 et
893 609 951 641 alia
968 619 1046 652 pon-

307 661 433 695 tificalia
456 662 563 695 munia
587 662 746 695 exerceri:

350 717 365 760 §
394 716 419 749 1.
444 716 548 756 Vobis,
573 721 603 749 et
627 721 766 749 restrum
794 715 938 758 cuilibet,
967 726 1046 759 quos

306 769 337 802 in
354 770 464 803 eadem
488 769 666 802 visitatione
690 769 853 813 operarios
878 773 907 803 et
928 769 1046 802 adiuto-

305 834 356 857 res
386 823 561 867 delegimus
594 829 623 856 et
656 824 896 868 deputavimus,
921 824 1045 867 plenam

305 887 362 920 per
384 882 565 920 praesentes
582 877 783 910 concedimus
808 878 995 917 facultatem,
1013 882 1046 910 ut

303 940 335 962 111
359 929 614 974 quibuscumque
638 935 700 963 tam
726 930 808 963 intra
832 930 975 963 eamdem
993 931 1047 963 Ur-

302 983 385 1024 bem,
402 994 438 1016 ac
450 994 559 1027 prope,
573 988 603 1016 et
617 988 703 1018 extra
720 984 802 1016 illius
819 994 937 1024 muros,
952 994 1045 1027 quam

302 1037 396 1071 etiam
414 1037 495 1070 intra
513 1037 653 1070 eiusdem
671 1037 764 1070 Urbis
784 1036 962 1070 districtum
980 1037 1045 1069 sitis

302 1091 453 1132 ecclesiis,
464 1091 555 1124 etiam
566 1090 838 1134 patriarchalibus,
849 1101 971 1124 necnon
982 1102 1047 1124 mo-

302 1144 456 1183 nasteriis,
479 1144 671 1188 prioratibus
696 1150 725 1177 et
749 1144 906 1185 domibus,
927 1145 1046 1177 secula-

301 1197 470 1240 1·ibus,seu
498 1198 724 1240 cuiuscumque
753 1197 899 1237 Ordinis,
928 1197 1044 1230 etiam¹

300 1251 542 1284 Mendicantium
556 1278 563 1291 ,
592 1250 721 1283 militiae
736 1277 743 1291 ,
769 1251 1023 1293 congregationis
1037 1278 1044 1292 ,

300 1309 353 1336 aut
385 1303 519 1336 instituti
554 1303 773 1346 regularibus,
806 1309 868 1336 tam
902 1303 1044 1337 virorum

298 1367 393 1400 quam
414 1357 595 1397 mulierum,
620 1361 712 1400 atque
736 1357 956 1400 hospitalibus,
977 1368 1046 1390 ora-

300 1409 399 1450 toriis,
424 1410 556 1450 sacellis,
577 1410 786 1450 coemeteriis,
809 1409 948 1453 locisque
972 1410 1043 1454 piis,

299 1468 351 1497 aut
382 1463 560 1507 religiosis,
590 1468 654 1496 tam
687 1463 859 1507 exemptis,
889 1463 1042 1508 nobisque

299 1520 329 1552 et
351 1517 550 1562 Apostolicae
575 1517 646 1550 Sedi
671 1517 850 1550 immediate
875 1517 1041 1559 subiectis,

298 1582 392 1616 quam
418 1571 512 1604 etiam
536 1581 600 1604 non
628 1571 800 1615 exemptis,
826 1576 856 1604 et
880 1571 1042 1615 quibusvis

299 1625 393 1658 etiam
415 1625 444 1658 S.
465 1625 499 1658 R.
520 1625 553 1657 E.
575 1624 790 1658 cardinalibus
814 1625 936 1658 ratione
960 1625 1040 1659 tituli

298 1683 350 1711 aut
374 1678 639 1712 denominationis
666 1678 713 1711 sui
738 1677 964 1720 cardinalatus,
990 1684 1041 1713 aut

298 1733 372 1766 alias
405 1732 642 1776 quomodolibet
675 1737 705 1766 et
737 1743 773 1766 ex
805 1733 915 1776 quavis
946 1736 1041 1767 causa

299 1785 464 1826 subiectis,

301 1834 303 1836 ¹
343 1841 358 1883 ἓ
382 1840 411 1873 2.
436 1840 552 1873 Altaria
577 1850 612 1873 ac
637 1840 785 1884 ipsasmet
805 1840 953 1873 ecclesias
970 1851 1042 1874 con-

299 1904 445 1934 secrare,
476 1899 528 1927 aut
562 1894 615 1926 illa
649 1894 696 1926 vel
732 1894 858 1927 easdem
895 1896 1041 1928 ecclesias

299 1954 352 1982 aut
375 1948 436 1981 illis
460 1958 596 1981 annexas
620 1948 843 1988 reconciliare,
869 1959 923 1982 seu
949 1950 1041 1983 etiam

299 2002 499 2042 coemeteria,
524 2011 710 2045 campanas,
736 2002 865 2043 calices,
891 2008 1040 2046 patenas,

298 2066 419 2097 cruces,
443 2055 625 2088 indumenta
643 2060 671 2088 et
688 2061 871 2089 ornamenta
894 2058 1040 2090 ecclesia-

298 2109 374 2143 stica
391 2120 620 2154 quaecumque,
637 2114 666 2142 et
682 2120 805 2153 aquam,
820 2115 853 2143 ut
871 2111 968 2144 moris
984 2117 1040 2152 est,

298 2163 485 2197 benedicere
493 2190 501 2204 ‚

343 2218 358 2262 ξ
377 2218 406 2251 3.
423 2219 662 2252 Sacramentum
680 2218 938 2259 confirmationis,
956 2220 1040 2263 quod

1079 290 1161 323 tic-ali
1185 291 1249 323 ritu
1273 290 1304 323 in
1328 290 1467 323 ecclesiis
1491 293 1521 323 ct
1544 288 1632 330 10015,
1652 289 1682 322 in
1708 289 1822 334 quibus

1080 353 1135 376 vos
1151 343 1181 376 id
1205 344 1243 376 ad
1268 344 1421 377 maiorem
1438 343 1614 376 animarum
1632 343 1822 377 consolatio-

1079 406 1172 436 nem,
1201 397 1461 441 spiritualemque
1495 398 1694 441 prosectum,
1727 400 1756 430 ct
1784 396 1822 429 ad

1080 448 1308 492 ipsam'etiam,
1326 461 1420 493 quam
1446 450 1644 490 intendimus,
1669 449 1822 483 reforma-

1080 501 1196 534 tionem
1222 502 1429 535 inducendam
1454 504 1611 547 pertincrc
1636 503 1822 536 iudicaveri-

1080 555 1158 595 ritis,
1176 555 1336 587 celebrare
1362 561 1391 588 ct
1416 557 1600 598 decantare,

1125 608 1139 651 ξ
1164 607 1192 640 5.
1220 608 1312 641 Verbi
1338 609 1392 641 Dei
1418 610 1667 652 praedicationes
1692 616 1722 643 et
1747 620 1822 643 con-

1081 663 1187 695 ciones
1204 663 1241 695 ad
1259 663 1312 695 Dei
1330 674 1471 695 amorem
1490 669 1519 696 et
1541 664 1686 696 timorem
1703 664 1735 696 in
1755 675 1822 697 cor-

1080 715 1170 749 dibus
1195 716 1334 749 fidelium
1359 717 1558 749 excitandum
1590 722 1620 749 et
1643 717 1819 749 accenden-

1080 769 1154 801 dum
1180 769 1304 813 publice
1329 769 1366 802 ad
1392 770 1511 802 clerum
1537 773 1565 803 et
1583 770 1747 813 populum,
1767 780 1823 803 seu

1080 823 1154 855 alias
1170 823 1328 867 privatim,
1346 829 1439 867 prout
1467 823 1589 856 occasio
1607 827 1637 855 ct
1655 822 1823 855 necessitas

1079 876 1261 920 postulabit,
1286 877 1421 915 habere,

1124 930 1138 973 ,ξ
1162 930 1191 963 6.
1217 930 1284 962 Alia
1308 930 1443 974 denique
1472 930 1578 963 omnia
1602 936 1629 963 et
1656 941 1822 974 quaecum-

1079 993 1140 1026 que
1165 984 1272 1016 munia
1288 984 1489 1027 pontificalia,
1505 984 1599 1016 etiam
1617 995 1697 1028 qnae
1714 989 1820 1018 notam

1079 1042 1131 1069 aut
1155 1037 1387 1080 expressionem
1406 1037 1606 1081 requirerent
1630 1038 1730 1080 magis
1754 1049 1822 1082 spe-

1079 1090 1200 1131 cialem,
1218 1096 1248 1123 et
1264 1091 1321 1123 sub
1340 1091 1479 1133 generali
1497 1091 1675 1124 huiusmodi
1696 1102 1822 1125 conces-

1079 1143 1167 1176 sione
1190 1153 1254 1177 non
1274 1144 1597 1188 comprehenduntur,
1615 1145 1709 1177 etiam
1727 1144 1820 1188 erga¹

1079 1207 1230 1239 personas
1250 1197 1389 1241 alioquin
1407 1197 1526 1231 habiles
1542 1203 1573 1231 et
1590 1198 1717 1232 idoneas
1735 1210 1822 1232 exer-

1079 1260 1164 1290 cere,
1185 1250 1277 1282 etiam
1303 1251 1390 1283 nullo
1415 1251 1476 1284 alio
1500 1261 1517 1283 a
1542 1251 1632 1284 nohis
1656 1258 1820 1296 expectato

1078 1307 1131 1335 aut
1155 1303 1307 1347 requisito
1331 1304 1488 1345 mandato,
1504 1304 1603 1338 libere
1620 1311 1650 1338 et
1670 1305 1754 1339 licite
1771 1316 1822 1339 va·

1078 1356 1175 1390 leatis.

1121 1410 1136 1453 §
1161 1411 1189 1444 7.
1214 1411 1283 1444 Non
1303 1411 1502 1444 obstantibus
1525 1412 1819 1454 constitutionibus,
1835 1427 2017 1448 Contrariatottit.

1077 1468 1104 1496 et
1130 1463 1380 1498 ordinationibus
1405 1466 1602 1509 apostolicis,
1627 1477 1663 1499 ac
1687 1466 1719 1499 in
1743 1477 1819 1501 con-

1076 1517 1155 1550 ciliis
1174 1522 1235 1552 tam
1245 1517 1256 1535 2
1269 1519 1469 1561 generalibus
1485 1519 1586 1561 editis,
1600 1520 1820 1565 dictarumque

1076 1572 1290 1613 ecclesiarum,
1300 1573 1576 1614 monasteriorum,
1583 1574 1741 1615 ordinum,
1750 1585 1821 1608 con-

1075 1626 1306 1669 gregationum,
1324 1626 1518 1668 militiarum,
1536 1627 1749 1671 hospitalium,
1768 1634 1822 1661 aut

1075 1678 1244 1712 domorum
1269 1680 1470 1723 (iuramento,
1488 1680 1728 1714 confirmatione
1747 1692 1820 1725 apo-

1075 1732 1194 1773 stolica,
1212 1733 1260 1766 vel
1277 1733 1386 1776 quavis
1404 1733 1552 1766 firmitate
1572 1733 1633 1766 alia
1649 1734 1820 1778 roboratis)

1074 1787 1197 1819 statutis
1210 1791 1240 1819 et
1253 1787 1541 1827 consuetudinibus,
1556 1787 1729 1831 privilegiis
1747 1800 1821 1832 quo-

1074 1850 1144 1883 que,
1162 1840 1290 1873 indultis
1308 1845 1337 1873 et
1358 1840 1469 1873 litteris
1487 1840 1679 1884 apostolicis,
1698 1842 1728 1874 in
1750 1852 1821 1875 con-

1074 1894 1206 1926 trarium
1225 1894 1473 1938 praemissorum
1494 1895 1734 1938 quomodolibet
1749 1906 1821 1929 con-

1074 1948 1179 1989 cessis,
1197 1948 1391 1982 confirmatis
1411 1952 1439 1982 et
1460 1949 1625 1989 innovatis,
1642 1949 1819 1993 ceterisque

1074 2002 1241 2035 contrariis
1265 2003 1530 2047 quilmscumque.

1118 2057 1230 2089 Datum
1247 2057 1375 2097 Romae,
1393 2056 1475 2100 apud
1492 2057 1520 2090 S.
1539 2056 1677 2098 Petrum,
1694 2057 1751 2090 sub
1769 2068 1820 2090 an-

1073 2111 1148 2144 nulo
1174 2111 1351 2151 Piscatoris,
1369 2111 1418 2143 die
1444 2121 1519 2143 xxix
1539 2110 1644 2143 martii
1663 2121 1818 2153 uncxxw,

1073 2164 1275 2208 pontificatus
1290 2164 1390 2196 nostri
1410 2174 1491 2196 anno
1509 2173 1529 2196 1.

1110 2226 1166 2254 Dat.
1185 2226 1228 2253 die
1247 2226 1282 2253 ⁶29
1297 2226 1386 2254 martii
1407 2226 1486 2261 1624,
1508 2226 1602 2261 pontif.
1620 2234 1661 2254 an.
1678 2233 1697 2254 1.

1727 231 1791 265 129
1837 242 1886 269 An.
1902 242 1931 269 c.
1954 242 2023 270 1624

1872 627 1956 647 Necnon
1971 631 2021 648 con-

1837 654 1950 677 cinnati-lt,
1979 656 2021 674 tatu

1837 680 1936 706 publice.
1958 686 2021 707 quarn

1837 709 1943 733 priuatim.

1863 944 1889 965 Et
1898 945 1938 966 alia
1951 946 2020 966 omnia

1837 972 1906 992 munia
1937 972 2020 998 pontisi-

1837 999 1899 1022 caua.
1909 1003 1963 1020 sinae
1974 1004 2021 1024 spe-

1836 1026 2021 1046 cialisconeessm-

1836 1054 1868 1074 nis
1896 1052 2020 1078 indigerent,

1836 1080 2021 1105 simplicitet-exer·

1836 1107 1906 1128 cendi.

97 2253 149 2280 tum⁴
173 2250 283 2279 contii-ma-

98 2280 162 2297 IluntS
221 2283 280 2297 nunt·

98 2304 185 2325 sti-andi.
298 2282 335 2304 ex
359 2272 423 2305 ritu
446 2272 479 2305 in
502 2272 678 2305 visitatione
709 2272 882 2306 ministrari
907 2283 1040 2307 consue-

299 2325 350 2366 rit,
375 2325 499 2368 quibus
524 2325 588 2366 ubi,
606 2325 731 2369 quando
756 2331 786 2359 et
809 2327 932 2370 quoties
952 2327 1040 2360 robis

298 2389 354 2412 seu
378 2378 491 2422 cuique
515 2382 652 2412 vestrum
685 2380 833 2423 expedire
866 2380 1038 2422 videbitur,

298 2431 478 2464 ministrare
488 2458 495 2472 ‚

106 2525 133 2529 .,
161 2492 247 2513 Mnssam
262 2495 281 2523 et
341 2486 357 2529 g
381 2485 410 2517 4.
436 2485 676 2519 Sacrosanctum
701 2497 827 2531 quoque
860 2487 971 2520 missae
995 2498 1040 2520 sa-

98 2523 283 2578 ἶῑῖἒῐῦᾞῗυρὲἓιῗῖ
298 2539 464 2580 orificium,
489 2548 611 2571 necnon
636 2549 795 2583 vesperas,
820 2545 849 2572 et
872 2551 1040 2584 quaecum-

98 2574 174 2623 5533?
193 2577 214 2595 el
232 2580 283 2595 ω’
298 2603 359 2637 que
383 2592 445 2625 alia
469 2592 573 2625 divina
592 2592 705 2633 officia,
722 2593 855 2626 solemni
880 2604 915 2627 ac
939 2594 1039 2637 ponti-

335 2659 345 2684 1
364 2656 464 2683 Vocem
480 2655 567 2682 etiam
584 2663 634 2683 nos
648 2655 771 2683 addimus
784 2659 826 2691 (n.
842 2658 890 2692 T.).

384 2709 464 2738 Butt.
485 2709 568 2737 Rom.
591 2724 624 2730 —
642 2710 701 2738 Vol.
717 2710 800 2738 XIII.

1391 2362 1504 2396 XLVII.

1074 2434 1230 2478 Sequitur
1257 2434 1406 2467 aliarum
1433 2433 1633 2477 facultatum
1661 2435 1818 2468 concessio

1117 2488 1212 2521 dictis
1235 2487 1472 2528 visitatoribus,
1493 2498 1553 2530 pro
1575 2488 1717 2531 feliciori
1739 2489 1818 2522 visi-

1119 2542 1252 2575 tationis
1274 2551 1459 2585 propressu.

1107 2614 1118 2639 1
1137 2612 1282 2640 Videt-etur
1297 2612 1392 2639 deesse
1409 2621 1458 2640 vox
1474 2621 1668 2648 quascumque
1682 2614 1720 2648 (n.
1737 2613 1785 2647 T.).

1107 2658 1123 2683 2
1139 2657 1186 2684 Vel
1202 2657 1289 2692 potius
1304 2657 1395 2686 etiam
1411 2666 1459 2693 pro
1476 2661 1537 2685 tam
1551 2657 1696 2693 legendum
1711 2657 1749 2692 (R.
1767 2658 1814 2692 T.).

949 2711 979 2738 17
