2269 3235
101 271 154 302 An.
171 272 202 300 C.
219 270 287 300 1623

299 318 480 353 earumdem
504 318 574 353 fieri
598 320 774 363 contigerit,
794 324 828 353 ut
850 320 1038 364 praesertur,

298 372 523 417 primodictum
537 373 763 407 monasterium
777 373 808 406 in
821 373 1037 417 spiritualibus

297 436 360 460 non
383 426 542 467 laedatur,
566 432 596 460 et
620 427 651 460 in
680 426 909 471 temporalibus
933 427 1032 460 detri-

297 484 401 513 menta
431 490 495 514 non
523 481 692 520 sustineat,
717 480 770 513 sed
798 479 865 514 eius
896 491 1035 524 congrue

298 539 522 578 supportentur
538 544 633 567 onera
657 538 814 567 consueta.

158 600 282 622 Pensioncm
341 587 432 632 glo.
465 589 595 633 Insuper
626 588 719 621 etiam
752 588 918 629 volumus,
942 592 1035 632 atque

98 629 283 677 ῗέἔῖἦωηερῖἶῖιῗῖἶ
297 642 461 676 statuimus
484 647 514 675 et
537 641 738 682 ordinamus,
763 640 848 685 quod
872 641 1034 685 moderni,

98 687 144 702 rum
194 682 283 708 imponit

99 700 401 740 contagios.i301-3etp1·o
422 699 563 739 tempore
587 694 760 735 existentes,
778 694 890 728 domus
909 699 941 728 et
965 705 1036 728 eon-

98 735 281 790 ss‘e'issifflffa'ffi‘s'
296 747 489 792 gregationis
508 747 688 781 huiusmodi
706 747 899 792 superiores,
916 758 953 781 ex
970 748 1035 781 sru-

297 801 408 843 ctibus‚
432 801 605 835 redditibus
632 806 663 835 et
686 801 889 846 proventibus
914 801 1033 846 primo-

295 854 369 888 dicti
399 855 603 897 monasterii,
634 854 818 899 pensionem
843 865 979 889 annuam
1004 861 1035 889 et

294 913 478 953 perpetuam
495 908 582 942 mille
598 913 628 942 et
647 912 865 943 sexcentarum
882 909 1033 943 librarum

295 963 471 997 turonensis
502 967 646 996 monetae
684 963 716 995 in
750 973 850 1006 regno
885 963 1034 996 Franciae

294 1016 460 1057 currentis,
480 1016 512 1049 in
533 1016 649 1050 victum
670 1020 700 1050 et
718 1016 875 1057 vestitum,
895 1016 1034 1060 aliasque

294 1070 494 1103 necessitates
507 1080 560 1103 sex
573 1069 801 1103 monachorum
813 1069 887 1103 dicti
899 1068 1034 1111 Ordinis,

295 1128 431 1167 quatuor
447 1123 478 1156 in
502 1123 736 1168 presbyteratus
755 1123 865 1157 ordine
883 1124 1033 1157 constitu-

295 1182 410 1217 torum,
427 1177 613 1220 theologiae,
630 1176 761 1220 aliisque
777 1177 952 1210 litterarum
973 1182 1034 1210 stu-

296 1229 354 1262 diis
378 1229 634 1270 incumbentium,
654 1229 789 1263 duorum
813 1229 957 1263 videlicet
976 1241 1033 1274 per

295 1283 467 1324 Nicolaum,
483 1287 514 1316 et
533 1287 668 1326 quatuor
691 1293 748 1327 per
764 1282 920 1324 Carolum,
941 1283 1033 1317 abba-

294 1342 339 1369 tes
365 1336 562 1380 praedictos,
586 1341 616 1369 et
639 1336 706 1369 eius
740 1347 938 1371 successores
973 1348 1031 1381 pro

293 1395 435 1433 tempore
453 1390 630 1430 existentes,
650 1390 915 1424 nominandorum
933 1395 963 1425 et
982 1392 1031 1424 de-

291 1442 503 1487 putandorum
528 1444 791 1485 convertendam,
816 1444 976 1478 modernis
1001 1451 1031 1478 et

289 1507 348 1540 pro
364 1501 506 1540 tempore
530 1497 734 1531 existentibus
746 1499 902 1542 provisori
917 1504 947 1532 et
960 1510 1031 1543 pro-

290 1550 429 1584 curatori
462 1550 586 1594 collcgii
610 1551 639 1584 S.
664 1550 814 1584 Bernardi
846 1552 1030 1586 Parisiensis

290 1604 429 1638 eiusdem
453 1603 578 1637 Ordinis
602 1604 691 1637 annis
715 1604 848 1648 singulis
864 1606 956 1639 unica
981 1617 1029 1640 so-

290 1657 418 1699 lutione,
436 1656 580 1690 videlicet
605 1657 636 1690 in
660 1657 738 1692 sesto
762 1658 937 1693 Nativitatis
960 1660 1024 1694 Do·-

288 1710 365 1744 mini
382 1710 487 1745 Nostri
504 1711 573 1744 lesu
590 1711 715 1752 Christi,
732 1711 860 1746 Parisiis
875 1718 1027 1758 perpetuo

288 1764 469 1809 persolvere
492 1768 674 1805 teneantur;
691 1765 767 1799 alias
790 1766 876 1807 unio,
893 1767 1027 1801 annexio

288 1822 318 1851 et
334 1818 547 1863 incorporatio
571 1818 752 1853 huiusmodi
770 1830 807 1854 eo
826 1820 894 1865 ipso
918 1832 1027 1867 perpe-

289 1876 341 1905 tuo
358 1871 525 1906 dissolutae
543 1883 612 1906 esse
636 1879 832 1914 censeantur,
849 1880 879 1908 et
896 1875 921 1908 si
938 1886 1027 1910 secus

287 1936 382 1970 super
402 1925 451 1959 his
474 1936 492 1959 a
514 1936 684 1970 quoquam,
705 1927 814 1971 quavis
830 1929 1025 1971 auctoritate,

287 1979 422 2013 scienter
449 1979 497 2013 vel
520 1979 713 2023 ignoranter,
737 1981 906 2025 contigerit
931 1987 1027 2018 atten-

286 2033 357 2074 tari,
378 2032 505 2066 irritum
529 2038 560 2067 et
582 2033 674 2067 inane
697 2034 906 2069 decernimus.

329 2087 443 2120 Datum
472 2088 602 2129 Romae,
625 2088 708 2132 apud
732 2089 875 2123 Sanctam
896 2090 1025 2124 Mariam

285 2140 434 2175 Maiorem
448 2168 457 2182 ‚
490 2151 573 2176 anno
597 2142 822 2178 Incarnationis
845 2144 1025 2179 Dominieae

281 2204 440 2240 vmnemon,
457 2206 501 2229 vu
518 2196 666 2231 kalendas
690 2198 837 2241 octobris,
863 2199 1026 2243 pontifica-

287 2253 335 2282 tus
349 2249 449 2283 nostri
465 2260 547 2284 anno
563 2261 582 2284 1.
761 2258 765 2263 '

322 2319 381 2348 Dat.
397 2320 440 2349 die
454 2322 488 2350 25
503 2322 665 2359 septembris
682 2324 759 2360 1623,
776 2325 871 2360 pontif·
888 2334 957 2354 anno
974 2333 991 2356 ι.

629 2520 675 2554 VI.

288 2623 496 2666 Confirmatio
521 2626 760 2661 constitutionis
779 2630 838 2663 Pii
866 2630 892 2663 V
907 2635 935 2663 et
955 2631 1023 2664 eius

328 2687 545 2711 successorum
564 2678 602 2712 de
625 2690 690 2713 non
717 2681 903 2719 alienandis
923 2689 952 2717 et
973 2685 1022 2717 in-

367 2739 446 2769 Ruti.
465 2741 549 2769 Rom.
571 2757 604 2762 -
623 2742 680 2770 Vol.
696 2743 779 2772 XIII.
960 2746 974 2772 7

905 272 1047 298 URBANUS
1073 274 1129 298 vm
1149 274 1197 298 Pr.

1738 267 1781 301 49

1115 323 1288 366 [cudendis
1312 323 1521 365 civitatibus,
1552 325 1645 358 terris
1675 329 1704 359 et
1737 325 1812 359 locis

1115 376 1147 410 S.
1175 377 1341 411 Romanae
1364 377 1555 411 Ecclesiae¹.

1275 466 1412 493 Urbanus
1432 465 1614 500 Episcopum

1247 521 1352 542 servus
1381 522 1536 542 servorum
1565 514 1633 545 Dei,

1192 562 1228 589 ad
1247 564 1422 596 perpetuam
1441 563 1485 590 rei
1505 563 1686 591 memoriam.

1112 642 1308 675 Saerosancti
1328 642 1529 686 Apostolatus
1542 642 1707 676 ministerii
1724 654 1810 685 cura,

1068 699 1097 730 et
1114 706 1207 739 quam
1233 694 1363 729 altitudo
1388 695 1567 729 divitiarum
1585 696 1755 739 sapientiae
1780 703 1811 730 ct

1068 748 1216 782 scientiae
1237 748 1291 781 Dei
1317 748 1526 782 humilitatem
1551 754 1702 789 nostram,
1721 750 1809 784 nullo

1068 802 1139 835 licet
1163 802 1350 835 meritorum
1376 801 1544 845 suffragio,
1569 812 1681 845 gerere
1701 803 1809 844 voluit,

1068 856 1183 899 iugiter
1202 865 1259 889 nos
1277 855 1434 897 admonet,
1449 861 1483 889 ut
1500 856 1531 889 in
1549 856 1586 889 iis
1603 856 1809 901 praecipuam

1067 909 1257 954 apostolieae
1281 909 1440 942 servitutis
1461 909 1704 943 sollicitudinem
1724 910 1811 943 adhi—

1066 963 1205 1004 beamus,
1219 973 1276 1007 per
1289 973 1369 1007 quae
1382 963 1565 1007 temporalis
1579 962 1607 998 S.
1619 964 1654 997 R.
1672 964 1705 997 E.
1721 963 1811 998 ditio-

1067 1016 1115 1049 nis
1146 1016 1374 1050 conservationi
1400 1016 1595 1050 consulitur:
1620 1022 1714 1061 atque
1738 1017 1809 1052 ideo

1066 1080 1146 1111 nos,
1171 1080 1250 1114 quae
1274 1081 1291 1103 a
1316 1070 1464 1103 Romanis
1489 1070 1692 1105 Pontificibus
1715 1081 1808 1115 prae-

1067 1123 1286 1158 decessoribus
1310 1124 1427 1158 nostris
1451 1124 1582 1168 provide
1606 1125 1724 1158 sancita
1741 1124 1808 1158 sue-

1066 1182 1149 1219 runt,
1168 1188 1203 1210 ea
1219 1187 1282 1211 non
1300 1178 1403 1211 solum
1424 1178 1483 1222 ipsi
1500 1178 1646 1212 inviolate
1669 1169 1750 1211 hane
1767 1178 1808 1212 ob

1066 1241 1192 1264 causam
1216 1231 1398 1264 curabimus
1430 1231 1610 1272 custodire,
1635 1231 1688 1264 sed
1713 1231 1807 1265 etiam

1065 1284 1134 1317 aliis
1157 1290 1312 1329 perpetuo
1345 1284 1506 1318 observari
1541 1285 1658 1318 debere
1691 1290 1807 1319 statue-

1065 1349 1144 1371 mus.

1108 1392 1123 1435 g
1148 1392 1176 1424 ’1.
1203 1391 1326 1425 Dudum
1351 1391 1505 1435 siquidem
1531 1401 1547 1424 a
1574 1391 1672 1425 felicis
1697 1402 1805 1426 recor-

1064 1445 1197 1479 dationis
1222 1446 1277 1479 Pio
1294 1445 1377 1489 Papa
1394 1446 1418 1478 V
1435 1445 1679 1490 praedecessore
1695 1451 1805 1480 nostro

1063 1499 1184 1533 litterae
1197 1499 1316 1534 tenoris
1333 1501 1491 1544 sequentis
1505 1506 1700 1534 emanarunt:
1721 1502 1805 1535 Pius

1062 1552 1249 1596 Episcopus,
1277 1563 1386 1586 servus
1406 1563 1570 1587 servorum
1586 1555 1658 1596 Dei,
1678 1555 1721 1588 ad
1731 1565 1805 1599 per-

1059 1610 1189 1651 petuam
1208 1607 1258 1639 νεῖ
1277 1607 1480 1640 memoriam.
1500 1607 1662 1641 Admonet
1676 1618 1733 1642 nos
1751 1619 1805 1642 su-

1061 1660 1160 1704 scepti
1177 1670 1257 1693 cura
1275 1660 1449 1704 reqiminc's
1466 1660 1575 1704 (Prout
1590 1661 1649 1694 loc.
1665 1662 1730 1705 cit.)
1745 1666 1802 1695 etc.

1105 1714 1120 1757 g
1144 1712 1173 1745 02.
1198 1713 1283 1753 Quae
1313 1713 1441 1757 quidem
1472 1714 1675 1755 constitutio,
1708 1715 1802 1750 veluti

1060 1766 1188 1811 optima,
1213 1772 1244 1800 et
1267 1766 1305 1800 ad
1330 1767 1576 1801 conservandam
1601 1768 1630 1802 S.
1652 1769 1686 1802 R.
1704 1768 1737 1802 E.
1755 1769 1803 1802 iu-

1060 1822 1275 1856 risdietionem
1290 1827 1320 1856 et
1336 1822 1518 1866 dignitatem
1539 1823 1631 1867 plane
1647 1824 1802 1864 salutaris,

1060 1876 1246 1921 approbata,
1263 1876 1450 1910 confirmata
1475 1881 1505 1910 et
1521 1877 1667 1911 innovata
1685 1878 1745 1911 suit
1764 1878 1802 1911 ab

1060 1930 1108 1972 iis,
1132 1931 1187 1975 qui
1212 1930 1323 1964 eodem
1349 1931 1403 1965 Pio
1428 1931 1451 1964 V
1469 1937 1698 1973 successerunt,
1718 1942 1804 1966 reco-

1059 1984 1169 2018 lendae
1185 1985 1358 2018 memoriae
1373 1985 1672 2029 praedecessoribus
1684 1986 1802 2020 nostris

1059 2038 1214 2082 Gregorio
1237 2039 1314 2080 XIII,
1332 2038 1418 2073 Sixto
1438 2039 1472 2080 V,
1489 2039 1643 2083 Gregorio
1663 2039 1738 2081 XIV,
1752 2040 1802 2073 In-

1059 2093 1204 2126 nocentio
1228 2093 1267 2126 IX
1298 2093 1365 2137 (qui
1389 2092 1483 2126 etiam
1508 2092 1546 2126 de
1570 2093 1703 2126 fratrum
1727 2104 1801 2128 suo-

1059 2157 1131 2179 rum
1158 2149 1231 2180 tunc
1263 2146 1292 2179 S.
1318 2147 1352 2179 R.
1378 2146 1410 2179 E.
1437 2146 1644 2180 cardinalium
1668 2147 1800 2182 consilio

1059 2204 1089 2232 et
1104 2210 1233 2233 assensu
1249 2199 1430 2241 declaravit,
1450 2200 1559 2234 eadem
1579 2200 1800 2235 constitutione

1058 2253 1254 2297 prohibitum
1286 2254 1382 2287 fuisse
1414 2258 1444 2287 et
1474 2254 1638 2298 prohiberi
1674 2265 1800 2289 omnem

1059 2312 1089 2340 et
1111 2317 1344 2351 quamcumque
1375 2307 1619 2342 infeudationem
1654 2319 1689 2342 ac
1725 2309 1800 2343 alie-

1058 2361 1217 2395 nationem
1231 2362 1402 2403 civitatum,
1426 2367 1594 2405 terrarum,
1609 2363 1800 2407 oppidorum

1058 2421 1088 2448 et
1110 2415 1256 2449 locorum
1273 2416 1343 2449 Sedi
1364 2416 1562 2460 Apostolicae
1582 2421 1645 2450 tam
1665 2417 1801 2451 mediate

1057 2480 1151 2513 quam
1168 2469 1348 2504 immediate
1372 2471 1597 2513 subiectorum,
1614 2481 1678 2506 non
1697 2473 1800 2506 solum

1092 2559 1104 2585 1
1122 2559 1159 2585 Pii
1175 2560 1197 2586 V
1216 2559 1330 2587 Constit.
1348 2566 1394 2587 L111
1414 2560 1474 2587 vide
1491 2563 1556 2588 tom.
1577 2567 1624 2594 vn,
1645 2569 1706 2597 pag.
1727 2561 1797 2595 5603

1056 2603 1176 2639 Gregorii
1196 2602 1254 2631 XIII
1270 2605 1361 2632 Const.
1378 2614 1404 2638 v,
1425 2608 1489 2633 tom.
1514 2612 1572 2639 vin,
1598 2614 1658 2641 pag.
1681 2608 1731 2640 113
1752 2607 1797 2633 Si-

1055 2648 1092 2675 xti
1107 2648 1125 2675 V
1142 2648 1232 2676 Coust.
1250 2656 1342 2683 xxxvi,
1360 2653 1424 2678 tom.
1445 2657 1502 2686 vlu,
1519 2659 1580 2686 pag.
1597 2651 1659 2687 670,
1675 2652 1797 2687 aliasque

1056 2702 1103 2721 suo
1119 2693 1188 2721 loeo.

1827 277 1876 305 An.
1893 277 1922 305 C.
1943 277 2012 307 1623

1852 660 1991 682 Prooemium.

1843 1406 1914 1427 Refert
1923 1406 1954 1428 Pii
1966 1407 2004 1428 Pa-

1820 1438 1860 1462 pan*
1873 1434 1888 1453 V
1905 1436 2003 1455 constitu·

1820 1462 1898 1481 tionem
1908 1476 1914 1485 ‚

1859 1727 2003 1749 Confirmatio-

1819 1754 1895 1775 tionem
1917 1755 2002 1775 Pontifi-

1818 1786 1871 1803 curu.
1880 1782 1915 1807 qui
1927 1782 1946 1802 ei
1955 1787 2001 1802 suc·

1818 1810 1940 1831 cesserunt.
