2269 3235
228 295 277 322 Λιι.
299 294 326 322 C.
347 294 413 323 1623
460 285 523 318 '13ss

425 342 536 382 nostri,
549 341 764 387 approbarunt
777 347 805 374 et
820 340 1058 381 confirmarunt,
1072 345 1167 384 prout

427 397 457 429 in
482 395 665 429 eorumdem
687 393 940 438 praedecessoris
964 393 1076 428 litteris
1100 393 1167 438 ple—

426 449 496 482 nius
517 446 719 482 continetur-¹.

264 517 345 537 xum-i
386 519 390 535 t
471 503 485 545 ἓ
509 502 538 534 5.
564 503 626 535 Nos
651 501 766 544 itaque,
787 500 982 533 attendentes
1006 500 1168 544 praeclara

228 544 308 594 [J'sfstst'ss
370 549 410 588 .ἷ.ἶ.ἷ
426 554 567 588 eiusdem
592 554 754 597 hospitalis
774 564 848 597 erga
866 553 960 586 fidem
978 554 1164 586 catholicam

426 615 455 641 et
479 608 590 641 Sedent
615 607 827 651 Apostolicam
852 607 1035 650 promerita,
1056 618 1092 640 ac
1116 618 1166 640 cu-

426 661 556 704 pientes,
572 666 603 693 ut
622 660 689 704 ipsa
706 660 880 704 privilegia,
898 660 1121 704 exemptiones,
1137 666 1165 693 et

227 682 252 701 gn

227 708 304 774 {334¹
322 734 372 771 ‘¹¹¹1'
390 734 402 746 ..
427 714 545 757 gratiae
559 724 596 747 eo
609 714 732 746 firmins
746 714 925 754 subsistam,
935 724 1014 757 quae
1024 713 1034 730 ‘²
1044 714 1167 758 saepius

228 762 238 775 t*
259 760 291 775 (⁸01

316 762 355 774 ''¹‘'
372 770 375 773 ’
426 768 465 801 ab
489 768 599 801 eadem
616 768 695 802 Sede
716 770 902 801 contii-mata
919 767 1086 808 extiterint,
1107 778 1169 800 ina-

427 832 524 865 gnum
548 822 745 865 magistrum,
770 822 903 865 priores,
927 821 1091 861 baiulixos,
1117 832 1168 854 ca-

427 876 592 909 stellanum
613 881 784 919 empostae,
800 880 1033 918 praeceptores,
1052 874 1166 907 milites

426 935 457 961 ct
480 929 603 969 fratres,
624 934 653 962 et
673 939 783 962 eorum
809 929 959 970 singulos,
977 928 1168 970 singulares-

426 992 487 1026 que
511 981 585 1015 dicti
609 982 772 1025 hospitalis
796 991 947 1025 personas
967 991 983 1013 a
1004 980 1167 1024 quibusvis

426 1035 769 1074 excommunicationis,
794 1033 1008 1078 suspensionis
1025 1038 1055 1066 et
1075 1034 1168 1066 inter-

426 1089 510 1129 dicti,
524 1088 656 1131 aliisquc
673 1087 893 1121 ecclesiasticis
910 1087 1081 1127 sententiis,
1099 1086 1168 1120 cen-

426 1142 507 1174 suris
524 1147 555 1174 et
571 1141 690 1185 poenis,
706 1151 723 1173 a
744 1142 811 1174 iure
829 1141 876 1173 vel
898 1140 1036 1181 homine,
1057 1140 1166 1184 quavis

425 1195 592 1229 occasione
616 1195 664 1228 vel
689 1196 783 1228 eausa
807 1194 888 1235 latis,
906 1194 931 1227 si
956 1194 1069 1237 quibus
1094 1204 1168 1238 quo-

425 1248 599 1282 modolibet
622 1247 762 1281 innodati
786 1247 932 1288 existunt,
957 1247 996 1280 ad
1020 1247 1166 1280 effectum

425 1303 638 1347 praesentium
655 1302 814 1335 dumtaxat
828 1301 1095 1345 consequendum,
1112 1301 1166 1334 lia-

426 1367 497 1390 rum
522 1356 603 1389 serie
627 1356 834 1396 absolventes,
860 1361 890 1388 et
914 1355 1076 1389 absolutos
1100 1356 1167 1388 fore

426 1414 598 1450 censentes,
614 1419 737 1443 necnon
761 1408 902 1442 omnium
920 1413 950 1441 et
967 1407 1166 1451 singulorum

425 1464 666 1509 privilegiorum
678 1491 685 1505 ,
717 1463 911 1496 indultorum
927 1491 933 1505 ,
966 1463 1148 1496 facultatum
1160 1489 1167 1503 ‚

427 1518 680 1562 exemptionum,
706 1517 940 1550 immunitatum
951 1543 959 1557 ,
984 1516 1167 1549 libertatum

427 1577 454 1604 et
473 1571 648 1614 gratiarum
664 1581 721 1615 per
737 1570 916 1614 praedictos
933 1574 962 1602 et
980 1569 1058 1602 alios
1074 1579 1168 1612 quos-

427 1636 560 1669 cumque
578 1626 735 1658 Romanos
755 1624 921 1657 Pontifices
945 1623 1169 1667 praedecesso-

428 1689 478 1711 res
494 1684 619 1712 nostros
644 1689 679 1711 ac
700 1677 811 1711 Sedent
827 1677 1039 1721 Apostolicam
1059 1676 1167 1719 hospi-

429 1731 481 1764 tali
505 1731 679 1775 praedicto,
696 1731 842 1774 illiusque
866 1740 980 1773 magno
1005 1730 1168 1772 magistro,

429 1785 605 1827 conventui,
622 1790 652 1818 et
676 1785 835 1825 fratribus,
853 1784 1017 1824 militibus,
1036 1783 1168 1828 aliisque

428 1839 571 1884 personis
595 1838 764 1882 praedictis
787 1848 1020 1879 concessorum,
1039 1848 1074 1870 ac
1091 1837 1170 1870 litte-

430 1904 538 1927 rarum
555 1893 691 1937 desuper
708 1893 922 1926 confectarum
938 1897 1063 1925 tenores
1083 1902 1170 1936 prae-

430 1947 568 1981 sentibus
582 1958 641 1991 pro
658 1947 812 1991 expressis
825 1946 985 1986 habentes,
995 1950 1088 1979 motu
1102 1956 1171 1989 pro-

431 2001 509 2045 prio,
529 2011 592 2033 non
612 2000 650 2032 ad
670 2000 776 2043 magni
792 1999 935 2042 magistri
952 2003 981 2033 et
999 2004 1170 2031 conventus

430 2054 592 2098 hospitalis
611 2053 802 2094 huiusmodi,
821 2058 871 2085 aut
890 2053 1021 2085 alicuius
1041 2052 1170 2085 alterius

430 2118 524 2152 super
541 2108 601 2140 hoc
617 2117 676 2151 pro
693 2107 737 2140 eis
754 2106 845 2139 nobis
862 2106 985 2139 oblatae
1010 2105 1171 2150 petitionis

431 2162 618 2203 instantiam,
629 2161 682 2194 sed
693 2171 729 2193 ex
743 2162 829 2193 certa
839 2160 980 2202 scicntia,
991 2165 1019 2193 et
1033 2160 1071 2192 de
1083 2162 1171 2192 mera

430 2217 536 2249 nostra
552 2214 749 2254 liberalitate,
760 2224 794 2247 ac
805 2213 994 2258 apostolicae
1008 2213 1172 2257 potestatis

431 2268 644 2312 plenitudine,
670 2267 775 2300 omnia
800 2272 828 2300 et
854 2267 978 2309 singula
1007 2267 1172 2311 privilegia

432 2322 561 2362 indulta,
585 2322 757 2361 facultates,
778 2321 1002 2365 exemptiones,
1027 2321 1174 2353 immuni-

432 2380 526 2416 tates,
551 2375 711 2408 libertates
736 2380 766 2408 et
789 2375 866 2408 alias
894 2375 1030 2418 gratias,
1055 2374 1172 2407 eisdem

432 2440 546 2472 magno
572 2428 723 2472 magistro
748 2433 778 2461 et
803 2429 969 2462 conventui
998 2428 1173 2472 quomodo-

432 2483 505 2516 libet
531 2493 689 2523 concessa,
714 2482 887 2526 apostolica
912 2481 1108 2522 auctoritate,
1134 2487 1175 2514 te-

434 2546 509 2569 nore.
528 2536 753 2580 praesentium,
771 2536 996 2569 confirmamus
1013 2540 1043 2568 et
1063 2545 1175 2579 appro-

433 2590 562 2630 bamus,
587 2589 710 2633 illisque
734 2594 904 2634 perpetuae
932 2594 962 2622 et
986 2588 1174 2622 inviolabilis

470 2663 480 2689 1
499 2660 553 2688 Has
566 2668 621 2688 non
637 2664 701 2696 puto
717 2660 856 2696 hucusque
867 2669 927 2688 esse
942 2660 969 2688 in
980 2660 1058 2688 Ball.
1075 2666 1112 2694 tn.
1124 2658 1173 2695 T.)-

468 2706 483 2733 2
504 2706 604 2733 Forsan
623 2704 765 2740 legendum
786 2714 839 2740 quo
861 2706 897 2739 (n.
918 2706 967 2740 T.).

1008 291 1186 316 BULLARIUM
1211 291 1366 316 ROMANUM

1198 340 1357 374 firmitatis
1379 340 1478 374 robur
1502 339 1684 381 adiicimus,
1708 350 1745 374 ac
1774 350 1884 374 omnes
1908 346 1939 374 ct

1199 395 1342 437 singulos
1366 399 1430 427 tam
1456 394 1533 427 iuris
1564 403 1660 437 quam
1683 393 1754 427 sacti
1778 394 1937 435 desectus,

1200 448 1225 481 si
1250 448 1304 492 qui
1320 449 1426 481 forsan
1443 447 1667 481 intervenerint
1683 447 1715 480 in
1728 447 1856 489 eisdem,
1869 458 1939 492 sup-

1200 501 1331 545 plenius.

1246 555 1260 598 ξ
1273 555 1302 588 6.
1320 555 1529 588 Deeernentcs
1546 558 1727 598 praesentes
1740 554 1860 587 litteras
1875 554 1939 588 ullo

1200 618 1339 652 unquam
1357 613 1501 652 tempore
1521 608 1559 641 (le
1576 607 1800 651 subreptionis,
1817 607 1866 640 vel
1887 608 1940 641 ob-

1201 662 1352 705 reptionis
1370 661 1525 702 vitiosam
1543 661 1724 694 intentionis
1745 665 1881 702 nostrae,
1894 661 1941 693 xel

1201 715 1350 759 quopiam
1375 715 1436 748 alio
1461 715 1593 755 defectu,
1618 715 1711 748 etiam
1736 725 1772 747 ex
1796 724 1834 747 eo
1858 713 1942 757 quod

1202 770 1344 802 locorum
1363 768 1520 802 Ordinarii
1541 769 1641 802 vocati
1666 778 1729 801 non
1746 768 1870 809 suerint,
1887 777 1943 801 no-

1202 822 1282 863 tari,
1311 822 1512 866 impugnari,
1543 823 1589 855 vel
1620 822 1783 855 invalidari
1814 821 1942 854 minime

1201 886 1303 918 posse,
1322 875 1489 919 minusque
1513 875 1570 909 sub
1595 876 1846 920 quibuscumque
1862 875 1943 908 simi-

1201 929 1278 961 lium
1296 929 1343 961 xel
1366 929 1566 962 dissimilium
1582 929 1756 972 gratiarum
1772 929 1943 962 revocatio-

1201 982 1314 1022 nibus,
1344 982 1607 1023 limitationibus,
1637 982 1887 1016 restrictionibus
1913 988 1941 1015 et

1201 1034 1459 1077 derogationibus
1491 1035 1718 1078 comprehendi
1748 1046 1862 1080 posse,
1888 1036 1941 1069 sed

1201 1098 1326 1131 semper
1351 1088 1389 1120 ab
1414 1087 1475 1120 illis
1500 1092 1656 1132 exceptas,
1679 1092 1709 1122 et
1733 1089 1855 1132 quoties
1871 1089 1941 1122 illae

1201 1141 1399 1182 emanabunt,
1418 1141 1508 1175 toties
1522 1141 1553 1174 in
1569 1141 1740 1186 pristinum
1760 1147 1874 1175 statum
1894 1152 1942 1175 re-

1200 1195 1336 1236 stitutas,
1361 1194 1525 1239 repositas,
1550 1200 1580 1227 ct
1605 1195 1746 1239 plenarie
1770 1195 1941 1238 reintegra-

1201 1254 1246 1282 tas
1271 1259 1352 1289 esse,
1374 1249 1481 1292 sicque
1506 1248 1544 1281 ab
1569 1248 1716 1281 omnibns
1738 1248 1877 1289 censeri,

1246 1302 1261 1346 g
1286 1302 1314 1334 7.
1333 1303 1370 1335 Et
1394 1302 1436 1335 ita
1455 1313 1512 1347 per
1534 1312 1751 1346 quoscumque
1775 1302 1894 1335 iudices
1914 1308 1943 1335 et

1201 1356 1445 1398 commissarios,
1456 1356 1566 1400 quavis
1575 1356 1759 1390 auctoritate
1767 1356 1944 1399 fungentes,

1201 1410 1295 1442 etiam
1321 1420 1488 1443 causarum
1508 1409 1615 1454 palatii
1639 1409 1803 1453 apostolici
1827 1409 1946 1444 audito-

1201 1473 1274 1503 ras,
1299 1473 1334 1496 ac
1359 1463 1388 1496 S.
1414 1464 1448 1496 R.
1474 1463 1506 1495 E.
1534 1461 1709 1496 cardinales
1734 1462 1870 1505 (sublata
1901 1463 1945 1495 eis

1202 1521 1232 1549 et
1257 1527 1367 1549 eorum
1386 1515 1513 1549 cuilibet
1539 1515 1648 1560 quavis
1673 1515 1763 1548 aliter
1787 1515 1944 1548 iudicandi

1202 1575 1230 1603 et
1256 1569 1493 1614 interpretandi¹
1515 1569 1661 1602 facultate
1686 1573 1715 1601 et
1745 1568 1944 1612 auctoritate)

1203 1623 1334 1656 iudicari
1359 1628 1389 1656 et
1413 1622 1538 1656 definiri
1564 1623 1691 1663 debere,
1709 1633 1744 1655 ac
1768 1622 1895 1656 irritum
1916 1628 1946 1655 et

1203 1678 1304 1718 inane,
1317 1677 1342 1710 si
1360 1688 1450 1710 secus
1467 1688 1561 1721 super
1577 1677 1626 1710 his
1643 1687 1660 1709 a
1685 1687 1856 1722 quoquam,
1871 1688 1944 1721 qua—

1203 1731 1248 1763 xis
1282 1731 1484 1770 auctoritate,
1510 1730 1646 1764 scienter
1669 1728 1718 1763 vel
1743 1730 1942 1774 ignoranter,

1203 1783 1371 1827 contigerit
1387 1783 1541 1817 attentari.

1249 1838 1263 1881 ξ
1288 1836 1316 1870 8,
1342 1837 1494 1876 Quocirca
1521 1836 1641 1870 dilectis
1671 1836 1745 1869 liliis
1775 1837 1807 1869 in
1836 1837 1944 1880 regnis

1204 1891 1426 1935 Hispaniarum
1445 1895 1475 1923 et
1491 1890 1695 1934 Neapolitano
1712 1890 1829 1923 nostris
1845 1894 1876 1924 et
1891 1890 1944 1924 Se-

1204 1945 1250 1977 dis
1267 1944 1465 1988 Apostolicae
1491 1954 1549 1987 pro
1574 1949 1717 1987 tempore
1742 1943 1946 1977 existentibus

1203 1998 1331 2038 nuntiis,
1349 2008 1383 2030 ac
1404 1997 1509 2030 curiae
1527 2008 1694 2030 causarum
1711 2007 1854 2030 camerae
1871 2008 1947 2041 apo-

1204 2052 1331 2085 stolieae
1357 2051 1496 2095 generali
1522 2051 1668 2091 auditori,
1685 2062 1741 2095 per
1765 2055 1947 2095 praesentes

1205 2109 1292 2139 motu
1309 2105 1403 2138 simili
1424 2105 1620 2145 mandamus,
1637 2110 1790 2148 quatenus
1811 2105 1880 2148 ipsi,
1898 2106 1946 2138 vel

1205 2160 1278 2199 duo,
1292 2162 1343 2192 aut
1356 2169 1437 2191 unus
1453 2169 1574 2198 eorum,
1586 2169 1642 2202 per
1656 2169 1698 2199 se,
1708 2159 1757 2190 vel
1772 2157 1878 2199 alium,
1892 2168 1947 2191 sen

1206 2212 1293 2252 alios,
1307 2217 1488 2256 praesentes
1504 2211 1634 2251 litteras,
1647 2216 1676 2243 et
1697 2211 1727 2243 in
1744 2211 1789 2244 eis
1802 2215 1948 2245 contenta

1206 2276 1438 2309 quaecumque,
1462 2265 1515 2297 ubi
1541 2270 1569 2298 et
1594 2264 1720 2308 quando
1744 2275 1824 2308 opus
1845 2265 1949 2306 fuerit,

1206 2331 1241 2354 ac
1265 2320 1387 2364 quoties
1418 2329 1476 2363 pro
1507 2324 1596 2362 parte
1626 2318 1811 2352 eorumdem
1843 2319 1948 2362 magni

1207 2374 1349 2418 magistri
1381 2379 1411 2407 et
1441 2377 1613 2407 conventus
1646 2373 1763 2405 suerint
1786 2373 1947 2416 requisiti,

1207 2428 1389 2462 solemniter
1405 2427 1611 2471 publicantes,
1625 2426 1732 2470 eisque
1750 2427 1779 2459 in
1800 2427 1948 2470 praemis-

1207 2482 1249 2515 sis
1273 2481 1409 2515 esfieacis
1440 2480 1630 2513 defensionis
1659 2479 1818 2523 praesidio
1850 2479 1944 2513 assis-

1208 2540 1317 2576 tentes,
1341 2534 1455 2567 saciant
1479 2533 1665 2567 auctoritate
1689 2535 1796 2567 nostra
1821 2533 1947 2567 eosdem

1209 2598 1359 2632 magnum
1384 2587 1571 2631 magistrum
1600 2592 1629 2620 ct
1660 2592 1849 2620 conventum
1874 2596 1949 2620 con-

1207 2642 1397 2683 firmatione,
1421 2641 1658 2685 approbatione,
1679 2641 1816 2681 decreto,
1833 2645 1865 2674 et
1880 2639 1948 2673 aliis

1207 2695 1389 2739 praemissis
1413 2694 1542 2739 pacifice
1567 2694 1623 2736 uti,
1647 2694 1718 2735 frui,
1743 2699 1774 2727 et
1796 2692 1948 2737 gaudereg

1952 293 2001 320 An.
2021 293 2050 320 (2.
2069 292 2135 320 ¹624

1963 568 2072 597 Clausulas
2082 573 2142 593 prae-

1955 597 2072 624 seruitutis
2100 601 2138 620 pu-

1956 624 1992 642 uit.

1998 1313 2029 1333 ua
2051 1312 2141 1334 iudicari

1958 1341 2039 1360 slafflss.

1985 1845 2076 1870 [imputat
2096 1851 2143 1866 cxc·

1959 1875 2067 1898 quutoreS.
