2269 3235
235 260 283 285 An.
295 258 321 284 (ἶ.
347 258 412 284 1(ἷέίῖ

256 1220 374 1241 Fulvium<
385 1226 413 1239 m-

230 1250 345 1267 rauieuluui
360 1253 411 1267 reci-

228 1274 311 1299 pit-inlu

282 2016 368 2042 Altaque,
385 2016 413 2035 sa-

230 2043 307 2065 cienili,
319 2050 372 2069 quai·
385 2049 412 2062 ‹Ji-

230 2072 298 2092 vilem,
317 2076 412 2090 crimina-

230 2096 311 2122 leuiqnt¹
349 2098 413 2116 ini-lu-

230 2123 279 2143 (lunt
290 2123 414 2143 iurisdivturi-

230 2155 276 2171 neni
293 2150 384 2175 gerendi.

461 249 524 280 500

433 306 520 344 alios,
538 305 707 337 secundum
734 304 777 336 rei
804 308 833 335 ct
858 313 946 335 rasus
966 301 1165 344 exigentiam,

433 365 459 391 et
487 360 571 395 alifis,
594 364 683 401 prout
707 356 839 395 occasio,
861 367 1029 398 rerumqiw
1048 361 1077 387 et,
1095 360 1168 387 leni-

432 424 544 456 porum
563 412 693 454 qualitas
711 409 859 451 exegerit,
878 410 1085 452 corporali-ni,
1105 421 1169 441 rea-

432 466 491 497 lem
518 471 543 497 et
571 464 722 496 :ii-unium
756 463 984 506 possessionem
1019 463 1164 503 ducatus,

432 518 600 556 civitatum,
619 516 840 557 dominiorum,
859 515 1057 559 oppidorum,
1076 520 1169 550 [erra-

432 582 500 602 rum
520 575 545 601 et
567 570 706 601 locorum
733 569 976 612 praedictorum,
994 580 1168 612 eorumque

432 623 674 664 territoriorum,
685 623 894 664 districtuum,
907 623 1167 664 iurisdictionum,

430 680 615 717 castrorinn,
640 676 875 715 lorlalitiornm,
892 676 956 708 sive
982 686 1165 719 propugna-

431 729 585 770 culorum,
611 729 839 769 membrorum,
862 729 1121 772 pertinentiarum
1140 732 1169 762 et

430 782 544 814 inrium
560 794 841 826 ‹pioi·uineumque,
853 788 961 815 nostro
976 782 1168 814 etEeelesiae

430 834 580 878 Sedisque
612 841 642 868 et
673 846 815 868 camerae
850 835 1081 878 praedictarum
1106 845 1165 866 no-

430 888 522 929 mine,
545 889 658 921 amotis
677 894 706 921 et
726 888 863 931 expulsis
881 888 991 920 exinde
1006 887 1168 930 quibusvis

429 941 644 974 detentoribus
674 942 737 974 sive
766 941 1028 984 occupatorilms,
1058 951 1169 984 appre-

430 995 557 1034 hendas,
576 995 639 1027 sive
657 1006 673 1027 a
691 995 943 1038 quibuscumque
967 994 1035 1026 aliis
1056 994 1087 1026 in
1104 994 1167 1026 vim

428 1048 608 1080 facultatum
627 1048 685 1080 sibi
706 1059 723 1080 a
740 1048 829 1081 nobis
854 1048 991 1091 desuper
1015 1048 1090 1080 alias
1110 1048 1167 1080 sub

429 1101 521 1133 certis
547 1101 640 1133 modo
658 1106 688 1133 et
704 1102 805 1133 forma
826 1106 899 1133 tunc
924 1100 1080 1144 expressis
1098 1111 1169 1133 con-

428 1165 586 1187 cessarum
608 1155 805 1198 apprehensa
825 1155 958 1198 recipias
975 1160 1005 1187 et
1021 1154 1166 1187 retineas.

472 1208 486 1250 ἓ
511 1208 539 1240 2.
573 1208 742 1240 Nur-nonu
767 1208 1062 1250 communitatibus,
1097 1207 1166 1240 uni-

428 1261 637 1301 versitatibus,
663 1261 936 1304 gubernatorilms,
958 1261 1165 1305 praetoribus⁷

427 1315 731 1356 locumtentuitibus,
768 1315 1016 1357 magistratibus,
1049 1315 1165 1358 capita-

427 1368 512 1406 neis,
530 1368 732 1408 colonnellis,
750 1368 924 1400 castellanis
948 1372 978 1401 et
1001 1368 1069 1400 aliis
1093 1379 1167 1411 quo—

428 1431 560 1463 cumque
585 1421 712 1453 nomine
737 1421 943 1465 nuncupatis,
968 1432 1166 1464 quacumque

427 1473 576 1515 dignitate
595 1474 803 1516 fungentibus,
821 1474 1008 1507 officialibus
1025 1474 1164 1516 ducatus,

427 1527 595 1569 civitatum,
622 1527 844 1569 dominiorum,
874 1528 1074 1571 oppidorum,
1106 1532 1166 1562 ter-

428 1591 534 1612 rarum
560 1587 589 1613 et
619 1582 780 1622 locorum,
812 1582 1010 1626 aliorumque
1040 1582 1165 1625 praedi-

428 1639 560 1676 ctorum,
583 1635 732 1677 homagia
757 1640 786 1667 et
808 1635 966 1668 fidelitatis
991 1635 1166 1668 iuramenta

428 1688 579 1731 recipias,
609 1688 697 1730 signa
730 1689 777 1721 vel
809 1688 1008 1731 contrasigna
1041 1689 1166 1732 antiqua

428 1741 570 1773 similiter
595 1742 738 1785 recipias,
764 1747 875 1783 mutes,
899 1745 928 1775 el
952 1752 1031 1774 nova
1056 1743 1167 1775 consti-

429 1799 506 1833 tuas,
531 1805 673 1835 renoves,
695 1801 723 1828 et
748 1796 861 1839 quibus
887 1807 965 1839 opus
989 1796 1092 1838 suerit,
1119 1797 1166 1828 vel

429 1853 462 1880 tu
483 1849 650 1891 expediens
673 1849 869 1890 indicaveris,
896 1850 1000 1882 tradas
1020 1854 1049 1883 ct
1069 1849 1168 1883 consi-

428 1912 519 1943 gnes,
540 1912 575 1934 ae
596 1902 672 1935 alios
697 1913 912 1947 quoscumque
935 1908 1022 1936 actus
1045 1914 1167 1947 posscs-

429 1964 546 1995 sorios,

473 2007 487 2050 ἓ
511 2006 540 2039 3.
566 2007 692 2041 Necnon
710 2008 740 2040 in
760 2008 884 2050 ducatu,
910 2009 1095 2049 civitatibus,
1116 2010 1168 2043 do-

429 2060 550 2101 miniis,
576 2062 717 2105 oppidis,
743 2063 834 2095 terris
860 2068 889 2095 et
913 2064 1009 2103 locis,
1034 2064 1164 2107 aliisque

429 2115 595 2158 praedictis
614 2126 844 2159 quamcumque
862 2116 1111 2150 iurisdictionem
1129 2118 1167 2150 ci-

428 2168 519 2200 vilem
534 2195 541 2208 ,
567 2169 761 2201 crin‘iinalem
785 2175 815 2202 et
839 2170 968 2203 mixtam
1001 2182 1166 2212 exerceaS,

428 2221 555 2254 modum
582 2228 611 2255 et
635 2228 749 2255 statum
774 2224 971 2265 officiorum,
1000 2225 1165 2267 magistra-

427 2280 526 2316 tuum,
541 2282 602 2308 tam
620 2277 815 2320 optimatum,
829 2289 922 2321 quam
939 2279 1057 2322 populi,
1072 2284 1101 2311 et
1115 2290 1168 2321 gu-

427 2328 530 2362 bernii
562 2331 762 2374 temporalis,
794 2342 917 2365 necnon
949 2332 1109 2365 custodiae
1137 2338 1167 2365 ct

428 2383 628 2424 militiarum,
654 2385 947 2429 praesidiorumque
971 2385 1112 2426 ducatus,
1137 2392 1167 2418 et

428 2436 605 2475 civitatum,
629 2438 853 2479 dominiorum,
879 2439 1077 2483 oliipidorum,
1104 2444 1165 2473 ter-

427 2500 545 2531 rarum,
564 2492 705 2523 locorum
724 2495 754 2525 et
772 2492 907 2525 aliorum
921 2492 1165 2536 praedictorum,

429 2553 518 2585 pauiu
548 2543 602 2575 tibi
626 2544 796 2587 videbitur,
822 2546 986 2589 immutes,
1012 2557 1048 2579 ae
1072 2546 1164 2579 etiam

427 2607 569 2637 Jvnmes,
593 2602 622 2629 et
646 2598 683 2630 de
703 2609 783 2631 novo
807 2600 949 2643 deputes,
966 2600 1004 2632 ad
1020 2602 1166 2633 sormam-

427 2660 488 2695 que
513 2655 543 2684 et
566 2651 748 2685 methodum
778 2654 941 2698 regiminis
966 2660 996 2688 et
1020 2655 1166 2700 gubernii

1010 254 1186 278 tilttililtntttttt
1212 253 1364 276 ROMANnM

1201 301 1332 333 aliarum
1358 299 1602 344 provinciarum,
1628 305 1782 333 terrarum
1803 306 1833 334 ct
1858 302 1940 335 loco-

1202 366 1271 387 rum
1304 356 1408 387 Status
1440 353 1539 386 nostri
1566 353 1771 387 lsscclcsiastici
1797 355 1940 398 redigas;

1201 418 1418 451 quaecumque
1443 412 1566 447 statuta,
1588 407 1800 440 ordinationes
1821 413 1851 440 et
1870 418 1942 441 con-

1202 461 1376 494 stitutiones
1409 461 1491 493 ‹fizirea
1516 459 1686 504 praeniissa
1710 465 1740 492 et
1764 460 1824 492 alia
1852 471 1942 504 quae-

1202 526 1346 558 cumque,
1364 525 1443 558 quae
1461 513 1560 556 magis
1578 513 1727 557 expedire
1743 513 1940 556 judicaveris,

1202 568 1326 609 condas,
1348 567 1487 611 publices
1512 572 1542 599 ct
1566 566 1726 599 observari
1752 566 1855 606 sacias3
1872 577 1944 599 nec-

1202 632 1273 661 non,
1301 621 1323 653 si
1351 632 1431 664 opus
1456 621 1567 662 suerit,
1593 630 1809 663 quoscumque
1829 620 1944 653 milites

1202 675 1392 716 conscribas,
1411 680 1449 716 ct,
1467 685 1545 718 quae
1562 685 1620 717 pro
1645 678 1821 707 commeatu
1842 677 1871 707 et
1888 683 1942 717 ap-

1202 732 1311 771 paratu
1326 728 1502 761 necessaria
1519 727 1646 768 suerint,
1665 727 1803 770 unqune
1819 726 1944 770 perqui-

1203 792 1253 813 ras
1267 786 1297 814 ct
1317 792 1489 825 compares⁷
1504 792 1539 814 ac
1553 792 1587 813 ex
1603 780 1854 824 qulbuseumque
1866 779 1944 812 locis

1202 836 1305 868 Status
1322 836 1420 868 nostri
1439 835 1648 868 Ecclesiastici
1666 834 1797 868 convelii
1816 839 1845 866 et
1862 844 1943 867 com-

1203 888 1322 932 portari
1348 888 1458 928 facias,
1483 899 1700 932 quaecumque
1724 898 1886 921 armorum
1912 892 1943 919 et

1202 941 1273 973 belli
1299 941 1430 983 negocia
1454 946 1579 982 tractes,
1598 951 1787 984 congressus
1807 940 1942 973 militum

1202 995 1364 1037 generales
1390 995 1438 1027 vel
1467 994 1695 1037 particulares,
1720 998 1815 1037 prout
1838 1003 1889 1026 res
1913 998 1943 1025 et

1202 1048 1324 1081 occasio
1350 1047 1494 1080 similiter
1521 1047 1747 1091 postulaverit,
1773 1046 1943 1080 constituas

1201 1105 1231 1133 et
1256 1101 1410 1144 imperes3

1245 1153 1302 1197 gli.
1316 1154 1534 1197 Quascumque
1549 1163 1710 1197 expensas,
1720 1152 1839 1196 quaein
1853 1162 1944 1196 prae-

1201 1206 1303 1239 missis
1339 1211 1369 1239 et
1404 1217 1514 1239 eorum
1550 1206 1714 1239 occasione
1748 1205 1943 1238 necessariae

1201 1264 1301 1301 erunt,
1318 1260 1434 1293 nostris
1448 1265 1478 1293 ct
1491 1270 1634 1293 camerae
1649 1259 1838 1303 apostolicae
1855 1269 1943 1303 prae-

1200 1314 1301 1347 dictae
1325 1314 1504 1358 sumptibus
1529 1314 1633 1357 sacias,
1652 1317 1691 1354 et,
1709 1319 1742 1346 ut
1762 1312 1943 1346 huiusmodi

1200 1378 1351 1411 expensas
1375 1368 1496 1400 facilius
1520 1367 1623 1400 facere
1647 1366 1758 1410 possis,
1779 1376 1943 1410 quascum-

1200 1431 1260 1464 que
1284 1421 1490 1464 pecuniarum
1515 1430 1654 1453 summas
1681 1419 1719 1452 ad
1739 1430 1796 1452 nos
1813 1425 1843 1452 et
1863 1429 1943 1451 eam-

1200 1475 1270 1507 dem
1289 1486 1447 1507 cameram
1464 1480 1640 1518 spectantes
1658 1485 1674 1506 a
1691 1473 1943 1517 quibuscumque

1201 1528 1414 1568 thesaurariis,
1439 1527 1595 1569 datiariis,
1621 1527 1829 1567 exactoribus,
1848 1527 1945 1559 eolle-

1201 1582 1350 1624 etoi·ibus,
1366 1581 1624 1625 appallatorilms,
1639 1581 1825 1614 officialibus
1841 1585 1869 1613 et
1889 1580 1945 1613 mi-

1200 1635 1307 1667 nistris
1324 1635 1584 1678 quilmscumque,
1599 1645 1799 1678 quocumque
1816 1634 1944 1667 nomine

1200 1688 1396 1731 nuncupatis,
1422 1688 1559 1729 debitas,
1584 1698 1705 1721 necnon
1730 1688 1821 1721 etiam
1847 1697 1865 1719 a
1889 1698 1944 1730 gu-

1201 1742 1430 1784 bernatoribus,
1456 1742 1655 1785 praetoribus
1680 1746 1710 1774 et
1734 1741 1944 1774 locumtenen-

1201 1796 1282 1828 tibus
1306 1795 1551 1839 provinciarum,
1571 1795 1731 1828 civitatum
1749 1800 1779 1827 et
1798 1795 1942 1827 locorum

1201 1859 1474 1892 quorumcumque
1488 1848 1590 1880 Status
1607 1848 1706 1881 nostri
1721 1845 1941 1888 Ecclesiastici,

1200 1913 1217 1934 a
1237 1902 1435 1945 depositariis,
1453 1906 1483 1934 et
1500 1901 1697 1934 exactoribus
1721 1911 1896 1944 poenarum
1914 1904 1944 1933 et

1202 1955 1448 1996 maleficiorum,
1473 1959 1582 1987 nostro
1610 1959 1640 1987 et
1673 1954 1774 1986 dictae
1799 1963 1943 1986 camerae

1201 2010 1390 2053 apostolicae
1415 2009 1541 2043 nomine
1567 2008 1672 2051 exigas
1693 2013 1723 2041 et
1746 2007 1889 2051 recipias,
1908 2017 1943 2039 ac

1201 2063 1284 2106 ipsos
1298 2064 1452 2096 solventes
1466 2063 1503 2096 de
1520 2063 1636 2095 exactis
1653 2062 1783 2106 quietes,
1796 2072 1832 2094 ac
1849 2060 1942 2093 etiam

1203 2117 1341 2150 redditus
1367 2117 1628 2150 communitatum
1646 2121 1675 2148 et
1693 2115 1942 2154 universitatum,

1201 2182 1236 2203 ac
1261 2171 1432 2213 civitatum,
1450 2177 1606 2204 terrarum
1633 2175 1662 2202 et
1685 2171 1828 2203 locorum
1853 2168 1939 2201 eius-

1201 2225 1271 2257 dem
1297 2225 1428 2258 ducatus
1454 2224 1563 2258 Urbini
1588 2224 1732 2267 recipias,
1753 2228 1783 2256 et
1807 2233 1843 2255 ex
1868 2222 1942 2266 ipsis

1201 2290 1360 2322 camerae,
1384 2279 1709 2322 communitatumque
1733 2282 1763 2310 et
1787 2276 1942 2310 universi-

1202 2338 1299 2366 tatum
1324 2333 1499 2366 redditibus
1530 2338 1673 2376 sumptus
1698 2330 1880 2364 huiusmodi
1903 2330 1944 2362 sa-

1201 2387 1272 2428 cias,
1299 2387 1337 2419 de
1361 2387 1475 2430 quibus
1500 2391 1604 2419 tamen
1628 2386 1744 2418 nullam
1770 2384 1870 2425 nobis,
1890 2388 1944 2416 aut

1201 2441 1348 2473 Romanis
1359 2441 1561 2473 Pontificibus
1572 2439 1806 2473 successoribus
1816 2438 1942 2479 nostris,

1200 2500 1261 2536 aut,
1283 2505 1340 2538 pro
1364 2494 1455 2527 nobis
1475 2499 1505 2527 et
1525 2494 1579 2535 eis,
1597 2494 1697 2526 dictae
1719 2503 1872 2534 camerae,
1890 2495 1943 2524 aut

1200 2548 1228 2581 S.
1250 2549 1284 2581 R.
1304 2548 1335 2581 E.
1355 2547 1540 2588 camerario,
1564 2547 1829 2591 praesidentibus,
1855 2545 1942 2579 eleri-

1200 2601 1244 2635 cis
1269 2602 1316 2635 vel
1341 2601 1410 2635 aliis
1442 2601 1694 2645 quilmseumque
1725 2601 1813 2635 Sedis
1838 2605 1868 2633 et
1892 2610 1941 2633 ca-

1200 2666 1304 2690 merae
1329 2655 1518 2701 apostolicae
1543 2655 1713 2698 ministris,
1741 2659 1794 2689 aut
1818 2658 1943 2688 sanctae

1959 253 2008 280 An.
2021 252 2049 280 C.
2068 253 2139 280 1620

2035 1167 2143 1193 Expensas

1958 1197 2091 1217 necessarias
2112 1195 2143 1216 fa·

1960 1223 2042 1248 ciendi;

2009 2442 2063 2466 Quin
2080 2442 2105 2463 (la
2121 2442 2146 2463 iis

1960 2470 2064 2491 rationem
2084 2469 2147 2489 ullam

1961 2496 2051 2517 reddere
2075 2498 2147 2516 tenea-

1960 2526 2000 2545 tur.
