2269 3235
104 276 154 306 An.
175 276 204 304 C.
221 275 288 304 1623

345 323 360 368 ς
383 322 434 357 53.
459 324 560 367 Atque
584 323 656 356 hinc
675 327 732 364 est,
749 322 833 367 quod
854 331 887 355 se
907 321 1041 355 rectoris

301 382 331 410 et
353 376 524 421 praepositi
548 385 670 409 necnon
686 374 943 418 Congregationis
966 385 983 407 a
1008 385 1040 407 se

301 434 423 463 erectae
446 429 619 463 fundatoris
642 428 732 462 titulo
756 438 849 471 aegre
869 427 1040 461 admodum

301 482 407 516 tulerit
430 482 592 527 appellari.
619 481 798 520 Quinimmo
821 481 949 514 biennio
969 485 1040 514 ante

300 535 421 569 obitum
431 534 687 578 Congregationis
696 533 962 568 administrandae
975 543 1041 566 mu-

300 600 359 623 nus
383 589 534 633 deposuit.

344 643 359 687 ἓ
383 641 433 676 54.
459 643 573 675 Tantae
602 641 668 674 eius
693 640 861 675 humilitati
889 640 1039 685 patientia

299 705 363 730 non
386 695 483 729 defuit
492 706 499 735 ;
524 694 693 739 tranquillo
717 704 841 738 semper
861 694 966 727 animo
991 705 1040 727 ex-

300 750 424 791 citatas,
448 754 512 782 tarn
536 749 702 782 adversum
727 758 760 782 se
784 758 878 792 quan}
903 748 1039 782 Oratorii

299 803 347 836 sui
371 802 528 843 exercitia,
553 801 814 847 persequutiones
839 801 987 842 tolerans,
1008 801 1038 834 in

298 856 412 901 quibus
436 856 529 889 etiam
557 866 615 899 pro
639 855 921 900 persequutoribus
945 865 1039 888 verus

298 909 411 944 Christi
434 909 574 942 imitator
598 909 722 942 assidue
740 908 986 952 deprecabatur,
1003 909 1040 941 is-

299 974 360 1008 que
383 963 442 997 fuit
464 963 681 1008 precationum
707 963 828 1002 fructus
842 989 849 1002 ,
875 967 909 995 ut
932 972 969 995 ex
994 962 1038 994 eis

298 1016 452 1061 plurimos
476 1016 543 1049 sola
567 1015 716 1060 patientia
735 1014 772 1048 ad
792 1015 891 1048 Deum
912 1025 1040 1048 conver-

299 1070 382 1111 terit,
406 1070 460 1114 qui
484 1079 558 1102 vero
583 1069 621 1101 ab
646 1068 777 1113 inceptis
800 1078 863 1102 non
881 1069 1038 1110 destitere,

300 1121 438 1154 divinam
462 1120 613 1154 ultionem
639 1120 700 1153 sint
724 1120 853 1164 experti.

142 1187 164 1208 in
179 1187 286 1217 perrofen-
345 1175 360 1219 ἓ
384 1173 434 1207 55.
459 1174 586 1216 Magnae
610 1173 738 1216 insuper
754 1172 922 1216 patientiae
940 1173 1039 1208 extitit

171 1219 285 1239 ”mmmm
301 1227 332 1260 in
355 1225 548 1271 perferendis
571 1225 727 1258 diuturnis
748 1226 892 1270 corporis
909 1225 1039 1258 infirmi-

300 1279 423 1319 tatibus,
447 1278 561 1322 quihus
584 1278 715 1321 singulis
744 1278 808 1311 sere
839 1278 927 1311 annis
952 1278 1037 1312 dive-

299 1332 446 1372 xabatur,
469 1331 511 1364 ita
534 1336 568 1364 ut
591 1331 629 1364 ad
660 1336 837 1364 extremum
861 1332 941 1364 vitae
966 1342 1038 1376 per·

297 1385 418 1426 ductus,
433 1384 503 1418 oleo
519 1389 625 1418 sancto
642 1389 753 1428 quater
769 1384 916 1418 inunctus
932 1385 1036 1418 suerit.

296 1438 362 1478 Quo
386 1442 491 1471 autem
507 1442 651 1482 tempore
668 1438 860 1481 aegrotabat,
880 1438 966 1471 nulla
983 1448 1038 1471 un-

296 1501 390 1536 quam
419 1490 458 1524 de
489 1490 652 1524 doloribus
685 1490 793 1524 habita
816 1491 1036 1535 querimonia,

296 1545 350 1578 sed
373 1544 482 1578 hilaris
506 1544 600 1578 facies
624 1544 841 1578 incredibilem
862 1545 958 1578 animi
977 1546 1037 1579 lae·

297 1597 395 1631 titiam
418 1597 590 1638 indicabat;
609 1597 647 1630 ab
667 1598 735 1642 ipsa
752 1608 826 1632 vero
844 1598 1035 1640 infirmitate,

296 1651 495 1695 quantumvis
519 1651 617 1694 gravi,
643 1651 861 1684 convalescere
881 1662 974 1696 saepe
991 1663 1037 1686 so·

296 1705 379 1739 lebat
390 1709 530 1750 ,repente
554 1714 686 1749 prorsus
710 1714 746 1738 ac
770 1704 964 1739 mirabiliter.

340 1759 355 1802 ἓ
379 1758 430 1792 56.
456 1758 490 1790 In
513 1758 682 1791 christiana
702 1758 943 1795 mortificatione
958 1759 1035 1793 adeo

296 1812 514 1856 praecellebat,
538 1816 572 1844 ut
595 1812 708 1845 merito
732 1812 858 1845 habitus
887 1813 980 1846 suerit
1003 1824 1034 1846 c-

296 1866 416 1899 iusdem
433 1865 556 1898 virtutis
578 1865 747 1908 singularis
772 1866 932 1908 magister,
951 1871 979 1900 et
1004 1867 1034 1899 in

295 1919 406 1964 primis
430 1919 544 1952 mentis
568 1919 756 1960 discursum,
785 1930 878 1963 quem
899 1920 966 1964 ipse
989 1931 1036 1953 ra-

295 1972 459 2007 tionalem¹
484 1973 646 2006 nominare
671 1978 886 2015 consueverat,
911 1974 1034 2007 assidue

295 2027 521 2071 comprimere,
547 2031 576 2059 et
601 2026 756 2070 captivare
786 2026 978 2061 intellectum
1003 2029 1034 2061 in

295 2080 480 2124 obsequium
506 2080 620 2114 Christi
648 2080 814 2113 studuerit:
840 2081 973 2125 ideoque
999 2092 1034 2115 ea

295 2135 360 2178 ipse
383 2134 570 2178 plerumque
595 2134 735 2174 faciebat,
753 2139 782 2166 et
801 2134 940 2167 facienda
964 2147 1035 2180 pro-

294 2187 429 2231 ponebat
450 2186 528 2228 aliis,
554 2197 634 2230 quae
655 2186 849 2220 intuentibus
869 2188 963 2221 animi
982 2200 1035 2233 po-

296 2240 357 2273 tius
379 2240 536 2273 levitatem
561 2244 653 2284 atque
685 2241 845 2273 stultitiam
878 2247 1032 2285 saperent.

101 2298 230 2350 „iffi’ffie”
246 2305 283 2345 ἕζ-
341 2293 356 2336 g
383 2293 433 2326 57.
467 2294 530 2326 Iam
554 2303 629 2327 vero
653 2294 803 2327 nonnulla
828 2295 919 2327 etiam
951 2296 1033 2328 dona

100 2354 189 2398 3332&
211 2346 486 2379 pane-recensenda
509 2351 590 2387 sunt,
614 2347 727 2390 quibus
752 2348 833 2381 beati
858 2349 915 2380 viri
942 2349 1034 2382 virtu-

297 2403 342 2431 tes
366 2398 516 2432 immensa
539 2400 593 2433 Dei
616 2400 739 2434 bonitas
763 2401 938 2435 illustravit.
965 2403 1035 2435 Fre-

297 2455 428 2495 quenter
451 2452 534 2485 enim
558 2454 687 2487 extasim
714 2460 884 2500 raptusque
912 2456 1034 2490 divinos

296 2505 437 2548 patiens,
466 2516 482 2538 e
506 2508 589 2539 terra
619 2518 744 2541 sursum
777 2513 860 2542 totus
896 2510 1033 2554 undique

296 2559 462 2602 splendore
486 2560 692 2595 circumfusus
713 2563 899 2597 elevabatur.

147 339 189 360 Nee
208 339 287 365 patitui·

104 372 127 387 εο
139 366 286 391 congregauo-

104 393 136 414 nis
155 392 285 413 fundatorem

104 419 212 446 appellari.

143 657 226 678 Summa
249 662 285 684 pa·

101 685 185 708 nentia.

103 1214 136 1234 dis

103 1240 264 1261 infirmitatibus.

110 1768 212 1790 sensuum
227 1775 280 1790 mer·

98 1796 212 1816 lineatione
239 1797 281 1817 cla·

99 1827 139 1843 rus.

334 2631 343 2657 1
360 2630 424 2657 Heic
438 2630 546 2667 aliquod
562 2640 658 2660 nomen
672 2633 871 2662 substantivum
887 2634 980 2662 deesse
996 2636 1032 2662 vi-

296 2674 374 2702 detur
388 2675 427 2710 (n.
444 2675 491 2709 τ,).

375 2728 453 2756 Bull.
474 2729 549 2757 Rom.
571 2745 604 2749 -—
628 2730 686 2757 Vol.
702 2730 781 2759 XIII.
913 2733 928 2759 3

919 272 1061 298 URBANUS
1086 272 1143 299 VIII
1166 273 1214 299 Pe.

1738 265 1780 299 17
1826 274 1878 303 An.
1895 274 1925 302 C.
1943 275 2011 304 ¹623

1117 323 1132 366 ἓ
1157 322 1207 355 58,
1233 322 1406 355 Celestibus
1430 322 1504 355 item
1522 321 1694 355 visionibus
1711 322 1816 365 digna·
1871 337 1975 359 Christum
1995 341 2015 359 ει

1073 376 1164 409 batur
1189 375 1320 408 assidue.
1352 376 1532 409 Dominieae
1565 376 1680 408 etenim
1705 376 1816 409 Nativi-
1831 364 1895 417 ξῖζερε
1908 365 2014 412 hill-¹18¹?

1073 429 1143 461 tatis
1163 433 1254 462 noete
1274 429 1430 461 Christum
1448 428 1479 461 in
1496 428 1585 461 altari
1605 428 1695 471 pueri
1713 430 1816 472 specie

1072 482 1202 514 intuitus
1227 486 1282 521 est,
1308 487 1337 514 et
1361 481 1528 525 aliquando
1553 482 1584 514 in
1604 482 1815 515 sacratissima

1072 534 1174 568 hostia
1197 534 1334 578 paradisi
1364 535 1498 577 gloriam
1530 535 1702 579 conspexit.
1734 535 1812 568 Vidit

1073 588 1166 620 etiam
1183 587 1395 620 beatissimam
1411 588 1570 630 Virginem
1588 589 1702 622 veteris
1720 589 1815 622 ecele-

1072 640 1135 673 siae
1149 640 1177 674 S.
1191 641 1304 673 Mariae
1318 640 1348 673 in
1362 640 1519 674 Vallicella
1537 645 1651 674 tectum
1669 642 1814 676 manibus

1073 694 1300 736 sustinentem,
1326 694 1425 727 donec
1452 694 1645 727 imminentis
1670 706 1760 728 casus
1786 706 1814 729 a·

1072 747 1235 792 demptum
1259 752 1306 780 est
1325 747 1511 790 periculum.
1533 747 1682 780 Eamdcm
1700 748 1812 781 iterum

1072 800 1158 841 vidit,
1183 810 1255 833 cum
1279 809 1361 833 anno
1389 804 1459 833 ante
1487 799 1607 833 obitum
1625 805 1813 843 aegrotaret,

1072 864 1165 898 quem
1190 854 1258 897 ipsa
1274 853 1332 886 sibi
1353 853 1477 886 obviarn
1498 853 1672 886 sublatun1¹
1694 854 1724 887 in
1741 855 1812 887 acra

1072 907 1205 940 mirifice
1229 910 1406 941 recreatum
1432 912 1563 951 repente
1588 907 1715 941 sanavit.

1116 960 1207 1004 559.
1232 960 1471 1004 Quamplurinm
1500 960 1629 1004 insuper
1662 961 1812 994 confiten-

1072 1014 1149 1048 tium
1179 1017 1272 1058 atque
1296 1013 1470 1047 amicorum
1500 1014 1621 1047 animos
1654 1014 1812 1048 evolantes

1072 1067 1103 1100 in
1128 1068 1249 1100 caelum
1278 1067 1413 1108 intueri,
1439 1071 1532 1111 atque
1561 1068 1688 1110 angelos
1713 1069 1813 1102 conci-

1071 1126 1180 1154 nentes
1204 1121 1330 1154 interim
1355 1121 1463 1154 audire
1487 1121 1598 1154 solitus
1622 1125 1710 1162 erat,
1736 1122 1811 1165 quin

1072 1174 1165 1207 etiam
1190 1174 1374 1207 interiorem
1399 1184 1510 1207 eorum
1543 1174 1810 1218 pulchritudinem

1071 1227 1125 1271 qui
1150 1232 1254 1260 essent
1270 1227 1302 1260 in
1320 1232 1400 1259 statu
1417 1227 1536 1270 gratiae
1553 1227 1700 1260 divinitus
1719 1237 1812 1271 agno-

1071 1280 1186 1313 scebat.

1115 1334 1130 1377 §
1153 1334 1204 1368 60.
1240 1334 1425 1367 Sanctorum
1450 1334 1551 1367 Caroli
1576 1334 1759 1367 Borromaei
1783 1339 1813 1368 et

1071 1387 1181 1429 Ignatii
1207 1387 1340 1431 Loyolae
1364 1386 1458 1419 facies
1483 1386 1572 1420 miris
1592 1386 1812 1431 splendoribus

1072 1440 1145 1472 vidit
1170 1444 1381 1473 coruscantes.

1115 1493 1129 1536 ξ
1154 1493 1204 1526 61.
1230 1493 1274 1525 Ea
1297 1498 1364 1525 erat
1386 1492 1552 1536 prudentia
1577 1492 1757 1537 praeditus,
1782 1498 1812 1526 et
1830 1506 1967 1540 refugient„
1990 1507 2010 1527 in

1070 1547 1259 1580 discretione
1288 1547 1456 1591 spirituum
1487 1547 1529 1579 ita
1563 1547 1754 1588 excellebat,
1779 1552 1812 1582 ut
1827 1535 1945 1580 fflffllfne
1965 1538 2011 1553 ³⁰¹*

1069 1605 1238 1644 propterea
1263 1600 1414 1643 cuiusque
1447 1599 1634 1633 conditionis
1668 1600 1811 1634 homines

1069 1654 1107 1686 ad
1128 1653 1241 1698 ipsum,
1266 1658 1415 1696 tanquam
1441 1653 1478 1685 ad
1504 1654 1676 1695 oraculum,
1702 1664 1811 1687 consu-

1069 1708 1151 1741 lendi
1171 1708 1272 1750 gratia
1290 1708 1496 1748 confluerent,
1511 1712 1541 1740 et
1555 1708 1679 1751 ipsimet
1696 1709 1809 1741 summi

1069 1761 1235 1794 Pontifices
1258 1761 1518 1805 praedecessores
1541 1761 1641 1794 nostri
1658 1761 1725 1794 eius
1742 1771 1811 1796 con—

1069 1815 1172 1847 silium
1198 1815 1304 1858 magni
1330 1824 1455 1858 semper
1479 1815 1626 1847 facerent.

1112 1869 1126 1911 ἓ
1152 1867 1202 1900 6ἷὶ.
1229 1869 1324 1901 Veras
1349 1879 1366 1900 a
1390 1868 1473 1901 salsis
1498 1868 1633 1901 visiones
1650 1868 1810 1903 discerne-

1068 1922 1138 1962 bat,
1164 1928 1191 1955 et
1219 1922 1289 1956 licet
1322 1923 1503 1966 saepissime
1535 1923 1681 1966 antiquus
1710 1924 1810 1957 nostri

1067 1975 1193 2017 generis
1217 1975 1330 2015 hostis,
1355 1976 1500 2008 horribili
1526 1986 1557 2008 se
1583 1976 1683 2009 forma
1708 1977 1810 2010 viden-

1067 2029 1142 2061 dum
1167 2028 1313 2069 offerens,
1330 2029 1490 2062 deterrere
1512 2029 1614 2073 ipsum
1632 2036 1809 2071 conaretur,

1067 2094 1191 2127 semper
1208 2088 1311 2116 tamen
1329 2084 1418 2117 sortis
1443 2089 1472 2116 et
1497 2083 1630 2117 invictus
1644 2084 1681 2117 de
1698 2084 1809 2117 eodem

1068 2137 1205 2179 gloriose
1238 2137 1454 2180 triumphans,
1480 2147 1611 2181 pacem,
1636 2147 1808 2181 veramque

1067 2190 1343 2234 tranquillitatem,
1374 2202 1435 2234 qua
1466 2190 1629 2224 fruebatur
1660 2191 1808 2232 interius,

1067 2243 1205 2276 retinuit.

1111 2298 1125 2340 g
1150 2296 1201 2329 63.
1227 2296 1259 2329 In
1280 2297 1463 2341 prophetiae
1484 2297 1566 2331 dono
1584 2301 1613 2331 et
1630 2298 1807 2331 absentium

1066 2361 1195 2390 rerum,
1221 2361 1256 2383 ae
1280 2351 1305 2383 si
1331 2356 1512 2394 praesentes
1537 2356 1657 2391 essent,
1691 2352 1810 2395 praevi-

1067 2403 1164 2445 sione,
1182 2404 1376 2447 occultisque
1394 2404 1497 2437 cordis
1515 2405 1643 2437 humani
1661 2405 1809 2438 divinitus

1067 2457 1287 2499 dignoscendis
1312 2457 1382 2490 talis
1407 2462 1494 2497 erat,
1520 2463 1553 2490 ut
1580 2458 1617 2490 de
1643 2458 1709 2502 ipso
1735 2469 1808 2492 vere

1067 2510 1218 2543 affirmari
1242 2510 1357 2554 possit:
1378 2510 1452 2544 Non
1468 2515 1511 2544 est
1528 2512 1676 2545 inventus
1690 2513 1807 2546 similis

1068 2564 1132 2596 illi.

1112 2619 1127 2661 ἓ
1151 2617 1201 2650 (54.
1228 2617 1306 2650 Illud
1331 2618 1426 2650 etiam
1450 2617 1594 2662 Philippo
1619 2619 1766 2653 collatum
1791 2630 1827 2673 a¹

1105 2682 1112 2707 l
1131 2681 1231 2708 Vocem
1247 2680 1277 2706 in
1293 2679 1415 2708 addimus
1429 2689 1461 2709 ex
1475 2681 1593 2708 Cherub.
1617 2683 1653 2714 (n.
1670 2682 1708 2716 T.)

1835 976 1925 1001 Angelos
1934 978 1953 996 et
1961 977 2012 996 ami-

1829 1008 1900 1022 cerum
1930 1008 2012 1023 animas

1828 1029 1856 1049 ad
1867 1029 1948 1050 caelum
1962 1035 2011 1050 eun-

1828 1058 1860 1076 tes
1875 1055 1986 1081 conspicit.

1840 1879 1906 1900 Vei-as
1918 1880 2010 1900 visiones

1826 1911 1844 1936 a(
1856 1907 1912 1927 nnsis
1931 1907 2009 1928 discer-

1826 1936 1861 1953 ml.

1852 2308 1964 2333 Prophetia
1983 2314 2008 2337 uc

1825 2340 1892 2354 rerum
1926 2340 2009 2360 praevu-

1824 2366 1882 2381 sioue
1899 2361 1973 2382 clarus,

1877 2626 1968 2646 Diversi·
1985 2627 2006 2648 in

1838 2660 1873 2672 wi»
1889 2655 1987 2678 apparet.
