2269 3235
269 228 318 254 An.
339 227 368 254 c.
386 227 452 254 1628
499 218 564 252 654

295 396 414 418 mamutio.

266 1160 423 1182 contram-›rtinL

304 1933 447 1959 'l'ransninptis

264 1960 334 1981 danda
351 1961 409 1981 tides.

467 276 651 309 auctoritate
668 281 698 309 et
715 282 822 309 tenore
839 276 1006 320 praedictis
1026 277 1203 309 facultatem

468 329 677 373 impartimur.

512 382 527 425 ξ
560 382 587 414 5.
622 382 845 423 Decet-nentes,
874 387 1053 426 praesentes
1085 383 1204 415 litteras

467 435 593 476 validas,
613 435 719 467 sirmas
734 440 761 467 et
777 436 918 468 csslcaces
933 436 1064 469 existere
1081 440 1111 469 et
1127 436 1204 476 sore,

467 498 601 530 suosque
619 487 775 530 plenarios
796 493 826 520 et
844 488 981 531 integros
998 488 1128 521 ell‘ectus
1141 499 1205 522 sor-

468 541 516 573 tiri
542 546 571 573 et
595 541 749 581 obtinere,
774 552 810 574 ac
834 542 872 574 ab
897 541 1054 583 omnihus,
1071 542 1108 575 ad
1125 553 1203 585 quos

466 593 703 636 spioniodolihet.
733 599 853 637 spectat
876 600 906 627 et
930 595 1081 638 spectabit
1104 595 1135 628 in
1160 595 1204 627 su-

465 651 585 686 turum,
611 646 832 680 inviolabiliter
857 648 1017 681 observari
1042 653 1072 682 ct
1098 649 1200 682 adim-

465 699 542 741 pleri
569 699 705 738 [tobei-03

509 753 524 795 ἓ
547 754 576 785 tj.
602 754 714 797 Sicque
732 760 761 787 et.
778 765 840 787 non
857 755 947 788 aliter
963 766 1021 799 per
1038 766 1204 799 quoscum-

464 816 525 849 que
542 806 660 840 iudices
677 809 855 842 ordinarios
872 814 902 841 et
921 809 1091 851 delegatos,
1109 809 1201 842 ctiam

419 877 422 880 -
465 870 630 892 causarum
655 861 760 904 palatii
785 861 947 904 apostolici
967 862 1137 902 auditores,
1155 862 1202 894 iu·

464 911 561 944 dicari
587 918 612 945 et
645 913 768 946 definiri
797 914 931 954 dehere,
963 925 998 947 ae
1023 915 1148 947 irritum
1173 920 1203 947 et

464 965 564 1007 inane,
586 966 610 998 si
629 977 718 998 secus
736 978 832 1011 super
849 968 897 999 his
913 978 930 1000 a
948 978 1117 1011 quoquam,
1131 978 1203 1011 qua-

464 1019 508 1051 vis
533 1020 739 1062 auctoritate,
765 1021 900 1053 scienter
926 1021 973 1053 vel
997 1021 1201 1063 ignoranter,

463 1073 629 1114 contigerit
652 1074 807 1106 attentari.

507 1125 522 1167 ἓ
547 1125 574 1158 7.
606 1126 673 1158 Non
705 1127 901 1160 obstantibus
926 1124 1202 1161 constitutionibus

464 1184 493 1211 ct
509 1179 758 1213 ordinationibus
778 1181 967 1224 apostolicis,
985 1192 1030 1221 ae,
1049 1186 1201 1224 quatenus

463 1242 541 1275 opus
565 1233 624 1273 sit,
649 1233 772 1266 Ordinis
797 1240 827 1266 et
850 1234 1109 1277 Congregationis
1137 1235 1198 1267 hu-

462 1286 607 1327 iusmodi,
633 1287 725 1319 etiam
752 1287 939 1327 iuramento,
962 1288 1219 1321 confirmatione.

462 1340 655 1382 apostoliea,
680 1341 728 1373 vel
754 1341 862 1384 quavis
893 1342 1040 1375 firmitate
1065 1343 1125 1374 alia
1150 1352 1219 1375 ro-t

1217 1402 1219 1415 ³
1236 1393 1450 1426 beneficia'ab
1472 1394 1631 1428 Altissimo
1649 1395 1778 1428 obtenta
1796 1395 1977 1439 requirunt,

462 1392 588 1434 boratis,
615 1395 736 1427 statutis
750 1400 779 1427 et
793 1395 1083 1436 consuetudinibus,
1104 1396 1201 1439 privi-

462 1447 552 1489 legiis
577 1458 711 1491 quoque,
738 1448 864 1480 indultis
890 1452 917 1482 ct
944 1449 1056 1481 litteris
1080 1454 1202 1492 aposto-

462 1497 538 1537 licis,
553 1497 584 1530 in
598 1499 789 1531 contrarium
807 1499 1055 1542 praemissorum
1073 1511 1202 1543 quomo-

462 1549 579 1582 dolibet
596 1552 762 1593 concessis,
781 1552 974 1585 confirmatis
992 1558 1019 1586 et
1038 1553 1199 1586 innovatis.

461 1603 578 1642 Quibus
592 1605 736 1637 omnibus
750 1610 780 1638 et
793 1606 934 1648 singulis,
949 1617 1058 1639 eorum
1076 1612 1201 1640 tenores

462 1657 681 1700 praesentibus
705 1670 763 1702 pro
787 1660 878 1702 plene
897 1665 926 1692 et
944 1661 1135 1693 sufficienter
1153 1672 1201 1693 ex-
1218 1682 1219 1692 ι

462 1711 577 1754 pressis
602 1711 761 1752 habentes,
786 1712 848 1745 illis
872 1713 947 1745 alias
964 1714 994 1746 in
1013 1724 1068 1747 sno
1086 1714 1200 1747 robore

462 1764 699 1807 permansuris,
725 1765 782 1798 hac
808 1766 874 1798 vice
899 1766 1059 1799 dumtaxat
1087 1767 1202 1810 specia-

463 1817 533 1851 liter
557 1823 585 1850 et
611 1828 757 1861 expresse
790 1819 1000 1862 derogamus,
1026 1821 1220 1864 ceterisque}

463 1871 629 1903 contrariis
654 1872 913 1916 quibuscumque.

507 1925 522 1968 g
547 1924 574 1957 8.
601 1926 751 1958 Volumus
775 1932 878 1959 autem
894 1954 901 1967 ,
925 1933 959 1960 ut
987 1928 1201 1971 praesentium

464 1980 678 2023 transumptis,
696 1980 787 2013 etiam
810 1981 980 2024 impressis,
999 1992 1092 2014 manu
1109 1982 1202 2014 alicu-

462 2032 511 2064 ius
535 2033 647 2065 notarii
672 2033 789 2076 publici
815 2034 1018 2077 subscriptis,
1044 2041 1073 2067 et
1099 2034 1201 2077 sigillo

462 2096 614 2129 personae
639 2087 670 2118 in
694 2087 844 2129 dignitate
865 2088 1075 2120 ecclesiastica
1093 2089 1220 2121 consti—¹

462 2144 546 2171 tutae
567 2140 705 2180 munitis,
724 2140 831 2172 eadem
857 2152 988 2184 prorsus
1013 2141 1090 2174 tides
1111 2142 1142 2174 in
1160 2142 1202 2174 iu-

463 2192 544 2226 dicio
569 2199 597 2226 et
622 2198 707 2227 extra
732 2194 927 2235 adhibeatur,
954 2205 1033 2238 quae
1058 2206 1202 2238 praesen-

463 2245 545 2278 tibus
569 2246 781 2288 adhiberetur,
807 2248 831 2280 si
856 2248 963 2290 forent
983 2248 1138 2281 exhibitae
1153 2249 1201 2282 vel

463 2305 614 2333 ostensae.

506 2354 617 2385 Datum
642 2355 769 2395 Romae,
792 2355 873 2398 apud
891 2356 919 2388 S.
935 2356 1072 2395 Petrum,
1085 2356 1141 2388 sub
1153 2366 1203 2388 an-

463 2406 537 2438 nulo
561 2407 736 2448 piscatoris,
754 2408 803 2440 die
821 2418 876 2441 vni
895 2409 1003 2452 aprilis
1023 2419 1201 2450 nncxxvln,

465 2461 663 2502 pontificatus
686 2462 786 2494 nestri
811 2472 892 2495 anno
918 2473 947 2495 v.

500 2521 557 2549 Dat.
579 2522 621 2549 die
638 2523 653 2548 8
668 2524 759 2558 aprilis
782 2524 858 2559 1028,
878 2525 975 2560 pontif.
995 2533 1065 2553 anno
1083 2533 1107 2553 v.

1044 228 1222 253 BULLARIUM
1247 229 1400 254 ROMANUM

1512 277 1709 312 CCLXXXVI.

1238 356 1380 390 Indictis>
1399 357 1597 390 universatis
1617 358 1755 391 iubilaei
1773 358 1816 392 ad
1835 360 1976 403 ayendas

1281 411 1406 453 yralias
1432 414 1460 443 el
1485 410 1632 444 divinam
1650 421 1739 455 opem
1755 411 1792 444 ‘in
1807 412 1978 447 imminen-

1283 463 1368 495 libus
1398 463 1557 496 Ecclesiae
1586 464 1829 498 necessitatibus
1860 465 1977 509 implo-

1280 515 1446 548 randam¹.

1449 596 1586 624 Urbanus
1597 596 1676 630 Papa
1689 596 1765 630 vm,

1219 641 1221 653 '
1237 649 1391 677 Universis
1407 650 1654 678 christifidelibus
1667 653 1844 685 praesentes
1857 644 1976 679 lifteras

1272 693 1466 729 inspecturis,
1484 696 1612 722 salutem
1628 697 1659 722 et.
1675 695 1872 729 apostolicam
1885 696 1975 724 bene-

1272 737 1440 766 dictionem.

1218 833 1220 848 ,
1281 808 1369 846 Quod
1391 808 1428 841 ab
1443 809 1531 842 initio
1548 810 1748 853 pdntisscatus
1764 811 1863 844 nostri
1880 810 1978 854 preci-

1237 860 1295 893 hus
1310 866 1339 893 et
1363 861 1443 894 votis
1460 863 1678 906 expetivimus,
1692 864 1782 896 Pater
1798 863 1977 897 misericor-

1236 914 1359 947 diarum
1384 915 1480 957 Deus,
1509 915 1606 948 animi
1629 916 1729 949 nostri
1752 917 1821 960 pios
1847 917 1977 950 affectus

1236 967 1420 1011 respiciens,
1434 968 1629 1001 orthodoxae
1644 968 1717 1001 fidei
1733 968 1840 1001 hostes
1856 979 1919 1002 non
1932 980 1978 1003 so-

1236 1021 1299 1052 lum
1311 1021 1471 1064 repressit,
1482 1021 1534 1054 sed
1545 1031 1655 1054 eorum
1669 1022 1751 1055 vires
1761 1022 1878 1055 attrivit
1889 1022 1977 1063 adeo,

1235 1079 1268 1106 ut
1300 1074 1332 1106 in
1364 1080 1458 1117 portu
1489 1074 1725 1118 tranquillitatis
1755 1074 1978 1118 conquiescere

1235 1137 1327 1170 posse
1352 1127 1541 1160 videremur.
1562 1127 1710 1161 Inimicus
1727 1133 1831 1161 tamen
1848 1129 1977 1161 humani

1218 1177 1219 1206 1
1235 1181 1370 1223 generis,
1381 1181 1434 1224 qui
1449 1182 1480 1214 in
1493 1191 1571 1224 agro
1584 1181 1742 1214 dominico
1751 1181 1861 1214 solitus
1872 1187 1919 1215 est
1931 1192 1979 1214 su-

1218 1227 1219 1257 Ῑ
1235 1234 1449 1278 perseminare
1463 1235 1589 1275 zizania,
1603 1235 1715 1278 satagit
1731 1246 1841 1268 auram
1856 1238 1978 1269 vertere

1236 1287 1266 1319 in
1290 1288 1474 1331 procellam,
1489 1293 1519 1321 et
1546 1288 1759 1321 interturbare
1783 1294 1846 1321 tam
1873 1289 1978 1322 felices

1235 1351 1423 1384 progressus
1442 1341 1561 1374 nititur.
1579 1341 1791 1380 Quamobrem
1807 1341 1977 1386 praeterita

1235 1451 1268 1480 ut
1293 1447 1437 1488 maiores,
1463 1458 1539 1491 quas
1564 1458 1743 1491 possumus,
1768 1449 1884 1491 gratias
1904 1448 1931 1481 ei
1948 1460 1978 1480 a·

1236 1511 1356 1543 gamus,
1372 1505 1401 1535 et
1425 1501 1505 1543 grati
1530 1501 1625 1534 animi
1643 1501 1903 1545 significationem
1924 1512 1978 1546 pu-

1235 1553 1348 1586 blicam
1378 1554 1602 1603 exhibeamus,
1628 1560 1658 1587 et
1681 1554 1807 1587 insimul
1822 1582 1830 1595 ‚
1854 1554 1977 1587 divinae

1236 1607 1406 1641 maiestatis
1420 1618 1493 1640 suae
1506 1598 1655 1641 thronum
1670 1608 1830 1648 adeuntes,
1841 1619 1900 1651 pro
1912 1618 1979 1641 san-

1236 1666 1303 1693 ctae
1319 1661 1475 1693 Ecclesiae
1492 1661 1631 1694 hostium
1657 1662 1879 1702 conversione,
1899 1661 1977 1695 eius-

1237 1713 1370 1757 demque
1406 1714 1563 1746 Ecclesiae
1596 1715 1804 1756 exaltatione,
1836 1720 1866 1748 et
1896 1715 1978 1748 inter

1237 1767 1398 1810 principes
1422 1768 1593 1801 catholicos
1610 1779 1688 1811 pace
1708 1761 1910 1811 summopere
1926 1768 1978 1800 de-

1237 1831 1413 1863 precemur.
1439 1821 1568 1854 Peccata
1598 1821 1715 1864 1311111,
1741 1832 1820 1865 quae
1855 1821 1978 1870 obicem

1237 1874 1355 1916 gratiae
1379 1874 1433 1907 Dei
1466 1874 1686 1918 interponunt,
1712 1875 1860 1915 ienunio,
1884 1874 1976 1915 fletu,

1219 1967 1221 1971 ι
1237 1927 1433 1960 orationibus
1453 1933 1483 1961 et
1500 1928 1705 1973 eleemosynis
1722 1928 1925 1969 redimamus,
1941 1934 1975 1962 ut

1237 1980 1289 2023 qui
1307 1986 1467 2024 sperantes
1485 1981 1516 2013 in
1533 1991 1565 2014 se
1582 1981 1738 2014 infirmari
1761 1992 1824 2015 non
1848 1982 1977 2026 patitur,

1237 2033 1369 2066 ulterius
1395 2033 1574 2076 magnificet
1595 2034 1759 2067 nobiscum
1787 2035 1890 2068 facere
1918 2035 1978 2067 mi-

1238 2087 1453 2127 sericordiam,
1474 2093 1504 2120 et
1524 2093 1746 2130 convertamur
1770 2087 1809 2120 ad
1833 2089 1921 2120 illum
1945 2088 1977 2121 in

1219 2145 1220 2148 ’
1239 2144 1301 2174 toto
1327 2140 1421 2173 corde
1440 2146 1558 2174 nostro.
1577 2141 1643 2174 Hoc
1657 2147 1761 2174 autem
1785 2147 1819 2174 111
1841 2142 1979 2175 fructuo-

1224 2183 1302 2227 'sius
1327 2200 1356 2226 et
1376 2194 1487 2227 maiori
1514 2205 1585 2227 cum
1611 2195 1739 2238 spiritus
1762 2195 1875 2228 ardore
1890 2205 1978 2239 pera-

1238 2253 1338 2290 gatur,
1358 2258 1394 2280 ex
1419 2248 1517 2280 veteri
1542 2249 1700 2281 Ecclesiae
1724 2249 1884 2282 Romanae
1908 2260 1977 2282 om-

1275 2320 1283 2345 1
1304 2318 1368 2345 vide
1386 2318 1413 2345 in
1429 2320 1518 2346 Uonst.
1534 2325 1648 2346 chxxul
1667 2319 1742 2346 Pauli
1756 2319 1786 2354 V,
1803 2319 1876 2347 Ecce
1890 2320 1933 2355 (in
1949 2321 1977 2348 h.

1218 2343 1220 2372 Ξ
1236 2372 1264 2390 11.
1282 2363 1324 2390 ed.
1341 2370 1436 2397 cexcn,
1453 2368 1518 2391 tom.
1535 2371 1580 2395 ΧΠ,
1597 2373 1658 2400 pag,
1678 2364 1761 2398 3923*
1773 2369 1800 2392 et
1819 2365 1886 2392 seito
1906 2365 1978 2401 quod

1237 2416 1307 2435 anno
1331 2409 1452 2444 sequenti
1471 2409 1645 2436 validioribus
1667 2417 1803 2436 armorum
1823 2409 1977 2444 ingruenti-

1218 2438 1221 2453 ⁵
1237 2453 1287 2479 bus
1306 2453 1423 2480 motibus
1443 2457 1469 2480 et
1488 2453 1573 2488 magis
1593 2453 1752 2489 periculosis
1772 2454 1980 2481 adversitatibus

1238 2497 1361 2525 Urbanus
1381 2506 1430 2531 pro
1452 2506 1518 2534 pace
1537 2498 1607 2525 inter
1622 2498 1758 2534 principes
1773 2507 1788 2526 a
1803 2499 1857 2526 Deo
1873 2499 1979 2526 facilius

1238 2543 1405 2578 impetranda
1425 2543 1504 2570 aliam
1524 2544 1659 2571 concessit
1673 2543 1868 2580 indulgentiam
1883 2544 1978 2579 plena-

1238 2588 1315 2623 riam,
1336 2592 1366 2614 ut
1388 2588 1416 2615 in
1436 2588 1631 2616 Constitutione
1655 2589 1698 2617 die
1718 2595 1725 2616 1
1745 2589 1835 2617 martii
1853 2597 1898 2617 an.
1918 2596 1978 2624 seq.

1238 2641 1320 2668 quam
1340 2641 1388 2660 suo
1409 2633 1467 2661 loco
1487 2633 1622 2660 dabimus.

1987 233 2038 263 An.
2059 235 2088 264 C.
2105 236 2174 265 1628

2019 829 2138 864 Exordium.
