2269 3235
131 245 181 272 An.
202 242 315 271 &1626

203 1101 315 1122 clausulae

131 1129 238 1154 poenales.

187 2326 316 2347 Recensetur

132 2353 264 2379 praecedens
286 2354 316 2373 in-

132 2379 219 2402 dullum.

937 241 1079 265 URBANUS
1105 241 1160 264 vm
1186 241 1234 264 FP.

328 290 410 324 sulas
434 289 596 332 generales
614 289 695 322 idem
717 289 931 333 importantes,
950 289 1067 322 mentio

329 354 384 376 seu
409 343 535 387 quaevis
549 343 610 375 alia
626 342 786 387 expressio
803 342 841 375 ad
854 342 914 375 hoc
927 341 1069 374 habenda

329 397 429 438 soret,
454 397 515 429 illis
540 397 615 429 alias
640 397 671 429 in
695 406 751 429 suo
776 395 891 429 robore
915 404 1069 438 perman-

329 450 421 492 suris,
446 451 558 483 harum
576 450 655 483 serie
677 449 854 493 specialiter
871 452 902 481 et
921 457 1069 491 expresse

329 503 532 546 derogamus,
554 502 727 546 ceterisque
744 500 909 535 contrariis
933 501 1068 544 quibus-

330 567 473 600 cumque.
492 557 550 589 Per
568 560 749 599 praesentes
768 559 873 587 autem
894 563 956 587 non
970 553 1070 586 inten-

330 609 433 642 dimus
457 610 527 652 illis,
552 609 590 642 ad
614 619 750 653 quorum
773 609 910 641 {livorem
929 617 1066 650 praepo-

329 662 445 695 siturae
462 673 517 695 seu
533 661 674 695 abbatiae
695 660 852 694 seculares
878 659 1069 704 praedictae,

330 716 377 748 vel
401 726 509 749 earum
533 715 636 758 aliqua
661 725 716 747 seu
740 714 871 757 aliquae,
898 713 1070 757 apostolica

330 769 514 803 auctoritate
550 779 716 802 concessae
752 768 813 800 iam
848 767 1050 811 reperiuntur
1063 793 1070 807 ,

330 822 558 865 praeiudicare;
575 822 764 865 easdemque
785 826 976 865 praesentes,
993 831 1071 864 quo-

329 875 433 908 minus
456 875 684 918 resignationes
716 875 777 908 iam
809 875 962 908 admissae
977 902 984 915 ,
1016 885 1071 907 seu

329 928 541 962 coadiutoriae
555 929 615 961 iam
630 939 806 970 concessae,
824 939 915 962 suum
930 927 1069 961 debitum

330 988 562 1026 consequantur
586 982 741 1024 effectum,
764 983 827 1016 ullo
845 982 939 1016 modo
957 982 988 1014 in
1009 982 1068 1014 ali-

330 1045 392 1078 quo
412 1035 558 1068 volumus
582 1046 644 1068 non
669 1035 804 1068 obstare.

374 1089 389 1132 ἓ
407 1088 436 1121 8.
456 1089 539 1122 Nulli
556 1099 631 1132 ergo
648 1088 776 1122 omnino
794 1089 957 1121 hominum
979 1088 1071 1121 liceat

330 1142 410 1174 hanc
430 1142 576 1185 paginam
594 1142 809 1183 absolutionis,
823 1141 1070 1185 approbationis,

330 1194 589 1235 confirmationis,
610 1195 828 1239 suppletionis,
845 1194 1069 1238 ampliationis,

329 1247 527 1288 extensionis,
546 1248 765 1288 concessionis,
790 1247 911 1288 indulti,
928 1247 1070 1281 decreto-

328 1313 399 1334 rum
424 1307 453 1335 et
477 1302 644 1335 voluntatis
668 1302 849 1345 infringere,
876 1302 924 1335 vel
941 1302 968 1335 ei
993 1312 1070 1335 ausu

328 1357 497 1390 temerario
512 1356 678 1390 contraire.
696 1356 727 1389 Si
742 1356 811 1400 quis
829 1362 934 1389 autem
953 1356 1014 1390 1100
1029 1362 1071 1389 at-

327 1416 447 1444 tentare
461 1412 722 1456 praesumpserit,
740 1412 987 1455 indignationem
1000 1422 1069 1445 om-

326 1465 496 1508 nipotentis
516 1465 570 1498 Dei
594 1471 625 1498 et
648 1465 811 1499 beatorum
829 1466 911 1499 Petri
937 1471 967 1499 et
982 1465 1069 1498 Pauli

327 1519 544 1562 apostolorum
565 1518 631 1552 eius
656 1530 688 1552 se
712 1519 836 1552 noverit
855 1520 1067 1553 incursurum.

372 1573 483 1605 Datum
504 1573 631 1615 Romae,
659 1573 742 1616 apud
767 1574 796 1607 S.
826 1573 962 1615 Petrum,
987 1583 1070 1606 anno

328 1626 554 1659 Incarnationis
582 1626 763 1659 Dominicae
794 1636 956 1667 nncxxw,
982 1631 1069 1659 sexto

328 1679 475 1712 kalendas
484 1679 601 1723 aprilis,
615 1679 815 1723 pontificatus
823 1679 924 1713 nostri
933 1689 1014 1713 anno
1025 1689 1067 1712 111.

362 1740 420 1769 Dat.
438 1740 481 1768 die
494 1741 527 1768 27
543 1737 633 1768 martii
653 1741 730 1776 1626,
747 1741 841 1777 pontif.
858 1749 929 1769 anno
944 1748 983 1768 111.

638 1858 759 1892 CXCIX.

329 1929 480 1962 Eaelensz'o
512 1929 638 1963 indulti
671 1929 832 1963 recitandi
867 1929 1006 1972 officium
1032 1928 1070 1961 cle

374 1983 462 2016 beato
486 1983 593 2016 Felice
622 1983 660 2016 cle
686 1983 867 2017 Canlalicio
895 1982 937 2015 ad
962 1993 1069 2015 omnes

371 2037 490 2078 fratres
506 2036 640 2079 Ordinis
657 2037 800 2080 fratrum
818 2036 984 2069 annorum
1001 2046 1070 2068 san-

372 2090 415 2122 cti
438 2089 609 2123 Francisei
638 2090 918 2133 Cuppuceinorum
948 2090 1070 2133 ubique

372 2143 551 2176 existentes.

526 2215 663 2242 Urbanus
690 2194 770 2249 Papa
789 2215 866 2247 vm,

454 2261 489 2286 ad
504 2263 680 2294 perpetuam
699 2260 745 2287 rei
765 2259 948 2287 memoriam.

375 2320 490 2364 Nuper,
514 2322 641 2355 nomine
658 2322 845 2355 dilectorum
863 2322 1002 2355 filiorum
1017 2331 1070 2355 no-

330 2373 442 2406 bilium
466 2374 606 2407 virorum
629 2375 832 2408 Maximiliani
857 2375 1004 2408 Bavariae
1026 2386 1070 2408 sa-

332 2427 378 2460 cri
397 2427 530 2460 Romani
548 2428 675 2472 Imperii
694 2429 846 2473 principis
871 2429 1015 2462 electoris
1034 2439 1070 2461 ac

331 2479 432 2513 Caroli
449 2480 668 2524 Lotharingiae
683 2482 798 2516 ducum
812 2482 995 2526 respective,
1012 2492 1070 2515 nec

331 2544 395 2566 non
418 2534 577 2567 Francisci
600 2545 618 2567 a
640 2535 844 2579 Lotharingia
868 2535 992 2569 comitis
1016 2536 1071 2568 Va-

332 2587 521 2629 demontani,
539 2587 786 2634 dilectarumque
802 2590 835 2622 in
854 2590 976 2623 Christo
996 2590 1072 2623 filia-

333 2652 402 2676 rum
420 2641 534 2676 nobilis
550 2642 692 2677 mulieris
711 2643 906 2678 Elisabethae
922 2642 1071 2678 Bavariae

1103 288 1246 322 ducissae
1271 293 1301 321 et
1324 287 1507 321 Catharinae
1532 286 1625 319 etiam
1650 296 1666 317 a
1683 285 1844 318 Lotliarin-

1103 342 1154 384 gia
1171 342 1352 376 monasterii
1366 341 1436 375 Sedi
1450 341 1647 385 Apostolicac
1665 339 1844 372 immediate

1103 395 1233 428 subiecti
1257 395 1286 427 S.
1312 395 1393 427 Petri
1420 395 1457 427 dc
1482 394 1758 427 Romaricomonte
1787 392 1844 425 Or—

1103 448 1184 480 dinis
1209 448 1237 481 S.
1263 448 1441 488 Benedicti,
1467 448 1583 481 nullius
1613 458 1667 480 seu
1691 446 1844 479 Tullensis

1103 500 1266 541 dioecesis,
1290 500 1477 541 abbatissae,
1502 511 1622 534 necnon
1640 501 1732 534 ctiam
1751 500 1843 532 mini-

1104 554 1160 586 stri
1176 553 1331 596 generalis
1349 558 1379 587 et
1395 554 1527 586 fratrum
1548 554 1672 587 Ordinis
1689 554 1844 586 Minorem

1104 606 1132 640 S.
1157 607 1316 640 Francisci
1341 607 1622 650 Cappuccinorum,
1644 611 1841 649 nuncupato-

1104 671 1186 701 rum,
1196 660 1286 693 nobis
1297 660 1448 703 exposito,
1460 660 1545 703 quod
1558 660 1658 692 bonae
1673 660 1844 692 memoriae

1104 713 1189 746 Felix
1207 714 1244 746 de
1261 713 1440 754 Cantalicio,
1462 713 1600 745 eiusdem
1618 713 1752 753 Ordinis,
1770 714 1844 746 dum

1104 766 1189 807 vixit,
1203 768 1373 810 professor,
1388 766 1493 800 multis
1507 772 1536 799 et
1550 766 1670 799 eximiis
1685 766 1843 808 virtutum,

1104 820 1276 862 gratiarum
1290 825 1318 853 et
1332 819 1559 852 miraculorum
1576 819 1666 851 donis
1684 829 1700 850 a
1713 819 1845 851 Domino

1105 873 1278 908 illustratus
1302 874 1413 914 suerat,
1436 884 1534 916 eaque
1560 878 1691 917 propter
1710 872 1847 905 Maximi-

1105 927 1206 960 lianus
1239 932 1269 960 et
1301 927 1430 960 Carolus
1459 926 1575 966 duces,
1601 937 1635 959 ac
1661 925 1846 958 Franciscus

1105 991 1222 1022 comes,
1247 991 1370 1014 necnon
1395 980 1573 1013 Elisabetha
1597 980 1720 1013 ducissa
1745 984 1774 1012 et
1791 980 1845 1013 Ca-

1105 1034 1229 1067 tharina
1254 1034 1426 1075 abbatissa,
1443 1030 1486 1067 'ac
1512 1033 1655 1067 minister
1680 1038 1709 1066 et
1734 1033 1847 1066 fratres

1105 1087 1276 1130 praedicti,
1300 1087 1391 1121 nobis
1416 1087 1578 1121 humiliter
1603 1086 1775 1131 supplicari
1800 1087 1845 1119 se-

1105 1147 1233 1184 cerant,
1265 1148 1317 1183 ut,
1350 1142 1450 1175 donec
1474 1141 1719 1175 canonizationis
1743 1141 1846 1174 honor

1104 1195 1187 1229 dieto
1205 1196 1300 1229 Felici
1318 1195 1355 1229 de
1373 1196 1540 1229 Cantalicio
1558 1196 1598 1229 011
1616 1196 1681 1228 eius
1699 1195 1846 1228 eximiam

1104 1249 1289 1283 charitatem
1313 1254 1343 1282 et
1372 1249 1555 1283 excellentia
1585 1249 1716 1290 merita,
1740 1249 1845 1282 divina

1104 1302 1260 1345 aspirante
1285 1303 1396 1345 gratia,
1417 1302 1456 1335 ab
1480 1302 1658 1346 Apostolica
1682 1301 1761 1335 Sede
1785 1301 1842 1334 de-

1104 1361 1297 1397 cerneretur,
1319 1356 1401 1389 idem
1423 1357 1508 1389 Felix
1529 1356 1567 1389 de
1588 1355 1755 1389 Cantalicio
1773 1355 1845 1388 Bea-

1104 1414 1153 1442 tus
1177 1410 1374 1454 nuncupari,
1405 1410 1608 1454 officiumque
1633 1415 1663 1443 et
1687 1410 1783 1442 missa
1807 1409 1845 1442 de

1104 1474 1140 1496 eo
1154 1463 1279 1496 recitari
1300 1468 1330 1496 et
1345 1463 1497 1496 celebrari
1518 1469 1622 1507 posset
1630 1475 1637 1503 ;
1655 1474 1722 1505 nOS,
1740 1463 1846 1496 huius-

1103 1517 1188 1550 modi
1213 1517 1493 1560 supplicationibus
1526 1523 1600 1550 tunc
1626 1517 1782 1558 inclinati,
1807 1516 1845 1549 de

1103 1571 1330 1603 venerabilium
1350 1572 1484 1603 fratrum
1509 1576 1691 1604 nostrorum
1708 1571 1737 1604 S.
1759 1571 1792 1603 R.
1810 1570 1843 1603 Ε.

1103 1623 1310 1655 cardinalium
1336 1624 1433 1656 sacris
1457 1623 1570 1656 ritibus
1590 1623 1844 1667 praepositorum

1103 1676 1250 1717 consilio,
1276 1682 1309 1709 ut
1334 1677 1401 1720 ipse
1426 1677 1527 1709 bonae
1560 1677 1733 1710 memoriae
1758 1676 1844 1709 Felix

1103 1730 1141 1763 de
1165 1730 1333 1764 Cantalicio
1354 1731 1465 1763 Beatus
1489 1730 1678 1775 nuncupari,
1695 1730 1847 1763 officium-

1103 1795 1163 1828 que
1187 1789 1218 1817 et
1235 1784 1329 1817 missa
1346 1784 1383 1817 dc
1401 1795 1438 1818 00
1456 1789 1616 1828 tamquam
1631 1784 1669 1817 de
1686 1784 1846 1817 communi

1103 1838 1296 1872 Confessoris
1320 1849 1383 1872 11011
1408 1838 1568 1871 Pontificis
1593 1838 1679 1872 iuxta
1702 1837 1846 1871 rubricas

1104 1892 1237 1925 missalis
1262 1896 1291 1926 et
1315 1892 1465 1925 breviarii
1490 1892 1613 1924 romani
1639 1902 1675 1925 eo
1700 1902 1781 1924 anno
1808 1891 1846 1923 ab

1103 1946 1249 1979 omnibus
1285 1945 1358 1979 dicti
1390 1945 1514 1979 Ordinis
1547 1946 1698 1978 fratribus
1729 1945 1845 1989 ubique

1103 1999 1308 2033 existentibus
1323 2026 1330 2040 ,
1354 2000 1405 2032 hic
1429 2005 1535 2032 autem
1567 2000 1685 2033 Itomae
1711 1999 1804 2032 etiam
1829 2009 1846 2030 a

1103 2053 1319 2087 sacerdotibus
1339 2053 1376 2086 ad
1397 2054 1562 2096 ecclesias,
1585 2053 1769 2087 eorumdem
1787 2053 1846 2085 sra-

1103 2112 1187 2140 trum
1213 2107 1466 2148 confluentibus,
1491 2117 1602 2140 eorum
1627 2105 1845 2150 superioribus

1102 2161 1260 2202 110110111εέ1,
1278 2161 1310 2194 111
1336 2166 1499 2205 posterum
1518 2171 1592 2193 xero
1614 2160 1663 2193 die
1687 2160 1847 2193 dumtaxat

1103 2215 1151 2248 sui
1175 2215 1288 2257 obitus,
1310 2214 1341 2247 in
1365 2214 1504 2247 ecclesiis
1522 2214 1656 2246 fratrum
1674 2213 1847 2257 praedicto-

1103 2280 1191 2311 rum,
1222 2269 1365 2302 videlicet
1390 2269 1421 2301 in
1444 2268 1593 2308 Nanceii,
1618 2278 1654 2300 ac
1685 2267 1847 2311 praedicto

1103 2322 1399 2362 Romaricomontis,
1424 2331 1547 2354 necnon
1571 2321 1738 2354 Cantalacii
1760 2320 1847 2364 oppi-

1103 2375 1150 2408 dis
1174 2375 1212 2408 ab
1238 2375 1356 2408 eisdem
1386 2375 1538 2408 fratribus
1564 2380 1702 2417 tantum,
1729 2375 1846 2408 Romae

1103 2439 1188 2469 vero,
1214 2429 1268 2461 ubi
1293 2439 1409 2472 corpus
1434 2428 1613 2472 requiescit,
1639 2428 1732 2461 etiam
1757 2439 1774 2461 a
1799 2439 1846 2461 sa-

1104 2482 1284 2516 cerdotibus
1301 2482 1339 2515 ad
1359 2482 1523 2515 ecclesiam
1541 2482 1697 2514 dictorum
1711 2482 1845 2515 fratrum

1104 2535 1335 2570 confluentibus
1360 2535 1486 2568 recitari
1511 2540 1541 2568 et
1565 2535 1718 2568 celebrari
1742 2546 1848 2579 respe-

1105 2589 1184 2623 ctive
1208 2589 1306 2622 libere
1332 2593 1362 2621 et
1385 2589 1469 2622 licite
1489 2594 1595 2634 posset
1615 2594 1645 2622 et
1668 2590 1795 2631 valeret,
1813 2589 1847 2622 li-

1105 2644 1238 2679 centiam
1263 2649 1293 2678 et
1316 2643 1495 2678 facultatem
1519 2645 1690 2689 apostoliea
1714 2644 1847 2679 auctori-

1745 228 1809 261 Ἀιῡῗζ
1858 237 1908 263 An.
1929 237 1956 262 c.
1976 237 2042 265 icae
