2269 3235
234 279 282 305 Λιι.
300 278 329 307 G.
345 277 415 304 1625

461 268 524 301 ⁶286

433 336 467 358 ex
495 324 667 363 mensibus,
694 324 725 356 in
749 323 863 366 quibus
888 321 1064 354 vacantium
1081 321 1172 354 bene-

434 379 577 412 ficiorum
595 376 880 410 ceclesiasticorum
894 375 1057 419 dispositio
1082 374 1172 407 nobis

434 436 463 466 ct
486 431 585 464 dictae
610 430 698 469 Sodi,
727 429 819 462 ctiam
848 440 905 472 per
936 428 1172 462 constitutiones

434 484 628 528 apostolicas,
639 494 693 515 seu
707 482 910 516 cancellariae
924 482 1115 526 apostolicae
1129 492 1174 514 rc-

434 538 538 581 gulas,
563 542 610 569 cst
634 536 681 569 vet
707 547 764 580 pro
787 541 930 580 tempore
954 535 1048 568 suerit
1071 545 1173 568 reser-

435 594 512 630 vata,
528 590 573 622 vcl
593 589 684 623 ctiam
699 589 867 622 ordinariis
881 588 1102 622 collectoribus
1116 599 1174 632 per

433 644 559 677 easdem
585 643 822 677 constitutiones
837 670 844 684 ,
869 654 924 676 seu
952 643 1078 686 regulas
1094 670 1101 684 ,
1126 642 1174 675 vel

435 697 553 730 litteras
578 697 844 740 alternativarum,
862 702 915 730 aut
931 696 991 729 alia
1010 695 1175 740 privilegia

435 756 465 784 ct
489 751 608 784 indulta
632 751 784 784 hactenus
808 760 957 784 concessa
974 755 1004 783 et
1023 749 1174 793 imposte-

435 815 505 837 rum
530 804 739 845 concedenda,
760 804 852 837 simul
871 804 918 836 vel
936 803 1110 836 successive
1128 813 1176 835 va-

436 868 507 891 care
539 857 727 900 contigerit,
760 856 880 890 etiamsi
912 861 982 888 actu
1014 866 1119 895 nunc,
1143 860 1177 887 ut

435 911 622 955 praefertur,
636 911 684 943 vel
701 910 776 943 alias
792 909 954 953 quibusvis
972 908 1082 949 modis,
1097 913 1176 941 etex

435 974 708 1007 quorumcumque
729 963 883 1007 personis,
909 973 963 995 seu
982 972 1040 1006 per
1060 962 1176 994 liberas

436 1017 663 1060 resignationes
683 1017 731 1049 vel
755 1016 974 1049 concessiones
991 1015 1176 1059 quorumvis

435 1070 473 1103 de
487 1070 547 1102 illis
564 1070 596 1102 in
612 1069 694 1103 dieta
711 1069 800 1102 curia
817 1069 864 1102 vel
882 1072 968 1103 extra
985 1079 1063 1109 eam,
1082 1068 1175 1101 etiam

436 1133 542 1157 coram
566 1123 690 1156 notario
714 1123 842 1167 publico
859 1128 888 1156 ct
908 1123 1048 1164 testibus,
1066 1127 1177 1167 sponte

436 1176 559 1218 sactas¹,
576 1182 628 1210 aut
645 1176 899 1210 constitutionem
918 1176 1015 1210 felicis
1033 1176 1178 1209 recorda-

438 1230 530 1263 tionis
547 1230 670 1263 loanuis
696 1231 795 1274 Papae
817 1231 907 1271 XXII,
925 1229 1177 1273 praedecessoris

436 1284 545 1324 nostri,
569 1294 648 1328 quae
677 1284 784 1327 incipit
803 1283 1015 1324 Eccecrabilz's,
1034 1283 1081 1316 vel
1099 1293 1178 1315 assc-

438 1337 621 1381 quutionem
631 1337 760 1370 alterius
771 1336 915 1370 beneficii
928 1337 1036 1380 quavis
1046 1337 1179 1370 auctori-

439 1396 499 1424 tate
525 1391 629 1424 collati
644 1396 762 1432 vacent,
776 1401 811 1423 ac
825 1401 861 1424 cx
880 1401 919 1423 eo
933 1390 1016 1434 quod
1028 1390 1179 1423 beneficia

440 1445 505 1488 ipsa
530 1445 727 1485 obtinentes,
752 1455 807 1478 seu
832 1445 863 1477 in
889 1444 970 1484 illis,
991 1444 1039 1477 vel
1064 1444 1102 1476 ad
1127 1444 1179 1477 illa

439 1498 486 1530 ius
510 1498 670 1537 habentes,
689 1498 788 1531 dictae
806 1497 894 1530 Sedis
914 1497 1039 1538 notarii,
1057 1497 1180 1530 subdia-

439 1552 519 1592 coni,
544 1551 666 1596 acolyti,
692 1551 875 1595 cappellani,
899 1551 1076 1584 litterarum
1103 1562 1179 1595 apo-

439 1604 621 1638 stolicarum
635 1604 878 1646 abbreviatoreS,
898 1604 1078 1648 scriptores,
1098 1604 1181 1637 cubi-

439 1658 570 1699 cularii,
595 1658 751 1699 scutiferi,
775 1663 985 1702 proventuum
1011 1663 1040 1691 ct
1063 1658 1179 1691 iurium

440 1722 583 1744 camerae
610 1711 799 1755 apostolicae
831 1711 1009 1744 debitorum
1036 1712 1181 1744 collecto-

441 1776 491 1798 res
508 1770 538 1798 ct
557 1765 813 1805 subcollectores,
837 1775 892 1798 seu
914 1765 1105 1808 quicumque
1129 1765 1178 1797 alii

441 1818 547 1851 euriae
572 1818 619 1850 vel
644 1818 732 1851 Sedis
756 1818 989 1861 praedictarum
1016 1818 1180 1858 officiales,

442 1872 534 1904 etiam
564 1871 621 1904 sub
649 1871 780 1904 diversis
807 1872 1082 1905 constitutionibus
1112 1872 1181 1915 piae

443 1925 614 1959 memoriae
639 1925 726 1958 Pauli
751 1925 851 1969 Papae
876 1926 915 1958 ΙΙΙ
941 1925 1032 1958 etiam
1050 1925 1182 1969 praede-

443 1978 577 2012 cessoris
601 1978 700 2011 nostri
725 1989 855 2011 suorum
888 1984 918 2011 et
949 1989 1008 2022 pro
1040 1984 1183 2022 tempore

443 2032 642 2065 existentium
659 2032 874 2065 Romanorum
894 2032 1081 2065 Pontificum
1099 2032 1184 2065 sami-

443 2086 568 2119 liarium
583 2086 804 2120 continuorum
815 2086 1075 2119 commensalium
1086 2086 1185 2119 decla—

444 2139 569 2172 ratoriis
586 2139 818 2183 comprehensi,
834 2143 1015 2183 praesentes
1030 2143 1060 2172 et
1076 2139 1184 2179 futuri,

444 2204 643 2238 quocumque
666 2193 794 2227 nomine
818 2193 998 2237 nuncupati,
1017 2203 1071 2226 seu
1085 2191 1185 2236 quae²

445 2258 482 2280 ex
506 2247 615 2292 quavis
640 2247 700 2280 alia
725 2249 819 2280 causa
844 2246 1041 2290 dispositioni
1065 2250 1186 2289 aposto-

445 2302 523 2334 licae
548 2301 725 2345 specialiter
750 2301 797 2334 vel
826 2300 902 2333 alias
926 2300 1117 2343 generaliter
1140 2310 1187 2332 re-

446 2361 576 2395 servata,
601 2360 654 2388 aut
671 2365 707 2388 ex
731 2354 870 2398 generali
888 2354 1101 2387 reservatione
1115 2364 1187 2398 apo-

447 2410 555 2441 stolica
580 2408 700 2449 affecta,
717 2418 771 2441 seu
787 2407 825 2440 ad
843 2407 955 2441 Sedent
977 2407 1119 2440 eamdem
1138 2406 1187 2440 de-

448 2462 551 2494 voluta
576 2462 710 2494 existant
729 2462 776 2494 vel
802 2461 935 2510 suerint,
956 2460 1136 2504 originariis
1156 2465 1186 2493 ct

449 2515 643 2548 naturalibus
656 2515 785 2550 alterius
802 2514 935 2549 civitatis
948 2526 1003 2548 seu
1022 2515 1185 2555 dioecesis,

448 2579 570 2612 nempe,
596 2579 676 2614 quae
701 2569 732 2601 in
757 2568 880 2601 civitate
908 2572 937 2602 ct
965 2568 1101 2602 dioecesi
1132 2567 1187 2602 Ca·

485 2642 495 2667 1
515 2639 585 2666 Edit.
606 2639 682 2666 Main.
701 2640 764 2675 legit
778 2642 856 2674 [ασία
872 2641 908 2675 (R.
926 2640 975 2675 T.).

485 2685 502 2711 2
517 2684 635 2711 Erronce
652 2684 745 2711 eadem
762 2685 844 2711 habet
861 2685 911 2719 qui
925 2685 962 2715 (u.
981 2684 1028 2718 T.).

1008 273 1186 298 nULLARtUM
1206 271 1361 297 ROMANUM

1206 321 1335 353 laritana
1364 319 1558 358 consistunt,
1583 317 1763 360 originariis
1791 322 1822 350 et
1850 322 1941 350 natu-

1206 374 1323 406 ralibus
1359 372 1491 406 civitatis
1520 376 1550 404 ct
1581 370 1733 404 dioecesis
1757 370 1942 403 Turritanae

1207 437 1260 459 scu
1285 425 1489 465 Sassaremis,
1507 434 1586 468 quae
1611 434 1685 456 vero
1710 423 1741 455 in
1765 422 1888 456 civitate
1912 427 1943 456 ct

1207 479 1343 513 dioecesi
1372 479 1538 512 Turritaua
1570 488 1625 510 seu
1657 476 1833 510 Sassarensi
1869 486 1943 509 con-

1207 532 1328 573 sistunt,
1352 531 1532 575 originariis
1550 536 1579 564 ct
1595 529 1789 564 naturalibus
1813 528 1945 562 civitatis

1207 591 1237 619 et
1253 586 1405 620 dioecesis
1422 585 1623 625 Calai-itunae,
1639 583 1811 628 apostolica
1832 582 1879 615 vel
1898 593 1946 615 or-

1207 639 1327 673 dinaria
1360 643 1412 672 aut
1438 638 1548 683 quavis
1571 637 1631 670 alia
1655 636 1840 670 auctoritate
1872 645 1946 669 con-

1208 693 1282 726 t'crri
1307 693 1483 726 nullatenus
1507 691 1646 737 possint,
1671 701 1773 735 neque
1797 689 1946 729 debeant;

1209 746 1262 780 sed
1288 747 1413 780 interim
1439 744 1601 790 originarii
1620 750 1650 778 et
1673 744 1831 777 naturales
1848 743 1948 777 cuius-

1209 800 1285 834 libet
1309 812 1345 834 ex
1367 800 1544 833 civitatibus
1561 804 1590 833 et
1607 798 1804 832 dioecesibus
1826 796 1949 842 praedi-

1210 854 1266 886 ctis
1290 854 1328 886 ad
1353 853 1506 887 beneficia
1530 853 1658 886 alterius
1674 851 1807 885 civitatis
1824 855 1855 886 et
1867 851 1950 884 dioe-

1210 906 1288 940 cesis
1305 907 1473 940 obtinenda
1490 906 1642 939 inhabiles
1660 911 1690 938 et
1706 906 1869 949 incapaces
1885 915 1950 938 om-

1209 959 1284 992 nino
1300 959 1444 1000 existant,
1457 959 1580 992 etiamsi
1597 959 1629 991 in
1642 958 1760 992 eisdem
1773 958 1949 992 civitatibus

1210 1017 1240 1045 ct
1256 1012 1451 1046 dioecesibus
1468 1012 1664 1046 domicilium
1681 1012 1904 1052 contraxerint,
1921 1015 1951 1045 et

1211 1066 1242 1098 in
1266 1066 1310 1100 eis
1343 1077 1400 1110 per
1431 1066 1655 1110 quodcumque
1679 1065 1773 1099 etiam
1803 1064 1951 1107 longissi-

1212 1131 1298 1154 mum
1316 1120 1467 1165 temporis
1485 1120 1620 1165 spatium
1636 1118 1823 1153 commorati
1836 1118 1952 1152 suerint

1212 1180 1241 1207 et
1265 1180 1517 1214 commorentur3
1535 1185 1571 1207 ac
1591 1173 1633 1207 si¹
1650 1173 1758 1207 eadem
1783 1172 1952 1213 beneficia,

1212 1228 1332 1262 etiamsi
1350 1227 1388 1261 ad
1409 1228 1534 1261 illorum
1553 1233 1760 1271 patronorum
1778 1231 1953 1270 praesenta-

1212 1281 1340 1322 tionem,
1366 1281 1424 1313 sibi
1449 1281 1595 1323 conferri,
1622 1285 1674 1313 aut
1698 1280 1736 1313 de
1764 1279 1824 1312 illis
1849 1279 1954 1323 provi-

1212 1334 1278 1368 deri
1304 1339 1413 1368 contra
1430 1335 1564 1368 sormam
1583 1333 1795 1378 praesentium
1813 1333 1954 1366 obtinue-

1213 1388 1295 1429 rint,
1327 1393 1379 1421 aut
1410 1388 1629 1422 collationibus
1661 1392 1691 1422 et
1719 1386 1953 1431 provisionibus

1213 1441 1404 1482 huiusmodi,
1429 1452 1465 1475 ac
1488 1441 1556 1474 aliis
1582 1440 1840 1485 dispositionibus
1858 1440 1888 1472 in
1906 1450 1955 1473 co-

1214 1507 1283 1528 rum
1309 1496 1447 1529 savorem
1479 1495 1614 1539 desuper
1646 1494 1734 1527 factis
1749 1521 1756 1534 ,
1781 1503 1836 1527 seu
1860 1492 1954 1526 etiam

1214 1554 1301 1582 motu
1325 1549 1419 1582 simili
1445 1549 1613 1589 concessis,
1638 1548 1702 1590 uti,
1728 1547 1776 1580 vel
1801 1558 1852 1580 eas
1872 1551 1955 1580 ratas

1214 1607 1244 1635 et
1264 1607 1368 1645 gratas
1384 1601 1501 1636 habere
1523 1600 1804 1646 praesumpserint,
1822 1599 1907 1633 omni
1926 1603 1956 1632 ct

1215 1666 1415 1699 quocumque
1444 1655 1599 1688 beneficio
1623 1660 1654 1688 et
1677 1654 1780 1687 officio
1804 1653 1953 1686 ecclesia-

1215 1709 1292 1743 stico
1309 1720 1367 1753 per
1384 1720 1437 1742 eos
1454 1708 1644 1752 ubicumque
1665 1707 1802 1749 obtento,
1820 1718 1857 1741 eo
1878 1707 1956 1751 ipso,

1215 1763 1331 1807 absque
1363 1763 1467 1806 aliqua
1499 1761 1710 1795 declaratione
1742 1761 1879 1805 desuper
1906 1761 1954 1793 sa-

1215 1816 1341 1859 cienda‚
1366 1816 1478 1860 privati
1503 1815 1580 1855 sint;
1606 1825 1641 1848 ac
1671 1814 1827 1848 Ordinarii
1852 1819 1882 1847 et
1906 1813 1957 1846 alii

1216 1869 1380 1903 inferiores
1405 1869 1572 1902 collatores
1596 1874 1626 1901 et
1649 1868 1784 1912 patroni,
1809 1868 1862 1912 qui
1883 1877 1958 1901 con-

1216 1928 1264 1956 tra
1287 1923 1461 1968 praemissa
1485 1922 1657 1967 quidquam
1688 1926 1841 1955 attentare
1864 1932 1958 1966 prae-

1217 1977 1427 2022 sumpserint,
1452 1987 1469 2009 a
1493 1986 1767 2020 quorumcumque
1791 1975 1959 2009 beneficio-

1217 2043 1288 2064 rum
1303 2032 1479 2071 collatione,
1493 2030 1685 2075 provisione,
1700 2029 1862 2070 electione,
1872 2039 1960 2073 prae-

1218 2084 1402 2125 sentatione,
1426 2084 1620 2118 institutione
1638 2088 1668 2116 et
1684 2092 1882 2127 quacumque
1899 2081 1959 2114 alia

1218 2137 1444 2181 dispositione,
1473 2142 1568 2181 prout
1597 2137 1710 2180 cuique
1742 2134 1958 2178 competierit,

1219 2191 1337 2224 tamdiu
1362 2191 1504 2235 suspensi
1521 2194 1720 2230 remaneant,
1737 2189 1836 2222 donec
1852 2188 1960 2221 remis-

1219 2246 1339 2279 sionem
1364 2256 1381 2278 a
1407 2245 1548 2279 Romano
1573 2243 1722 2277 Pontifice
1739 2253 1796 2287 pro
1814 2247 1958 2287 tempore

1220 2299 1371 2332 existente
1403 2299 1576 2332 meruerint
1604 2298 1758 2332 obtinere.
1784 2297 1961 2330 Decernen-

1221 2359 1266 2386 tes
1290 2363 1401 2386 omnes
1425 2358 1455 2386 et
1480 2353 1619 2396 singulas
1644 2351 1847 2392 collationes,
1872 2350 1961 2384 insti-

1220 2407 1358 2440 tutiones
1383 2412 1413 2440 et
1429 2406 1554 2450 quasvis
1579 2405 1654 2439 alias
1678 2404 1900 2450 dispositiones
1923 2403 1961 2436 de

1221 2460 1470 2504 quibuscumque
1508 2459 1671 2492 beneficiis
1706 2458 1892 2503 praedictis,
1927 2462 1961 2489 ut

1222 2514 1410 2558 praefertur,
1435 2513 1481 2546 vel
1506 2512 1581 2545 alias
1601 2511 1838 2556 quomodolibet
1862 2510 1961 2555 quali-

1223 2568 1332 2608 ficafis,
1346 2572 1456 2601 contra
1472 2567 1644 2611 praesentis
1662 2565 1768 2599 statuti
1785 2566 1917 2599 sormam
1933 2569 1959 2596 ct

1223 2627 1363 2654 tenorem
1397 2621 1490 2653 etiam
1525 2630 1581 2664 per
1611 2630 1668 2653 nos
1691 2625 1720 2652 et
1745 2628 1961 2663 quoscumque

1263 2685 1270 2710 t
1291 2683 1452 2710 Particulam
1468 2683 1493 2709 si
1508 2691 1556 2709 nos
1569 2682 1694 2709 addimus
1709 2683 1745 2718 (a.
1763 2682 1811 2717 r).

1953 268 2002 295 Αη.
2019 267 2047 295 C.
2068 268 2138 297 ¹625
