2269 3235
1202 253 1356 277 —x—

517 318 583 344 Edit.
602 319 674 343 Tnur.
1063 307 1129 332 Edit.
1149 307 1219 329 Rom.

534 360 602 383 Tom.
617 365 661 382 xm
974 371 977 375 ⁴
1040 349 1109 371 Tom.
1125 354 1147 373 v,
1161 347 1223 377 part.
1239 352 1254 368 v

518 417 578 440 1624
750 412 793 436 XC
810 408 909 441 Exponi
926 406 998 431 nobis
1017 412 1099 436 nuper
1115 403 1189 428 fecit.
1226 403 1254 426 81

741 450 795 474 XCI
812 449 905 479 Nuper,
917 452 962 478 pro
972 446 1043 476 parte
1051 441 1191 467 charissimi
1199 441 1256 465 72⁶1:

730 490 795 513 XCII
812 488 1003 511 Sacrosanctum
1017 482 1172 516 apostolatus
1185 500 1190 505 .
1225 482 1254 505 82

721 529 798 552 XCIII
815 525 924 551 Pastoris
936 523 1041 551 aeterni,
1061 521 1104 554 qui
1122 529 1167 553 pro
1185 540 1189 544 .
1225 521 1255 544 83

720 568 798 592 XCIV
814 567 875 590 Cum
893 572 938 588 nos
950 570 1032 595 nuper
1048 560 1162 585 Militiam
1185 579 1190 583 .
1226 560 1255 583 84

730 608 796 631 XCV
813 604 911 636 Exponi
927 602 1001 627 nobis
1018 608 1100 633 nuper
1112 599 1193 624 fecisti
1226 600 1256 622 85

721 647 798 672 XCVI
815 646 927 669 Onerosn
939 641 1071 674 pastoralis
1084 639 1160 664 officii
1187 657 1192 663 .
1226 638 1256 661 86

706 687 795 711 XCVII
811 683 915 709 Pietatis
933 685 958 706 et
975 680 1126 705 christianae
1156 698 1160 703 .
1186 697 1191 702 .
1225 678 1255 701 87

696 727 796 750 XCVIII
812 721 1065 748 UniversAEcclesiae
1078 718 1193 751 regimini
1226 719 1256 742 88

718 766 797 790 XCIX
812 766 841 788 In
858 763 918 788 sede
939 761 1064 793 Principis
1087 759 1192 792 apostol.
1226 759 1256 782 89

773 805 792 829 C
808 806 894 836 Nuper
906 811 920 826 a
934 801 1006 826 nobis
1019 803 1169 825 emanarunt
1187 818 1191 822 .
1226 799 1256 822 90

766 845 795 869 CI
811 845 880 868 Inter
892 845 975 867 cetera
987 840 1069 865 cordis
1081 839 1159 863 nostri
1186 858 1191 862 .
1225 839 1253 863 91

756 885 797 909 CII
814 882 922 908 Secretis
931 884 1049 906 aeternae
1060 879 1191 912 providen.
1226 879 1257 902 92

741 925 794 949 CIII
811 925 898 955 Nuper
909 921 1060 953 accepimus.
1075 919 1142 951 quod
1159 937 1165 952 3
1186 937 1190 942 .
1226 919 1255 942 93

543 938 555 950 ὃ

544 978 556 991 -ι
743 965 796 989 CIV
812 965 840 988 In
847 960 1060 994 supereminentis
1067 960 1190 991 SedisAp.
1226 959 1256 982 94

544 1019 555 1030 «,
746 1004 796 1032 ‚CV
813 1004 874 1027 Cum
887 1001 994 1025 dilectus
1006 1000 1073 1024 filius
1087 998 1191 1023 nobilis.
1226 999 1256 1021 95

543 1058 555 1071 -ι
745 1045 797 1069 CVI
812 1045 900 1076 Nuper
911 1040 1138 1074 supplicationibus
1156 1058 1161 1063 .
1187 1058 1191 1062 .
1226 1040 1256 1063 96

543 1098 555 1110 -ι
732 1086 796 1109 CVII
814 1085 882 1112 Cum,
897 1083 962 1107 siout
978 1090 1023 1114 pro
1034 1084 1105 1113 parte
1125 1100 1130 1104 .
1157 1099 1160 1104 .
1185 1099 1190 1104 .
1226 1081 1256 1104 97

520 1130 579 1152 1625
723 1126 798 1149 CVIII
815 1125 1006 1148 Sacrosanctum
1019 1120 1173 1153 apostolatus
1187 1139 1191 1143 .
1227 1121 1257 1144 98

742 1166 796 1190 CIX
813 1163 983 1196 Apostolicam
996 1162 1070 1186 decet
1095 1180 1100 1185 .
1126 1180 1131 1184 .
1157 1180 1163 1185 .
1187 1180 1191 1183 .
1227 1161 1257 1184 99

752 1206 794 1229 CX
811 1202 968 1228 Immortaies
982 1201 1134 1226 christianae
1158 1219 1162 1224 .
1188 1218 1193 1223 .
1213 1201 1257 1224 100

742 1245 797 1268 CXI
813 1242 945 1267 Pontifioia
957 1240 1100 1265 sollicitudo
1126 1259 1131 1263 .
1158 1259 1162 1263 .
1188 1258 1193 1263 .
1214 1240 1256 1263 101

730 1285 796 1308 CXII
812 1284 920 1306 Paterna
932 1279 1051 1305 dominici
1063 1279 1162 1311 gregis.
1187 1298 1192 1302 .
1213 1280 1258 1302 102

719 1324 797 1348 CXIII
813 1324 922 1346 Paterna
932 1319 1051 1344 dominici
1063 1319 1162 1351 gregis,
1188 1337 1194 1342 .
1214 1319 1259 1342 102

723 1364 799 1388 CXIV
816 1361 951 1386 Saivatoris
969 1364 994 1384 et
1006 1359 1106 1383 Domini
1117 1359 1196 1383 nostri
1214 1360 1258 1382 103

734 1404 799 1428 CXV
816 1401 1005 1426 Conservationi
1017 1403 1042 1423 et
1054 1402 1193 1423 manutent.
1215 1400 1259 1422 104

723 1444 798 1467 CXVI
815 1443 876 1466 Cum
893 1441 954 1465 alias
971 1441 1053 1465 felicis
1072 1439 1194 1464 recordat.
1215 1440 1259 1463 105

711 1485 799 1508 CXVII
815 1484 944 1507 Romanus
953 1481 1070 1505 Pontifex
1080 1489 1093 1504 a
1103 1481 1194 1504 Salvat.
1215 1482 1259 1504 106

700 1524 799 1548 CXVIII
817 1524 1009 1547 sacrosanctum
1022 1521 1176 1552 apostolatus
1189 1540 1193 1545 .
1215 1522 1259 1545 107

721 1565 798 1588 CXIX
815 1563 884 1587 Alias
896 1571 911 1586 a.
922 1562 1004 1586 felicis
1016 1562 1197 1586 recordationis
1216 1563 1260 1585 108

733 1605 798 1628 CXX
816 1603 929 1627 Salvator
940 1610 1026 1626 noster
1039 1601 1162 1626 Dominus
1189 1621 1194 1625 .
1215 1602 1259 1625 109

721 1645 798 1668 CXXI
814 1645 937 1667 Annonae
949 1642 1044 1674 copiae,
1060 1646 1193 1674 quantum.
1215 1643 1259 1666 110

709 1684 796 1708 CXXII
814 1684 874 1707 Cum
891 1690 937 1706 nos
956 1682 1032 1706 hodie
1048 1679 1132 1706 motu.
1159 1701 1164 1705 .
1189 1700 1195 1705 .
1216 1683 1257 1705 111

699 1725 799 1748 CXXIII
816 1724 876 1747 Cum
893 1730 939 1746 nos
956 1721 1032 1746 hodie
1049 1724 1133 1745 motu.
1159 1741 1164 1745 .
1189 1741 1193 1745 .
1216 1723 1257 1745 111

548 1777 560 1788 ι,
699 1765 797 1788 CXXIV
815 1765 1005 1787 sacrosanctum
1019 1761 1174 1793 apostolatus
1189 1780 1194 1785 .
1216 1762 1260 1784 112

549 1815 560 1828 ιι
708 1804 796 1827 CXXV
813 1804 873 1827 Cum
890 1809 936 1826 nos
947 1809 1029 1833 nuper
1040 1801 1071 1825 ad
1083 1800 1197 1832 regimen
1215 1802 1259 1824 113

548 1855 560 1868 2
695 1844 795 1867 CXXVI
811 1843 1003 1866 Sacrosanctum
1019 1840 1175 1872 apostolatus
1189 1859 1193 1863 .
1216 1841 1260 1863 114

681 1883 793 1908 CXXVII
809 1882 887 1905 Nobis
904 1888 986 1912 nuper
1001 1888 1047 1912 pro
1066 1883 1135 1912 parte
1160 1898 1165 1903 .
1190 1899 1195 1903 .
1215 1881 1260 1903 115

675 1923 796 1947 CXXVIII
813 1921 945 1946 Tornitrua
968 1920 1071 1944 ultionis
1094 1920 1194 1952 Omnip.
1216 1921 1260 1943 116

698 1963 798 1987 CXXIX
816 1963 876 1986 Cum
894 1969 939 1985 nos
956 1969 1037 1993 nuper
1054 1964 1079 1984 te
1096 1961 1127 1984 ad
1160 1980 1164 1984 .
1189 1979 1194 1984 .
1215 1961 1259 1984 117

708 2003 798 2027 CXXX
815 2001 992 2026 Sanctissimus
1009 2002 1039 2024 D.
1057 2002 1088 2025 N.
1129 2019 1134 2024 .
1161 2020 1165 2024 .
1191 2019 1195 2024 .
1217 2001 1259 2024 118

697 2043 797 2066 CXXXI
813 2042 882 2065 Alias
894 2049 908 2065 a
923 2041 1004 2065 felicis
1016 2040 1196 2065 recordationis
1215 2042 1258 2064 129

684 2084 796 2108 CXXXII
813 2083 919 2106 Divinae
936 2082 1124 2106 misericordiae
1160 2102 1164 2106 .
1189 2101 1193 2106 .
1215 2082 1259 2106 1ἳο

673 2125 797 2148 CXXXIII
813 2123 892 2147 Sedes
904 2123 1041 2155 apostoliea
1058 2123 1101 2155 pia
1116 2128 1197 2147 mater
1215 2125 1257 2147 121

676 2166 797 2189 CXXXIV
814 2165 941 2188 Romanus
958 2164 1075 2188 Pontifex
1090 2164 1115 2187 in
1127 2166 1198 2189 sacra
1216 2166 1259 2189 122

682 2205 795 2228 CXXXV
813 2204 972 2228 Orthodoxae
985 2204 1052 2232 fidei,
1066 2204 1197 2236 religionis
1229 2206 1258 2229 84

674 2245 797 2268 CXXXVI
815 2244 1004 2267 Sacrosancturn
1022 2244 1193 2275 apostolatus
1214 2246 1259 2268 123

664 2284 798 2307 CXXXVII
817 2283 1003 2315 Circumspecta
1011 2284 1194 2307 RomaniPont.
1215 2286 1259 2308 1‘24

652 2324 798 2347 CXXXVIII
815 2322 891 2350 Alias,
913 2323 1140 2355 supplicationibus
1160 2343 1164 2348 .
1190 2343 1195 2348 .
1215 2325 1260 2348 1⁴25

673 2363 798 2387 CXXXIX
815 2362 922 2386 Nomine
940 2362 1026 2386 dilecti
1043 2362 1103 2386 filii.
1129 2383 1134 2387 .
1160 2382 1164 2388 .
1190 2382 1195 2387 .
1215 2365 1260 2387 126

735 2403 796 2426 CXL
813 2403 874 2426 Cum
887 2410 932 2426 nos
945 2410 1032 2434 nuper,
1048 2402 1194 2427 occasione.
1216 2404 1260 2427 1-27

721 2444 795 2466 CXLI
812 2442 881 2466 Alias
893 2450 907 2466 a
920 2442 1000 2466 felicis
1016 2443 1197 2467 recordationis
1216 2445 1260 2468 128

714 2483 798 2506 CXLII
815 2483 843 2506 In
856 2482 916 2506 sede
931 2483 1056 2514 Principis
1069 2483 1174 2514 apostol.
1190 2502 1195 2507 .
1216 2484 1260 2508 129

703 2522 799 2546 CXLIII
817 2522 930 2546 Salvator
947 2526 1032 2547 noster
1049 2523 1171 2547 Dominus
1189 2541 1194 2546 .
1215 2524 1260 2547 130

551 2576 560 2583 .
702 2562 797 2585 CXLIV
815 2562 853 2585 Ad
872 2562 1026 2586 audientiam
1044 2563 1197 2595 apostolatus
1216 2564 1258 2586 131

551 2612 561 2625 ι
716 2602 798 2625 CXLV
816 2603 876 2626 Cum
899 2610 974 2635 saepe
998 2603 1142 2635 contingat.
1164 2622 1169 2627 .
1189 2622 1194 2627 .
1216 2604 1259 2627 132

551 2652 562 2666 ι
705 2644 798 2668 CXLVI
816 2645 863 2669 Pro
880 2649 965 2669 nostro
982 2653 1086 2670 munere
1099 2646 1124 2670 in
1137 2646 1193 2670 his.
1216 2648 1258 2672 133

1305 302 1371 326 Edit.
1390 304 1462 327 Taur.
1856 299 1923 325 Edit.
1940 301 2013 326 Rom.

1321 345 1391 367 Tom.
1412 350 1447 367 ιιι
1830 340 1899 363 Tom.
1914 347 1938 368 ν,
1952 342 2017 372 part.
2030 349 2048 364 v

1307 402 1366 426 1625
1473 399 1582 425 CXLVII
1599 399 1667 426 Cum,
1685 397 1751 421 sicut
1768 396 1876 422 dilectus
1893 397 1959 421 filius
1977 417 1981 421 .
2003 398 2048 422 13⁴

1331 451 1343 465 ¹
1463 441 1584 464 CXLVIII
1600 437 1725 463 Dominici
1744 437 1828 469 gregis
1845 445 1921 462 cura.
1947 457 1952 462 .
1977 457 1982 462 .
2003 439 2048 463 135

1332 492 1343 505 ιι
1485 480 1582 504 CXLIX
1600 479 1670 506 Quae
1682 477 1714 502 ad
1725 476 1896 501 restituendos
1909 477 1934 501 in
1946 496 1951 502 .
1976 496 1982 501 .
2002 479 2047 502 136

1332 531 1343 544 ι
1546 519 1584 542 CL
1601 517 1728 542 Creditum
1737 515 1873 540 humilitati
1883 518 1984 541 nostrae
2002 518 2047 541 137

1332 571 1343 584 ι»
1534 559 1585 583 CLI
1601 559 1629 582 In
1639 556 1840 590 supereminenti
1853 556 1927 580 Sedis
1935 558 1982 589 Ap.
2002 558 2048 581 138

1332 611 1342 624 ι»
1521 599 1583 623 CLII
1601 598 1662 622 Cum
1680 604 1727 620 nos
1739 604 1821 628 nuper
1831 595 1858 620 in
1872 598 1958 620 monte
1975 615 1980 620 .
2002 597 2046 621 139

1332 652 1344 665 »
1509 640 1583 663 CLIII
1599 638 1669 662 Alias
1686 646 1732 670 per
1748 640 1847 661 nostras
1865 635 1891 659 in
1909 635 1985 660 simili
2002 637 2048 660 140

1332 691 1343 703 ιι
1510 679 1582 702 CLIV
1599 676 1696 709 Exponi
1710 676 1783 700 nobis
1796 683 1878 707 nuper
1889 674 1950 699 fecit
1977 693 1983 699 .
2003 676 2046 699 141

1333 732 1344 745 x>
1522 719 1583 742 CLV
1600 717 1670 741 Alias
1692 724 1738 748 per
1753 715 1836 740 felicis
1859 715 1983 739 recordat.
2003 716 2049 739 142

1333 772 1343 785 ι
1511 759 1584 784 CLVI
1600 756 1739 790 Apostolici
1752 755 1865 780 muneris
1883 755 1982 780 sollicit.
2003 756 2048 780 143

1333 814 1344 825 ι»
1499 800 1582 824 CLVII
1599 798 1669 822 Alias
1681 805 1695 821 a
1710 796 1792 821 felicis
1803 795 1986 820 recordationis
2003 797 2048 820 144

1334 854 1344 865 »-
1487 841 1583 865 CLVIII
1599 838 1668 862 Alias
1686 846 1701 861 a
1717 837 1790 861 nobis
1807 839 1958 861 emanarunt
1977 855 1983 861 .
2003 838 2049 861 145

1333 893 1344 906 ιι
1508 881 1581 904 CLIX
1598 878 1706 904 Rotnani
1727 877 1858 902 Pontificis
1881 877 1984 902 circum.
2004 878 2049 902 146

1333 933 1345 947 s
1524 921 1585 945 CLX
1602 919 1703 944 Domini
1715 917 1795 942 nostri
1805 919 1864 942 Iesu
1876 917 1967 942 Christi
1979 937 1984 942 .
2005 919 2050 942 147

1333 972 1344 986 2
1511 962 1585 985 CLXI
1602 958 1910 984 SanctissimusDominus
1920 960 1984 982 nost.
2004 958 2050 982 148

1333 1014 1344 1026 ιι
1502 1002 1587 1025 CLXII
1603 1001 1631 1024 In
1644 999 1748 1031 specula
1759 998 1832 1022 milit.
1846 997 1984 1022 Ecclesiae.
2005 999 2049 1022 149

1334 1054 1344 1067 »
1491 1042 1587 1065 CLXIII
1605 1041 1798 1064 Sacrosanctum
1810 1037 1966 1070 apostolatus
1978 1057 1983 1061 .
2005 1038 2049 1062 150

1334 1095 1345 1107 >s
1490 1083 1588 1105 CLXIV
1605 1082 1634 1104 In
1656 1078 1858 1112 supereminenti
1878 1077 1984 1110 apostol.
2004 1079 2047 1102 151

1335 1135 1347 1148 2
1503 1119 1594 1146 CLXV
1605 1121 1738 1145 Humanae
1751 1119 1840 1144 salutis
1852 1122 1939 1143 auctor
1949 1138 1954 1142 .
1979 1138 1984 1142 .
2005 1120 2050 1143 152

1335 1175 1347 1188 >-
1490 1163 1587 1186 CLXVI
1603 1160 1739 1185 Salvatoris
1751 1163 1777 1184 et
1793 1159 1895 1183 Domini
1906 1158 1987 1183 nostri
2005 1159 2049 1182 15³

1334 1215 1347 1227 ιι
1477 1202 1585 1226 CLXVII
1602 1201 1701 1233 Exponi
1714 1200 1786 1224 nobis
1798 1207 1880 1231 nuper
1892 1198 1953 1223 fecit
1980 1218 1985 1222 .
2006 1199 2051 1222 154

1336 1255 1346 1266 ιι
1466 1241 1588 1265 CLXVIII
1603 1239 1766 1272 Apostolatus
1783 1238 1902 1265 officium,
1917 1238 1988 1262 nullo
2006 1239 2051 1262 155

1336 1293 1347 1306 >2
1487 1281 1585 1305 CLXIX
1602 1278 1701 1311 Exponi
1717 1278 1791 1302 nobis
1808 1286 1891 1310 nuper
1908 1277 1984 1302 fecer.
2005 1278 2051 1301 156

1335 1334 1347 1347 ιι
1497 1322 1584 1345 CLXX
1602 1319 1738 1344 Pastor-alis
1749 1318 1826 1343 officii
1838 1318 1925 1342 nobis.
1951 1337 1956 1342 .
1981 1337 1986 1342 .
2006 1319 2051 1341 157

1335 1373 1346 1386 ³»
1486 1362 1583 1386 CLXXI
1599 1361 1636 1384 Ex
1647 1360 1761 1384 iniuncto
1773 1358 1846 1383 nobis
1859 1359 1969 1390 desuper
1981 1377 1986 1381 .
2007 1359 2051 1382 158

1336 1414 1348 1426 ι)
1477 1402 1586 1426 CLXXII
1602 1402 1632 1424 In
1643 1407 1762 1432 supremo
1775 1398 1931 1431 apostolatus
1951 1418 1955 1422 .
1980 1417 1985 1422 ,
2006 1398 2052 1422 150

1335 1453 1347 1466 ›
1466 1442 1587 1466 CLXXIII
1604 1440 1765 1464 Orthodoxae
1787 1439 1847 1463 fidei
1871 1446 1985 1462 eonserv.
2006 1438 2051 1462 159

1337 1494 1348 1506 ι
1465 1482 1587 1506 CLXXIV
1604 1481 1633 1504 In
1645 1487 1764 1511 supremo
1777 1478 1932 1511 apostolatus
1950 1496 1956 1502 .
1982 1496 1987 1501 .
2007 1477 2052 1501 160

1336 1535 1347 1547 ιι
1481 1523 1590 1547 CLXXV
1606 1521 1736 1545 Admonet
1757 1527 1803 1544 nos
1825 1527 1886 1543 cura
1920 1538 1925 1543 .
1951 1537 1957 1543 .
1981 1537 1986 1542 .
2007 1518 2049 1542 161

1336 1574 1347 1587 ιι
1466 1563 1588 1586 CLXXVI
1604 1561 1714 1585 Iniuncti
1728 1560 1800 1584 nobis
1813 1559 1946 1592 apostolici
1979 1577 1985 1582 ι
2006 1559 2051 1583 150

1336 1614 1347 1627 ι»
1456 1603 1589 1626 CLXXVII
1606 1601 1676 1625 Alias
1688 1600 1769 1625 felicis
1782 1599 1965 1624 recordationis
1985 1617 1990 1622 .
2008 1599 2019 1613 *

1336 1655 1347 1668 ι)
1442 1643 1586 1668 CLXXVIII
1602 1641 1701 1674 Exponi
1720 1641 1794 1665 nobis
1812 1648 1894 1672 nuper
1919 1659 1924 1664 .
1950 1658 1956 1664 .
1980 1658 1985 1663 .
2006 1640 2052 1664 162

1310 1685 1369 1710 1626
1470 1683 1591 1707 CLXXIX
1607 1681 1727 1709 Quamvis
1745 1681 1776 1704 ab
1792 1680 1866 1704 initio
1883 1679 1963 1704 nostri
1980 1698 1985 1703 .
2007 1680 2051 1704 163

1337 1736 1348 1748 ιι
1474 1723 1585 1747 CLXXX
1603 1721 1779 1753 Singularibus
1795 1724 1855 1744 tuae
1873 1720 1899 1743 in
1916 1727 1962 1744 nos
1980 1738 1985 1743 .
2006 1720 2051 1743 164

1336 1775 1347 1787 ν
1463 1764 1585 1788 CLXXXI
1603 1761 1779 1793 Singularibus
1796 1764 1855 1785 tuae
1872 1761 1899 1784 in
1916 1767 1962 1784 nos
1981 1779 1986 1784 .
2006 1760 2051 1784 164

1336 1816 1347 1828 ι)
1451 1804 1585 1828 CLXXXII
1602 1804 1670 1831 Cum,
1691 1802 1755 1826 sicut
1773 1801 1881 1825 dilectus
1898 1800 1964 1824 filius
1981 1819 1986 1825 .
2005 1800 2052 1824 165

1336 1855 1347 1867 »
1439 1844 1585 1868 CLXXXIII
1601 1843 1641 1866 Ad
1652 1842 1759 1866 Romani
1772 1840 1902 1865 Pontificis
1917 1848 1988 1872 prov.
2008 1840 2054 1864 166

1337 1895 1347 1908 x
1444 1884 1588 1907 CLXXXIV
1606 1884 1734 1906 Romanus
1752 1881 1877 1909 Pontifex,
1897 1888 1987 1912 quem.
2008 1879 2054 1903 167

1337 1936 1347 1948 ιι
1457 1924 1590 1948 CLXXXV
1607 1923 1676 1947 Alias
1693 1931 1708 1946 a
1724 1922 1798 1946 nobis
1815 1924 1967 1946 emanarunt
1983 1939 1988 1945 .
2009 1920 2054 1944 168

1338 1974 1348 1987 ι)
1444 1964 1592 1988 CLXXXVI
1608 1964 1737 1986 Romanus
1749 1961 1867 1986 Pontifex
1878 1961 1953 1993 aequi
1983 1979 1988 1985 .
2008 1961 2053 1985 169

1338 2014 1348 2027 x
1436 2005 1591 2029 CLXXXVII
1609 2004 1677 2032 Cum,
1698 2003 1763 2027 sicut
1781 2002 1888 2026 dilectus
1905 2001 1989 2026 filius.
2009 2001 2054 2025 170

1339 2056 1349 2069 ›
1425 2045 1592 2069 CLXXXVIII
1610 2044 1710 2068 Clerum
1722 2042 1891 2067 Leodiensem
1907 2042 1938 2066 ob
1952 2060 1957 2066 .
1983 2060 1988 2066 .
2007 2042 2051 2066 171

1338 2098 1349 2109 D
1444 2087 1588 2111 CLXXXIX
1605 2087 1699 2117 Nuper,
1714 2084 1817 2109 nomine
1830 2084 1988 2108 dilectorum.
2008 2084 2053 2108 149

1339 2140 1349 2151 ι
1527 2128 1589 2151 CXC
1605 2128 1673 2154 Cum,
1695 2126 1759 2150 sicut
1771 2125 1879 2149 dilectus
1897 2126 1964 2150 filius
1981 2145 1987 2150 .
2008 2127 2054 2151 172

1340 2180 1349 2191 ,ι
1514 2168 1587 2192 CXCI
1604 2168 1633 2191 In
1645 2167 1766 2191 cathedra
1774 2166 1898 2199 Principis
1909 2169 1988 2199 apost.
2008 2168 2053 2191 173

1339 2220 1349 2233 ιο
1504 2209 1589 2233 CXCII
1606 2210 1633 2232 In
1645 2208 1709 2232 Sede
1719 2208 1845 2240 Principis
1854 2208 1988 2240 apostolor.
2009 2210 2053 2233 174

1338 2259 1348 2272 s
1495 2249 1589 2273 CXCIII
1608 2248 1706 2280 Exponi
1719 2248 1792 2272 nobis
1806 2256 1887 2280 nuper
1900 2248 1960 2272 fecit
1982 2267 1987 2273 .
2008 2249 2053 2273 175

1338 2302 1348 2312 ι.
1494 2289 1589 2313 CXCIV
1606 2289 1719 2313 Onerosa
1730 2288 1863 2320 pastoralis
1875 2288 1952 2312 officii
1978 2308 1983 2313 .
2008 2289 2053 2313 176

1338 2340 1348 2352 >³
1503 2330 1587 2353 CXCV
1604 2330 1640 2352 Ex
1652 2329 1766 2352 iniuncto
1779 2328 1852 2353 nobis
1864 2329 1987 2361 desuper.
2008 2330 2054 2353 177

1494 2370 1588 2393 CXCVI
1607 2370 1675 2397 Cum,
1692 2369 1757 2392 sicut
1776 2377 1826 2392 non
1845 2369 1901 2393 sine
1920 2369 1991 2401 gravi
2008 2370 2052 2393 178

1340 2422 1350 2433 »
1484 2410 1591 2434 CXCVII
1608 2409 1647 2433 Ad
1661 2409 1827 2441 apostolatum
1847 2413 1960 2434 nostrum
1982 2427 1987 2432 .
2007 2410 2053 2433 178

1338 2460 1349 2472 »
1472 2449 1590 2473 CXCVIII
1607 2450 1635 2473 In
1648 2457 1767 2481 supremo
1779 2449 1940 2481 Apostolicae
1951 2467 1956 2473 .
1981 2466 1987 2472 .
2006 2449 2051 2472 179

1338 2500 1349 2513 x
1496 2490 1589 2514 CXCIX
1607 2489 1705 2521 Exponi
1723 2489 1796 2513 nobis
1814 2494 1896 2522 nuper
1920 2509 1924 2513 .
1951 2508 1956 2514 .
1981 2507 1986 2513 .
2007 2489 2051 2513 180

1338 2540 1349 2552 ιο
1552 2530 1589 2553 CC
1606 2530 1704 2561 Exponi
1722 2530 1794 2554 nobis
1811 2538 1893 2562 nuper
1921 2548 1926 2553 .
1952 2547 1957 2554 .
1982 2547 1987 2552 .
2008 2530 2052 2554 180

1338 2580 1349 2594 ι
1539 2570 1587 2594 CCI
1604 2570 1721 2594 Militant.
1741 2570 1877 2599 Ecclesiae,
1903 2569 1963 2594 licet
1980 2588 1985 2593 .
2008 2569 2050 2593 181

1407 2653 1415 2664 '
1433 2652 1469 2675 Ex
1487 2651 1593 2676 Cherub.
1614 2658 1663 2675 xxi.
