2269 3235
250 250 302 276 An.
324 249 351 277 c.
368 249 438 276 16026
484 239 549 273 504

280 312 399 333 Clausulae.

286 1906 425 1928 Prooemium.

494 298 509 341 ἓ
537 296 566 330 3.
598 296 826 334 Decernentes,
857 297 1039 337 praesentes
1070 291 1189 324 litteras

450 350 576 391 validus,
596 350 702 382 tirinas
717 353 746 381 et
763 348 904 380 etlieaees
921 346 1055 378 existere
1069 350 1098 378 et
1112 345 1187 386 sore,

450 414 584 445 suosque
602 401 756 444 plenarios
775 405 804 432 et
825 401 964 441 integros
981 398 1109 431 etlifctus
1126 409 1190 431 sor-

452 456 499 488 tiri
521 461 550 487 et
567 455 718 493 obtinere,
745 464 780 485 ac
805 452 981 496 praedictae
1002 456 1187 495 praecepto-

450 509 512 541 riae
538 508 568 539 in
594 507 740 539 omnibus
756 509 786 539 et
804 505 986 550 peremnia
1006 504 1189 549 plenissime

450 561 625 603 suffragari,
651 560 837 603 irritumque
863 564 892 592 et
916 559 1025 600 inane,
1050 558 1075 591 si
1100 569 1190 591 secus

449 626 543 658 super
561 615 607 646 liis
628 624 645 646 a
661 624 819 657 quoquam
831 641 838 655 ,
859 613 967 657 quavis
988 612 1189 654 auctoritate,

449 668 583 700 scienter
607 667 655 699 vel
679 667 880 709 ignoranter,
906 665 1073 708 contigerit
1089 670 1190 698 atten-

450 720 519 752 tari.

494 773 508 815 ᾖ
532 772 561 804 lt.
586 773 655 805 Non
671 772 866 806 obstantibus
889 771 1051 815 quibusvis
1075 771 1191 804 consti·

399 822 412 834 ¹'
451 825 624 859 [titionibus
656 831 686 858 et
715 825 965 858 ordinationibus
989 824 1189 867 apostolicis,

451 879 625 923 ceterisque
650 878 816 911 contrariis
835 878 1095 921 quibuscumque.

495 932 606 965 Datum
632 932 663 964 in
691 932 770 964 Arce
799 930 976 973 Gandulplii
1005 929 1191 962 Albanensis

451 986 612 1025 dioecesis,
637 985 694 1017 sub
712 985 826 1016 annulo
844 983 1027 1023 piscatoris,
1045 983 1095 1016 die
1112 993 1191 1016 xxm

452 1039 590 1073 octobris
615 1048 764 1080 iuncxxvi,
789 1037 988 1081 pontificatus
1012 1037 1112 1070 nostri
1136 1048 1191 1070 an-

451 1103 491 1126 no
516 1102 557 1124 lv.

487 1154 544 1181 Dat.
563 1154 605 1181 die
619 1154 652 1181 23
669 1153 757 1180 martii
778 1152 854 1187 1626,
870 1152 964 1188 pontif.
981 1160 1051 1180 anno
1067 1158 1103 1179 1v.

756 1297 890 1331 CCXXII.

452 1378 620 1412 Revocatio
638 1377 785 1410 omnium
805 1377 1002 1419 oratiarum,
1020 1376 1194 1419 eoeeriiptio-

496 1442 598 1470 vum,
633 1431 839 1463 indullorum
875 1441 911 1462 ac
944 1430 1195 1473 privileg]iorum

497 1483 730 1528 quomodolibet
742 1494 959 1515 concessormn
971 1483 1195 1515 assistentibus

497 1538 755 1571 ultramontanis
774 1539 896 1581 prioris
916 1536 1077 1581 yeiicralis
1102 1536 1196 1570 Orda?-

497 1593 549 1625 πίε
566 1592 788 1626 Eremitarum
803 1591 832 1624 S.
846 1591 1030 1633 Augyustimss
1041 1590 1196 1623 absolutis

498 1646 537 1678 ab
562 1656 672 1678 eorum
697 1645 811 1687 officio,
832 1655 895 1687 quo
916 1648 1045 1687 peracto
1063 1643 1105 1676 acl
1121 1653 1197 1676 suas

496 1700 682 1744 provincias
708 1699 814 1732 rede're
841 1703 989 1731 tenentur
1002 1696 1020 1730 ¹.

669 1779 804 1806 Urbanus
821 1779 900 1812 Papa
914 1778 992 1812 vm,

573 1824 634 1853 ‚ad
656 1824 789 1851 futuram
808 1823 852 1850 rei
872 1822 1051 1850 memoriam.

501 1896 660 1929 Romanus
684 1894 823 1927 Pontifex
855 1893 946 1936 aequi
977 1893 1115 1937 bonique
1147 1904 1198 1926 su-

456 1960 585 1994 premus
609 1954 747 1982 assertor
773 1948 863 1991 gregi
893 1947 1055 1980 Dominico
1087 1958 1104 1980 a
1135 1947 1197 1980 Deo

457 2009 487 2036 et
506 2003 665 2037 Salvatore
689 2007 797 2035 nostro
822 2001 1030 2045 praepositus,
1056 2005 1091 2033 ut
1115 2000 1199 2034 iuxta

457 2056 588 2089 verbum
614 2055 833 2099 propheticum
857 2055 951 2088 noxia
971 2054 1082 2087 evellat
1102 2059 1133 2086 et
1149 2054 1200 2086 de-

458 2114 577 2149 struat,
604 2109 752 2151 utiliaque
776 2108 896 2152 plantet
921 2113 950 2140 et
974 2107 1137 2149 aedificet,
1165 2117 1200 2139 ea

458 2162 627 2204 interdum,
643 2172 721 2206 quae
736 2160 975 2194 rationabilibus
995 2171 1032 2193 ex
1057 2160 1159 2193 causis
1183 2170 1200 2192 a

458 2216 536 2249 Sede
545 2215 724 2260 Apostolica
739 2225 886 2248 concessa
896 2219 977 2256 sunt,
992 2214 1059 2258 ipsa
1070 2213 1201 2247 subinde

495 2297 507 2323 1
527 2296 563 2323 De
579 2295 767 2323 assistentibus
783 2295 880 2331 prioris
895 2295 1029 2330 generalis
1049 2294 1129 2321 huius
1154 2294 1202 2320 Or-

459 2341 529 2368 dinis
544 2341 627 2368 habes
642 2341 669 2367 in
684 2341 773 2367 Const.
786 2347 893 2367 ccxxxix
909 2340 987 2367 Pauli
1006 2340 1038 2374 V,
1055 2339 1203 2367 Provisz'o-

459 2387 515 2417 iris,
530 2386 573 2421 (in
588 2387 618 2413 h.
634 2395 661 2412 n.
674 2386 715 2413 ed.
728 2392 835 2420 cccviii,
853 2390 919 2413 tom.
934 2392 981 2417 xn,
997 2393 1057 2421 pag.
1075 2385 1155 2420 289).
1171 2384 1204 2411 Et

460 2431 492 2457 do
509 2432 549 2457 lim
574 2431 671 2458 Ordine
692 2431 749 2457 vide
770 2430 803 2458 ad
827 2432 918 2458 Const.
940 2437 985 2457 xw
1008 2429 1135 2457 Alexand.
1156 2429 1202 2462 IV,

554 2483 590 2508 in,
612 2484 672 2510 pag.
694 2476 755 2501 616.
778 2475 810 2502 Et
829 2475 881 2502 alia
901 2474 1029 2501 nonnulla
1043 2474 1076 2501 de
1097 2481 1204 2509 promo-

463 2519 556 2545 vendin
585 2519 617 2546 ad
645 2519 800 2547 doctoratus
828 2519 870 2546 vel
898 2518 1043 2554 magisterii
1072 2517 1100 2544 in
1129 2518 1205 2544 sacra

465 2563 595 2597 ttieiiiogia
610 2564 708 2598 gradus
722 2564 813 2590 statuit
832 2564 939 2592 istemet
956 2562 1075 2590 Pontifex
1090 2562 1117 2589 in
1133 2562 1203 2589 Con-

464 2607 518 2633 ztir.
535 2613 617 2640 mxu,
633 2609 778 2635 Romanus
793 2608 830 2643 (in
846 2608 873 2636 h.
891 2608 981 2636 n..ed.
997 2613 1106 2642 cxxxw,
1124 2614 1206 2642 supra

464 2659 525 2688 pag.
546 2652 619 2686 3⁴20).

462 2479 487 2501 to
492 2486 497 2501 1
502 2484 516 2501 si

1028 243 1206 268 BULLARIUM
1230 243 1384 267 ROMANUM

1222 301 1329 324 rerum
1348 289 1540 334 experientia
1559 288 1718 330 suadente,
1738 291 1768 323 et
1788 288 1960 323 maioribus

1223 355 1259 377 ex
1285 343 1402 383 causis,
1428 342 1544 386 quibus
1565 342 1750 385 praesertim
1775 342 1855 375 felici
1876 341 1960 375 cliri-

1223 397 1404 430 stifideliuni
1423 396 1479 428 sub
1498 394 1602 428 suavi¹
1628 395 1789 437 religionis
1811 395 1885 437 iugo
1910 395 1962 428 ΛΙ-

1225 442 1343 485 tissiino
1367 449 1585 483 famulantium
1607 448 1699 481 statui
1723 453 1753 480 et
1774 448 1892 480 salubri
1911 459 1964 491 gu-

1224 504 1336 537 bernio
1361 503 1546 542 consulitur,
1571 502 1682 534 alterat
1706 506 1736 534 et
1760 505 1907 542 revocat,
1932 501 1963 533 in

1224 558 1335 601 hisque
1360 555 1580 590 sollicitudinis
1604 560 1635 588 et
1658 554 1873 598 providentiae
1891 564 1964 587 suae

1224 612 1361 645 studium
1379 610 1592 644 favorabiliter
1605 608 1786 652 interponit,
1804 612 1900 652 prout
1912 607 1964 651 pia

1225 665 1452 698 catholicorum
1478 673 1589 706 regum
1614 667 1685 695 vota
1709 661 1741 693 id
1773 665 1964 704 exposcunt,

1225 722 1254 750 et
1278 717 1354 760 ipse,
1378 727 1486 749 rerum
1512 720 1542 748 et
1566 720 1745 758 temporum
1765 712 1966 756 qualitatibus

1225 770 1328 803 debite
1352 770 1499 814 pensatis,
1526 769 1678 813 conspicit
1702 768 1734 800 in
1759 767 1893 800 Domino
1918 776 1966 799 sa-

1225 824 1358 856 lubriter
1382 823 1539 867 expedire.

1270 878 1284 921 g
1308 877 1338 910 t.
1365 877 1440 917 Cum
1466 877 1581 919 itaque,
1606 876 1686 909 sicut
1710 875 1914 909 charissimus
1934 874 1966 908 in

1225 930 1349 964 Christo
1358 922 1441 963 titius
1451 934 1559 963 noster
1569 929 1730 972 Philippus
1742 929 1966 972 Hispaniarum

1226 994 1280 1016 rex
1300 982 1473 1016 catholicus
1498 981 1589 1015 nobis
1612 992 1713 1025 nuper
1738 981 1851 1024 exponi
1876 981 1967 1021 feeit,

1226 1037 1347 1069 ratione
1363 1035 1614 1079 privilegiorum,
1635 1034 1809 1077 gratiarum
1827 1039 1857 1066 et
1872 1033 1970 1066 indul-

1227 1095 1332 1123 torum
1341 1089 1490 1122 fratribus
1500 1088 1741 1121 ultramontanis
1754 1087 1971 1120 assistentibus

1227 1143 1343 1187 prioris
1360 1142 1516 1185 generalis
1533 1141 1658 1175 Ordinis
1675 1141 1807 1174 fratrum
1823 1141 1972 1173 Eremita-

1227 1207 1300 1229 rum
1325 1196 1354 1228 S.
1380 1195 1545 1239 Augustini
1577 1200 1641 1227 tam
1673 1194 1852 1239 praeteritis
1876 1205 1971 1238 quam

1228 1250 1341 1284 suturis
1365 1250 1403 1283 ab
1428 1250 1486 1283 hac
1511 1251 1617 1282 sancta
1642 1248 1731 1289 Sede,
1750 1253 1779 1281 et
1796 1248 1871 1281 alias
1888 1258 1967 1281 con—

1228 1314 1401 1344 cessorum,
1421 1303 1545 1346 expleto
1561 1313 1671 1336 eorum
1687 1302 1801 1343 officio,
1814 1311 1878 1334 non
1891 1301 1971 1334 levia

1229 1356 1260 1389 in
1284 1356 1394 1390 eodem
1419 1356 1535 1390 Ordine
1559 1355 1809 1388 inconvenientia
1837 1359 1868 1387 et
1899 1364 1972 1398 per-

1229 1411 1423 1443 turbationes
1448 1400 1605 1443 offantur:

1275 1464 1289 1507 ἓ
1314 1463 1343 1496 2.
1361 1464 1433 1505 Nos,
1454 1463 1532 1503 illis,
1557 1467 1711 1505 quantum
1733 1461 1825 1494 nobis
1849 1471 1886 1494 ex
1910 1461 1973 1494 alto

1231 1516 1422 1558 conceditur,
1440 1521 1617 1559 opportune
1637 1515 1804 1558 providere
1824 1515 1973 1555 volentes,

1231 1569 1512 1613 supplicationibus
1524 1569 1597 1601 dicti
1609 1568 1743 1612 Philippi
1754 1568 1838 1610 regis
1847 1567 1974 1601 nomine

1231 1623 1322 1656 nobis
1340 1634 1434 1666 super
1452 1623 1512 1655 hoc
1532 1622 1695 1655 humiliter
1713 1622 1869 1665 porrectis
1889 1622 1976 1655 incli-

1231 1677 1305 1717 nati,
1323 1676 1361 1709 de
1382 1675 1608 1708 venerabilium
1633 1676 1768 1708 fratrum
1792 1680 1975 1708 nostrorum

1232 1735 1356 1762 sanctae
1388 1730 1548 1762 Romanae
1584 1728 1740 1762 Ecclesiae
1768 1728 1976 1761 cardinalium

1232 1783 1364 1826 negotiis
1384 1783 1578 1825 regularium
1599 1782 1853 1826 praepositorum
1878 1782 1978 1815 consi-

1232 1837 1290 1879 lio,
1317 1836 1422 1869 omnia
1446 1841 1476 1868 et
1501 1835 1640 1878 singula,
1666 1835 1894 1878 exemptiones,
1919 1835 1977 1867 im-

1233 1890 1411 1929 munitates,
1436 1889 1682 1933 praerogativas,
1704 1888 1976 1932 praeeminentias,

1233 1944 1360 1987 gratias,
1377 1943 1543 1987 privilegia
1559 1947 1589 1975 et
1605 1942 1725 1975 indulta
1741 1942 1860 1974 eisdem
1875 1942 1978 1975 fratri-

1233 1998 1292 2030 bus
1309 1996 1548 2030 ultramontanis
1562 1995 1777 2028 assistentibus
1791 2006 1849 2039 per
1863 1995 1975 2029 Sedem

1233 2050 1447 2094 Apostolicam
1464 2049 1521 2082 sub
1538 2049 1791 2092 quibuscumque
1805 2048 1975 2081 verborum

1234 2105 1343 2138 formis
1368 2109 1398 2136 ct
1423 2103 1607 2143 tenoribus,
1636 2113 1672 2135 ac
1707 2113 1779 2135 cum
1812 2102 1976 2146 quibusvis

1235 2157 1383 2190 clausulis
1407 2162 1437 2190 et
1461 2156 1606 2197 decretis,
1632 2156 1726 2189 etiam
1743 2161 1831 2188 motu
1847 2155 1978 2199 proprio

1234 2212 1283 2244 vel
1307 2211 1391 2254 alias,
1418 2221 1453 2243 ae
1477 2211 1571 2243 etiam
1588 2221 1644 2254 per
1661 2220 1880 2254 quoscumque
1901 2209 1978 2243 alios

1236 2275 1394 2306 concessa,
1405 2264 1518 2309 quibus
1531 2263 1712 2297 huiusmodi
1730 2263 1920 2304 assistentes,
1931 2275 1980 2297 ex-

1235 2320 1319 2363 pleto
1344 2329 1400 2352 suo
1425 2317 1605 2351 huiusmodi
1625 2317 1739 2360 officio,
1760 2318 1911 2351 hactenus
1932 2317 1980 2351 usi

1237 2379 1267 2406 et
1283 2373 1380 2416 gavisi
1398 2378 1480 2414 sunt,
1501 2372 1565 2405 sive
1585 2372 1630 2405 uti
1655 2377 1685 2405 et
1709 2372 1847 2415 gaudere
1870 2376 1981 2416 potue-

1238 2431 1311 2459 runt
1324 2427 1372 2460 vel
1389 2426 1575 2467 debuerunt,
1593 2426 1766 2469 apostolica
1784 2426 1980 2468 auctoritate,

1238 2484 1347 2514 tenore
1371 2479 1594 2524 praesentium,
1619 2484 1773 2523 perpetuo
1793 2489 1980 2513 revocamus

1239 2539 1270 2568 et
1293 2534 1505 2577 abrogamuS‚
1536 2544 1572 2567 ac
1605 2538 1751 2567 revocata
1775 2538 1805 2567 et
1830 2534 1982 2577 abrogata

1239 2598 1307 2621 esse
1331 2597 1504 2620 censemus.

1274 2650 1288 2677 1
1310 2649 1381 2678 Edit.
1397 2648 1478 2677 Main.
1493 2648 1559 2684 legit
1576 2648 1672 2677 suavis
1686 2648 1724 2685 (a.
1741 2648 1792 2684 Τ.).

1969 240 2020 268 An.
2041 239 2072 268 C.
2089 239 2158 268 1626

2007 886 2090 907 Causae
2104 891 2165 907 revo-

1981 914 2043 934 candi
2081 913 2166 939 privile-

1982 943 2016 966 uia
2049 941 2164 961 assistenti-

1982 970 2020 989 bus
2033 972 2146 988 concessa.

2015 1471 2137 1493 uevocauo.
2146 1471 2172 1492 de

1989 1505 2030 1526 qua
2042 1499 2062 1520 in
2078 1499 2171 1520 rum-icta.
