2269 3235
108 250 162 278 An.
176 249 203 277 C.
224 248 293 276 ¹626

167 310 292 338 Asslstentes

109 337 191 363 expleto
222 336 291 365 officio

108 363 135 384 ad
150 369 198 384 suas
209 368 292 388 proun-

109 390 152 410 cias
175 390 242 410 redire
263 392 292 411 te-

108 421 190 440 nentur.

182 633 293 663 Ctausulae

110 663 289 688 praeservatirae.

135 1484 245 1505 Contraria
260 1489 292 1504 re-

108 1513 225 1532 moventur.

914 245 1057 271 URBANUS
1082 246 1139 271 VIII
1161 246 1210 271 PP.

350 293 415 339 53.
440 294 591 339 Ipsosque
611 294 798 336 assistentes,
823 293 911 327 finito
936 303 1047 327 eorum

307 348 410 382 officio
434 347 625 388 huiusmodi,
646 347 684 380 ad
702 358 773 380 suas
797 346 973 390 provincias
998 357 1047 379 re-

307 402 374 435 dire
393 401 501 443 teneri,
515 405 544 435 et
563 401 601 434 ad
619 401 648 434 id
665 411 722 444 per
737 400 924 433 modernum
941 404 971 431 et
990 410 1047 442 pro

308 460 451 499 tempore
468 455 651 488 existentem
672 454 745 487 dicti
765 452 890 486 Ordinis
907 452 1046 495 priorem

308 509 488 552 generalem
504 507 691 553 opportunis
710 507 787 540 iuris
808 510 838 540 et
860 506 933 539 faeti
950 516 1049 539 reme-

308 562 367 596 diis
385 562 562 605 cogendos;

353 616 368 659 ξ
384 615 414 648 4.
432 616 614 648 Praesentes
631 623 706 646 vero
725 612 855 653 litteras,
880 611 1048 655 omniaque

309 672 339 702 et
356 669 479 712 singula
495 664 535 700 in'
545 667 590 700 eis
610 671 755 700 contenta
779 677 902 710 semper
926 670 956 699 et
979 676 1050 710 per-

308 727 404 765 petuo
429 720 547 762 valida,
580 720 673 752 firma
703 724 734 752 et
765 719 903 752 efficacia
927 729 995 752 esse
1019 724 1049 752 et

307 775 384 814 fore,
398 783 532 817 suosque
547 772 705 816 plenarios
723 776 752 806 et
762 774 902 815 integros
919 771 1048 805 effectus

308 827 413 861 sortiri
439 831 468 859 et
492 826 646 867 obtinere,
662 836 698 859 ac
719 826 756 858 ab
774 826 921 859 omnibus
941 831 971 859 et
988 826 1049 858 sin-

307 880 408 922 gulis,
437 879 475 912 ad
504 890 582 923 quos
610 884 731 923 spectat
761 884 792 912 et
822 889 880 923 pro
906 883 1048 923 tempore

306 932 543 976 quomodolibet
568 932 733 976 spectabit,
758 932 981 965 inviolabiliter
998 933 1049 966 ob-

307 986 425 1018 servari
434 997 441 1026 ;
467 986 584 1030 sicque,
610 991 641 1019 et
663 996 726 1019 non
752 987 859 1028 aliter,
880 997 937 1030 per
960 997 1050 1030 quos-

307 1050 443 1083 cumque
467 1039 586 1072 iudices
612 1040 790 1073 ordinarios
814 1045 844 1073 et
867 1040 1047 1085 delegatos,

307 1093 399 1126 etiam
411 1103 576 1126 causarum
586 1094 692 1137 palatii
701 1094 866 1137 apostolici
880 1094 1048 1136 auditores,

307 1147 423 1191 ubique
447 1147 580 1180 iudicari
605 1152 635 1180 et
659 1147 782 1180 definiri
806 1148 938 1189 debere;
959 1160 995 1182 ac
1011 1149 1050 1182 ir-

308 1201 404 1233 ritum
423 1206 453 1234 et
475 1201 577 1241 inane,
598 1201 623 1234 si
640 1211 730 1234 secus
747 1211 842 1244 super
858 1201 907 1234 his
930 1212 947 1234 a
971 1213 1049 1246 quo-

308 1264 413 1297 quam,
428 1253 535 1298 quavis
549 1254 744 1296 auctoritate,
755 1255 889 1288 scienter
902 1255 949 1288 vel
963 1255 1050 1297 igno-

307 1312 434 1349 ranter,
468 1307 635 1350 contigerit
667 1308 833 1350 attentari,
864 1309 1049 1342 auctoritate

308 1364 338 1392 et
362 1365 470 1393 tenore
494 1360 711 1404 praesentium
736 1360 936 1395 decernimus
954 1366 984 1395 et
1000 1362 1050 1395 de-

307 1413 473 1447 claramus.

352 1468 367 1511 g
391 1468 420 1501 5.
443 1469 512 1501 Non
527 1468 722 1502 obstantibus
734 1469 923 1513 praemissis,
938 1480 973 1503 ac
986 1470 1051 1514 qui-

307 1521 413 1555 busvis
422 1522 534 1556 litteris
544 1523 725 1566 apostolicis
739 1533 834 1567 super
848 1524 1050 1557 concessione

308 1576 568 1620 privilegiorum,
596 1577 769 1619 gratiarum
802 1581 832 1609 et
855 1577 1048 1611 indultorum

308 1629 489 1662 huiusmodi
515 1629 678 1673 expeditis,
707 1640 743 1662 ac
774 1630 1051 1664 constitutionibus

309 1688 339 1715 et
352 1682 603 1715 ordinationibus
621 1682 811 1726 apostolicis,
829 1693 953 1716 necnon
977 1684 1050 1717 dicti

309 1735 433 1769 Ordinis
454 1735 568 1779 (etiam
595 1736 786 1777 iuramento,
811 1736 1051 1771 confirmatione

310 1789 491 1833 apostolica,
513 1789 561 1822 vel
585 1789 694 1833 quavis
714 1790 863 1823 firmitate
880 1791 941 1823 alia
961 1791 1052 1825 robo-

310 1842 398 1886 ratis)
412 1843 534 1875 statutis
558 1848 588 1876 et
612 1843 903 1885 consuetudinibus,
928 1845 1053 1888 privile-

311 1897 371 1940 giis
394 1907 531 1941 quoque,
549 1897 677 1930 indultis
694 1903 724 1930 et
744 1897 857 1931 litteris
873 1899 1052 1942 apostolicis

311 1951 344 1984 in
368 1951 561 1984 contrarium
585 1951 833 1995 praemissorum
858 1953 1052 1996 quemodoli-

310 2004 364 2039 bet
397 2005 575 2045 concessis,
604 2004 798 2038 confirmatis
833 2010 863 2038 et
887 2006 1050 2039 innovatis.

311 2059 430 2098 Quibus
454 2059 600 2092 omnibus
624 2064 655 2092 et
679 2059 820 2103 singulis,
849 2070 959 2093 eorum
984 2072 1051 2094 om-

310 2112 397 2145 nium
423 2117 549 2146 tenores
573 2113 792 2157 praesentibus
817 2124 876 2157 pro
906 2114 998 2157 plene
1023 2120 1053 2148 et

312 2165 504 2199 sufficienter
528 2166 685 2210 expressis
709 2167 869 2207 habentes,
890 2161 951 2200 illis
977 2169 1052 2201 alias

313 2219 346 2252 in
359 2230 415 2252 suo
428 2220 545 2253 robore
561 2221 789 2264 permansuris,
806 2221 864 2253 hac
881 2221 947 2254 vice
965 2222 1053 2254 dum-

314 2277 397 2306 taxat
420 2274 598 2317 specialiter
622 2280 651 2307 et
675 2285 822 2318 expresse
851 2275 1051 2319 derogamus,

314 2326 488 2370 ceterisque
512 2328 676 2362 contrariis
700 2329 962 2373 quibuscumque.

358 2380 470 2413 Datum
498 2381 624 2423 Romae,
650 2383 733 2426 apud
761 2383 789 2416 S.
807 2383 936 2416 Mariam
960 2383 1053 2417 Maio-

314 2444 393 2475 rem,
407 2434 464 2467 sub
479 2435 594 2468 annulo
604 2435 838 2477 Piscatoris,die
849 2447 913 2469 xxv
928 2447 1053 2470 novem-

314 2487 380 2521 bris
396 2498 546 2530 MDcxxvi,
556 2489 755 2533 pontificatus
779 2491 879 2524 nostri
904 2501 985 2524 anno
1010 2501 1052 2525 1v.

349 2551 408 2578 Dat.
425 2551 468 2578 die
482 2551 516 2579 25
531 2552 686 2580 novembris
702 2553 780 2589 1626,
797 2554 892 2589 pontif.
911 2563 981 2582 anno
997 2562 1034 2582 iv.

413 2712 491 2741 Bull.
510 2713 591 2742 Rom.
607 2727 642 2734 —
659 2713 719 2741 Vol.
739 2712 822 2742 XIII.
969 2714 1003 2743 64

1727 235 1791 270 505
1838 243 1888 272 An.
1904 243 1932 271 e.
1951 242 2018 271 1626

1375 293 1525 328 CCXXIII.

1081 363 1292 406 Confirmatio
1306 363 1476 397 cuiusdam
1493 364 1612 396 decreti
1629 363 1744 406 mcc-qni
1756 373 1821 395 ma-

1123 417 1220 459 yistri
1236 421 1264 449 cl
1282 418 1412 450 consilii
1437 418 1610 461 hospitalis
1631 418 1663 450 S.
1684 417 1821 450 loannis

1123 469 1420 513 Hierosolymilani
1443 481 1538 514 super
1555 471 1731 513 receptione
1744 470 1822 503 Hel-

1124 523 1284 555 vectorum
1307 523 1349 555 ad
1374 523 1525 556 habitum
1549 523 1720 556 militiae&

1293 602 1430 629 Urbanus
1446 603 1524 636 Papa
1538 603 1614 637 vul,

1202 646 1239 674 ad
1258 650 1436 680 perpetuam
1455 648 1500 674 rei
1519 647 1700 675 memoriam.

1125 717 1219 751 Decet
1243 718 1420 751 Romanum
1438 717 1632 759 Pontificem,
1650 718 1740 762 aequi
1768 719 1822 752 bo-

1080 770 1176 814 nique
1200 781 1385 814 supremum
1403 775 1605 811 assertorem,
1624 782 1669 811 ea,
1694 782 1773 814 quae
1791 771 1823 804 in

1081 820 1290 868 personarum
1324 824 1405 857 inter
1440 824 1603 867 hospitalis
1635 824 1664 857 S.
1699 825 1823 857 Ioannis

1082 878 1357 922 Hierosolymitani
1378 878 1490 911 fratres
1507 878 1545 910 ad
1562 878 1634 914 fidei
1653 878 1824 911 catholicae

1081 930 1293 964 defensionem
1306 935 1335 964 et
1348 931 1608 975 propagationem
1621 941 1736 964 nomen
1750 932 1825 965 dare

1081 984 1273 1028 cupientium
1297 985 1437 1018 favorem
1466 989 1588 1018 mature
1612 986 1693 1018 facta
1718 991 1747 1018 et
1771 986 1825 1018 de-

1081 1044 1167 1071 creta
1191 1040 1279 1082 sunf,
1303 1043 1338 1071 ut
1362 1039 1400 1071 ab
1425 1039 1571 1072 omnibus
1603 1039 1826 1073 inviolabiliter

1081 1092 1298 1133 observentur,
1311 1093 1501 1136 apostolicae
1513 1093 1762 1126 confirmationis
1775 1105 1826 1138 pa-

1082 1145 1216 1179 trocinio
1241 1146 1448 1188 communire,
1474 1152 1577 1190 prout,
1604 1157 1824 1190 personarum,

1081 1209 1252 1243 rerumque
1277 1204 1307 1232 et
1334 1203 1513 1243 temporum
1539 1200 1744 1243 qualitatibus
1770 1201 1824 1234 de-

1081 1253 1145 1286 bite
1170 1253 1317 1296 pensatis,
1343 1253 1496 1297 conspicit
1520 1253 1688 1287 salubriter
1712 1254 1744 1286 in
1768 1255 1827 1288 Do-

1082 1306 1168 1340 mino
1193 1307 1350 1351 expedire.

1125 1360 1140 1403 g
1160 1360 1188 1392 I.
1209 1360 1285 1394 Cum
1306 1361 1421 1404 itaque,
1443 1360 1524 1394 sieut
1541 1362 1731 1405 accepimus,
1749 1362 1824 1395 alias
1839 1368 2025 1416 ,mveffs'chffiffir-

1081 1424 1098 1446 a
1122 1418 1196 1447 tune
1220 1414 1370 1447 existente
1389 1425 1504 1458 magno
1522 1415 1672 1458 magistro
1694 1421 1723 1448 et
1741 1416 1824 1460 capi—
1840 1415 1892 1443 rufin·
1904 1407 2024 1469 ιιωῖκεῑν-ιιωξ

1082 1468 1148 1501 tulo
1172 1467 1246 1501 dicti
1270 1468 1433 1512 hospitalis
1451 1469 1645 1501 emanaverit
1662 1469 1822 1503 decretum
1839 1452 1934 1504 mmm
1952 1456 1971 1469 ’Π
1996 1456 2014 1469 m

1084 1521 1200 1554 tenoris
1225 1521 1455 1565 subsequentis,
1487 1522 1646 1556 videlicet:
1839 1513 1895 1528 ΠΜ

1127 1575 1182 1608 Die
1206 1586 1262 1608 vm
1287 1576 1403 1608 mensis
1428 1576 1505 1608 iunii
1531 1587 1658 1617 iunxelx,
1683 1577 1826 1610 illustris-

1084 1628 1181 1661 simus
1213 1633 1242 1663 ct
1272 1629 1553 1662 reverendissimus
1584 1630 1729 1663 dominus
1758 1642 1825 1664 ma-

1084 1692 1165 1723 gnus
1190 1682 1340 1725 magister
1369 1687 1399 1715 et
1429 1683 1608 1716 venerabile
1637 1684 1826 1725 concillum,

1085 1735 1189 1767 habita
1215 1746 1311 1779 super
1335 1736 1396 1769 hoc
1421 1738 1544 1769 matura
1576 1738 1826 1779 consultatione,

1084 1789 1235 1822 relatione
1256 1793 1286 1823 et
1309 1794 1381 1823 voto
1406 1790 1659 1824 venerandorum
1685 1792 1828 1825 commis-

1085 1843 1252 1883 sariorum,
1264 1843 1317 1887 qui
1331 1849 1478 1877 oretenus
1491 1844 1628 1888 deputati
1642 1845 1768 1878 suerunt
1781 1857 1828 1878 su-

1084 1907 1140 1940 per
1153 1897 1213 1931 hoc
1229 1898 1366 1940 negotio,
1384 1898 1516 1931 honeste
1532 1899 1702 1941 gratificari
1719 1905 1827 1942 putan-

1085 1955 1131 1983 tes
1155 1955 1301 1983 strenuae
1329 1951 1523 1995 reipublicae
1551 1953 1826 1994 confoederationi,

1085 2009 1115 2036 et
1138 2004 1334 2037 universitati
1359 2005 1492 2049 inclytae
1523 2006 1658 2039 nationis
1682 2006 1826 2040 domino—

1086 2069 1157 2091 rum
1171 2059 1397 2101 Helvetiorum,
1411 2065 1441 2092 et
1456 2060 1594 2103 gratiosa
1612 2060 1744 2103 quadam
1764 2072 1828 2094 mo-

1085 2112 1246 2145 deratione
1270 2113 1344 2145 ritui
1369 2118 1400 2146 et
1423 2113 1545 2146 vivendi
1569 2113 1663 2146 modo
1684 2114 1827 2157 ipsorum

1085 2166 1322 2199 accommodata
1340 2167 1479 2210 rigorem
1497 2172 1684 2200 statutorum
1703 2167 1827 2200 Ordinis

1086 2220 1185 2253 nostri
1210 2225 1239 2253 et
1264 2221 1393 2253 militiae
1416 2225 1543 2254 nostrae
1568 2221 1729 2253 dumtaxat
1749 2227 1826 2254 tem-

1086 2278 1241 2317 perantes,
1255 2284 1326 2306 cum
1344 2274 1496 2307 scrutinio
1514 2274 1728 2313 ballottarum‚
1746 2275 1828 2307 ordi-

1086 2332 1240 2360 naverunt
1263 2333 1293 2360 et
1317 2332 1502 2368 statuerunt,
1519 2333 1554 2360 ut
1568 2328 1778 2372 imposterum
1796 2329 1826 2361 in

1088 2381 1265 2414 veneranda
1280 2381 1386 2424 lingua
1400 2382 1600 2414 Alemanniae
1618 2382 1716 2426 recipi
1734 2387 1763 2415 et
1777 2383 1828 2415 ad·

1086 2435 1167 2468 mitti
1190 2435 1311 2479 possint
1335 2435 1366 2468 in
1391 2435 1523 2478 gradum
1539 2436 1673 2468 fratrum
1691 2436 1826 2469 militum

1087 2489 1186 2523 nostri
1210 2489 1336 2522 habitus
1368 2489 1487 2532 aliquot
1510 2499 1547 2521 ex
1571 2489 1644 2522 filiis
1668 2490 1827 2533 praefatae

1087 2549 1232 2576 strenuae
1255 2543 1460 2587 reipublicae,
1485 2544 1549 2586 qui,
1574 2543 1735 2586 religionis
1759 2545 1825 2577 zelo

1086 2597 1244 2642 permoti,
1275 2596 1314 2628 ad
1345 2595 1531 2640 obsequium
1561 2607 1737 2641 pauperum
1757 2598 1827 2631 Iesu

1123 2661 1135 2688 1
1157 2659 1195 2687 Ex
1215 2662 1314 2695 regest.
1335 2658 1363 2686 in
1382 2658 1483 2687 Secret.
1500 2658 1577 2687 Brev.

1864 729 1984 750 Exordium.

1929 1480 2024 1499 Aleman-
