2269 3235
115 255 165 284 An.
182 254 211 282 C.
234 253 301 281 1625

141 897 245 919 Institutio
258 897 299 917 col-

116 925 165 951 tegit
184 924 299 945 Maronita-

116 957 160 972 rum
184 952 204 971 in
228 950 299 971 Monte

115 978 205 999 Libano.

159 2120 200 2140 Dos
215 2121 234 2141 ei
253 2126 306 2141 assi-

126 2148 198 2172 gnata.

918 249 1060 274 URBANUS
1085 249 1139 273 VIII
1164 249 1211 273 1‘1‘.

312 300 455 343 Domino,
473 300 643 341 constituti,
657 306 688 333 et.
702 300 782 333 intra
799 298 911 331 mentis
924 302 1049 331 nostrae

312 363 425 388 arcana
439 354 643 394 revolventes,
653 358 802 397 quantum
818 362 852 385 ex
875 351 1049 384 litterarum

311 407 421 440 studiis
446 406 598 440 catholica
615 406 692 439 tides
709 409 870 448 augeatur,
888 407 918 437 ct
935 402 1050 435 iustitia

312 461 442 501 colatur,
467 460 506 492 ad
530 469 575 502 ea,
599 470 657 503 per
681 469 760 502 quae
785 457 960 490 litterarum
985 460 1048 488 stu-

311 514 361 547 dia
385 512 566 546 huiusmodi
590 512 736 552 ubilibet,
763 509 950 554 pracsertim
976 519 1050 541 vero

311 567 342 600 in
359 566 554 609 regionibus,
569 565 624 598 ubi
642 565 743 598 maior
759 563 928 596 necessitas
949 566 1050 605 urget,

311 619 495 659 excitentur,
519 618 652 650 libenter
677 616 878 656 intendimus,
903 620 996 659 atque
1020 615 1051 647 in

311 671 360 704 his
376 670 594 704 sollicitudinis
605 674 731 703 nostrae
744 674 850 713 partes
863 668 1051 712 propensius

312 724 522 768 impartimur,
539 728 643 767 prout,
660 723 802 756 locorum
822 727 852 755 et
872 726 1050 764 temporum

313 777 460 820 qualitate
485 776 588 810 debite
612 777 759 819 pensata,
784 774 996 818 conspicimus
1021 773 1051 805 111

313 830 445 863 Domino
469 829 638 875 salubriter
661 828 819 872 expedire.

357 883 373 926 §
396 882 425 915 ‘l.
447 882 526 915 Hinc
543 887 589 915 est
606 881 691 925 quod
710 892 777 923 nos,
792 881 863 925 piae
879 890 1053 924 puerorum

314 940 344 968 et
360 935 605 968 adolescentium
622 934 757 967 nationis
782 934 1007 967 Maronitarum
1023 933 1053 965 in

314 988 485 1021 christiana
512 988 626 1032 pietate
647 993 677 1020 et
700 988 761 1020 fide
785 988 908 1020 sincera
936 987 1055 1019 institu-

314 1042 391 1076 tioni
415 1052 474 1086 pro
498 1041 598 1075 nostri
621 1041 787 1086 pastoralis
811 1041 906 1074 officii
931 1040 1054 1081 debito,

314 1100 467 1139 qnantum
492 1106 564 1129 cum
588 1095 721 1129 Domino
745 1105 923 1139 possumus,
946 1104 1055 1127 consu-

314 1150 380 1182 lere
412 1149 569 1189 volentes,
594 1149 632 1181 de
663 1148 891 1181 venerabilium
922 1147 1054 1180 fratrum

313 1207 496 1235 nostrorum
529 1202 557 1235 S.
576 1203 609 1235 R.
636 1202 667 1234 E.
697 1201 904 1234 cardinalium
928 1202 1055 1244 negotio

315 1255 538 1299 propagandae
559 1255 591 1287 in
607 1255 790 1287 universum
816 1255 968 1287 mundum
982 1254 1055 1287 fidei

315 1309 567 1353 praepositorum
593 1308 733 1349 consilio,
759 1309 791 1340 in
808 1309 909 1342 Monte
926 1308 1054 1348 Libano,

315 1373 351 1395 ac
373 1362 502 1395 aedibus
527 1362 565 1395 ad
589 1362 620 1395 id
645 1362 793 1405 congruis
811 1367 840 1395 et
862 1362 1054 1402 decentibus,

315 1426 413 1449 unum
438 1416 607 1459 collegium
631 1426 702 1448 cum
728 1415 880 1459 cappella,
905 1425 961 1448 seu
985 1426 1055 1448 ora-

317 1469 408 1511 torio,
432 1479 468 1502 ac
492 1469 659 1502 refectorio
684 1469 856 1509 communi,
874 1468 988 1511 sigillo,
1007 1468 1054 1501 bi-

314 1523 483 1564 bliotheca,
492 1523 642 1563 archivio,
651 1523 826 1566 ceterisque
840 1522 1056 1565 collegialibus

316 1577 505 1620 insignibus,
531 1587 566 1609 ac
602 1576 752 1609 membris
778 1581 806 1608 et
843 1575 975 1608 officinis
999 1585 1055 1607 ne-

316 1630 460 1663 cessariis
487 1634 517 1663 et
537 1629 724 1673 opportunis
748 1639 806 1672 pro
826 1628 989 1672 perpetuis
1006 1638 1056 1660 re-

316 1683 470 1727 ceptione,
490 1693 550 1715 usu
566 1687 596 1715 et
624 1681 815 1714 habitatione
840 1681 932 1713 unius
956 1685 1057 1714 recto-

316 1736 378 1777 ris,
403 1741 433 1769 et
456 1735 665 1779 competentis
688 1734 813 1767 numeri
838 1735 1056 1774 alumnorum,

317 1799 373 1823 seu
397 1789 588 1823 scholarium
613 1788 713 1821 dietae
733 1788 877 1830 nationis,
896 1788 948 1831 qui
970 1788 1056 1827 inibi,

318 1848 346 1876 et
359 1843 537 1876 christianis
553 1842 704 1884 moribus,
722 1841 876 1885 bonisque
894 1841 1015 1881 litteris,
1030 1845 1059 1875 et

318 1895 528 1929 ecclesiastica
542 1895 708 1939 disciplina
722 1895 820 1927 imbui
834 1895 976 1935 debcant,
986 1904 1059 1938 apo-

319 1949 428 1983 stolica
452 1948 657 1989 auctoritate,
681 1953 789 1981 tenore
823 1948 1057 1991 praesentium,

319 2002 385 2036 sine
409 2007 514 2035 tamen
530 2001 661 2034 alicuius
678 2000 881 2045 praeiudicio,
906 2007 1059 2045 perpetuo

320 2055 471 2099 erigimus
495 2060 525 2088 et
547 2055 748 2089 instituimus.

365 2110 379 2153 g
404 2108 433 2142 ΞΣ.
459 2109 567 2152 Illique
592 2109 635 2141 sic
660 2113 764 2142 erecto
782 2113 811 2141 et
831 2108 981 2149 instituto,
999 2119 1059 2152 pro

322 2162 388 2196 eius
400 2163 488 2204 dote,
504 2173 540 2195 ac
564 2162 696 2196 rectoris
712 2166 742 2196 et
761 2163 979 2195 ministrorum
998 2163 1060 2194 alu-

324 2225 531 2260 mnorumque
542 2215 606 2249 sive
620 2215 811 2249 scholarium
825 2215 1059 2256 sustentatione,

324 2279 359 2301 ac
383 2279 512 2302 onerum
537 2269 580 2302 eis
609 2269 858 2302 incumbentium
891 2274 1059 2313 supporta-

326 2321 425 2363 tione,
452 2325 514 2356 tam
535 2327 674 2356 trecenta
698 2327 784 2356 scuta
812 2332 933 2363 annua,
963 2323 1059 2364 alias,

324 2375 409 2408 iuxta
443 2374 602 2408 decretum
634 2377 673 2409 ab
704 2376 823 2409 eisdem
848 2376 1060 2409 cardinalibus

324 2427 382 2461 sub
406 2427 455 2461 die
466 2437 532 2461 xvn
544 2428 720 2462 decembris
740 2429 883 2474 proxime
900 2430 1060 2473 praeteriti

325 2485 522 2521 emanatum,
554 2492 612 2524 pro
636 2482 750 2516 scholis
776 2483 807 2515 in
835 2483 929 2515 certis
953 2482 1060 2527 Syriae

325 2533 498 2568 civitatibus
515 2534 671 2577 erigendis
695 2535 857 2576 destinata,
882 2545 976 2578 quam
1001 2535 1061 2568 alia

325 2587 439 2629 omnia,
465 2591 495 2619 et
518 2586 639 2630 singula
662 2588 744 2621 bona
766 2599 823 2632 per
846 2598 1061 2632 quoscumque

326 2639 546 2674 christifideles
570 2640 670 2674 eidem
701 2641 834 2685 collegio
865 2641 1009 2676 donanda
1033 2648 1062 2675 et

1722 235 1786 269 5359
1834 244 1883 270 An.
1902 243 1929 270 c.
1950 243 2018 269 1625

1084 296 1281 339 assignanda,
1298 306 1335 328 ex
1361 305 1452 333 nunc,
1470 299 1562 338 prout
1588 298 1752 338 postquam
1771 292 1821 323 ‹lo-

1084 356 1153 382 nata
1178 355 1207 382 ct
1231 350 1387 390 assignata
1413 348 1529 381 suerint
1550 348 1604 391 (ita
1625 347 1708 390 quod
1734 347 1824 379 liccat

1085 404 1198 436 rectori
1225 409 1254 436 et
1280 403 1440 443 ministris,
1458 412 1579 435 necnon
1604 400 1749 440 alumnis,
1768 410 1823 432 seu

1085 456 1281 489 scholaribus
1306 456 1474 499 praedictis
1502 456 1642 499 ipsorum
1668 454 1823 487 bonorum

1085 509 1225 542 omnium
1253 510 1464 552 corporalem,
1490 508 1605 540 realem
1620 513 1650 540 et
1671 506 1823 539 actualem

1085 561 1314 605 possessionem
1340 572 1397 594 suo
1426 567 1455 593 et
1479 562 1552 594 dieti
1578 560 1702 603 collegii
1726 559 1826 593 nomi-

1085 614 1184 656 nibus,
1210 614 1342 658 propria
1369 614 1564 654 auctoritate,
1590 614 1687 645 libere
1714 624 1826 657 appre-

1086 667 1234 707 hendere,
1259 672 1289 699 et
1313 667 1542 710 apprehensam
1572 673 1725 710 perpetuo
1750 665 1826 698 reti-

1085 731 1170 761 nere,
1180 721 1300 753 fructus
1309 730 1446 764 quoquc,
1456 720 1596 752 redditus
1606 725 1633 751 et
1646 724 1825 762 proventus,

1086 773 1176 814 iura,
1205 773 1408 806 obventiones
1432 778 1463 805 et
1486 773 1698 806 emolumenta
1725 783 1823 815 quaea

1087 838 1221 871 eumque
1234 838 1270 860 ex
1288 826 1332 860 eis
1347 826 1564 870 provenientia
1578 825 1753 870 percipere,
1767 826 1828 857 exi<

1088 891 1179 923 gere,
1203 881 1326 920 levare,
1353 890 1558 923 recuperare,
1582 879 1696 919 locare,
1721 888 1827 911 arren-

1088 934 1172 975 dare,
1187 944 1222 966 ac
1243 934 1273 965 in
1291 943 1475 966 communes
1496 932 1569 965 dieti
1595 931 1719 974 collegii
1743 942 1827 971 usus⁷

1088 993 1118 1020 ct
1142 987 1306 1020 utilitatem
1331 991 1524 1027 convertere,
1543 985 1678 1019 cuiusvis
1702 985 1827 1018 licentia

1089 1041 1223 1085 desuper
1247 1040 1375 1073 minime
1400 1039 1550 1084 requisita
1576 1038 1774 1079 auctoritate)
1800 1044 1826 1071 et

1089 1098 1195 1128 tenore
1219 1093 1386 1137 praedictis
1407 1097 1564 1137 perpetuo
1589 1092 1782 1136 applicamus
1800 1097 1829 1124 et

1089 1147 1341 1191 appropriamus.

1135 1201 1148 1244 ξ
1165 1200 1194 1233 .3.
1212 1201 1420 1234 Decernentes
1438 1204 1620 1243 praesentes
1637 1198 1756 1231 litteras
1781 1208 1830 1231 ra-

1090 1254 1176 1295 lidas,
1203 1254 1310 1287 firmas
1329 1259 1358 1286 ct.
1375 1254 1516 1286 etlicaces
1540 1252 1674 1286 existere
1699 1257 1727 1285 et
1753 1252 1830 1293 fore,

1090 1318 1226 1351 suosque
1244 1306 1404 1351 plenarios
1422 1311 1451 1339 et
1469 1306 1608 1349 integros
1625 1305 1755 1338 effectus
1769 1316 1833 1338 sor-

1091 1361 1141 1394 tiri
1166 1365 1194 1395 et
1219 1361 1382 1400 obtinere,
1413 1365 1505 1403 atque
1536 1370 1593 1403 per
1616 1370 1833 1403 quoscumque

1090 1414 1207 1446 iudices
1227 1413 1404 1447 ordinarios
1422 1418 1449 1446 et
1464 1414 1633 1456 delegatos,
1654 1413 1747 1445 eliam
1765 1423 1834 1445 cau-

1091 1478 1196 1500 sarum
1214 1467 1320 1511 palatii
1338 1467 1501 1510 apostolici
1515 1467 1683 1509 auditores,
1702 1466 1833 1499 iudicari

1091 1526 1122 1554 et
1146 1521 1271 1553 definiri
1296 1520 1427 1562 debere,
1461 1531 1496 1553 ac
1528 1520 1652 1553 irritum
1677 1525 1707 1552 et
1731 1520 1832 1560 inane,

1091 1575 1115 1607 si
1140 1585 1230 1607 secus
1251 1584 1346 1617 super
1370 1574 1419 1606 his
1434 1584 1450 1606 a
1470 1584 1639 1617 quoquam,
1657 1573 1765 1617 quavis
1782 1584 1833 1606 au<

1091 1628 1244 1667 ctoritate,
1265 1627 1399 1660 scienter
1417 1627 1464 1659 vel
1486 1626 1678 1669 ignoranter,
1696 1626 1834 1669 contige-

1091 1680 1131 1712 rit
1148 1679 1301 1713 attentari.

1136 1734 1150 1776 g
1175 1733 1205 1765 4.
1234 1733 1301 1766 Non
1333 1732 1528 1765 obstantibus
1559 1731 1834 1765 constitutionibus

1092 1791 1122 1818 et
1152 1785 1402 1819 ordinationibus
1434 1784 1634 1829 apostolicis,
1659 1785 1835 1829 ceterisque

1092 1839 1258 1873 contrariis
1283 1839 1545 1882 quibuscumspie.

1136 1894 1247 1925 Datum
1273 1893 1400 1932 Romae,
1426 1892 1509 1936 apud
1538 1892 1567 1925 S.
1592 1891 1721 1925 Mariam
1745 1892 1836 1925 Maio-

1092 1957 1171 1987 rem,
1189 1946 1246 1979 sub
1268 1946 1383 1978 annulo
1408 1945 1585 1987 piscatoris,
1606 1945 1656 1977 dic
1677 1956 1749 1978 xxtv
1769 1945 1834 1978 iulii

1093 2010 1235 2041 MDexXV,
1260 1999 1460 2044 pontificatus
1483 1999 1582 2031 nostri
1608 2009 1689 2031 aimo
1707 2009 1737 2031 11.

1872 1209 1892 1229 ΕΙ
1902 1210 1989 1230 insulae.

1920 1742 2033 1764 Deruentio

1850 1770 1895 1787 runt
1901 1769 1962 1788 rafim
1970 1774 2010 1787 11111.

1128 2064 1189 2090 Dat.
1206 2063 1250 2090 die
1266 2063 1298 2090 '24
1314 2062 1373 2090 iulii
1393 2062 1468 2096 1025,
1486 2061 1579 2097 pontif.
1596 2069 1667 2088 anno
1682 2067 1710 2087 11.

1426 2204 1508 2238 CLII.

1097 2284 1307 2327 Confirmatio
1325 2285 1595 2317 constitu[emittm
1620 2284 1750 2327 callemi
1766 2284 1836 2316 Μα-

1138 2338 1324 2371 ronitarmn
1350 2338 1386 2370 in
1411 2341 1518 2370 monte
1538 2338 1663 2370 Libano
1684 2335 1810 2369 creeti¹.

1301 2418 1438 2445 Urbanus
1459 2417 1536 2451 Papa
1556 2417 1633 2451 VIII,

1218 2463 1254 2490 ad
1274 2465 1449 2497 perpetuam
1468 2463 1514 2489 rei
1533 2461 1714 2489 memoriam.

1140 2536 1154 2578 g
1182 2535 1208 2567 l.
1234 2534 1310 2567 Cum
1334 2544 1390 2566 nos
1415 2543 1516 2577 nuper
1540 2533 1572 2565 in
1589 2537 1695 2566 monte
1719 2532 1835 2566 Libano
1879 2540 2035 2559 Recensetere-

1851 2567 1906 2585 ctum
1926 2571 1938 2585 a
1955 2572 1976 2585 se
1992 2566 2034 2585 eot-

1095 2599 1191 2622 unum
1217 2588 1396 2630 collegium,
1422 2588 1453 2620 in
1478 2597 1540 2631 quo
1564 2587 1655 2630 pueri
1680 2592 1711 2620 ct
1734 2587 1837 2620 adole·
1851 2592 2034 2639 &5333anwa

1130 2653 1141 2678 1
1164 2651 1200 2678 Ex
1221 2651 1329 2686 Regest.
1350 2650 1376 2677 in
1396 2650 1497 2678 Secret.
1519 2650 1596 2677 Brer.
