<?xml version="1.0" encoding="UTF-8"?>
<!DOCTYPE html PUBLIC "-//W3C//DTD XHTML 1.0 Transitional//EN"
    "http://www.w3.org/TR/xhtml1/DTD/xhtml1-transitional.dtd">
<html xmlns="http://www.w3.org/1999/xhtml" xml:lang="en" lang="en">
 <head>
  <title>
</title>
<meta http-equiv="Content-Type" content="text/html;charset=utf-8" />
  <meta name='ocr-system' content='tesseract 3.04.00' />
  <meta name='ocr-capabilities' content='ocr_page ocr_carea ocr_par ocr_line ocrx_word'/>
</head>
<body>
  <div class='ocr_page' id='page_1' title='image "./bullarumdiplomat13cath_0119.png"; bbox 0 0 2269 3235; ppageno 0'>
   <div class='ocr_carea' id='block_1_1' title="bbox 126 252 309 282">
    <p class='ocr_par' dir='ltr' id='par_1_1' title="bbox 126 252 309 282">
     <span class='ocr_line' id='line_1_1' title="bbox 126 252 309 282; baseline 0 0"><span class='ocrx_word' id='word_1_1' title='bbox 126 253 176 282; x_wconf 72' lang='lat' dir='ltr'>An.</span> <span class='ocrx_word' id='word_1_2' title='bbox 192 252 222 282; x_wconf 81' lang='lat' dir='ltr'>C.</span> <span class='ocrx_word' id='word_1_3' title='bbox 240 253 309 282; x_wconf 76' lang='lat'>¹623</span> 
     </span>
    </p>
   </div>
   <div class='ocr_carea' id='block_1_2' title="bbox 136 1542 320 1596">
    <p class='ocr_par' dir='ltr' id='par_1_2' title="bbox 136 1542 320 1596">
     <span class='ocr_line' id='line_1_2' title="bbox 163 1542 320 1563; baseline -0.006 0"><span class='ocrx_word' id='word_1_4' title='bbox 163 1542 290 1563; x_wconf 71' lang='lat' dir='ltr'>obedientia</span> <span class='ocrx_word' id='word_1_5' title='bbox 301 1542 320 1563; x_wconf 90' lang='lat' dir='ltr'>ei</span> 
     </span>
     <span class='ocr_line' id='line_1_3' title="bbox 136 1570 273 1596; baseline -0.007 -6"><span class='ocrx_word' id='word_1_6' title='bbox 136 1570 273 1596; x_wconf 78' lang='lat' dir='ltr'>praestanda.</span> 
     </span>
    </p>
   </div>
   <div class='ocr_carea' id='block_1_3' title="bbox 940 253 1234 277">
    <p class='ocr_par' dir='ltr' id='par_1_3' title="bbox 940 253 1234 277">
     <span class='ocr_line' id='line_1_4' title="bbox 940 253 1234 277; baseline 0 0"><span class='ocrx_word' id='word_1_7' title='bbox 940 253 1081 277; x_wconf 62' lang='lat' dir='ltr'>vitamus</span> <span class='ocrx_word' id='word_1_8' title='bbox 1107 253 1162 277; x_wconf 76' lang='lat' dir='ltr'>Vll!</span> <span class='ocrx_word' id='word_1_9' title='bbox 1187 254 1234 277; x_wconf 66' lang='lat' dir='ltr'>PP-</span> 
     </span>
    </p>
   </div>
   <div class='ocr_carea' id='block_1_4' title="bbox 325 301 1079 1682">
    <p class='ocr_par' dir='ltr' id='par_1_4' title="bbox 325 301 1079 1521">
     <span class='ocr_line' id='line_1_5' title="bbox 325 301 1067 347; baseline -0.001 -12"><span class='ocrx_word' id='word_1_10' title='bbox 325 302 440 343; x_wconf 82' lang='lat' dir='ltr'>uarios,</span> <span class='ocrx_word' id='word_1_11' title='bbox 463 302 675 347; x_wconf 81' lang='lat' dir='ltr'>presbyteros,</span> <span class='ocrx_word' id='word_1_12' title='bbox 700 301 910 342; x_wconf 85' lang='lat' dir='ltr'>beneficiatos,</span> <span class='ocrx_word' id='word_1_13' title='bbox 935 302 1067 334; x_wconf 87' lang='lat' dir='ltr'>clericos</span> 
     </span>
     <span class='ocr_line' id='line_1_6' title="bbox 326 354 1067 399; baseline -0.004 -10"><span class='ocrx_word' id='word_1_14' title='bbox 326 360 356 390; x_wconf 91' lang='lat' dir='ltr'>et</span> <span class='ocrx_word' id='word_1_15' title='bbox 389 356 598 399; x_wconf 84' lang='lat' dir='ltr'>personatus¹</span> <span class='ocrx_word' id='word_1_16' title='bbox 623 356 851 398; x_wconf 85' lang='lat' dir='ltr'>cuiuscumque</span> <span class='ocrx_word' id='word_1_17' title='bbox 887 354 1067 397; x_wconf 77' lang='lat' dir='ltr'>dignitatis,</span> 
     </span>
     <span class='ocr_line' id='line_1_7' title="bbox 326 407 1069 452; baseline -0.001 -11"><span class='ocrx_word' id='word_1_18' title='bbox 326 413 434 449; x_wconf 85' lang='lat' dir='ltr'>status,</span> <span class='ocrx_word' id='word_1_19' title='bbox 452 409 577 452; x_wconf 81' lang='lat' dir='ltr'>gradus,</span> <span class='ocrx_word' id='word_1_20' title='bbox 598 409 718 443; x_wconf 89' lang='lat' dir='ltr'>ordinis</span> <span class='ocrx_word' id='word_1_21' title='bbox 743 413 772 442; x_wconf 84' lang='lat' dir='ltr'>et</span> <span class='ocrx_word' id='word_1_22' title='bbox 796 407 984 441; x_wconf 88' lang='lat' dir='ltr'>conditionis</span> <span class='ocrx_word' id='word_1_23' title='bbox 1008 407 1069 440; x_wconf 86' lang='lat' dir='ltr'>exi-</span> 
     </span>
     <span class='ocr_line' id='line_1_8' title="bbox 326 460 1069 504; baseline -0.001 -10"><span class='ocrx_word' id='word_1_24' title='bbox 326 465 457 503; x_wconf 86' lang='lat' dir='ltr'>stentes,</span> <span class='ocrx_word' id='word_1_25' title='bbox 482 472 604 496; x_wconf 80' lang='lat' dir='ltr'>necnon</span> <span class='ocrx_word' id='word_1_26' title='bbox 628 460 818 495; x_wconf 85' lang='lat' dir='ltr'>monasteria</span> <span class='ocrx_word' id='word_1_27' title='bbox 842 466 872 493; x_wconf 87' lang='lat' dir='ltr'>et</span> <span class='ocrx_word' id='word_1_28' title='bbox 896 461 955 493; x_wconf 85' lang='lat' dir='ltr'>alia</span> <span class='ocrx_word' id='word_1_29' title='bbox 979 471 1069 504; x_wconf 76' lang='lat' dir='ltr'>regu-</span> 
     </span>
     <span class='ocr_line' id='line_1_9' title="bbox 326 514 1069 550; baseline -0.003 -2"><span class='ocrx_word' id='word_1_30' title='bbox 326 516 405 548; x_wconf 84' lang='lat' dir='ltr'>laria</span> <span class='ocrx_word' id='word_1_31' title='bbox 428 517 496 550; x_wconf 85' lang='lat' dir='ltr'>loca</span> <span class='ocrx_word' id='word_1_32' title='bbox 520 515 655 549; x_wconf 88' lang='lat' dir='ltr'>cuiusvis</span> <span class='ocrx_word' id='word_1_33' title='bbox 680 514 799 548; x_wconf 83' lang='lat' dir='ltr'>ordinis</span> <span class='ocrx_word' id='word_1_34' title='bbox 819 519 848 547; x_wconf 90' lang='lat' dir='ltr'>et</span> <span class='ocrx_word' id='word_1_35' title='bbox 864 514 997 547; x_wconf 87' lang='lat' dir='ltr'>instituti</span> <span class='ocrx_word' id='word_1_36' title='bbox 1014 525 1069 547; x_wconf 90' lang='lat' dir='ltr'>seu</span> 
     </span>
     <span class='ocr_line' id='line_1_10' title="bbox 328 568 1070 612; baseline -0.004 -10"><span class='ocrx_word' id='word_1_37' title='bbox 328 569 581 612; x_wconf 81' lang='lat' dir='ltr'>congregationis</span> <span class='ocrx_word' id='word_1_38' title='bbox 605 568 777 608; x_wconf 77' lang='lat' dir='ltr'>existentia,</span> <span class='ocrx_word' id='word_1_39' title='bbox 794 568 887 601; x_wconf 87' lang='lat' dir='ltr'>etiam</span> <span class='ocrx_word' id='word_1_40' title='bbox 912 577 1070 600; x_wconf 89' lang='lat' dir='ltr'>commen-</span> 
     </span>
     <span class='ocr_line' id='line_1_11' title="bbox 328 621 1070 665; baseline -0.001 -11"><span class='ocrx_word' id='word_1_41' title='bbox 328 622 409 664; x_wconf 84' lang='lat' dir='ltr'>data,</span> <span class='ocrx_word' id='word_1_42' title='bbox 420 623 609 665; x_wconf 87' lang='lat' dir='ltr'>illorumque</span> <span class='ocrx_word' id='word_1_43' title='bbox 620 621 778 662; x_wconf 81' lang='lat' dir='ltr'>ecclesias,</span> <span class='ocrx_word' id='word_1_44' title='bbox 788 621 959 665; x_wconf 85' lang='lat' dir='ltr'>cappellas,</span> <span class='ocrx_word' id='word_1_45' title='bbox 974 631 1070 653; x_wconf 91' lang='lat' dir='ltr'>mem-</span> 
     </span>
     <span class='ocr_line' id='line_1_12' title="bbox 328 674 1068 718; baseline -0.005 -9"><span class='ocrx_word' id='word_1_46' title='bbox 328 676 406 717; x_wconf 86' lang='lat' dir='ltr'>bra,</span> <span class='ocrx_word' id='word_1_47' title='bbox 439 680 631 715; x_wconf 85' lang='lat' dir='ltr'>conventus,</span> <span class='ocrx_word' id='word_1_48' title='bbox 663 680 757 718; x_wconf 89' lang='lat' dir='ltr'>atque</span> <span class='ocrx_word' id='word_1_49' title='bbox 791 684 943 718; x_wconf 79' lang='lat' dir='ltr'>personas</span> <span class='ocrx_word' id='word_1_50' title='bbox 976 674 1068 706; x_wconf 83' lang='lat' dir='ltr'>etiam</span> 
     </span>
     <span class='ocr_line' id='line_1_13' title="bbox 329 727 1070 774; baseline -0.004 -11"><span class='ocrx_word' id='word_1_51' title='bbox 329 733 509 774; x_wconf 62' lang='lat' dir='ltr'>exemptam,</span> <span class='ocrx_word' id='word_1_52' title='bbox 535 740 571 762; x_wconf 87' lang='lat' dir='ltr'>ac</span> <span class='ocrx_word' id='word_1_53' title='bbox 602 727 693 762; x_wconf 91' lang='lat' dir='ltr'>nobis</span> <span class='ocrx_word' id='word_1_54' title='bbox 722 733 752 760; x_wconf 89' lang='lat' dir='ltr'>et</span> <span class='ocrx_word' id='word_1_55' title='bbox 777 728 975 772; x_wconf 87' lang='lat' dir='ltr'>Apostolicae</span> <span class='ocrx_word' id='word_1_56' title='bbox 999 727 1070 761; x_wconf 89' lang='lat' dir='ltr'>Sedi</span> 
     </span>
     <span class='ocr_line' id='line_1_14' title="bbox 329 781 1070 826; baseline -0.004 -10"><span class='ocrx_word' id='word_1_57' title='bbox 329 783 522 823; x_wconf 81' lang='lat' dir='ltr'>immediate,</span> <span class='ocrx_word' id='word_1_58' title='bbox 545 788 580 815; x_wconf 92' lang='lat' dir='ltr'>ut</span> <span class='ocrx_word' id='word_1_59' title='bbox 605 782 794 826; x_wconf 88' lang='lat' dir='ltr'>praefertur,</span> <span class='ocrx_word' id='word_1_60' title='bbox 820 781 985 822; x_wconf 86' lang='lat' dir='ltr'>subiectas,</span> <span class='ocrx_word' id='word_1_61' title='bbox 1007 786 1070 814; x_wconf 87' lang='lat' dir='ltr'>tam</span> 
     </span>
     <span class='ocr_line' id='line_1_15' title="bbox 329 835 1071 878; baseline -0.004 -8"><span class='ocrx_word' id='word_1_62' title='bbox 329 842 416 870; x_wconf 84' lang='lat' dir='ltr'>extra</span> <span class='ocrx_word' id='word_1_63' title='bbox 440 836 629 869; x_wconf 88' lang='lat' dir='ltr'>monasteria</span> <span class='ocrx_word' id='word_1_64' title='bbox 650 840 680 868; x_wconf 91' lang='lat' dir='ltr'>et</span> <span class='ocrx_word' id='word_1_65' title='bbox 699 835 768 868; x_wconf 85' lang='lat' dir='ltr'>loca</span> <span class='ocrx_word' id='word_1_66' title='bbox 791 835 960 878; x_wconf 80' lang='lat' dir='ltr'>regularia,</span> <span class='ocrx_word' id='word_1_67' title='bbox 977 845 1071 878; x_wconf 86' lang='lat' dir='ltr'>quam</span> 
     </span>
     <span class='ocr_line' id='line_1_16' title="bbox 330 889 1071 933; baseline -0.003 -10"><span class='ocrx_word' id='word_1_68' title='bbox 330 891 412 923; x_wconf 88' lang='lat' dir='ltr'>intra</span> <span class='ocrx_word' id='word_1_69' title='bbox 435 890 592 931; x_wconf 85' lang='lat' dir='ltr'>ordinum,</span> <span class='ocrx_word' id='word_1_70' title='bbox 609 889 794 922; x_wconf 79' lang='lat' dir='ltr'>militiarum</span> <span class='ocrx_word' id='word_1_71' title='bbox 816 894 846 922; x_wconf 94' lang='lat' dir='ltr'>et</span> <span class='ocrx_word' id='word_1_72' title='bbox 869 889 1071 933; x_wconf 80' lang='lat' dir='ltr'>hospitalium</span> 
     </span>
     <span class='ocr_line' id='line_1_17' title="bbox 331 943 1069 988; baseline -0.001 -12"><span class='ocrx_word' id='word_1_73' title='bbox 331 943 566 988; x_wconf 85' lang='lat' dir='ltr'>praedictorum</span> <span class='ocrx_word' id='word_1_74' title='bbox 598 943 710 977; x_wconf 92' lang='lat' dir='ltr'>domos</span> <span class='ocrx_word' id='word_1_75' title='bbox 743 948 773 976; x_wconf 91' lang='lat' dir='ltr'>et</span> <span class='ocrx_word' id='word_1_76' title='bbox 804 948 891 986; x_wconf 82' lang='lat' dir='ltr'>septa</span> <span class='ocrx_word' id='word_1_77' title='bbox 927 954 1069 976; x_wconf 87' lang='lat' dir='ltr'>commo-</span> 
     </span>
     <span class='ocr_line' id='line_1_18' title="bbox 330 997 1074 1040; baseline -0.003 -10"><span class='ocrx_word' id='word_1_78' title='bbox 330 1002 446 1040; x_wconf 85' lang='lat' dir='ltr'>rantes,</span> <span class='ocrx_word' id='word_1_79' title='bbox 472 997 657 1030; x_wconf 88' lang='lat' dir='ltr'>auctoritate</span> <span class='ocrx_word' id='word_1_80' title='bbox 680 999 788 1030; x_wconf 76' lang='lat' dir='ltr'>nostra</span> <span class='ocrx_word' id='word_1_81' title='bbox 811 997 954 1037; x_wconf 82' lang='lat' dir='ltr'>visitare,</span> <span class='ocrx_word' id='word_1_82' title='bbox 979 1007 1014 1029; x_wconf 88' lang='lat' dir='ltr'>ac</span> <span class='ocrx_word' id='word_1_83' title='bbox 1042 997 1074 1029; x_wconf 90' lang='lat' dir='ltr'>in</span> 
     </span>
     <span class='ocr_line' id='line_1_19' title="bbox 332 1050 1073 1094; baseline -0.003 -10"><span class='ocrx_word' id='word_1_84' title='bbox 332 1061 443 1085; x_wconf 86' lang='lat' dir='ltr'>eorum</span> <span class='ocrx_word' id='word_1_85' title='bbox 468 1056 594 1092; x_wconf 84' lang='lat' dir='ltr'>statum,</span> <span class='ocrx_word' id='word_1_86' title='bbox 607 1051 752 1091; x_wconf 89' lang='lat' dir='ltr'>formam,</span> <span class='ocrx_word' id='word_1_87' title='bbox 770 1051 905 1094; x_wconf 77' lang='lat' dir='ltr'>regulas,</span> <span class='ocrx_word' id='word_1_88' title='bbox 922 1050 1073 1091; x_wconf 87' lang='lat' dir='ltr'>instituta,</span> 
     </span>
     <span class='ocr_line' id='line_1_20' title="bbox 333 1104 1074 1147; baseline -0.003 -10"><span class='ocrx_word' id='word_1_89' title='bbox 333 1104 493 1147; x_wconf 85' lang='lat' dir='ltr'>regimen,</span> <span class='ocrx_word' id='word_1_90' title='bbox 518 1109 653 1145; x_wconf 89' lang='lat' dir='ltr'>statuta,</span> <span class='ocrx_word' id='word_1_91' title='bbox 678 1104 920 1138; x_wconf 87' lang='lat' dir='ltr'>consuetudines</span> <span class='ocrx_word' id='word_1_92' title='bbox 935 1131 942 1145; x_wconf 90' lang='lat'>,</span> <span class='ocrx_word' id='word_1_93' title='bbox 969 1104 1074 1144; x_wconf 78' lang='lat' dir='ltr'>vitam,</span> 
     </span>
     <span class='ocr_line' id='line_1_21' title="bbox 334 1157 1076 1202; baseline -0.003 -11"><span class='ocrx_word' id='word_1_94' title='bbox 334 1168 449 1201; x_wconf 87' lang='lat' dir='ltr'>mores,</span> <span class='ocrx_word' id='word_1_95' title='bbox 468 1159 547 1191; x_wconf 90' lang='lat' dir='ltr'>ritus</span> <span class='ocrx_word' id='word_1_96' title='bbox 571 1164 602 1191; x_wconf 90' lang='lat' dir='ltr'>et</span> <span class='ocrx_word' id='word_1_97' title='bbox 626 1158 833 1202; x_wconf 81' lang='lat' dir='ltr'>disciplinam,</span> <span class='ocrx_word' id='word_1_98' title='bbox 858 1163 921 1190; x_wconf 89' lang='lat' dir='ltr'>tam</span> <span class='ocrx_word' id='word_1_99' title='bbox 946 1157 1076 1190; x_wconf 88' lang='lat' dir='ltr'>coniun-</span> 
     </span>
     <span class='ocr_line' id='line_1_22' title="bbox 335 1210 1076 1256; baseline -0.003 -12"><span class='ocrx_word' id='word_1_100' title='bbox 335 1211 408 1244; x_wconf 88' lang='lat' dir='ltr'>ctim</span> <span class='ocrx_word' id='word_1_101' title='bbox 426 1222 520 1256; x_wconf 88' lang='lat' dir='ltr'>quam</span> <span class='ocrx_word' id='word_1_102' title='bbox 538 1211 673 1252; x_wconf 89' lang='lat' dir='ltr'>divisim,</span> <span class='ocrx_word' id='word_1_103' title='bbox 687 1221 722 1244; x_wconf 84' lang='lat' dir='ltr'>ac</span> <span class='ocrx_word' id='word_1_104' title='bbox 737 1217 798 1244; x_wconf 87' lang='lat' dir='ltr'>tam</span> <span class='ocrx_word' id='word_1_105' title='bbox 816 1211 847 1243; x_wconf 90' lang='lat' dir='ltr'>in</span> <span class='ocrx_word' id='word_1_106' title='bbox 865 1210 964 1254; x_wconf 84' lang='lat' dir='ltr'>capite</span> <span class='ocrx_word' id='word_1_107' title='bbox 981 1220 1076 1253; x_wconf 89' lang='lat' dir='ltr'>quam</span> 
     </span>
     <span class='ocr_line' id='line_1_23' title="bbox 335 1264 1077 1308; baseline 0 -11"><span class='ocrx_word' id='word_1_108' title='bbox 335 1265 367 1297; x_wconf 90' lang='lat' dir='ltr'>in</span> <span class='ocrx_word' id='word_1_109' title='bbox 380 1265 540 1306; x_wconf 86' lang='lat' dir='ltr'>membris,</span> <span class='ocrx_word' id='word_1_110' title='bbox 553 1264 720 1308; x_wconf 82' lang='lat' dir='ltr'>diligenter</span> <span class='ocrx_word' id='word_1_111' title='bbox 732 1264 903 1308; x_wconf 85' lang='lat' dir='ltr'>inquirere,</span> <span class='ocrx_word' id='word_1_112' title='bbox 917 1264 1077 1307; x_wconf 75' lang='lat' dir='ltr'>corrigere</span> 
     </span>
     <span class='ocr_line' id='line_1_24' title="bbox 335 1318 1079 1361; baseline -0.001 -10"><span class='ocrx_word' id='word_1_113' title='bbox 335 1323 365 1351; x_wconf 88' lang='lat' dir='ltr'>et</span> <span class='ocrx_word' id='word_1_114' title='bbox 389 1319 562 1351; x_wconf 83' lang='lat' dir='ltr'>reformare</span> <span class='ocrx_word' id='word_1_115' title='bbox 586 1318 686 1351; x_wconf 88' lang='lat' dir='ltr'>libere</span> <span class='ocrx_word' id='word_1_116' title='bbox 711 1323 741 1351; x_wconf 90' lang='lat' dir='ltr'>et</span> <span class='ocrx_word' id='word_1_117' title='bbox 764 1318 847 1351; x_wconf 90' lang='lat' dir='ltr'>licite</span> <span class='ocrx_word' id='word_1_118' title='bbox 872 1319 992 1359; x_wconf 86' lang='lat' dir='ltr'>valeas,</span> <span class='ocrx_word' id='word_1_119' title='bbox 1016 1318 1079 1361; x_wconf 90' lang='lat' dir='ltr'>ple-</span> 
     </span>
     <span class='ocr_line' id='line_1_25' title="bbox 334 1371 1077 1415; baseline -0.001 -11"><span class='ocrx_word' id='word_1_120' title='bbox 334 1381 417 1412; x_wconf 89' lang='lat' dir='ltr'>nam,</span> <span class='ocrx_word' id='word_1_121' title='bbox 438 1371 569 1405; x_wconf 86' lang='lat' dir='ltr'>liberam</span> <span class='ocrx_word' id='word_1_122' title='bbox 595 1377 626 1404; x_wconf 85' lang='lat' dir='ltr'>et</span> <span class='ocrx_word' id='word_1_123' title='bbox 648 1372 785 1415; x_wconf 82' lang='lat' dir='ltr'>amplam</span> <span class='ocrx_word' id='word_1_124' title='bbox 811 1372 1029 1406; x_wconf 85' lang='lat' dir='ltr'>auctoritatem</span> <span class='ocrx_word' id='word_1_125' title='bbox 1049 1376 1077 1404; x_wconf 90' lang='lat' dir='ltr'>et</span> 
     </span>
     <span class='ocr_line' id='line_1_26' title="bbox 334 1424 1079 1468; baseline 0 -11"><span class='ocrx_word' id='word_1_126' title='bbox 334 1424 523 1465; x_wconf 82' lang='lat' dir='ltr'>facultatem,</span> <span class='ocrx_word' id='word_1_127' title='bbox 537 1425 720 1458; x_wconf 84' lang='lat' dir='ltr'>auctoritate</span> <span class='ocrx_word' id='word_1_128' title='bbox 735 1430 765 1457; x_wconf 89' lang='lat' dir='ltr'>et</span> <span class='ocrx_word' id='word_1_129' title='bbox 778 1430 886 1458; x_wconf 88' lang='lat' dir='ltr'>tenore</span> <span class='ocrx_word' id='word_1_130' title='bbox 899 1424 1079 1468; x_wconf 86' lang='lat' dir='ltr'>praedictis,</span> 
     </span>
     <span class='ocr_line' id='line_1_27' title="bbox 335 1477 827 1521; baseline -0.002 -10"><span class='ocrx_word' id='word_1_131' title='bbox 335 1478 538 1511; x_wconf 86' lang='lat' dir='ltr'>concedimus</span> <span class='ocrx_word' id='word_1_132' title='bbox 564 1483 594 1510; x_wconf 89' lang='lat' dir='ltr'>et</span> <span class='ocrx_word' id='word_1_133' title='bbox 618 1477 827 1521; x_wconf 87' lang='lat' dir='ltr'>impertimur.</span> 
     </span>
    </p>

    <p class='ocr_par' dir='ltr' id='par_1_5' title="bbox 335 1531 1079 1682">
     <span class='ocr_line' id='line_1_28' title="bbox 380 1531 1079 1575; baseline -0.001 -11"><span class='ocrx_word' id='word_1_134' title='bbox 380 1531 395 1575; x_wconf 61' lang='lat' dir='ltr'>g</span> <span class='ocrx_word' id='word_1_135' title='bbox 418 1531 448 1564; x_wconf 61' lang='grc' dir='ltr'>Ξ.</span> <span class='ocrx_word' id='word_1_136' title='bbox 473 1531 653 1564; x_wconf 83' lang='lat' dir='ltr'>Mandantes</span> <span class='ocrx_word' id='word_1_137' title='bbox 684 1536 853 1575; x_wconf 84' lang='lat' dir='ltr'>propterea</span> <span class='ocrx_word' id='word_1_138' title='bbox 877 1531 1025 1563; x_wconf 88' lang='lat' dir='ltr'>omnibus</span> <span class='ocrx_word' id='word_1_139' title='bbox 1049 1536 1079 1564; x_wconf 87' lang='lat' dir='ltr'>et</span> 
     </span>
     <span class='ocr_line' id='line_1_29' title="bbox 335 1584 1078 1629; baseline 0 -12"><span class='ocrx_word' id='word_1_140' title='bbox 335 1585 478 1628; x_wconf 83' lang='lat' dir='ltr'>singulis,</span> <span class='ocrx_word' id='word_1_141' title='bbox 501 1585 540 1618; x_wconf 89' lang='lat' dir='ltr'>ad</span> <span class='ocrx_word' id='word_1_142' title='bbox 564 1595 643 1628; x_wconf 87' lang='lat' dir='ltr'>quos</span> <span class='ocrx_word' id='word_1_143' title='bbox 661 1590 790 1629; x_wconf 83' lang='lat' dir='ltr'>spectat,</span> <span class='ocrx_word' id='word_1_144' title='bbox 808 1590 842 1617; x_wconf 90' lang='lat' dir='ltr'>ut</span> <span class='ocrx_word' id='word_1_145' title='bbox 858 1584 914 1617; x_wconf 89' lang='lat' dir='ltr'>tibi</span> <span class='ocrx_word' id='word_1_146' title='bbox 938 1584 969 1617; x_wconf 89' lang='lat' dir='ltr'>in</span> <span class='ocrx_word' id='word_1_147' title='bbox 986 1595 1078 1628; x_wconf 87' lang='lat' dir='ltr'>prae-</span> 
     </span>
     <span class='ocr_line' id='line_1_30' title="bbox 335 1638 1079 1682; baseline -0.001 -11"><span class='ocrx_word' id='word_1_148' title='bbox 335 1638 440 1671; x_wconf 86' lang='lat' dir='ltr'>missis</span> <span class='ocrx_word' id='word_1_149' title='bbox 464 1638 612 1671; x_wconf 80' lang='lat' dir='ltr'>omnibus</span> <span class='ocrx_word' id='word_1_150' title='bbox 637 1644 667 1671; x_wconf 89' lang='lat' dir='ltr'>et</span> <span class='ocrx_word' id='word_1_151' title='bbox 690 1638 822 1681; x_wconf 80' lang='lat' dir='ltr'>singulis</span> <span class='ocrx_word' id='word_1_152' title='bbox 851 1643 998 1682; x_wconf 85' lang='lat' dir='ltr'>prompte</span> <span class='ocrx_word' id='word_1_153' title='bbox 1026 1648 1079 1682; x_wconf 93' lang='lat' dir='ltr'>pa-</span> 
     </span>
    </p>
   </div>
   <div class='ocr_carea' id='block_1_5' title="bbox 1101 301 1845 665">
    <p class='ocr_par' dir='ltr' id='par_1_6' title="bbox 1101 301 1845 665">
     <span class='ocr_line' id='line_1_31' title="bbox 1102 301 1840 344; baseline 0 -10"><span class='ocrx_word' id='word_1_154' title='bbox 1102 302 1187 334; x_wconf 89' lang='lat' dir='ltr'>vatis.</span> <span class='ocrx_word' id='word_1_155' title='bbox 1212 302 1331 341; x_wconf 82' lang='lat' dir='ltr'>Quibus</span> <span class='ocrx_word' id='word_1_156' title='bbox 1356 301 1503 334; x_wconf 88' lang='lat' dir='ltr'>omnibus</span> <span class='ocrx_word' id='word_1_157' title='bbox 1520 306 1550 334; x_wconf 91' lang='lat' dir='ltr'>et</span> <span class='ocrx_word' id='word_1_158' title='bbox 1566 301 1708 344; x_wconf 82' lang='lat' dir='ltr'>singulis,</span> <span class='ocrx_word' id='word_1_159' title='bbox 1729 311 1840 334; x_wconf 87' lang='lat' dir='ltr'>eorum</span> 
     </span>
     <span class='ocr_line' id='line_1_32' title="bbox 1101 356 1843 400; baseline -0.001 -11"><span class='ocrx_word' id='word_1_160' title='bbox 1101 358 1243 389; x_wconf 87' lang='lat' dir='ltr'>onmium</span> <span class='ocrx_word' id='word_1_161' title='bbox 1269 362 1393 390; x_wconf 83' lang='lat' dir='ltr'>tenores</span> <span class='ocrx_word' id='word_1_162' title='bbox 1409 356 1627 400; x_wconf 90' lang='lat' dir='ltr'>praesentibus</span> <span class='ocrx_word' id='word_1_163' title='bbox 1643 366 1703 400; x_wconf 92' lang='lat' dir='ltr'>pro</span> <span class='ocrx_word' id='word_1_164' title='bbox 1720 366 1843 399; x_wconf 86' lang='lat' dir='ltr'>expres-</span> 
     </span>
     <span class='ocr_line' id='line_1_33' title="bbox 1102 408 1844 449; baseline -0.003 -7"><span class='ocrx_word' id='word_1_165' title='bbox 1102 409 1143 442; x_wconf 88' lang='lat' dir='ltr'>sis</span> <span class='ocrx_word' id='word_1_166' title='bbox 1169 415 1199 442; x_wconf 89' lang='lat' dir='ltr'>et</span> <span class='ocrx_word' id='word_1_167' title='bbox 1222 410 1260 442; x_wconf 86' lang='lat' dir='ltr'>ad</span> <span class='ocrx_word' id='word_1_168' title='bbox 1285 409 1417 443; x_wconf 86' lang='lat' dir='ltr'>verbum</span> <span class='ocrx_word' id='word_1_169' title='bbox 1441 409 1565 443; x_wconf 87' lang='lat' dir='ltr'>insertis</span> <span class='ocrx_word' id='word_1_170' title='bbox 1589 409 1757 449; x_wconf 87' lang='lat' dir='ltr'>habentes,</span> <span class='ocrx_word' id='word_1_171' title='bbox 1783 408 1844 441; x_wconf 86' lang='lat' dir='ltr'>illis</span> 
     </span>
     <span class='ocr_line' id='line_1_34' title="bbox 1102 462 1843 508; baseline -0.001 -13"><span class='ocrx_word' id='word_1_172' title='bbox 1102 463 1177 495; x_wconf 75' lang='lat' dir='ltr'>alias</span> <span class='ocrx_word' id='word_1_173' title='bbox 1194 464 1225 495; x_wconf 92' lang='lat' dir='ltr'>in</span> <span class='ocrx_word' id='word_1_174' title='bbox 1243 474 1299 497; x_wconf 87' lang='lat' dir='ltr'>suo</span> <span class='ocrx_word' id='word_1_175' title='bbox 1324 465 1438 497; x_wconf 87' lang='lat' dir='ltr'>robore</span> <span class='ocrx_word' id='word_1_176' title='bbox 1458 463 1685 508; x_wconf 58' lang='lat' dir='ltr'>permansuris</span> <span class='ocrx_word' id='word_1_177' title='bbox 1701 463 1760 496; x_wconf 88' lang='lat' dir='ltr'>hac</span> <span class='ocrx_word' id='word_1_178' title='bbox 1776 462 1843 495; x_wconf 81' lang='lat' dir='ltr'>vice</span> 
     </span>
     <span class='ocr_line' id='line_1_35' title="bbox 1102 515 1845 560; baseline -0.001 -12"><span class='ocrx_word' id='word_1_179' title='bbox 1102 515 1262 549; x_wconf 81' lang='lat' dir='ltr'>dumtaxat</span> <span class='ocrx_word' id='word_1_180' title='bbox 1287 517 1464 559; x_wconf 80' lang='lat' dir='ltr'>specialiter</span> <span class='ocrx_word' id='word_1_181' title='bbox 1488 522 1517 549; x_wconf 91' lang='lat' dir='ltr'>et</span> <span class='ocrx_word' id='word_1_182' title='bbox 1542 526 1689 560; x_wconf 85' lang='lat' dir='ltr'>expresse</span> <span class='ocrx_word' id='word_1_183' title='bbox 1713 516 1845 558; x_wconf 79' lang='lat' dir='ltr'>deroga—</span> 
     </span>
     <span class='ocr_line' id='line_1_36' title="bbox 1102 569 1842 614; baseline 0 -13"><span class='ocrx_word' id='word_1_184' title='bbox 1102 579 1194 610; x_wconf 82' lang='lat' dir='ltr'>mus⁷</span> <span class='ocrx_word' id='word_1_185' title='bbox 1229 569 1405 612; x_wconf 88' lang='lat' dir='ltr'>ceterisque</span> <span class='ocrx_word' id='word_1_186' title='bbox 1437 570 1602 603; x_wconf 82' lang='lat' dir='ltr'>contrariis</span> <span class='ocrx_word' id='word_1_187' title='bbox 1633 569 1842 614; x_wconf 85' lang='lat' dir='ltr'>quibuscum-</span> 
     </span>
     <span class='ocr_line' id='line_1_37' title="bbox 1102 632 1172 665; baseline 0 -12"><span class='ocrx_word' id='word_1_188' title='bbox 1102 632 1172 665; x_wconf 88' lang='lat' dir='ltr'>que.</span> 
     </span>
    </p>
   </div>
   <div class='ocr_carea' id='block_1_6' title="bbox 1148 675 2045 719">
    <p class='ocr_par' dir='ltr' id='par_1_7' title="bbox 1148 675 2045 719">
     <span class='ocr_line' id='line_1_38' title="bbox 1148 675 2045 719; baseline 0.002 -12"><span class='ocrx_word' id='word_1_189' title='bbox 1148 676 1162 718; x_wconf 62' lang='grc' dir='ltr'><strong>ἓ</strong></span> <span class='ocrx_word' id='word_1_190' title='bbox 1186 675 1215 707; x_wconf 74' lang='grc'>4.</span> <span class='ocrx_word' id='word_1_191' title='bbox 1243 675 1394 708; x_wconf 86' lang='lat' dir='ltr'>Volumus</span> <span class='ocrx_word' id='word_1_192' title='bbox 1418 680 1534 716; x_wconf 86' lang='lat' dir='ltr'>autem,</span> <span class='ocrx_word' id='word_1_193' title='bbox 1559 681 1603 715; x_wconf 89' lang='lat' dir='ltr'>ut,</span> <span class='ocrx_word' id='word_1_194' title='bbox 1627 686 1707 719; x_wconf 87' lang='lat' dir='ltr'>quae</span> <span class='ocrx_word' id='word_1_195' title='bbox 1732 676 1762 708; x_wconf 91' lang='lat' dir='ltr'>in</span> <span class='ocrx_word' id='word_1_196' title='bbox 1786 675 1844 708; x_wconf 89' lang='lat' dir='ltr'>hu·</span> <span class='ocrx_word' id='word_1_197' title='bbox 1887 689 1972 709; x_wconf 63' lang='lat' dir='ltr'>anano</span> <span class='ocrx_word' id='word_1_198' title='bbox 1994 687 2045 709; x_wconf 71' lang='lat' dir='ltr'>Sodi</span> 
     </span>
    </p>
   </div>
   <div class='ocr_carea' id='block_1_7' title="bbox 1103 715 2047 772">
    <p class='ocr_par' dir='ltr' id='par_1_8' title="bbox 1103 715 2047 772">
     <span class='ocr_line' id='line_1_39' title="bbox 1103 715 2047 772; baseline -0.004 -12"><span class='ocrx_word' id='word_1_199' title='bbox 1103 728 1238 761; x_wconf 88' lang='lat' dir='ltr'>iusmodi</span> <span class='ocrx_word' id='word_1_200' title='bbox 1259 728 1435 761; x_wconf 85' lang='lat' dir='ltr'>visitatione</span> <span class='ocrx_word' id='word_1_201' title='bbox 1460 728 1626 772; x_wconf 87' lang='lat' dir='ltr'>repereris,</span> <span class='ocrx_word' id='word_1_202' title='bbox 1655 739 1700 769; x_wconf 81' lang='lat' dir='ltr'>ea,</span> <span class='ocrx_word' id='word_1_203' title='bbox 1724 738 1847 761; x_wconf 86' lang='lat' dir='ltr'>necnon</span> <span class='ocrx_word' id='word_1_204' title='bbox 1861 716 1984 764; x_wconf 38' lang='lat' dir='ltr'>2223?ae</span> <span class='ocrx_word' id='word_1_205' title='bbox 2016 715 2047 735; x_wconf 64' lang='lat'>‘³&#39;</span> 
     </span>
    </p>
   </div>
   <div class='ocr_carea' id='block_1_8' title="bbox 1105 781 1851 1201">
    <p class='ocr_par' dir='ltr' id='par_1_9' title="bbox 1105 781 1851 1031">
     <span class='ocr_line' id='line_1_40' title="bbox 1105 781 1848 825; baseline 0 -11"><span class='ocrx_word' id='word_1_206' title='bbox 1105 786 1220 814; x_wconf 84' lang='lat' dir='ltr'>statum</span> <span class='ocrx_word' id='word_1_207' title='bbox 1244 781 1344 815; x_wconf 86' lang='lat' dir='ltr'>dictae</span> <span class='ocrx_word' id='word_1_208' title='bbox 1377 781 1497 814; x_wconf 84' lang='lat' dir='ltr'>insulae</span> <span class='ocrx_word' id='word_1_209' title='bbox 1522 781 1625 825; x_wconf 87' lang='lat' dir='ltr'>quoad</span> <span class='ocrx_word' id='word_1_210' title='bbox 1649 782 1703 815; x_wconf 89' lang='lat' dir='ltr'>Dei</span> <span class='ocrx_word' id='word_1_211' title='bbox 1729 782 1848 815; x_wconf 89' lang='lat' dir='ltr'>cultum</span> 
     </span>
     <span class='ocr_line' id='line_1_41' title="bbox 1105 834 1849 879; baseline -0.001 -11"><span class='ocrx_word' id='word_1_212' title='bbox 1105 835 1354 879; x_wconf 80' lang='lat' dir='ltr'>religionemque</span> <span class='ocrx_word' id='word_1_213' title='bbox 1379 835 1564 868; x_wconf 85' lang='lat' dir='ltr'>catholicam</span> <span class='ocrx_word' id='word_1_214' title='bbox 1588 834 1789 875; x_wconf 87' lang='lat' dir='ltr'>huiusmodi,</span> <span class='ocrx_word' id='word_1_215' title='bbox 1813 845 1849 868; x_wconf 91' lang='lat' dir='ltr'>ac</span> 
     </span>
     <span class='ocr_line' id='line_1_42' title="bbox 1106 888 1850 933; baseline -0.001 -12"><span class='ocrx_word' id='word_1_216' title='bbox 1106 889 1246 922; x_wconf 85' lang='lat' dir='ltr'>remedia</span> <span class='ocrx_word' id='word_1_217' title='bbox 1270 899 1329 933; x_wconf 93' lang='lat' dir='ltr'>pro</span> <span class='ocrx_word' id='word_1_218' title='bbox 1358 889 1412 921; x_wconf 77' lang='lat' dir='ltr'>illa</span> <span class='ocrx_word' id='word_1_219' title='bbox 1442 888 1659 922; x_wconf 77' lang='lat' dir='ltr'>conservanda</span> <span class='ocrx_word' id='word_1_220' title='bbox 1685 893 1714 921; x_wconf 87' lang='lat' dir='ltr'>ct</span> <span class='ocrx_word' id='word_1_221' title='bbox 1738 899 1850 932; x_wconf 85' lang='lat' dir='ltr'>propa-</span> 
     </span>
     <span class='ocr_line' id='line_1_43' title="bbox 1107 941 1851 986; baseline -0.001 -11"><span class='ocrx_word' id='word_1_222' title='bbox 1107 943 1230 986; x_wconf 78' lang='lat' dir='ltr'>ganda,</span> <span class='ocrx_word' id='word_1_223' title='bbox 1255 943 1292 975; x_wconf 92' lang='lat' dir='ltr'>ad</span> <span class='ocrx_word' id='word_1_224' title='bbox 1324 953 1382 976; x_wconf 92' lang='lat' dir='ltr'>nos</span> <span class='ocrx_word' id='word_1_225' title='bbox 1412 942 1649 986; x_wconf 90' lang='lat' dir='ltr'>quamprimum</span> <span class='ocrx_word' id='word_1_226' title='bbox 1683 941 1851 984; x_wconf 84' lang='lat' dir='ltr'>diligenter</span> 
     </span>
     <span class='ocr_line' id='line_1_44' title="bbox 1106 996 1307 1031; baseline 0 -2"><span class='ocrx_word' id='word_1_227' title='bbox 1106 996 1307 1031; x_wconf 82' lang='lat' dir='ltr'>transmittas.</span> 
     </span>
    </p>

    <p class='ocr_par' dir='ltr' id='par_1_10' title="bbox 1108 1048 1851 1201">
     <span class='ocr_line' id='line_1_45' title="bbox 1152 1048 1851 1093; baseline -0.003 -10"><span class='ocrx_word' id='word_1_228' title='bbox 1152 1051 1263 1084; x_wconf 87' lang='lat' dir='ltr'>Datum</span> <span class='ocrx_word' id='word_1_229' title='bbox 1280 1051 1407 1090; x_wconf 82' lang='lat' dir='ltr'>Romae,</span> <span class='ocrx_word' id='word_1_230' title='bbox 1424 1049 1508 1093; x_wconf 87' lang='lat' dir='ltr'>apud</span> <span class='ocrx_word' id='word_1_231' title='bbox 1525 1049 1554 1082; x_wconf 82' lang='lat' dir='ltr'>S.</span> <span class='ocrx_word' id='word_1_232' title='bbox 1573 1050 1711 1089; x_wconf 89' lang='lat' dir='ltr'>Petrum,</span> <span class='ocrx_word' id='word_1_233' title='bbox 1725 1048 1783 1081; x_wconf 88' lang='lat' dir='ltr'>sub</span> <span class='ocrx_word' id='word_1_234' title='bbox 1801 1059 1851 1081; x_wconf 89' lang='lat' dir='ltr'>an-</span> 
     </span>
     <span class='ocr_line' id='line_1_46' title="bbox 1108 1102 1850 1144; baseline 0 -8"><span class='ocrx_word' id='word_1_235' title='bbox 1108 1104 1183 1136; x_wconf 87' lang='lat' dir='ltr'>nulo</span> <span class='ocrx_word' id='word_1_236' title='bbox 1193 1102 1370 1144; x_wconf 82' lang='lat' dir='ltr'>Piscatoris,</span> <span class='ocrx_word' id='word_1_237' title='bbox 1381 1103 1430 1136; x_wconf 91' lang='lat' dir='ltr'>die</span> <span class='ocrx_word' id='word_1_238' title='bbox 1441 1113 1494 1137; x_wconf 85' lang='lat' dir='ltr'>x1v</span> <span class='ocrx_word' id='word_1_239' title='bbox 1508 1103 1685 1136; x_wconf 82' lang='lat' dir='ltr'>decembris</span> <span class='ocrx_word' id='word_1_240' title='bbox 1695 1112 1850 1143; x_wconf 64' lang='lat' dir='ltr'>uncxitin,</span> 
     </span>
     <span class='ocr_line' id='line_1_47' title="bbox 1110 1156 1604 1201; baseline -0.002 -11"><span class='ocrx_word' id='word_1_241' title='bbox 1110 1157 1310 1201; x_wconf 85' lang='lat' dir='ltr'>pontificatus</span> <span class='ocrx_word' id='word_1_242' title='bbox 1335 1158 1435 1191; x_wconf 84' lang='lat' dir='ltr'>nostri</span> <span class='ocrx_word' id='word_1_243' title='bbox 1460 1168 1542 1190; x_wconf 85' lang='lat' dir='ltr'>anno</span> <span class='ocrx_word' id='word_1_244' title='bbox 1567 1156 1604 1190; x_wconf 87' lang='lat'>1¹.</span> 
     </span>
    </p>
   </div>
   <div class='ocr_carea' id='block_1_9' title="bbox 1146 1219 1804 1255">
    <p class='ocr_par' dir='ltr' id='par_1_11' title="bbox 1146 1219 1804 1255">
     <span class='ocr_line' id='line_1_48' title="bbox 1146 1219 1804 1255; baseline -0.002 -9"><span class='ocrx_word' id='word_1_245' title='bbox 1146 1220 1207 1246; x_wconf 88' lang='lat' dir='ltr'>Dat.</span> <span class='ocrx_word' id='word_1_246' title='bbox 1229 1219 1273 1246; x_wconf 84' lang='lat' dir='ltr'>die</span> <span class='ocrx_word' id='word_1_247' title='bbox 1292 1220 1328 1246; x_wconf 77' lang='lat'>14</span> <span class='ocrx_word' id='word_1_248' title='bbox 1347 1219 1502 1247; x_wconf 84' lang='lat' dir='ltr'>decembris</span> <span class='ocrx_word' id='word_1_249' title='bbox 1522 1219 1600 1254; x_wconf 70' lang='lat'>1623,</span> <span class='ocrx_word' id='word_1_250' title='bbox 1616 1219 1710 1255; x_wconf 87' lang='lat' dir='ltr'>pontif.</span> <span class='ocrx_word' id='word_1_251' title='bbox 1730 1228 1772 1246; x_wconf 83' lang='lat' dir='ltr'>an.</span> <span class='ocrx_word' id='word_1_252' title='bbox 1788 1227 1804 1245; x_wconf 83' lang='lat' dir='ltr'>t.</span> 
     </span>
    </p>
   </div>
   <div class='ocr_carea' id='block_1_10' title="bbox 1378 1297 1588 1301">
    <p class='ocr_par' dir='ltr' id='par_1_12' title="bbox 1378 1297 1588 1301">
     <span class='ocr_line' id='line_1_49' title="bbox 1378 1297 1588 1301; baseline 0 0"><span class='ocrx_word' id='word_1_253' title='bbox 1378 1297 1588 1301; x_wconf 95' lang='lat' dir='ltr'> </span> 
     </span>
    </p>
   </div>
   <div class='ocr_carea' id='block_1_11' title="bbox 1115 1442 1855 1539">
    <p class='ocr_par' dir='ltr' id='par_1_13' title="bbox 1115 1442 1855 1539">
     <span class='ocr_line' id='line_1_50' title="bbox 1115 1442 1855 1486; baseline -0.003 -9"><span class='ocrx_word' id='word_1_254' title='bbox 1115 1442 1326 1485; x_wconf 74' lang='lat' dir='ltr'>Confirmatio</span> <span class='ocrx_word' id='word_1_255' title='bbox 1361 1443 1548 1476; x_wconf 78' lang='lat' dir='ltr'>litterarum</span> <span class='ocrx_word' id='word_1_256' title='bbox 1579 1442 1684 1476; x_wconf 71' lang='lat' dir='ltr'>Pauli</span> <span class='ocrx_word' id='word_1_257' title='bbox 1713 1442 1739 1475; x_wconf 88' lang='lat' dir='ltr'><em>V</em></span> <span class='ocrx_word' id='word_1_258' title='bbox 1759 1453 1855 1486; x_wconf 84' lang='lat' dir='ltr'>super</span> 
     </span>
     <span class='ocr_line' id='line_1_51' title="bbox 1157 1495 1851 1539; baseline 0 -11"><span class='ocrx_word' id='word_1_259' title='bbox 1157 1496 1311 1528; x_wconf 74' lang='lat' dir='ltr'>carnibus</span> <span class='ocrx_word' id='word_1_260' title='bbox 1328 1496 1364 1528; x_wconf 75' lang='lat' dir='ltr'>in</span> <span class='ocrx_word' id='word_1_261' title='bbox 1381 1506 1479 1539; x_wconf 73' lang='lat' dir='ltr'>reyno</span> <span class='ocrx_word' id='word_1_262' title='bbox 1492 1495 1628 1529; x_wconf 71' lang='lat' dir='ltr'>Siciliae</span> <span class='ocrx_word' id='word_1_263' title='bbox 1641 1495 1851 1529; x_wconf 63' lang='lat' dir='ltr'>inactandt&#39;s‘.</span> 
     </span>
    </p>
   </div>
   <div class='ocr_carea' id='block_1_12' title="bbox 1255 1576 1708 1647">
    <p class='ocr_par' dir='ltr' id='par_1_14' title="bbox 1255 1576 1708 1647">
     <span class='ocr_line' id='line_1_52' title="bbox 1317 1576 1650 1610; baseline 0.003 -8"><span class='ocrx_word' id='word_1_264' title='bbox 1317 1576 1452 1603; x_wconf 85' lang='lat' dir='ltr'>Urbanus</span> <span class='ocrx_word' id='word_1_265' title='bbox 1473 1576 1552 1610; x_wconf 83' lang='lat' dir='ltr'>Papa</span> <span class='ocrx_word' id='word_1_266' title='bbox 1570 1576 1650 1609; x_wconf 89' lang='lat' dir='ltr'>VIII,</span> 
     </span>
     <span class='ocr_line' id='line_1_53' title="bbox 1255 1620 1708 1647; baseline 0 0"><span class='ocrx_word' id='word_1_267' title='bbox 1255 1621 1291 1647; x_wconf 86' lang='lat' dir='ltr'>ad</span> <span class='ocrx_word' id='word_1_268' title='bbox 1311 1620 1444 1647; x_wconf 80' lang='lat' dir='ltr'>futuram</span> <span class='ocrx_word' id='word_1_269' title='bbox 1463 1620 1509 1647; x_wconf 87' lang='lat' dir='ltr'>rei</span> <span class='ocrx_word' id='word_1_270' title='bbox 1528 1620 1708 1647; x_wconf 84' lang='lat' dir='ltr'>memoriam.</span> 
     </span>
    </p>
   </div>
   <div class='ocr_carea' id='block_1_13' title="bbox 1770 240 2039 279">
    <p class='ocr_par' dir='ltr' id='par_1_15' title="bbox 1770 240 2039 279">
     <span class='ocr_line' id='line_1_54' title="bbox 1770 240 2039 279; baseline 0.011 -3"><span class='ocrx_word' id='word_1_271' title='bbox 1770 240 1812 277; x_wconf 75' lang='lat'>83</span> <span class='ocrx_word' id='word_1_272' title='bbox 1859 253 1906 279; x_wconf 67' lang='lat' dir='ltr'>An.</span> <span class='ocrx_word' id='word_1_273' title='bbox 1924 252 1952 279; x_wconf 86' lang='lat' dir='ltr'>c.</span> <span class='ocrx_word' id='word_1_274' title='bbox 1971 252 2039 279; x_wconf 68' lang='lat'>1623</span> 
     </span>
    </p>
   </div>
   <div class='ocr_carea' id='block_1_14' title="bbox 334 1691 1082 2100">
    <p class='ocr_par' dir='ltr' id='par_1_16' title="bbox 334 1691 1082 2100">
     <span class='ocr_line' id='line_1_55' title="bbox 336 1691 1081 1735; baseline -0.001 -11"><span class='ocrx_word' id='word_1_275' title='bbox 336 1697 435 1733; x_wconf 85' lang='lat' dir='ltr'>reant,</span> <span class='ocrx_word' id='word_1_276' title='bbox 460 1691 608 1725; x_wconf 88' lang='lat' dir='ltr'>obediant</span> <span class='ocrx_word' id='word_1_277' title='bbox 632 1695 662 1725; x_wconf 90' lang='lat' dir='ltr'>et</span> <span class='ocrx_word' id='word_1_278' title='bbox 686 1691 841 1732; x_wconf 85' lang='lat' dir='ltr'>assistant,</span> <span class='ocrx_word' id='word_1_279' title='bbox 859 1697 974 1735; x_wconf 86' lang='lat' dir='ltr'>tuaque</span> <span class='ocrx_word' id='word_1_280' title='bbox 1000 1692 1081 1724; x_wconf 88' lang='lat' dir='ltr'>salu-</span> 
     </span>
     <span class='ocr_line' id='line_1_56' title="bbox 334 1745 1081 1789; baseline -0.001 -11"><span class='ocrx_word' id='word_1_281' title='bbox 334 1745 403 1779; x_wconf 88' lang='lat' dir='ltr'>bria</span> <span class='ocrx_word' id='word_1_282' title='bbox 427 1745 547 1779; x_wconf 88' lang='lat' dir='ltr'>monita</span> <span class='ocrx_word' id='word_1_283' title='bbox 573 1751 603 1778; x_wconf 90' lang='lat' dir='ltr'>et</span> <span class='ocrx_word' id='word_1_284' title='bbox 626 1745 772 1778; x_wconf 90' lang='lat' dir='ltr'>mandata</span> <span class='ocrx_word' id='word_1_285' title='bbox 792 1745 961 1789; x_wconf 84' lang='lat' dir='ltr'>suscipiant</span> <span class='ocrx_word' id='word_1_286' title='bbox 979 1745 1081 1778; x_wconf 92' lang='lat' dir='ltr'>humi-</span> 
     </span>
     <span class='ocr_line' id='line_1_57' title="bbox 334 1798 1079 1842; baseline 0 -11"><span class='ocrx_word' id='word_1_287' title='bbox 334 1798 422 1839; x_wconf 87' lang='lat' dir='ltr'>liter,</span> <span class='ocrx_word' id='word_1_288' title='bbox 447 1804 477 1832; x_wconf 88' lang='lat' dir='ltr'>et</span> <span class='ocrx_word' id='word_1_289' title='bbox 501 1799 669 1833; x_wconf 84' lang='lat' dir='ltr'>efficaciter</span> <span class='ocrx_word' id='word_1_290' title='bbox 694 1798 867 1842; x_wconf 87' lang='lat' dir='ltr'>adimplere</span> <span class='ocrx_word' id='word_1_291' title='bbox 889 1804 1079 1842; x_wconf 88' lang='lat' dir='ltr'>procurent,</span> 
     </span>
     <span class='ocr_line' id='line_1_58' title="bbox 336 1852 1079 1896; baseline 0 -12"><span class='ocrx_word' id='word_1_292' title='bbox 336 1852 476 1896; x_wconf 86' lang='lat' dir='ltr'>alioquin</span> <span class='ocrx_word' id='word_1_293' title='bbox 499 1853 697 1894; x_wconf 87' lang='lat' dir='ltr'>sententiam,</span> <span class='ocrx_word' id='word_1_294' title='bbox 723 1853 786 1885; x_wconf 72' lang='lat' dir='ltr'>sive</span> <span class='ocrx_word' id='word_1_295' title='bbox 811 1863 961 1896; x_wconf 85' lang='lat' dir='ltr'>poenam,</span> <span class='ocrx_word' id='word_1_296' title='bbox 986 1863 1079 1896; x_wconf 85' lang='lat' dir='ltr'>quam</span> 
     </span>
     <span class='ocr_line' id='line_1_59' title="bbox 336 1905 1082 1947; baseline 0.001 -10"><span class='ocrx_word' id='word_1_297' title='bbox 336 1905 396 1939; x_wconf 91' lang='lat' dir='ltr'>rite</span> <span class='ocrx_word' id='word_1_298' title='bbox 421 1905 532 1939; x_wconf 87' lang='lat' dir='ltr'>tuleris</span> <span class='ocrx_word' id='word_1_299' title='bbox 560 1916 614 1939; x_wconf 88' lang='lat' dir='ltr'>seu</span> <span class='ocrx_word' id='word_1_300' title='bbox 639 1906 786 1939; x_wconf 87' lang='lat' dir='ltr'>statueris</span> <span class='ocrx_word' id='word_1_301' title='bbox 811 1906 843 1938; x_wconf 90' lang='lat' dir='ltr'>in</span> <span class='ocrx_word' id='word_1_302' title='bbox 866 1906 1011 1947; x_wconf 83' lang='lat' dir='ltr'>rebelles,</span> <span class='ocrx_word' id='word_1_303' title='bbox 1036 1916 1082 1938; x_wconf 88' lang='lat' dir='ltr'>ra-</span> 
     </span>
     <span class='ocr_line' id='line_1_60' title="bbox 337 1959 1081 2001; baseline 0.001 -10"><span class='ocrx_word' id='word_1_304' title='bbox 337 1964 400 1991; x_wconf 86' lang='lat' dir='ltr'>tam</span> <span class='ocrx_word' id='word_1_305' title='bbox 426 1959 625 2001; x_wconf 87' lang='lat' dir='ltr'>habebimus,</span> <span class='ocrx_word' id='word_1_306' title='bbox 644 1964 674 1992; x_wconf 85' lang='lat' dir='ltr'>et</span> <span class='ocrx_word' id='word_1_307' title='bbox 693 1960 854 1999; x_wconf 84' lang='lat' dir='ltr'>faciemus,</span> <span class='ocrx_word' id='word_1_308' title='bbox 868 1965 996 1992; x_wconf 87' lang='lat' dir='ltr'>auctore</span> <span class='ocrx_word' id='word_1_309' title='bbox 1020 1960 1081 1992; x_wconf 90' lang='lat' dir='ltr'>Do-</span> 
     </span>
     <span class='ocr_line' id='line_1_61' title="bbox 339 2012 1081 2056; baseline 0 -11"><span class='ocrx_word' id='word_1_310' title='bbox 339 2012 435 2055; x_wconf 88' lang='lat' dir='ltr'>mino,</span> <span class='ocrx_word' id='word_1_311' title='bbox 450 2023 551 2056; x_wconf 89' lang='lat' dir='ltr'>usque</span> <span class='ocrx_word' id='word_1_312' title='bbox 571 2012 610 2045; x_wconf 88' lang='lat' dir='ltr'>ad</span> <span class='ocrx_word' id='word_1_313' title='bbox 634 2013 876 2047; x_wconf 81' lang='lat' dir='ltr'>satisfactionem</span> <span class='ocrx_word' id='word_1_314' title='bbox 893 2013 1081 2056; x_wconf 73' lang='lat' dir='ltr'>condignam</span> 
     </span>
     <span class='ocr_line' id='line_1_62' title="bbox 339 2066 759 2100; baseline -0.002 0"><span class='ocrx_word' id='word_1_315' title='bbox 339 2067 563 2100; x_wconf 85' lang='lat' dir='ltr'>inviolabiliter</span> <span class='ocrx_word' id='word_1_316' title='bbox 587 2066 759 2100; x_wconf 73' lang='lat' dir='ltr'>observari,</span> 
     </span>
    </p>
   </div>
   <div class='ocr_carea' id='block_1_15' title="bbox 1113 1690 2056 1788">
    <p class='ocr_par' dir='ltr' id='par_1_17' title="bbox 1113 1690 2056 1788">
     <span class='ocr_line' id='line_1_63' title="bbox 1157 1690 2056 1733; baseline -0.001 -10"><span class='ocrx_word' id='word_1_317' title='bbox 1157 1690 1241 1723; x_wconf 79' lang='lat' dir='ltr'>Alias</span> <span class='ocrx_word' id='word_1_318' title='bbox 1265 1701 1282 1723; x_wconf 87' lang='lat' dir='ltr'>a</span> <span class='ocrx_word' id='word_1_319' title='bbox 1306 1690 1406 1723; x_wconf 84' lang='lat' dir='ltr'>felicis</span> <span class='ocrx_word' id='word_1_320' title='bbox 1429 1690 1658 1724; x_wconf 87' lang='lat' dir='ltr'>recordationis</span> <span class='ocrx_word' id='word_1_321' title='bbox 1683 1691 1779 1723; x_wconf 87' lang='lat' dir='ltr'>Paulo</span> <span class='ocrx_word' id='word_1_322' title='bbox 1799 1690 1857 1723; x_wconf 89' lang='lat' dir='ltr'>Pa·</span> <span class='ocrx_word' id='word_1_323' title='bbox 1898 1702 2004 1733; x_wconf 30' lang='lat' dir='ltr'>ramus-v</span> <span class='ocrx_word' id='word_1_324' title='bbox 2020 1708 2056 1731; x_wconf 59' lang='lat' dir='ltr'>cst-</span> 
     </span>
     <span class='ocr_line' id='line_1_64' title="bbox 1113 1732 2056 1788; baseline -0.003 -11"><span class='ocrx_word' id='word_1_325' title='bbox 1113 1755 1153 1788; x_wconf 86' lang='lat' dir='ltr'>pa</span> <span class='ocrx_word' id='word_1_326' title='bbox 1170 1745 1193 1777; x_wconf 88' lang='lat' dir='ltr'>V</span> <span class='ocrx_word' id='word_1_327' title='bbox 1218 1745 1461 1788; x_wconf 83' lang='lat' dir='ltr'>praedecessore</span> <span class='ocrx_word' id='word_1_328' title='bbox 1478 1748 1587 1778; x_wconf 87' lang='lat' dir='ltr'>nostro</span> <span class='ocrx_word' id='word_1_329' title='bbox 1610 1750 1795 1777; x_wconf 87' lang='lat' dir='ltr'>emanarunt</span> <span class='ocrx_word' id='word_1_330' title='bbox 1811 1745 1858 1777; x_wconf 89' lang='lat' dir='ltr'>lit·</span> <span class='ocrx_word' id='word_1_331' title='bbox 1872 1732 2056 1781; x_wconf 50' lang='lat' dir='ltr'>ii¹ssss12¹³¹¹s¹i³e¹ii⁵=ss¹i</span> 
     </span>
    </p>
   </div>
   <div class='ocr_carea' id='block_1_16' title="bbox 1114 1783 2057 1860">
    <p class='ocr_par' dir='ltr' id='par_1_18' title="bbox 1114 1783 2057 1860">
     <span class='ocr_line' id='line_1_65' title="bbox 1114 1783 2057 1860; baseline -0.003 -30"><span class='ocrx_word' id='word_1_332' title='bbox 1114 1802 1199 1831; x_wconf 85' lang='lat' dir='ltr'>terae</span> <span class='ocrx_word' id='word_1_333' title='bbox 1224 1798 1343 1831; x_wconf 87' lang='lat' dir='ltr'>tenoris</span> <span class='ocrx_word' id='word_1_334' title='bbox 1368 1798 1587 1842; x_wconf 88' lang='lat' dir='ltr'>subsequentis</span> <span class='ocrx_word' id='word_1_335' title='bbox 1604 1797 1764 1831; x_wconf 86' lang='lat' dir='ltr'>videlicet:</span> <span class='ocrx_word' id='word_1_336' title='bbox 1782 1798 1858 1831; x_wconf 84' lang='lat' dir='ltr'>Pau—</span> <span class='ocrx_word' id='word_1_337' title='bbox 1872 1783 2057 1860; x_wconf 50' lang='grc' dir='ltr'>Ξῖῗὲἓῗιίιηῗιὲἓζέῗ</span> 
     </span>
     <span class='ocr_line' id='line_1_66' title="bbox 1872 1842 2057 1856; baseline -0.016 0"><span class='ocrx_word' id='word_1_338' title='bbox 1872 1842 1909 1856; x_wconf 69' lang='lat' dir='ltr'>ran</span> <span class='ocrx_word' id='word_1_339' title='bbox 1927 1842 1960 1855; x_wconf 80' lang='lat' dir='ltr'>um</span> <span class='ocrx_word' id='word_1_340' title='bbox 2036 1842 2057 1853; x_wconf 80' lang='lat' dir='ltr'>t-</span> 
     </span>
    </p>
   </div>
   <div class='ocr_carea' id='block_1_17' title="bbox 1114 1852 2058 2056">
    <p class='ocr_par' dir='ltr' id='par_1_19' title="bbox 1114 1852 2057 2002">
     <span class='ocr_line' id='line_1_67' title="bbox 1114 1852 2057 1896; baseline -0.004 -12"><span class='ocrx_word' id='word_1_341' title='bbox 1114 1852 1162 1884; x_wconf 89' lang='lat' dir='ltr'>lus</span> <span class='ocrx_word' id='word_1_342' title='bbox 1192 1852 1274 1896; x_wconf 87' lang='lat' dir='ltr'>Papa</span> <span class='ocrx_word' id='word_1_343' title='bbox 1298 1852 1320 1884; x_wconf 85' lang='lat' dir='ltr'>V</span> <span class='ocrx_word' id='word_1_344' title='bbox 1345 1852 1383 1884; x_wconf 91' lang='lat' dir='ltr'>ad</span> <span class='ocrx_word' id='word_1_345' title='bbox 1415 1852 1552 1886; x_wconf 87' lang='lat' dir='ltr'>futuram</span> <span class='ocrx_word' id='word_1_346' title='bbox 1582 1852 1628 1885; x_wconf 88' lang='lat' dir='ltr'>rei</span> <span class='ocrx_word' id='word_1_347' title='bbox 1659 1852 1855 1889; x_wconf 75' lang='lat' dir='ltr'>memoriam,</span> <span class='ocrx_word' id='word_1_348' title='bbox 1873 1867 2057 1887; x_wconf 55' lang='lat' dir='ltr'>rumgenerama.</span> 
     </span>
     <span class='ocr_line' id='line_1_68' title="bbox 1114 1891 1989 1949; baseline -0.002 -11"><span class='ocrx_word' id='word_1_349' title='bbox 1114 1905 1212 1938; x_wconf 68' lang='lat' dir='ltr'>Alitis</span> <span class='ocrx_word' id='word_1_350' title='bbox 1236 1916 1275 1938; x_wconf 72' lang='lat' dir='ltr'>eac</span> <span class='ocrx_word' id='word_1_351' title='bbox 1299 1906 1406 1938; x_wconf 79' lang='lat' dir='ltr'>causis</span> <span class='ocrx_word' id='word_1_352' title='bbox 1430 1906 1565 1949; x_wconf 83' lang='lat' dir='ltr'>(reliqua</span> <span class='ocrx_word' id='word_1_353' title='bbox 1588 1905 1658 1938; x_wconf 86' lang='lat' dir='ltr'>vide</span> <span class='ocrx_word' id='word_1_354' title='bbox 1682 1905 1714 1937; x_wconf 89' lang='lat' dir='ltr'>in</span> <span class='ocrx_word' id='word_1_355' title='bbox 1738 1904 1857 1938; x_wconf 89' lang='lat' dir='ltr'>Consti·</span> <span class='ocrx_word' id='word_1_356' title='bbox 1873 1891 1989 1909; x_wconf 58' lang='lat' dir='ltr'>⁰¹m⁰²⁰‘&#39;</span> 
     </span>
     <span class='ocr_line' id='line_1_69' title="bbox 1116 1957 1734 2002; baseline -0.002 -11"><span class='ocrx_word' id='word_1_357' title='bbox 1116 1959 1236 1992; x_wconf 90' lang='lat' dir='ltr'>tutione</span> <span class='ocrx_word' id='word_1_358' title='bbox 1262 1969 1368 2001; x_wconf 81' lang='lat' dir='ltr'>Lxxxt,</span> <span class='ocrx_word' id='word_1_359' title='bbox 1389 1965 1463 1992; x_wconf 91' lang='lat' dir='ltr'>tom.</span> <span class='ocrx_word' id='word_1_360' title='bbox 1488 1969 1531 2001; x_wconf 68' lang='grc' dir='ltr'>Χῖ,</span> <span class='ocrx_word' id='word_1_361' title='bbox 1557 1969 1627 2002; x_wconf 82' lang='lat' dir='ltr'>pag.</span> <span class='ocrx_word' id='word_1_362' title='bbox 1646 1957 1734 2002; x_wconf 72' lang='lat'>434).</span> 
     </span>
    </p>

    <p class='ocr_par' dir='ltr' id='par_1_20' title="bbox 1161 2011 2058 2056">
     <span class='ocr_line' id='line_1_70' title="bbox 1161 2011 2058 2056; baseline -0.006 -10"><span class='ocrx_word' id='word_1_363' title='bbox 1161 2014 1175 2056; x_wconf 63' lang='grc' dir='ltr'><strong>ἓ</strong></span> <span class='ocrx_word' id='word_1_364' title='bbox 1199 2013 1229 2046; x_wconf 92' lang='grc'>’1.</span> <span class='ocrx_word' id='word_1_365' title='bbox 1256 2014 1332 2046; x_wconf 87' lang='lat' dir='ltr'>Cum</span> <span class='ocrx_word' id='word_1_366' title='bbox 1357 2018 1461 2046; x_wconf 81' lang='lat' dir='ltr'>autem</span> <span class='ocrx_word' id='word_1_367' title='bbox 1476 2040 1483 2053; x_wconf 92' lang='lat'>‚</span> <span class='ocrx_word' id='word_1_368' title='bbox 1509 2013 1588 2046; x_wconf 86' lang='lat' dir='ltr'>sicut</span> <span class='ocrx_word' id='word_1_369' title='bbox 1612 2012 1744 2045; x_wconf 88' lang='lat' dir='ltr'>dilectus</span> <span class='ocrx_word' id='word_1_370' title='bbox 1774 2011 1858 2044; x_wconf 84' lang='lat' dir='ltr'>filius</span> <span class='ocrx_word' id='word_1_371' title='bbox 1901 2022 1960 2043; x_wconf 75' lang='lat' dir='ltr'>Pauli</span> <span class='ocrx_word' id='word_1_372' title='bbox 1978 2022 2058 2042; x_wconf 61' lang='lat' dir='ltr'>inieras</span> 
     </span>
    </p>
   </div>
   <div class='ocr_carea' id='block_1_18' title="bbox 1874 2049 2060 2074">
    <p class='ocr_par' dir='ltr' id='par_1_21' title="bbox 1874 2049 2060 2074">
     <span class='ocr_line' id='line_1_71' title="bbox 1874 2049 2060 2074; baseline -0.016 -4"><span class='ocrx_word' id='word_1_373' title='bbox 1874 2049 1992 2070; x_wconf 82' lang='lat' dir='ltr'>confirmari</span> <span class='ocrx_word' id='word_1_374' title='bbox 2012 2054 2060 2074; x_wconf 83' lang='lat' dir='ltr'>pro-</span> 
     </span>
    </p>
   </div>
   <div class='ocr_carea' id='block_1_19' title="bbox 153 2065 1989 2153">
    <p class='ocr_par' dir='ltr' id='par_1_22' title="bbox 153 2065 1989 2153">
     <span class='ocr_line' id='line_1_72' title="bbox 1117 2065 1989 2110; baseline -0.005 -11"><span class='ocrx_word' id='word_1_375' title='bbox 1117 2067 1308 2101; x_wconf 87' lang='lat' dir='ltr'>Philibertus</span> <span class='ocrx_word' id='word_1_376' title='bbox 1333 2078 1350 2100; x_wconf 87' lang='lat' dir='ltr'>a</span> <span class='ocrx_word' id='word_1_377' title='bbox 1378 2067 1545 2108; x_wconf 84' lang='lat' dir='ltr'>Sabaudia,</span> <span class='ocrx_word' id='word_1_378' title='bbox 1562 2067 1721 2110; x_wconf 85' lang='lat' dir='ltr'>prioratus</span> <span class='ocrx_word' id='word_1_379' title='bbox 1748 2065 1860 2100; x_wconf 86' lang='lat' dir='ltr'>Castel-</span> <span class='ocrx_word' id='word_1_380' title='bbox 1875 2082 1909 2097; x_wconf 75' lang='lat' dir='ltr'>rex</span> <span class='ocrx_word' id='word_1_381' title='bbox 1924 2076 1989 2102; x_wconf 79' lang='lat' dir='ltr'>petit;</span> 
     </span>
     <span class='ocr_line' id='line_1_73' title="bbox 153 2127 326 2153; baseline -0.006 -5"><span class='ocrx_word' id='word_1_382' title='bbox 153 2127 269 2153; x_wconf 76' lang='lat' dir='ltr'>Dorogaiio</span> <span class='ocrx_word' id='word_1_383' title='bbox 277 2132 326 2148; x_wconf 77' lang='lat' dir='ltr'>con-</span> 
     </span>
    </p>
   </div>
   <div class='ocr_carea' id='block_1_20' title="bbox 141 2154 265 2175">
    <p class='ocr_par' dir='ltr' id='par_1_23' title="bbox 141 2154 265 2175">
     <span class='ocr_line' id='line_1_74' title="bbox 141 2154 265 2175; baseline 0 -1"><span class='ocrx_word' id='word_1_384' title='bbox 141 2154 255 2175; x_wconf 81' lang='lat' dir='ltr'>trariorum</span> <span class='ocrx_word' id='word_1_385' title='bbox 260 2169 265 2174; x_wconf 93' lang='lat'>.</span> 
     </span>
    </p>
   </div>
   <div class='ocr_carea' id='block_1_21' title="bbox 341 2119 1088 2591">
    <p class='ocr_par' dir='ltr' id='par_1_24' title="bbox 341 2119 1088 2591">
     <span class='ocr_line' id='line_1_75' title="bbox 384 2119 1083 2164; baseline 0 -11"><span class='ocrx_word' id='word_1_386' title='bbox 384 2121 399 2164; x_wconf 66' lang='grc' dir='ltr'><strong>ἓ</strong></span> <span class='ocrx_word' id='word_1_387' title='bbox 422 2119 452 2153; x_wconf 82' lang='lat'>3.</span> <span class='ocrx_word' id='word_1_388' title='bbox 477 2121 545 2153; x_wconf 90' lang='lat' dir='ltr'>Non</span> <span class='ocrx_word' id='word_1_389' title='bbox 580 2120 777 2154; x_wconf 87' lang='lat' dir='ltr'>obstantibus</span> <span class='ocrx_word' id='word_1_390' title='bbox 808 2120 1083 2154; x_wconf 89' lang='lat' dir='ltr'>constitutionibus</span> 
     </span>
     <span class='ocr_line' id='line_1_76' title="bbox 341 2173 1083 2217; baseline 0.001 -11"><span class='ocrx_word' id='word_1_391' title='bbox 341 2178 371 2207; x_wconf 87' lang='lat' dir='ltr'>et</span> <span class='ocrx_word' id='word_1_392' title='bbox 394 2173 647 2207; x_wconf 87' lang='lat' dir='ltr'>ordinationibus</span> <span class='ocrx_word' id='word_1_393' title='bbox 671 2174 864 2217; x_wconf 85' lang='lat' dir='ltr'>apostolicis,</span> <span class='ocrx_word' id='word_1_394' title='bbox 884 2184 918 2207; x_wconf 90' lang='lat' dir='ltr'>ac</span> <span class='ocrx_word' id='word_1_395' title='bbox 937 2174 1083 2207; x_wconf 87' lang='lat' dir='ltr'>ecclesia-</span> 
     </span>
     <span class='ocr_line' id='line_1_77' title="bbox 341 2228 1084 2271; baseline 0 -10"><span class='ocrx_word' id='word_1_396' title='bbox 341 2238 431 2269; x_wconf 84' lang='lat' dir='ltr'>rum,</span> <span class='ocrx_word' id='word_1_397' title='bbox 455 2228 722 2261; x_wconf 89' lang='lat' dir='ltr'>monasteriorum</span> <span class='ocrx_word' id='word_1_398' title='bbox 747 2233 777 2261; x_wconf 88' lang='lat' dir='ltr'>et</span> <span class='ocrx_word' id='word_1_399' title='bbox 801 2228 936 2261; x_wconf 84' lang='lat' dir='ltr'>aliorum</span> <span class='ocrx_word' id='word_1_400' title='bbox 961 2228 1084 2271; x_wconf 82' lang='lat' dir='ltr'>regula-</span> 
     </span>
     <span class='ocr_line' id='line_1_78' title="bbox 342 2280 1085 2324; baseline 0 -11"><span class='ocrx_word' id='word_1_401' title='bbox 342 2280 425 2313; x_wconf 88' lang='lat' dir='ltr'>rium</span> <span class='ocrx_word' id='word_1_402' title='bbox 448 2281 592 2315; x_wconf 89' lang='lat' dir='ltr'>locorum</span> <span class='ocrx_word' id='word_1_403' title='bbox 618 2281 725 2324; x_wconf 85' lang='lat' dir='ltr'>(etiam</span> <span class='ocrx_word' id='word_1_404' title='bbox 751 2281 947 2322; x_wconf 84' lang='lat' dir='ltr'>iuramento,</span> <span class='ocrx_word' id='word_1_405' title='bbox 972 2281 1085 2314; x_wconf 87' lang='lat' dir='ltr'>confir·</span> 
     </span>
     <span class='ocr_line' id='line_1_79' title="bbox 342 2334 1084 2378; baseline 0.003 -13"><span class='ocrx_word' id='word_1_406' title='bbox 342 2334 479 2367; x_wconf 89' lang='lat' dir='ltr'>matione</span> <span class='ocrx_word' id='word_1_407' title='bbox 510 2335 700 2378; x_wconf 80' lang='lat' dir='ltr'>apostolica,</span> <span class='ocrx_word' id='word_1_408' title='bbox 726 2335 773 2367; x_wconf 85' lang='lat' dir='ltr'>vel</span> <span class='ocrx_word' id='word_1_409' title='bbox 798 2335 907 2378; x_wconf 77' lang='lat' dir='ltr'>quavis</span> <span class='ocrx_word' id='word_1_410' title='bbox 937 2334 1084 2368; x_wconf 86' lang='lat' dir='ltr'>firmitate</span> 
     </span>
     <span class='ocr_line' id='line_1_80' title="bbox 343 2386 1084 2431; baseline 0.003 -12"><span class='ocrx_word' id='word_1_411' title='bbox 343 2386 404 2419; x_wconf 78' lang='lat' dir='ltr'>alia</span> <span class='ocrx_word' id='word_1_412' title='bbox 420 2387 589 2431; x_wconf 87' lang='lat' dir='ltr'>roboratis)</span> <span class='ocrx_word' id='word_1_413' title='bbox 607 2388 730 2422; x_wconf 88' lang='lat' dir='ltr'>statutis</span> <span class='ocrx_word' id='word_1_414' title='bbox 747 2393 777 2421; x_wconf 92' lang='lat' dir='ltr'>et</span> <span class='ocrx_word' id='word_1_415' title='bbox 794 2388 1084 2429; x_wconf 84' lang='lat' dir='ltr'>consuetudinibus,</span> 
     </span>
     <span class='ocr_line' id='line_1_81' title="bbox 343 2439 1086 2485; baseline 0.004 -14"><span class='ocrx_word' id='word_1_416' title='bbox 343 2439 516 2483; x_wconf 80' lang='lat' dir='ltr'>privilegiis</span> <span class='ocrx_word' id='word_1_417' title='bbox 539 2451 675 2484; x_wconf 82' lang='lat' dir='ltr'>quoque,</span> <span class='ocrx_word' id='word_1_418' title='bbox 692 2441 820 2474; x_wconf 89' lang='lat' dir='ltr'>indultis</span> <span class='ocrx_word' id='word_1_419' title='bbox 840 2447 870 2474; x_wconf 91' lang='lat' dir='ltr'>et</span> <span class='ocrx_word' id='word_1_420' title='bbox 887 2442 999 2475; x_wconf 88' lang='lat' dir='ltr'>litteris</span> <span class='ocrx_word' id='word_1_421' title='bbox 1015 2451 1086 2485; x_wconf 89' lang='lat' dir='ltr'>apo-</span> 
     </span>
     <span class='ocr_line' id='line_1_82' title="bbox 344 2492 1087 2538; baseline 0.001 -12"><span class='ocrx_word' id='word_1_422' title='bbox 344 2492 463 2526; x_wconf 87' lang='lat' dir='ltr'>stolicis</span> <span class='ocrx_word' id='word_1_423' title='bbox 484 2493 514 2525; x_wconf 93' lang='lat' dir='ltr'>in</span> <span class='ocrx_word' id='word_1_424' title='bbox 536 2494 730 2527; x_wconf 86' lang='lat' dir='ltr'>contrarium</span> <span class='ocrx_word' id='word_1_425' title='bbox 747 2494 996 2538; x_wconf 87' lang='lat' dir='ltr'>praemissorum</span> <span class='ocrx_word' id='word_1_426' title='bbox 1012 2505 1087 2538; x_wconf 87' lang='lat' dir='ltr'>quo-</span> 
     </span>
     <span class='ocr_line' id='line_1_83' title="bbox 345 2546 1088 2591; baseline 0.003 -12"><span class='ocrx_word' id='word_1_427' title='bbox 345 2546 521 2580; x_wconf 88' lang='lat' dir='ltr'>modolibet</span> <span class='ocrx_word' id='word_1_428' title='bbox 545 2549 712 2591; x_wconf 87' lang='lat' dir='ltr'>concessis,</span> <span class='ocrx_word' id='word_1_429' title='bbox 738 2548 932 2581; x_wconf 85' lang='lat' dir='ltr'>confirmatis</span> <span class='ocrx_word' id='word_1_430' title='bbox 952 2553 982 2582; x_wconf 91' lang='lat' dir='ltr'>et</span> <span class='ocrx_word' id='word_1_431' title='bbox 1002 2548 1088 2582; x_wconf 90' lang='lat' dir='ltr'>inno-</span> 
     </span>
    </p>
   </div>
   <div class='ocr_carea' id='block_1_22' title="bbox 384 2663 1060 2699">
    <p class='ocr_par' dir='ltr' id='par_1_25' title="bbox 384 2663 1060 2699">
     <span class='ocr_line' id='line_1_84' title="bbox 384 2663 1060 2699; baseline -0.001 -8"><span class='ocrx_word' id='word_1_432' title='bbox 384 2665 393 2691; x_wconf 87' lang='lat'>1</span> <span class='ocrx_word' id='word_1_433' title='bbox 415 2663 479 2691; x_wconf 82' lang='lat' dir='ltr'>Heic</span> <span class='ocrx_word' id='word_1_434' title='bbox 497 2664 635 2691; x_wconf 81' lang='lat' dir='ltr'>videretur</span> <span class='ocrx_word' id='word_1_435' title='bbox 648 2663 791 2698; x_wconf 84' lang='lat' dir='ltr'>legendum</span> <span class='ocrx_word' id='word_1_436' title='bbox 807 2672 943 2699; x_wconf 79' lang='lat' dir='ltr'>personas</span> <span class='ocrx_word' id='word_1_437' title='bbox 957 2665 995 2699; x_wconf 71' lang='lat' dir='ltr'>(a.</span> <span class='ocrx_word' id='word_1_438' title='bbox 1012 2665 1060 2698; x_wconf 78' lang='lat' dir='ltr'>r.).</span> 
     </span>
    </p>
   </div>
   <div class='ocr_carea' id='block_1_23' title="bbox 1117 2119 1861 2219">
    <p class='ocr_par' dir='ltr' id='par_1_26' title="bbox 1117 2119 1861 2219">
     <span class='ocr_line' id='line_1_85' title="bbox 1119 2119 1861 2165; baseline -0.003 -11"><span class='ocrx_word' id='word_1_439' title='bbox 1119 2122 1167 2154; x_wconf 86' lang='lat' dir='ltr'>lae</span> <span class='ocrx_word' id='word_1_440' title='bbox 1191 2126 1222 2154; x_wconf 86' lang='lat' dir='ltr'>et</span> <span class='ocrx_word' id='word_1_441' title='bbox 1246 2121 1394 2164; x_wconf 82' lang='lat' dir='ltr'>Legionis</span> <span class='ocrx_word' id='word_1_442' title='bbox 1418 2120 1583 2165; x_wconf 87' lang='lat' dir='ltr'>hospitalis</span> <span class='ocrx_word' id='word_1_443' title='bbox 1600 2119 1629 2153; x_wconf 89' lang='lat' dir='ltr'>S.</span> <span class='ocrx_word' id='word_1_444' title='bbox 1647 2120 1772 2153; x_wconf 88' lang='lat' dir='ltr'>Ioannis</span> <span class='ocrx_word' id='word_1_445' title='bbox 1791 2119 1861 2152; x_wconf 93' lang='lat' dir='ltr'>Hie-</span> 
     </span>
     <span class='ocr_line' id='line_1_86' title="bbox 1117 2172 1859 2219; baseline -0.004 -11"><span class='ocrx_word' id='word_1_446' title='bbox 1117 2175 1335 2219; x_wconf 68' lang='lat' dir='ltr'>rosolymitani</span> <span class='ocrx_word' id='word_1_447' title='bbox 1356 2175 1455 2218; x_wconf 87' lang='lat' dir='ltr'>prior,</span> <span class='ocrx_word' id='word_1_448' title='bbox 1473 2179 1502 2207; x_wconf 91' lang='lat' dir='ltr'>et</span> <span class='ocrx_word' id='word_1_449' title='bbox 1519 2173 1691 2208; x_wconf 88' lang='lat' dir='ltr'>modernus</span> <span class='ocrx_word' id='word_1_450' title='bbox 1707 2172 1859 2217; x_wconf 85' lang='lat' dir='ltr'>praedicti</span> 
     </span>
    </p>
   </div>
   <div class='ocr_carea' id='block_1_24' title="bbox 1119 2262 1866 2699">
    <p class='ocr_par' dir='ltr' id='par_1_27' title="bbox 1119 2262 1862 2470">
     <span class='ocr_line' id='line_1_87' title="bbox 1155 2262 1860 2300; baseline -0.003 -9"><span class='ocrx_word' id='word_1_451' title='bbox 1155 2266 1164 2291; x_wconf 88' lang='grc'>1</span> <span class='ocrx_word' id='word_1_452' title='bbox 1189 2264 1316 2291; x_wconf 89' lang='lat' dir='ltr'>Eiusdem</span> <span class='ocrx_word' id='word_1_453' title='bbox 1336 2263 1452 2300; x_wconf 82' lang='lat' dir='ltr'>exempli</span> <span class='ocrx_word' id='word_1_454' title='bbox 1472 2263 1578 2291; x_wconf 82' lang='lat' dir='ltr'>litterae</span> <span class='ocrx_word' id='word_1_455' title='bbox 1602 2263 1645 2290; x_wconf 88' lang='lat' dir='ltr'>die</span> <span class='ocrx_word' id='word_1_456' title='bbox 1670 2271 1708 2290; x_wconf 89' lang='lat' dir='ltr'>x11</span> <span class='ocrx_word' id='word_1_457' title='bbox 1731 2262 1790 2290; x_wconf 88' lang='lat' dir='ltr'>iulii</span> <span class='ocrx_word' id='word_1_458' title='bbox 1811 2270 1860 2290; x_wconf 85' lang='lat' dir='ltr'>an-</span> 
     </span>
     <span class='ocr_line' id='line_1_88' title="bbox 1119 2307 1861 2343; baseline -0.001 -8"><span class='ocrx_word' id='word_1_459' title='bbox 1119 2309 1145 2336; x_wconf 91' lang='lat' dir='ltr'>ni</span> <span class='ocrx_word' id='word_1_460' title='bbox 1159 2315 1271 2336; x_wconf 78' lang='lat' dir='ltr'>MDcxxlv</span> <span class='ocrx_word' id='word_1_461' title='bbox 1287 2309 1408 2336; x_wconf 87' lang='lat' dir='ltr'>directae</span> <span class='ocrx_word' id='word_1_462' title='bbox 1423 2308 1648 2336; x_wconf 78' lang='lat' dir='ltr'>sueruntOctavio</span> <span class='ocrx_word' id='word_1_463' title='bbox 1659 2307 1861 2343; x_wconf 83' lang='lat' dir='ltr'>archiepiscopo</span> 
     </span>
     <span class='ocr_line' id='line_1_89' title="bbox 1119 2352 1861 2388; baseline -0.003 -8"><span class='ocrx_word' id='word_1_464' title='bbox 1119 2353 1249 2388; x_wconf 87' lang='lat' dir='ltr'>Iadrensi,</span> <span class='ocrx_word' id='word_1_465' title='bbox 1267 2357 1296 2380; x_wconf 92' lang='lat' dir='ltr'>ut</span> <span class='ocrx_word' id='word_1_466' title='bbox 1312 2353 1442 2381; x_wconf 87' lang='lat' dir='ltr'>ecclesias</span> <span class='ocrx_word' id='word_1_467' title='bbox 1457 2357 1483 2379; x_wconf 90' lang='lat' dir='ltr'>et</span> <span class='ocrx_word' id='word_1_468' title='bbox 1502 2352 1700 2380; x_wconf 86' lang='lat' dir='ltr'>ecclesiasticos</span> <span class='ocrx_word' id='word_1_469' title='bbox 1723 2359 1816 2379; x_wconf 85' lang='lat' dir='ltr'>omnes</span> <span class='ocrx_word' id='word_1_470' title='bbox 1834 2352 1861 2378; x_wconf 93' lang='lat' dir='ltr'>in</span> 
     </span>
     <span class='ocr_line' id='line_1_90' title="bbox 1120 2396 1862 2433; baseline -0.003 -8"><span class='ocrx_word' id='word_1_471' title='bbox 1120 2398 1251 2425; x_wconf 83' lang='lat' dir='ltr'>Dalmatia</span> <span class='ocrx_word' id='word_1_472' title='bbox 1274 2399 1419 2425; x_wconf 83' lang='lat' dir='ltr'>existentes</span> <span class='ocrx_word' id='word_1_473' title='bbox 1443 2397 1604 2425; x_wconf 87' lang='lat' dir='ltr'>auctoritate</span> <span class='ocrx_word' id='word_1_474' title='bbox 1628 2396 1775 2433; x_wconf 74' lang='lat' dir='ltr'>apostolica</span> <span class='ocrx_word' id='word_1_475' title='bbox 1797 2396 1862 2424; x_wconf 92' lang='lat' dir='ltr'>visi-</span> 
     </span>
     <span class='ocr_line' id='line_1_91' title="bbox 1120 2447 1197 2470; baseline 0 -1"><span class='ocrx_word' id='word_1_476' title='bbox 1120 2447 1197 2470; x_wconf 80' lang='lat' dir='ltr'>taret.</span> 
     </span>
    </p>

    <p class='ocr_par' dir='ltr' id='par_1_28' title="bbox 1121 2486 1866 2699">
     <span class='ocr_line' id='line_1_92' title="bbox 1155 2486 1864 2522; baseline 0 -9"><span class='ocrx_word' id='word_1_477' title='bbox 1155 2487 1171 2512; x_wconf 70' lang='lat'><strong>2</strong></span> <span class='ocrx_word' id='word_1_478' title='bbox 1192 2487 1228 2513; x_wconf 86' lang='lat' dir='ltr'>Ex</span> <span class='ocrx_word' id='word_1_479' title='bbox 1252 2486 1359 2522; x_wconf 83' lang='lat' dir='ltr'>Regest.</span> <span class='ocrx_word' id='word_1_480' title='bbox 1385 2487 1412 2513; x_wconf 90' lang='lat' dir='ltr'>in</span> <span class='ocrx_word' id='word_1_481' title='bbox 1438 2486 1538 2513; x_wconf 86' lang='lat' dir='ltr'>Secret.</span> <span class='ocrx_word' id='word_1_482' title='bbox 1564 2486 1644 2513; x_wconf 84' lang='lat' dir='ltr'>Brev.</span> <span class='ocrx_word' id='word_1_483' title='bbox 1666 2486 1767 2513; x_wconf 88' lang='lat' dir='ltr'>Paulus</span> <span class='ocrx_word' id='word_1_484' title='bbox 1790 2486 1813 2513; x_wconf 89' lang='lat' dir='ltr'><strong>V</strong></span> <span class='ocrx_word' id='word_1_485' title='bbox 1838 2486 1864 2513; x_wconf 90' lang='lat' dir='ltr'>in</span> 
     </span>
     <span class='ocr_line' id='line_1_93' title="bbox 1121 2531 1864 2567; baseline 0.001 -10"><span class='ocrx_word' id='word_1_486' title='bbox 1121 2531 1262 2558; x_wconf 86' lang='lat' dir='ltr'>Constitut.</span> <span class='ocrx_word' id='word_1_487' title='bbox 1283 2538 1343 2558; x_wconf 78' lang='lat' dir='ltr'>thx</span> <span class='ocrx_word' id='word_1_488' title='bbox 1368 2539 1437 2566; x_wconf 87' lang='lat' dir='ltr'>quae</span> <span class='ocrx_word' id='word_1_489' title='bbox 1457 2531 1557 2566; x_wconf 83' lang='lat' dir='ltr'>legitur</span> <span class='ocrx_word' id='word_1_490' title='bbox 1576 2534 1640 2559; x_wconf 87' lang='lat' dir='ltr'>tom.</span> <span class='ocrx_word' id='word_1_491' title='bbox 1664 2538 1700 2566; x_wconf 85' lang='lat' dir='ltr'>xt,</span> <span class='ocrx_word' id='word_1_492' title='bbox 1716 2540 1777 2567; x_wconf 83' lang='lat' dir='ltr'>pag.</span> <span class='ocrx_word' id='word_1_493' title='bbox 1794 2531 1864 2562; x_wconf 87' lang='lat'>385,</span> 
     </span>
     <span class='ocr_line' id='line_1_94' title="bbox 1121 2575 1865 2612; baseline -0.001 -9"><span class='ocrx_word' id='word_1_494' title='bbox 1121 2576 1228 2610; x_wconf 74' lang='lat' dir='ltr'>aliaque</span> <span class='ocrx_word' id='word_1_495' title='bbox 1241 2575 1341 2602; x_wconf 87' lang='lat' dir='ltr'>ibidem</span> <span class='ocrx_word' id='word_1_496' title='bbox 1356 2576 1443 2610; x_wconf 79' lang='lat' dir='ltr'>posita</span> <span class='ocrx_word' id='word_1_497' title='bbox 1462 2575 1513 2602; x_wconf 90' lang='lat' dir='ltr'>sub</span> <span class='ocrx_word' id='word_1_498' title='bbox 1534 2584 1609 2603; x_wconf 91' lang='lat' dir='ltr'>num.</span> <span class='ocrx_word' id='word_1_499' title='bbox 1625 2582 1718 2610; x_wconf 80' lang='lat' dir='ltr'>Lxxxt‚</span> <span class='ocrx_word' id='word_1_500' title='bbox 1735 2584 1796 2612; x_wconf 82' lang='lat' dir='ltr'>pag.</span> <span class='ocrx_word' id='word_1_501' title='bbox 1813 2575 1865 2603; x_wconf 75' lang='lat'>434</span> 
     </span>
     <span class='ocr_line' id='line_1_95' title="bbox 1123 2619 1866 2655; baseline 0 -9"><span class='ocrx_word' id='word_1_502' title='bbox 1123 2619 1271 2655; x_wconf 88' lang='lat' dir='ltr'>prohibuit,</span> <span class='ocrx_word' id='word_1_503' title='bbox 1292 2619 1436 2655; x_wconf 89' lang='lat' dir='ltr'>quominus</span> <span class='ocrx_word' id='word_1_504' title='bbox 1455 2620 1631 2648; x_wconf 85' lang='lat' dir='ltr'>ecclesiastici</span> <span class='ocrx_word' id='word_1_505' title='bbox 1648 2620 1768 2648; x_wconf 83' lang='lat' dir='ltr'>eiusdem</span> <span class='ocrx_word' id='word_1_506' title='bbox 1790 2619 1866 2655; x_wconf 83' lang='lat' dir='ltr'>regni</span> 
     </span>
     <span class='ocr_line' id='line_1_96' title="bbox 1123 2664 1806 2699; baseline 0 -9"><span class='ocrx_word' id='word_1_507' title='bbox 1123 2664 1248 2691; x_wconf 83' lang='lat' dir='ltr'>animalia</span> <span class='ocrx_word' id='word_1_508' title='bbox 1264 2672 1390 2699; x_wconf 86' lang='lat' dir='ltr'>agrorum</span> <span class='ocrx_word' id='word_1_509' title='bbox 1410 2664 1532 2693; x_wconf 86' lang='lat' dir='ltr'>culturae</span> <span class='ocrx_word' id='word_1_510' title='bbox 1552 2664 1628 2692; x_wconf 83' lang='lat' dir='ltr'>utilia</span> <span class='ocrx_word' id='word_1_511' title='bbox 1646 2668 1806 2692; x_wconf 83' lang='lat' dir='ltr'>mactarent.</span> 
     </span>
    </p>
   </div>
  </div>
 </body>
</html>
