2269 3235
239 275 287 302 An.
304 275 334 302 c.
357 275 424 302 1024
469 266 534 300 270

273 601 325 620 Item
341 602 361 619 nt
377 605 420 619 mn-

239 627 299 646 nibus
310 632 419 652 praeripe-

238 659 260 674 το
276 654 352 674 niteat.

436 329 488 356 aut
513 324 543 356 in
568 323 696 356 dubium
728 323 942 363 revocatione,
968 323 1065 355 bonas
1089 324 1175 364 fieri,

435 382 465 409 et
490 378 519 409 in
545 377 684 409 eiusdem
709 386 852 409 camerac
877 376 1066 419 apostolicae
1087 376 1175 410 libris

434 429 578 470 describi,
595 429 746 470 adnotari,
761 433 790 461 et
807 429 961 472 acceptari
979 429 1104 470 debere,
1126 440 1175 462 vo-

436 483 538 514 lumus
571 486 600 515 et
629 492 776 525 expresse
808 481 990 515 ordinamus
1021 487 1050 515 ct
1082 493 1171 515 man-

436 535 578 577 damus),

481 589 495 631 ξ
520 588 549 620 4.
577 589 613 622 Ut
638 599 712 622 vero
737 589 841 622 onmia
874 593 902 622 et
932 590 1075 632 singula,
1095 600 1175 633 quae

436 641 473 674 ad
490 642 663 685 praemissa
686 642 853 685 pertinent,
869 644 1004 683 summa,
1022 648 1055 676 ut
1076 642 1174 685 decet,

436 694 619 728 auctoritate
630 694 862 738 praecipiantur
871 694 891 736 ¹,
901 700 931 728 et
940 696 1006 738 pari
1017 695 1175 731 celeritate

436 746 560 780 debitae
584 748 785 791 exequutioni
817 748 1056 790 demandentur,
1077 749 1176 781 omni-

436 800 493 833 bus
518 806 548 833 et
572 801 703 843 singulis
728 801 994 845 archiepiscopis,
1020 802 1175 845 episeopis

436 859 466 886 et
489 854 558 886 aliis
583 855 723 887 locorum
750 854 932 894 Ordinariis,
950 864 1071 887 necnon
1087 865 1176 898 prae-

435 907 617 949 sidentibus,
635 907 907 950 gubernatoribus,
926 908 1102 950 praefectis,
1121 918 1174 941 eo-

436 971 505 992 rum
531 960 791 1014 locatenentibuss,
814 960 1028 1003 praetoribus,
1053 966 1084 992 et
1107 960 1175 992 aliis

434 1023 634 1056 quocumque
647 1012 772 1045 nomine
789 1013 976 1055 nuncupatis
989 1013 1175 1045 officialibus

435 1071 464 1097 et
487 1066 648 1106 ministris,
665 1066 774 1109 quavis
798 1070 959 1109 potestate,
979 1066 1174 1106 auctoritate,

435 1123 464 1150 ct
490 1118 655 1162 privilegio
687 1118 843 1159 suffultis,
869 1124 899 1152 et
922 1119 1174 1163 quibuscumque

434 1171 526 1205 etiam
547 1182 564 1204 a
588 1171 689 1211 nobis,
707 1177 737 1204 et
754 1172 933 1216 Apostolica
951 1172 1039 1213 Sede,
1055 1183 1110 1206 seu
1127 1183 1175 1206 ca-

435 1227 522 1257 mera
547 1225 719 1268 apostoliea
742 1226 919 1259 immediate
940 1226 1173 1270 deputationem

435 1278 642 1319 habentibus,
675 1289 729 1311 seu
764 1279 1022 1322 dependentibus,
1052 1290 1174 1313 necnon

434 1330 625 1372 baronibus,
651 1331 847 1373 domicellis,
880 1332 1058 1374 comitibus,
1083 1333 1170 1366 aliis-

434 1395 504 1428 que,
522 1384 616 1417 etiam
633 1385 745 1425 ducali,
760 1386 975 1426 marcliionali,
990 1387 1037 1419 vel
1055 1387 1114 1419 alia
1133 1387 1174 1419 di-

434 1438 552 1480 gnitate
581 1439 747 1481 insignitis,
773 1440 1114 1483 eommunitatibusque
1144 1446 1174 1473 et

434 1491 699 1533 universitatibuS,
728 1498 758 1525 et
786 1493 965 1526 bominibus
992 1494 1174 1537 qnarumvis

434 1545 690 1588 provinciarum,
727 1547 887 1580 civitatum
907 1575 914 1589 ,
950 1553 1106 1580 terrarum
1143 1553 1173 1580 et

434 1600 576 1632 locorum
607 1600 698 1633 nobis
729 1606 759 1633 et
791 1602 819 1635 S.
843 1602 876 1634 R.
903 1602 935 1634 E.
961 1602 1094 1635 mediate
1126 1602 1173 1635 vel

434 1652 612 1686 immediate
630 1653 853 1696 subiectorum,
872 1659 901 1687 et
918 1655 1023 1688 onmia
1040 1660 1070 1688 et
1084 1666 1175 1698 quae-

434 1716 570 1749 cumque
604 1707 769 1740 occasione
800 1709 1068 1751 praemissorum,
1094 1720 1173 1752 quae

435 1758 490 1791 tibi
521 1760 696 1792 necessaria
726 1765 757 1793 et
788 1767 966 1805 opportuna
1001 1762 1066 1794 visa
1100 1763 1170 1795 sue-

434 1812 513 1854 rint,
539 1818 569 1845 et
588 1813 680 1846 toties
705 1814 827 1857 quotics
851 1815 1007 1856 volueris,
1034 1815 1172 1856 mandes,

434 1865 542 1898 iubeas
566 1871 596 1899 et
621 1867 769 1911 imperes,
788 1878 823 1900 ac
849 1868 941 1900 etiam
959 1868 987 1901 S.
1005 1868 1039 1901 R,
1057 1869 1090 1901 E.
1106 1880 1173 1902 car-

434 1918 600 1961 dinalibus,
615 1920 706 1953 etiam
725 1920 763 1953 de
780 1921 876 1954 latere
897 1922 1017 1964 legatis,
1032 1922 1173 1965 rogando

434 1972 598 2016 iniungas3
624 1984 733 2007 omnes
758 1985 832 2008 vero
861 1980 891 2008 et
916 1975 1056 2018 singulos
1081 1976 1174 2009 baro-

433 2036 498 2068 nes,
524 2026 722 2068 domicellos,
740 2028 880 2069 comites,
905 2029 1046 2072 aliosque
1071 2029 1173 2062 ducali

434 2084 464 2114 et
487 2081 711 2122 marchionali,
736 2082 784 2114 vel
812 2081 872 2114 alia
905 2082 1056 2125 dignitate
1075 2094 1169 2127 prae-

434 2133 535 2174 ditos,
563 2139 593 2166 et
617 2135 772 2178 quaslibet
803 2135 879 2169 alias
909 2136 1084 2179 singulares
1107 2148 1175 2181 per-

435 2196 536 2228 sonas,
554 2187 647 2220 etiam
673 2188 908 2229 ecclesiasticas,
926 2194 987 2222 tam
1006 2190 1172 2232 seculares,

434 2250 527 2282 quam
541 2241 725 2283 quorumvis
738 2241 896 2282 ordinum,
911 2252 965 2275 seu
980 2242 1172 2284 militiarum,

435 2292 526 2325 etiam
542 2294 639 2326 sancti
654 2294 776 2327 Ioannis
790 2295 1066 2340 Hierosolymitani
1083 2306 1175 2339 regu-

434 2346 515 2378 lares
533 2347 593 2389 tim
613 2352 716 2380 tamen
742 2353 775 2380 ut
799 2354 908 2381 contra
934 2349 1060 2382 eosdem
1078 2350 1175 2383 eccle-

435 2400 585 2441 siastis-os,
595 2402 719 2435 nonnisi
734 2402 967 2447 per²personas
980 2403 1011 2436 in
1025 2403 1175 2446 dignitate

435 2454 645 2488 ‹ww-lesiastica
666 2455 857 2499 constitutas,
876 2467 932 2500 per
958 2461 986 2490 te
1010 2457 1106 2490 semel
1127 2457 1174 2490 vel

436 2507 561 2549 pluries,
580 2508 672 2541 etiam
698 2509 816 2542 iteratis
834 2509 964 2550 vicibus,
982 2510 1175 2553 deputandas

436 2560 647 2605 ptocedatur),
675 2563 699 2595 si
725 2574 805 2606 quae
829 2563 1004 2605 mandatis,
1030 2564 1121 2597 iussis
1146 2569 1175 2597 et

474 2631 481 2656 1
499 2629 643 2665 Perperam
655 2632 698 2658 ed.
710 2633 790 2660 Main.
802 2633 1174 2670 legitpercfpz’antm·(nr).

471 2675 487 2701 2
505 2674 595 2711 praep.
611 2685 664 2711 per
680 2686 727 2703 nos
742 2678 864 2704 addimus
878 2680 915 2712 (n.
932 2680 979 2714 T.).

1027 275 1205 300 BULLARIUM
1229 275 1383 300 ROMANUM

1211 323 1434 357 monitionibus
1459 324 1519 356 tuis
1536 323 1766 367 obtemperare,
1789 335 1948 358 recusave-

1210 377 1292 418 rint,
1313 381 1365 409 ant
1390 376 1450 409 illis
1474 386 1604 420 quoquo
1637 376 1730 410 modo
1754 378 1948 411 contradixe-

1210 431 1281 473 rint,
1308 431 1354 464 vel
1379 441 1445 463 sese
1470 430 1686 474 opposuerint,
1708 434 1866 474 tamquam
1891 441 1947 465 no-

1209 485 1282 517 stris
1318 489 1347 519 et
1378 484 1560 529 apostolicis
1593 483 1766 526 mandatis,
1792 484 1884 517 iussis
1919 488 1949 518 et

1210 538 1433 571 monitionibus
1458 548 1570 582 parere
1594 542 1796 581 recusantes,
1824 537 1948 580 illisque

1209 591 1468 631 contradicentes,
1485 601 1520 623 ac
1541 601 1574 623 se
1593 595 1796 634 opponenteS,
1814 594 1948 631 nostros,

1209 649 1238 677 et
1255 644 1284 677 S.
1309 644 1342 677 R.
1362 644 1406 685 E„
1423 655 1459 677 ac
1477 644 1564 677 Sedis
1588 643 1785 688 Apostolicae
1802 643 1948 686 rebelles,

1209 696 1349 729 declares
1373 702 1404 730 et
1429 697 1581 741 publices,
1598 708 1633 730 ac
1650 702 1760 730 contra
1777 696 1847 729 illos
1867 706 1949 729 sum-

1210 750 1317 792 marie,
1340 750 1526 794 simpliciter
1549 755 1580 783 et
1603 750 1640 783 de
1666 751 1770 794 plano,
1788 749 1854 783 sine
1870 754 1948 782 stre-

1209 802 1277 845 pitu
1302 808 1332 835 et
1356 803 1459 845 figura
1480 803 1597 845 iudicii,
1619 814 1714 836 manu
1738 803 1836 846 regia,
1862 803 1949 836 nullo

1209 855 1286 888 iuris
1307 855 1416 889 ordine
1441 862 1573 898 servato,
1602 867 1659 890 nec
1687 857 1791 901 aliquo
1816 857 1949 890 formato

1209 919 1370 951 processu,
1389 920 1476 943 more
1494 910 1632 952 militari,
1650 915 1702 943 aut
1721 911 1789 943 iure
1808 909 1893 951 belli,
1910 909 1950 942 ad

1209 961 1417 1004 privationem
1442 962 1630 1004 officiorum,
1654 955 1819 996 feudorum
1844 969 1874 996 et
1897 963 1950 997 bo-

1209 1024 1324 1047 norum
1349 1025 1623 1059 quorumcumque
1640 1016 1734 1048 etiam
1757 1016 1949 1049 allodialium

1210 1077 1267 1110 per
1283 1077 1337 1100 eos
1362 1067 1613 1112 quibuscumque
1629 1068 1707 1101 locis
1721 1079 1949 1112 possessorum,

1209 1131 1264 1153 seu
1289 1121 1400 1165 quovis
1420 1121 1514 1155 modo
1538 1122 1741 1155 obtentorum
1767 1122 1948 1166 respective,

1209 1175 1294 1208 omni
1322 1180 1352 1208 et
1376 1186 1574 1221 quacumque
1601 1176 1811 1220 appellatione
1840 1182 1871 1209 et
1900 1187 1950 1209 re-

1209 1240 1305 1262 cursu
1321 1230 1513 1274 postpositis,
1530 1230 1693 1274 procedas;
1713 1235 1752 1271 et,
1766 1230 1820 1263 ubi
1834 1230 1950 1264 iustitia

1210 1282 1251 1315 ita
1277 1283 1432 1325 exegerit,
1459 1288 1489 1318 et
1513 1284 1591 1317 ordo
1615 1284 1778 1317 dictaverit
1802 1283 1949 1324 rationis,

1209 1346 1264 1369 seu
1289 1348 1360 1369 cum
1378 1336 1419 1369 ita
1436 1337 1584 1381 expedire
1608 1337 1804 1380 indicaveris,
1822 1337 1948 1371 eosdem

1209 1390 1457 1424 contradictores
1481 1395 1510 1423 et
1535 1391 1668 1424 rebelles
1686 1401 1884 1436 quacumque
1901 1402 1951 1435 pe-

1209 1444 1364 1485 cuniaria,
1390 1444 1437 1476 vel
1467 1444 1642 1488 corporali,
1667 1455 1703 1477 ac
1727 1445 1820 1478 etiam
1848 1445 1949 1477 ultimi

1208 1497 1352 1540 supplicii
1372 1499 1475 1541 poena
1492 1497 1573 1530 affici
1596 1497 1700 1539 facias,
1718 1509 1754 1531 ac
1770 1497 1863 1532 etiarn
1880 1509 1951 1532 con-

1208 1555 1256 1582 tra
1270 1550 1406 1592 eosdem,
1423 1554 1482 1584 tam
1500 1562 1559 1595 pro
1575 1551 1766 1595 praemissis,
1781 1562 1874 1594 quam
1891 1562 1950 1595 pro

1208 1602 1277 1635 aliis
1294 1603 1546 1647 quibuscumque
1571 1604 1609 1636 ab
1634 1604 1678 1637 eis
1701 1604 1831 1648 patratis
1847 1604 1951 1637 crimi-

1208 1655 1300 1688 nibus
1328 1660 1357 1690 et
1385 1656 1524 1697 delictis,
1551 1657 1647 1690 simili
1671 1657 1766 1691 modo
1795 1663 1824 1690 et
1847 1658 1948 1690 forma

1208 1709 1380 1752 procedas,
1405 1721 1476 1743 cum
1502 1711 1647 1744 facultate
1671 1722 1887 1755 quoscumque
1912 1722 1949 1744 ex

1208 1762 1256 1795 his
1281 1763 1510 1806 resipiscentes,
1532 1768 1562 1796 et
1589 1764 1711 1797 veniam
1736 1765 1948 1808 postulantes,

1207 1826 1243 1849 ac
1267 1816 1305 1849 de
1334 1822 1439 1850 cetero
1465 1828 1483 1850 a
1506 1818 1662 1851 similibus
1694 1819 1852 1852 abstinere
1878 1830 1950 1862 pro-

1207 1874 1366 1912 ponentes,
1386 1870 1479 1902 etiam
1504 1875 1575 1914 post
1599 1871 1903 1912 condemnationem,
1921 1875 1950 1905 et

1208 1921 1239 1954 in
1259 1922 1326 1966 ipso
1345 1923 1481 1956 iustitiae
1505 1929 1576 1957 actu
1596 1934 1652 1957 seu
1671 1935 1791 1968 poenae
1816 1935 1951 1968 exequu-

1208 1975 1302 2016 tione,
1321 1977 1514 2019 absolvendi,
1532 1988 1568 2010 ac
1592 1988 1710 2022 poenas
1734 1989 1949 2023 quascumque

1208 2018 1266 2062 eis*
1276 2030 1455 2064 remittendi
1480 2036 1510 2064 et
1534 2031 1748 2074 condonandi,
1774 2043 1889 2076 eosque
1913 2043 1950 2066 ac

1208 2094 1422 2127 quoscumque
1439 2084 1517 2118 alios
1534 2095 1551 2117 a
1568 2085 1729 2128 quibusvis
1746 2086 1948 2128 gravissimis,

1208 2141 1237 2168 ct
1251 2137 1483 2180 capitalissimis
1501 2138 1603 2171 causis
1620 2143 1650 2171 et
1666 2138 1788 2172 delictis
1805 2139 1949 2173 bannitos

1208 2195 1238 2222 et
1262 2190 1501 2232 condemnatos,
1532 2192 1640 2224 habita
1669 2197 1773 2225 tamen
1798 2192 1886 2236 prius
1910 2193 1948 2225 ab

1208 2243 1335 2277 offensis
1358 2255 1444 2288 pace,
1458 2249 1488 2279 et
1503 2250 1724 2289 praeterquam
1748 2246 1852 2290 quoad
1868 2246 1950 2280 bona

1208 2298 1284 2331 fisco
1301 2297 1512 2342 incorporata,
1526 2299 1678 2332 liberandi
1693 2304 1722 2332 et
1735 2299 1899 2343 gratiandi,
1913 2311 1949 2334 ac

1209 2351 1239 2383 in
1264 2351 1429 2395 pristinum
1455 2352 1588 2395 gradum
1617 2357 1647 2385 et
1680 2353 1885 2396 dignitatem,
1913 2364 1949 2388 ac

1209 2415 1291 2445 eum,
1303 2404 1333 2437 in
1345 2416 1406 2448 quo
1418 2410 1508 2438 antea
1517 2411 1615 2448 erant,
1626 2411 1741 2439 statum
1755 2407 1947 2450 restituendi,

1210 2457 1383 2501 reponendi
1401 2464 1431 2491 et
1447 2458 1586 2502 plenarie
1607 2459 1829 2503 reintegrandi,
1848 2460 1949 2494 salvos

1209 2512 1392 2553 conductus,
1418 2512 1457 2545 ad
1482 2518 1603 2557 tempus
1623 2514 1670 2546 vel
1696 2514 1727 2546 in
1748 2519 1947 2558 perpetuum,

1210 2565 1246 2597 iis
1274 2565 1388 2609 quibus
1413 2565 1468 2598 tibi
1492 2566 1649 2600 videbitur
1680 2568 1889 2608 eoncedendi;
1919 2574 1949 2601 et.

1210 2619 1400 2661 generaliter
1423 2620 1529 2653 omnia
1553 2625 1583 2653 et
1606 2621 1729 2664 singula
1752 2621 1791 2654 ad
1814 2625 1948 2662 statum,

1191 2672 1408 2715 {gubernium
1427 2674 1568 2717 regimen
1593 2679 1622 2707 et
1647 2674 1948 2708 administrationem

1962 276 2009 303 An.
2026 276 2056 303 C.
2078 276 2145 305 162⁴
