2269 3235
135 244 185 272 An.
201 244 229 271 C.
250 244 320 272 1624

172 463 317 490 Exi-quntum

134 491 229 517 deputat.

125 1849 237 1870 Contraria
248 1850 308 1871 tollit.

126 2380 311 2429 οἰαέιίἒὲυὲἓξὲίίἓζ

104 2427 164 2456 'nes
177 2437 309 2462 praeservat
325 2432 508 2461 nostrorum
525 2428 663 2471 vestigiis
683 2428 893 2470 inhaerentes,
911 2431 1066 2472 volumus,

919 244 1096 269 GttEthtztt's
1123 247 1177 270 t'ttt
1203 247 1249 269 I‘P.

333 303 388 326 cus
406 301 503 336 super
519 291 568 325 his
588 302 605 324 a
621 302 790 336 quoquam,
810 292 918 336 quavis
935 293 1071 325 auetori-

333 349 405 386 tate,
424 345 559 378 scienter
572 345 620 378 vel
634 345 825 389 ignoranter,
843 343 1010 387 contigerit
1027 351 1071 378 at-

334 398 455 431 tentari.

376 452 391 495 ξ]
415 451 444 485 4.
476 451 629 491 Quocirca
658 450 890 484 venerabilibus
922 451 1071 484 fratribus

332 504 560 547 Maguntinensi
599 510 629 538 et
667 504 815 546 Pragensi
860 504 1070 548 archiepisco-

331 557 389 601 pis,
409 569 445 591 ac
471 558 585 591 dilecto
608 557 674 591 filio
700 568 868 591 causarum
890 558 996 591 curiae
1020 569 1070 591 ca-

331 621 436 644 merae
461 610 652 654 apostolicae
683 610 823 653 generali
848 610 983 644 auditori
1012 621 1070 655 per

331 669 512 708 praesentes
541 669 629 697 motu
659 663 754 696 simili
786 664 1013 697 committimus
1041 669 1071 699 et

330 717 527 758 mandamus,
551 721 704 761 quatenus
728 716 810 760 ipsi,
840 717 888 750 vel
917 717 988 758 duo,
1017 723 1070 750 aut

330 781 410 804 unus
427 781 547 811 eorum,
566 781 622 814 per
639 781 682 811 se,
706 771 755 803 vel
779 770 885 812 alium,
903 781 958 804 seu
981 762 1069 812 alios,

329 829 510 868 praesentes
522 824 652 865 litteras,
670 827 699 857 et
715 824 746 856 in
761 824 805 857 eis
819 828 964 858 contenta
979 835 1071 868 quae-

330 887 474 920 cumque,
506 877 561 909 ubi
589 882 620 910 et
647 877 772 921 quando
803 888 883 921 opus
906 878 1011 921 suerit,
1035 889 1070 911 ac

329 930 451 974 quoties
486 941 544 973 pro
581 935 670 974 parte
705 931 891 964 eorumdem
927 932 1070 974 magistri

329 988 359 1016 et
383 983 541 1024 militum,
571 994 606 1016 ac
630 984 764 1016 fratrum
800 984 873 1017 dicti
908 984 1070 1028 hospitalis

329 1037 360 1070 B.
386 1036 500 1069 Mariae
525 1037 794 1070 Theutonicorum
822 1038 937 1070 suerint
964 1039 1071 1082 requi-

329 1089 390 1130 siti,
404 1090 586 1123 solemniter
599 1090 805 1134 publicantes,
819 1091 926 1135 eisque
939 1091 970 1124 in
983 1103 1072 1136 prae-

330 1143 433 1176 missis
458 1143 591 1177 efficacis
612 1144 800 1177 defensionis
820 1145 979 1188 praesidio
999 1146 1072 1178 assi-

329 1201 455 1237 stentes,
468 1196 582 1229 faciant
594 1197 778 1230 auctoritate
791 1199 898 1230 nostra
915 1208 968 1231 eos
982 1209 1072 1242 prae-

329 1249 464 1283 sentium
494 1249 670 1282 litterarum
703 1250 870 1284 commodo
904 1256 934 1283 et
958 1251 1071 1285 effectu

327 1302 457 1346 pacifice
473 1302 536 1335 frui
553 1307 583 1335 et
598 1302 753 1346 gaudere3
773 1314 836 1337 non
853 1305 1070 1347 permittentes

328 1366 381 1390 eos
399 1367 457 1401 per
481 1355 664 1390 Ordinarios
695 1357 884 1401 praedictos,
912 1369 948 1391 ac
979 1370 1070 1402 quos-

328 1420 462 1453 cumque
475 1409 563 1451 alios‚
577 1414 685 1444 contra
698 1411 910 1454 praesentium
927 1416 1069 1445 tenorem

327 1463 566 1507 quomodolibet
590 1464 770 1505 molestari,
795 1464 992 1508 perturbari,
1017 1471 1070 1498 aut

327 1517 512 1561 inquietari;
537 1517 786 1551 contradictores
803 1518 959 1562 quoslibet
979 1525 1009 1552 et
1024 1530 1071 1552 re-

326 1571 424 1604 belles
447 1582 505 1615 per
525 1571 703 1612 sententias,
729 1582 876 1605 censuras
901 1577 931 1605 et
953 1583 1070 1616 poenas

327 1625 563 1665 ecclesiasticas,
589 1625 711 1669 aliaque
735 1630 913 1669 opportuna
938 1626 1016 1659 iuris
1041 1632 1070 1660 et

325 1679 397 1713 sacti
407 1678 558 1719 remedia,
567 1679 777 1722 appellatione
789 1680 976 1723 postposita,
988 1691 1070 1714 com-

325 1733 492 1777 pescendo,
516 1733 659 1766 invocato
684 1733 777 1766 etiam
795 1733 832 1766 ad
853 1734 922 1775 hoc,
948 1734 972 1767 si
990 1746 1069 1779 opus

325 1787 429 1828 fuerit,
453 1786 569 1820 auxilio
592 1786 715 1820 brachii
740 1787 901 1820 secularis.

370 1841 385 1884 ἓ
417 1840 445 1874 5.
478 1841 546 1874 Non
577 1840 774 1874 obstantibus
807 1841 952 1874 omnibus
986 1841 1067 1883 illis,

325 1904 406 1938 quae
421 1893 523 1926 dictus
536 1893 708 1936 Gregorius
720 1894 947 1937 praedecessor
960 1895 990 1927 in
1004 1896 1068 1929 suis

325 1947 437 1980 litteris
452 1947 621 1991 praedictis
639 1947 737 1981 voluit
760 1958 824 1981 non
843 1948 980 1990 obstare,
998 1959 1068 1982 cae-

324 2001 462 2045 terisque
483 2000 650 2034 contrariis
675 2001 943 2045 quibuscumque:
965 2008 1018 2035 aut
1043 2003 1068 2036 si

323 2054 480 2098 aliquibus
500 2054 711 2087 communiter
735 2055 783 2087 vel
807 2054 931 2087 divisim
952 2056 991 2088 ab
1019 2058 1068 2090 ea-

324 2108 396 2142 dem
421 2108 461 2142 sit
484 2108 562 2141 Sede
592 2108 765 2150 indultum⁷
792 2108 876 2152 quod
901 2109 1066 2151 interdici,

325 2161 473 2206 suspendi
498 2161 546 2194 vel
571 2162 839 2195 excommunicari
866 2173 930 2196 non
946 2164 1067 2207 possint

325 2225 381 2258 per
397 2214 516 2248 litteras
540 2214 728 2258 apostolicas
750 2225 813 2248 non
837 2216 984 2249 facientes
1000 2217 1066 2260 ple-

325 2278 398 2300 nam
422 2273 452 2301 et
486 2278 666 2311 expressam
690 2278 725 2301 ac
750 2268 788 2301 de
812 2269 909 2302 verbo
934 2269 972 2302 ad
1000 2281 1067 2303 ver-

326 2321 401 2354 bum
418 2321 456 2354 de
473 2321 593 2355 indulto
610 2321 791 2355 huiusmodi
809 2322 1012 2356 mentionem.

370 2374 386 2418 ἓ
402 2373 430 2408 6.
456 2374 647 2407 Eorumdem
665 2381 769 2408 autem
786 2376 1065 2419 praedecessorum

326 2480 421 2525 quod,
438 2480 482 2513 Pii
503 2481 537 2521 V,
553 2491 621 2514 xxn
645 2482 841 2525 septembris,
859 2493 941 2516 anno
958 2484 1018 2525 v1¹,
1037 2489 1067 2519 et

326 2534 471 2578 Gregorii
494 2534 571 2576 XIII,
596 2535 653 2568 sub
670 2537 785 2570 annulo
804 2536 979 2580 piscatoris,
999 2548 1065 2572 xxv

362 2651 374 2678 1
392 2650 462 2682 Quas
475 2649 537 2677 vide
551 2649 579 2677 in
593 2653 659 2678 tom.
673 2658 721 2686 vn,
737 2660 799 2687 pag.
815 2652 867 2680 943
880 2653 920 2688 (a.
934 2652 982 2688 T.)-

410 2704 489 2732 Buzl.
509 2704 591 2733 Rom.
611 2719 646 2725 —
662 2705 721 2733 Vol.
741 2705 824 2733 XIII.
988 2708 1021 2736 13

1770 239 1811 270 97

1106 294 1296 334 novembris,
1312 304 1393 327 anno
1408 294 1467 335 1x¹‚
1488 304 1608 327 necnon
1624 295 1766 334 Gregorii
1786 297 1846 336 XV,

1105 348 1383 390 praedecessorum
1409 353 1600 389 nostrorum,
1619 349 1675 380 sub
1693 349 1797 381 (latum
1817 360 1845 382 ix

1107 400 1265 440 lcbruarii,
1282 412 1362 433 anno
1378 401 1426 441 11²,
1447 402 1684 445 pontificalium!
1704 413 1846 441 suorum,

1104 453 1257 496 expeditis
1281 454 1392 487 litteris
1422 455 1450 487 in
1477 466 1532 487 suo
1554 455 1667 487 robor<-
1693 460 1723 486 et
1747 456 1846 486 estiva-

1104 506 1151 538 cia
1166 507 1433 549 permanentibus,
1447 512 1626 551 praesentes
1645 508 1765 540 litterae
1784 519 1844 540 non

1104 559 1374 602 comprehendant
1408 570 1509 603 neque
1546 561 1693 593 eeclesias
1710 589 1716 602 ,
1743 572 1844 605 nequo

1104 622 1255 655 personas
1273 612 1304 644 in
1317 612 1376 653 his,
1391 623 1469 655 quae
1486 614 1523 645 ad
1542 626 1648 647 curam
1667 615 1843 648 animarum

1103 665 1270 708 pertinent,
1295 665 1326 697 in
1351 665 1465 708 quibus
1490 666 1615 699 decreta
1637 668 1763 700 Concilii
1781 669 1844 701 'l'ri-

1103 718 1231 759 dentini,
1247 729 1283 751 ac
1304 718 1335 751 in
1352 719 1524 762 praedicti³
1546 719 1689 761 Gregorii
1707 722 1756 753 XV
1774 732 1844 754 eon-

1104 772 1263 805 stitutione
1274 776 1419 805 contenta
1429 772 1558 805 omnino
1568 774 1685 805 servari
1701 774 1842 814 debeaiit3

1147 825 1162 869 ἓ
1187 826 1215 859 7.
1241 825 1283 858 Ac
1309 825 1393 869 quod
1420 825 1634 869 praesentium
1667 826 1843 859 litterarum

1103 879 1319 923 transumptis,
1334 890 1430 912 manu
1449 879 1581 912 alicuius
1597 880 1711 913 notarii
1727 881 1844 924 publici
1860 875 1905 888 “¹¹''
1918 876 1928 888 ³
1953 876 1956 887 '

1103 932 1299 976 subscriptis,
1313 938 1342 965 et
1355 933 1458 975 sigillo
1475 943 1629 976 personae
1647 933 1678 965 in
1694 933 1844 976 dignitate

1104 986 1315 1020 ecclesiastica
1341 986 1527 1020 constitutae
1552 987 1690 1027 munitis,
1716 987 1746 1019 in
1768 988 1846 1020 iudi-

1104 1040 1163 1079 cio,
1185 1045 1215 1073 et
1239 1040 1334 1073 etiam
1356 1045 1443 1073 extra
1460 1040 1546 1080 illud,
1567 1040 1682 1084 ubique
1700 1041 1844 1074 locorum

1104 1093 1197 1136 plena
1214 1098 1243 1126 et
1265 1093 1448 1133 indubitata,
1472 1093 1643 1137 eademque
1664 1086 1796 1137 prorsus
1814 1095 1846 1127 fi-

1104 1146 1158 1179 des
1172 1146 1367 1187 adhibeatur,
1380 1157 1459 1190 quae
1474 1147 1548 1191 ipsis
1563 1148 1781 1191 praesentibus
1795 1148 1845 1180 ad-

1103 1200 1278 1241 hiberetur,
1296 1200 1321 1233 si
1338 1200 1439 1234 forent
1455 1201 1610 1234 exhibitae
1628 1201 1675 1234 vel
1693 1207 1843 1235 ostensae.

1147 1254 1259 1286 Datum
1284 1254 1416 1294 Romae,
1441 1254 1524 1297 apud
1549 1254 1577 1287 S.
1609 1255 1734 1287 Petrum
1750 1283 1757 1295 ,
1787 1256 1844 1288 sub

1104 1308 1219 1341 annulo
1235 1307 1413 1348 Piscatoris,
1427 1307 1477 1340 die
1493 1318 1524 1341 ix
1542 1308 1674 1341 ianuarii
1692 1319 1843 1350 uncxxiv,

1104 1361 1307 1405 pontificatus
1323 1361 1422 1394 nostri
1441 1371 1522 1394 anno
1539 1371 1559 1394 1.

1139 1423 1198 1450 Dat.
1216 1423 1259 1451 die
1275 1423 1290 1450 9
1306 1423 1421 1451 ianuarii
1441 1423 1516 1457 1624,
1534 1424 1629 1459 pontis.
1646 1432 1690 1452 an.
1707 1432 1726 1452 1.

1427 1541 1517 1574 XXII.

1103 1611 1314 1655 Definitiones
1339 1616 1368 1645 et
1392 1612 1625 1646 declarationes
1648 1624 1744 1657 super
1764 1624 1847 1647 reas-

1147 1667 1331 1709 sumptione
1360 1666 1621 1710 calepocliorum,
1649 1666 1845 1710 depositione

1145 1720 1318 1759 solearum,
1335 1724 1363 1752 et
1377 1720 1538 1752 delatione
1554 1720 1683 1763 capucii
1699 1721 1844 1761 rotundi,

1148 1773 1368 1817 laryiorisque
1401 1777 1592 1813 mozzettae,
1630 1784 1666 1805 ac
1698 1775 1846 1816 protensi

1146 1826 1308 1866 mantelli,
1331 1837 1350 1859 α
1374 1827 1532 1870 fratribus
1550 1827 1732 1859 Minoribus
1751 1827 1845 1860 Ordi-

1145 1880 1198 1913 nis
1222 1880 1254 1914 S.
1282 1879 1455 1913 Francisci
1477 1880 1650 1912 strictioris
1670 1880 1844 1914 Observan-

1148 1934 1211 1967 tiae
1236 1933 1411 1977 deferendi.

1312 2005 1449 2031 Urbanus
1470 2004 1550 2038 Papa
1569 2004 1634 2031 VIII

1225 2049 1262 2076 ad
1281 2053 1460 2083 perpetuam
1479 2050 1524 2076 rei
1543 2049 1723 2076 memoriam.

1144 2111 1178 2144 In
1203 2122 1352 2155 supremo
1378 2111 1572 2155 apostolatus
1597 2112 1693 2151 solio,
1722 2112 1843 2144 meritis

1101 2164 1173 2197 licet
1196 2164 1384 2207 imparibus,
1411 2164 1516 2196 divina
1541 2164 1747 2207 dispositione
1772 2175 1857 2197 eon--

1100 2217 1208 2257 stituti,
1221 2217 1305 2250 circa
1322 2220 1435 2250 statum
1457 2217 1679 2259 religiosorum
1690 2217 1841 2250 Ordinum

1100 2281 1374 2314 quorumcumque
1399 2270 1431 2302 in
1455 2270 1594 2303 Ecclesia
1627 2271 1679 2303 Dei
1712 2271 1844 2302 militan-

1100 2324 1178 2357 tium
1196 2334 1349 2368 prospere
1372 2323 1572 2366 dirigendum
1590 2324 1702 2356 mentis
1718 2330 1843 2356 nostrae

1100 2378 1200 2411 aciem
1213 2378 1337 2411 assidue
1351 2378 1551 2417 intendimus,
1565 2388 1662 2420 eaque
1678 2378 1843 2411 statuimus

1101 2437 1130 2465 et
1154 2432 1347 2471 ordinamus,
1366 2442 1424 2475 per
1452 2442 1532 2475 quae
1558 2441 1721 2474 prospero,
1750 2432 1843 2464 felici-

1100 2496 1160 2530 que
1184 2496 1295 2518 eorum
1313 2485 1415 2525 statui,
1433 2490 1525 2528 atquc
1543 2485 1707 2518 directioni
1734 2496 1843 2519 consu-

1136 2568 1146 2593 1
1166 2566 1220 2593 Eas
1235 2565 1319 2592 hahes
1334 2565 1360 2591 iu
1376 2568 1440 2592 tom.
1458 2571 1512 2599 vni,
1529 2573 1588 2600 pag.
1607 2565 1659 2592 360
1676 2566 1711 2597 tn.
1731 2566 1779 2599 T.).

1134 2612 1149 2638 2
1160 2611 1239 2646 Greg.
1251 2610 1293 2637 XV
1305 2610 1356 2636 hae
1369 2610 1474 2636 litterae
1486 2617 1539 2636 non
1551 2610 1650 2636 suntin
1663 2610 1740 2637 Ball.
1752 2611 1838 2644 ἋΗ.Τ.),

1135 2656 1150 2683 3
1165 2656 1285 2683 Erronee
1301 2655 1363 2683 edit.
1381 2655 1464 2683 Main.
1481 2655 1545 2690 legit
1562 2656 1722 2690 praedictis
1736 2660 1772 2690 (a.
1791 2657 1839 2688 rs).

1859 250 1905 274 Λιι,
1925 250 1953 274 (Ζ,
1979 251 2043 276 1024

1887 2122 1953 2143 Eximi
1959 2123 1961 2142 i
1967 2128 2006 2142 uin.
