2269 3235
105 254 153 282 An.
170 252 198 281 C.
217 251 288 280 1624

344 299 455 333 Datum
479 299 607 341 Romae,
620 300 702 345 apud
716 300 744 334 S.
759 299 897 340 Petrum,
911 300 968 332 sub
986 310 1040 332 an-

300 353 375 386 nulo
385 352 561 394 Piscatoris,
568 353 619 388 dic
628 364 692 388 xxx
701 353 879 387 decembris
888 362 1039 394 ribcxxiv,

299 405 500 451 pontificatus
524 406 625 440 nostri
650 417 732 440 anno
757 416 789 439 11.

335 468 394 497 Dat.
411 468 454 497 die
469 469 504 498 30
518 468 673 497 decembris
689 468 773 503 1624,
794 467 887 504 pontif.
905 475 949 495 an.
966 473 994 495 11.

626 583 710 618 CVII.

300 656 545 699 Confirmantur
575 655 819 689 constitutiones
849 655 955 689 editae
981 666 1040 699 pro

334 710 467 753 colteyio
486 709 708 743 Hibernorum
724 708 864 742 Lovanit
879 708 1005 743 erecto¹.

506 780 642 808 Urbanus
658 780 736 814 Papa
751 780 831 812 VIII,

422 825 458 852 ad
477 826 651 859 perpetuam
670 824 714 852 rei
735 824 916 852 memoriam.

156 899 282 930 adiiaspro
342 887 357 931 ᾗ
381 886 410 919 l.
436 886 522 927 Cum,
546 886 627 920 sieut
650 896 708 930 pro
736 891 825 930 parte
852 885 1039 920 dilectorum

99 927 283 984 ξῗὲῗέῗὲοηιέῗιῖῧῖ
297 940 436 974 filiorum
460 940 593 974 rectoris
626 944 656 974 et
683 940 885 974 alumnorum
916 941 1040 983 collegii

100 982 168 1002 *ΨΜ
298 993 514 1027 Hibernorum
539 994 722 1038 nuncupati,
740 1004 844 1038 nuper
864 993 895 1026 in
921 993 1040 1038 oppido

298 1047 426 1081 Lovanii
436 1047 666 1081 Mechliniensis
675 1047 826 1081 dioecesis
837 1058 893 1092 per
904 1058 960 1081 nos
970 1058 1041 1092 apo-

297 1101 407 1135 stoliea
432 1100 618 1135 auctoritate
635 1101 741 1141 erecti,
762 1100 854 1134 nobis
874 1111 976 1145 nuper
992 1112 1041 1134 ex-

296 1155 434 1199 positum
451 1154 518 1196 fuit,
532 1165 589 1198 pro
603 1154 695 1196 felici,
709 1165 928 1198 prosperoque
941 1154 1039 1198 ipsius

297 1209 423 1252 collegii
447 1208 603 1252 regimine
628 1212 658 1242 et
681 1208 846 1251 gubernio,
870 1209 1039 1242 nonnullae

296 1263 425 1305 regulae
438 1288 446 1303 ,
480 1261 718 1295 constitutiones
750 1266 780 1294 et
816 1265 930 1294 statuta
958 1261 1040 1296 edita

296 1315 430 1356 suerint,
456 1325 491 1348 ac
516 1325 575 1358 pro
600 1313 771 1347 inviolabili
797 1324 907 1347 eorum
931 1314 1039 1348 obser—

298 1368 421 1402 vatione
444 1368 616 1412 plurimum
637 1368 764 1412 cupiant
780 1368 832 1400 illa
849 1368 1039 1412 apostolicae

296 1425 423 1456 nostrae
439 1421 689 1455 confirmationis
705 1421 820 1455 robore
838 1421 1038 1455 communiri:

341 1477 357 1519 ἓ
375 1475 404 1509 2.
427 1476 498 1517 Nos,
519 1475 652 1509 rectoris
670 1479 700 1508 et
719 1475 921 1508 alumnorum
946 1485 1039 1519 prae-

296 1529 454 1564 dictorum
479 1528 558 1562 votis
582 1528 774 1568 huiusmodi,
795 1534 948 1572 quantum
966 1540 1037 1562 cum

295 1583 429 1617 Domino
446 1592 625 1627 possumus,
644 1592 793 1622 annuere,
810 1582 943 1626 illosque
968 1592 1039 1626 spe-

296 1636 427 1670 cialibus
449 1635 608 1669 savoribus
634 1640 664 1668 et
687 1634 797 1678 gratiis
821 1636 970 1680 prosequi
988 1647 1039 1669 vo-

295 1689 404 1729 lentes,
421 1693 575 1720 eteorum
589 1686 765 1730 singulares
779 1696 930 1731 personas
943 1697 960 1719 a
974 1687 1038 1730 qui-

295 1742 401 1775 busvis
420 1740 767 1781 excommunicationis,
781 1741 995 1785 suspensionis
1009 1746 1039 1775 et

296 1795 464 1836 interdicti,
480 1794 613 1838 aliisque
633 1794 853 1828 ecelesiasticis
866 1795 1038 1835 sententiis,

297 1849 438 1883 censuris
447 1853 476 1882 et
484 1848 604 1893 poenis,
611 1859 629 1881 a
640 1848 707 1881 iure
717 1849 763 1881 vel
774 1848 813 1881 ab
822 1847 959 1891 homine,
967 1860 1039 1892 qua-

297 1903 342 1936 vis
355 1900 520 1937 occasione
534 1902 581 1935 vel
595 1904 688 1935 eausa
701 1902 779 1944 latis⁷
794 1901 818 1934 si
833 1902 946 1946 quibus
963 1913 1039 1946 quo-

298 1956 471 1990 modolibet
486 1955 652 1989 innodatae
669 1955 814 1997 existunt,
834 1955 872 1988 ad
892 1955 1038 1989 effectum

296 2009 510 2054 praesentium
527 2009 688 2042 dumtaxat
705 2009 973 2053 consequendum,
987 2010 1039 2042 ha-

297 2075 368 2097 rum
398 2063 478 2097 serie
508 2063 704 2096 absolventes
732 2066 762 2097 et
790 2063 948 2096 absolutas
972 2063 1038 2096 sore

297 2121 469 2159 censentes,
483 2116 766 2161 supplicationibus
780 2127 891 2149 eorum
911 2117 1038 2151 nomine

297 2171 389 2205 nobis
406 2181 501 2215 super
517 2171 577 2204 hoe
594 2170 756 2204 humiliter
772 2171 927 2215 porrectis
949 2171 1038 2204 incli-

297 2224 371 2266 nati,
385 2224 611 2257 venerabilium
629 2224 761 2258 flatrum
776 2229 958 2258 nostrorum
973 2235 1040 2257 san-

299 2281 365 2311 ctae
381 2278 539 2311 Romanae
555 2278 713 2311 Ecclesiae
726 2277 932 2311 cardinalium
946 2288 1040 2321 nego·

300 2331 343 2364 tio
367 2331 588 2375 propagandae
615 2331 647 2364 in
674 2331 857 2365 universum
886 2332 1037 2365 mundum

298 2384 372 2417 tidei
396 2385 636 2429 praefectorum,
662 2385 778 2430 quibus
802 2386 941 2428 regulas,
968 2397 1039 2419 con-

299 2437 475 2471 stitutiones
485 2441 515 2472 et
524 2441 635 2472 statuta
643 2438 823 2472 huiusmodi
833 2439 1040 2472 examinanda

299 2490 567 2532 demandavimus,
592 2492 733 2533 consilio,
757 2494 898 2536 regulas,
924 2493 1039 2526 consti-

298 2545 435 2579 tutiones
452 2550 482 2578 et
495 2548 608 2579 statuta
622 2546 793 2589 praedicta,
803 2546 977 2591 apostolica
989 2557 1039 2579 au-

300 2599 454 2640 ctoritate,
467 2604 576 2632 tenore
589 2600 812 2643 praesentium,
822 2605 977 2644 perpetuo
991 2611 1041 2644 ap—

336 2664 347 2689 1
366 2661 535 2689 Erectiouem
552 2660 612 2688 vide
626 2669 708 2696 supra
723 2670 783 2697 pag.
799 2662 851 2690 266
866 2664 903 2696 (a.
921 2662 970 2697 r).

384 2715 464 2744 Butz.
485 2715 568 2744 Rom.
611 2715 671 2744 Vol.
693 2715 773 2743 XIII.
937 2715 971 2743 35

168 1486 282 1507 Confirmat.

99 1513 201 1535 Pontifex.

914 252 1055 276 unnANUS
1080 251 1137 275 VIII
1161 252 1209 276 1¹1³.

1716 240 1780 273 273
1826 249 1920 277 Aac.
1942 250 2013 278 1625

1076 299 1258 343 probamus,
1279 299 1402 343 illisque
1417 297 1603 331 Inviolabilis
1628 298 1820 341 apostolicae

1075 352 1233 386 firmitatis
1257 352 1355 385 robur
1379 351 1566 392 adiicimus,
1594 361 1630 384 ac
1654 360 1764 384 omnes
1790 356 1820 384 et

1075 405 1216 448 singulos
1240 411 1301 438 tam
1327 406 1404 439 iuris
1424 416 1519 450 quam
1536 405 1607 438 sacti
1625 405 1775 447 desectus,
1792 405 1818 438 si

1074 458 1127 502 qui
1152 458 1287 502 desuper
1311 459 1548 503 quomodolibet
1571 458 1818 499 intervenerint,

1074 511 1265 555 supplemus.

1118 564 1134 608 ἓ
1157 564 1186 597 3.
1212 565 1341 598 Necnon
1365 565 1501 607 regulas,
1525 565 1763 600 constitutiones
1788 571 1819 599 et

1074 621 1188 650 statuta
1204 617 1385 651 huiusmodi
1407 618 1437 650 in
1451 618 1612 661 praedicto
1630 619 1764 661 collegio
1778 619 1817 652 ab

1074 670 1230 710 omnibus,
1256 671 1293 703 ad
1318 681 1398 714 quos
1421 676 1542 714 spectat
1565 676 1595 704 et
1619 671 1649 703 in
1675 672 1817 705 futurum

1074 723 1312 767 quomodolibet
1335 724 1497 768 spectabit,
1522 724 1657 757 firmiter
1674 729 1704 757 et
1721 724 1818 758 invio-

1074 777 1209 810 labiliter
1226 777 1387 811 obscrvari
1404 777 1531 817 debere;
1553 777 1677 810 irritum
1691 788 1818 821 quoque

1074 834 1104 862 et
1128 829 1229 871 inane,
1254 830 1280 863 si
1302 840 1392 863 secus
1416 840 1510 873 super
1534 829 1582 862 his
1606 840 1623 862 a
1647 840 1817 874 quoquam,

1074 884 1183 928 quavis
1200 884 1395 927 auctoritate,
1410 884 1545 918 scienter
1560 884 1607 917 vel
1624 884 1816 928 ignoranter,

1075 937 1243 980 eontigerit
1266 937 1421 979 attentari,
1440 937 1649 971 decernimus.

1118 992 1133 1034 ξ
1149 991 1178 1023 4.
1197 992 1264 1024 Non
1282 991 1478 1025 obstantibus
1495 991 1770 1025 constitutionibus
1787 997 1818 1025 et

1074 1044 1323 1078 ordinationibus
1344 1045 1535 1089 apostolicis,
1553 1045 1729 1090 ceterisque
1745 1056 1817 1080 eon-

1075 1097 1179 1130 trariis
1203 1098 1465 1143 quibuscumque.

1118 1151 1229 1184 Datum
1254 1152 1387 1193 Romae,
1412 1152 1494 1196 apud
1520 1152 1548 1185 S.
1580 1152 1706 1186 Petrum
1722 1180 1729 1194 ,
1758 1154 1816 1187 sub

1073 1205 1189 1237 annulo
1205 1204 1382 1245 piscatoris,
1393 1205 1443 1237 die
1460 1215 1517 1238 xn1
1534 1205 1665 1239 ianuarii
1676 1216 1817 1248 MDcxxv,

1072 1257 1275 1301 pontificatus
1292 1259 1392 1291 nostri
1409 1269 1491 1292 anno
1507 1269 1539 1292 11.

1872 577 1899 598 Et
1913 577 2018 604 praecipit

1833 605 1950 626 observari.

1859 1002 1953 1032 Derogat
1968 1007 2017 1024 eon·

1832 1031 1910 1051 trariis.

1108 1320 1166 1349 Dat.
1186 1321 1230 1348 die
1253 1322 1284 1350 13
1299 1321 1415 1349 ianuarii
1434 1321 1511 1356 1625,
1527 1323 1624 1358 pontif.
1642 1331 1714 1351 anno
1730 1329 1756 1351 u.

1395 1437 1494 1471 CVIll.

1075 1509 1326 1553 Conqresyationi
1344 1510 1490 1544 Oratorii
1506 1511 1545 1544 D.
1565 1510 1606 1544 N.
1628 1510 1653 1545 I.
1674 1512 1704 1546 C¹
1723 1511 1818 1545 Pari-

1116 1563 1175 1595 siis
1196 1567 1316 1596 erectae
1333 1564 1617 1597 communicantur
1638 1565 1817 1608 prim'leqia

1118 1617 1370 1660 C0729⁷·e9‹tt1'0)zi
1389 1617 1535 1651 Oratoriz'
1554 1628 1575 1650 α
1595 1618 1633 1650 Β.
1657 1619 1817 1661 Philippo

1117 1670 1237 1702 Romae
1260 1670 1432 1703 institutae
1457 1681 1476 1703 a
1500 1671 1657 1704 Romanis
1678 1671 1818 1713 Pontifi-

1117 1724 1206 1757 cibus
1231 1723 1406 1757 concessct¹.

1280 1795 1415 1822 Urbanus
1430 1795 1605 1830 Episcopus,

1191 1839 1227 1866 ad
1247 1843 1423 1874 perpetuam
1443 1841 1487 1868 rei
1507 1840 1690 1868 memoriam.

1117 1901 1356 1935 Saerosanctum
1381 1902 1573 1946 apostolatus
1595 1903 1815 1947 ministerium,
1858 1910 2000 1932 Prooemium·

1072 1955 1155 1999 quod
1180 1955 1348 1989 ineffabilis
1372 1956 1494 1989 divinae
1520 1957 1689 2000 sapientiae
1714 1958 1817 2001 provi-

1072 2009 1177 2042 dentia
1193 2009 1361 2042 humilitati
1379 2016 1514 2051 nostrae,
1532 2011 1619 2043 nullo
1637 2010 1708 2043 licet
1726 2011 1816 2044 meri-

1073 2067 1177 2095 torum
1199 2062 1361 2105 suffragio,
1378 2063 1521 2103 credidit,
1539 2063 1654 2105 iugiter
1668 2064 1815 2106 postulat,

1073 2121 1106 2148 ut
1134 2116 1306 2149 catholicae
1334 2116 1501 2159 religioni,
1527 2115 1687 2159 divinique
1713 2117 1815 2149 cultus

1072 2173 1258 2213 augmento,
1284 2174 1314 2202 et
1337 2169 1514 2202 animarum
1535 2169 1628 2202 saluti
1654 2169 1816 2203 indefessis

1073 2224 1183 2257 studiis
1197 2224 1407 2263 consulentes,
1424 2223 1546 2267 piisque
1563 2223 1815 2256 christifidelium

1073 2278 1152 2311 votis
1171 2278 1210 2310 ad
1227 2288 1262 2310 ea
1280 2277 1489 2316 tendentibus,
1506 2280 1657 2320 quantum
1675 2288 1746 2310 cum
1760 2278 1817 2311 Do-

1073 2331 1158 2364 mino
1183 2341 1364 2375 possumus,
1390 2330 1604 2363 favorabiliter
1629 2336 1816 2372 annuentes,

1073 2395 1280 2429 personarum
1305 2384 1587 2417 ecclesiasticarum
1605 2384 1818 2428 quarumlibet

1074 2442 1143 2472 vota
1160 2437 1322 2481 religionis
1338 2437 1598 2481 propagationem
1616 2441 1646 2471 et
1662 2448 1815 2480 augmen-

1075 2497 1140 2524 tum
1157 2491 1377 2524 concernentia
1394 2490 1432 2522 ad
1453 2490 1661 2524 exauditionis
1681 2491 1815 2533 gratiam

1075 2545 1286 2585 admittamus,
1303 2549 1397 2588 prout
1411 2544 1624 2588 conspicimus
1638 2544 1669 2577 in
1682 2545 1815 2578 Domino

1075 2599 1243 2632 salubriter
1268 2598 1426 2642 expedire.

1112 2663 1122 2688 1
1142 2660 1178 2687 Ex
1194 2660 1303 2696 Regest.
1319 2660 1347 2687 in
1361 2660 1463 2688 Seeret.
1480 2660 1555 2688 BreV.
