2269 3235
127 217 177 255 An.
197 216 225 245 C.
242 216 308 244 1627

156 1398 231 1419 Modus
239 1397 314 1418 admit-

131 1425 188 1447 tendi
220 1425 314 1446 alumnos

131 1452 158 1474 ad
174 1452 292 1478 collegium.

929 213 1070 237 unnANrs

322 263 374 306 gio
398 262 479 295 intra
502 260 649 305 Dravum,
667 261 843 305 Savumque
862 261 972 294 fluvios
992 271 1062 294 con-

323 315 448 358 stituta,
482 315 647 348 Bosnensis
675 314 937 348 administratoris
968 325 1062 347 curae

323 368 501 409 commissa,
521 367 659 410 unicum,
677 368 708 400 in
723 366 890 400 Albanensi
908 377 981 399 vero
999 367 1062 399 sive

325 422 482 466 Epirotica
501 421 674 466 provincia,
699 421 798 454 donec
821 420 905 452 iuxta
922 419 1062 452 ciusdem

324 475 577 520 praedecessoris
601 479 738 508 mentem
770 473 928 517 peculiare
962 474 1060 506 eolle-

325 528 412 572 gium
437 528 538 562 eidem
562 527 787 567 constituatur,
812 526 962 559 eeclesiae
986 526 1063 560 citra

325 582 457 615 Drinum
472 581 601 614 fluvium
618 580 813 619 constitutae,
826 579 965 621 unicum,
982 579 1063 612 ultra

328 646 403 669 vero
427 635 567 677 Drinum,
588 633 683 667 alium
708 632 843 666 vicissim
868 633 985 666 habere
1009 633 1064 666 de-

326 684 437 730 beant}
458 689 588 721 adaucto
605 697 679 720 vero
702 696 836 721 nurnero
857 686 888 719 in
912 686 1063 727 futurum,

326 743 410 776 illius
441 741 593 775 beneficio
623 741 879 784 praenominatae
914 741 1064 774 ecclesiae

327 796 384 830 sub
407 795 504 828 turcis
536 794 743 835 constitutae,
772 794 884 827 additis
908 794 1063 835 Tiniensi,

326 848 506 891 Dumnensi,
539 858 595 880 seu
627 848 826 889 Dalmatensi,
859 847 1082 890 Stridonensi,l

325 901 596 946 Tribuniensique,
614 902 645 934 in
673 902 824 935 Dalmatia
850 902 977 943 turcica,
995 903 1064 936 Bos-

326 966 438 1000 naque,
469 956 700 1000 Nissiensique,
726 967 759 989 ae
791 956 975 997 Prisriensi,
1001 957 1064 989 sive

328 1009 517 1043 Iustinianea
540 1010 641 1054 prima
660 1010 691 1042 in
711 1010 826 1052 Sei-via,
852 1010 1012 1054 potiantur
1036 1017 1065 1043 et

327 1063 491 1106 gaudeant,
516 1063 624 1096 habita
647 1063 851 1096 nihilominus
876 1064 995 1097 ratione
1020 1075 1066 1097 ec-

328 1116 495 1149 clesiarum
519 1117 730 1160 praefatarum
756 1117 869 1150 maiori
890 1118 1005 1151 auxilio
1023 1118 1083 1150 ill-¹

329 1171 515 1215 dig-entium]
530 1171 701 1215 apostolica
716 1171 900 1204 auctoritate
917 1172 1066 1215 praefata,

328 1223 532 1258 eorumdem¹
558 1229 667 1257 tenore
693 1225 927 1269 praesentium,
957 1237 1067 1259 rursus

328 1279 491 1322 exintegro
525 1284 680 1323 perpetuo
715 1279 866 1322 erigimus
906 1284 935 1312 et
973 1280 1064 1312 insti-

329 1331 454 1365 tuimus.

374 1387 389 1430 ἓ
420 1386 449 1419 7.
479 1385 518 1419 Ut
550 1391 654 1419 autem
686 1386 833 1419 admissio
866 1392 897 1419 ct
928 1387 1087 1440 receptiok

330 1439 487 1473 dictorum
512 1440 712 1473 alumnorum
737 1440 842 1473 debito
866 1440 976 1473 ordine
999 1442 1087 1484 pro-³

331 1493 429 1534 cedat,
446 1498 480 1526 ut
498 1503 591 1527 nemo
612 1493 694 1526 intra
718 1504 828 1526 eorum
852 1504 1021 1526 numerum
1039 1494 1069 1526 in
1085 1486 1087 1527 ἶ

331 1548 472 1592 praefato
496 1547 629 1590 collegio
654 1551 849 1592 acceptetur,
873 1547 927 1591 qui
952 1548 1070 1581 litteras

333 1601 555 1635 testimoniales
572 1601 727 1634 Ordinarii
745 1601 792 1633 sui
810 1606 839 1633 et
856 1601 982 1644 capituli
999 1601 1069 1641 loci,
1086 1631 1087 1635 ,

331 1656 385 1689 uhi
408 1655 479 1688 fieri
496 1654 621 1699 poterit,
638 1664 701 1687 non
724 1653 847 1694 habeat,
871 1653 984 1697 quibus
1001 1657 1088 1687 con-l

332 1714 391 1743 stet
414 1709 503 1742 illum
535 1708 567 1740 in
591 1713 621 1740 et
644 1707 682 1740 de
703 1707 845 1751 legitimo
870 1707 1070 1740 matrimonio

332 1768 449 1803 natum,
466 1767 496 1795 et
509 1762 619 1796 saltem
638 1761 740 1805 prima
756 1763 884 1794 tonsura
904 1761 1070 1803 initiatum,
1088 1783 1089 1802 1

333 1827 391 1850 nec
415 1826 482 1849 esse
505 1815 700 1859 neophitum,
721 1815 820 1847 multo
845 1814 949 1847 minus
967 1815 1072 1858 aliquo

335 1875 477 1914 tempore
500 1869 622 1902 haeresi
640 1869 687 1902 vel
704 1868 947 1902 mahumetismo
963 1869 1073 1901 adhae-
1088 1885 1090 1894 ι

335 1924 423 1964 sisse,
439 1924 540 1968 sitque
556 1934 649 1956 sanus
666 1928 696 1956 et
712 1923 828 1967 absque
853 1924 916 1955 ulla
940 1917 1072 1955 intirmi-
1089 1946 1090 1952 1

334 1982 396 2012 tate
419 1978 591 2018 habituata,
608 1978 656 2010 vel
680 1977 855 2017 incurabili,
873 1987 908 2010 ac
925 1977 991 2010 sine
1008 1977 1073 2010 ullo

335 2032 410 2064 vitio
437 2031 486 2064 vel
511 2030 709 2064 deformitate
743 2030 874 2064 notabili
909 2031 1073 2074 corporis,

334 2085 441 2128 lingua
464 2085 594 2118 minime
618 2084 777 2128 impedita,
803 2085 984 2129 parentibus
1008 2085 1075 2129 llly-

334 2139 418 2182 ricis,
443 2139 646 2184 Illyricaeque
677 2139 812 2182 linguae,
827 2143 866 2180 et,
881 2139 906 2172 si
930 2139 998 2172 fieri
1023 2150 1075 2183 po-

334 2193 417 2234 terit,
432 2193 627 2226 litteraturae
644 2203 769 2237 quoque
787 2193 927 2238 Illyricae
944 2193 1074 2237 peritus,

336 2246 390 2290 qui
413 2257 510 2289 vagus
534 2256 597 2279 non
612 2246 715 2287 fuerit,
732 2246 873 2290 nihilque
901 2246 1018 2289 negotii
1038 2257 1074 2280 ac

337 2300 439 2333 litium
462 2300 585 2340 habeat,
602 2304 633 2333 et
647 2300 804 2344 praeferat
828 2300 1018 2334 voluntatem
1039 2311 1075 2333 ac
1091 2318 1092 2323 =

337 2353 474 2397 speeiem
497 2353 681 2397 proficiendi
705 2353 737 2386 in
761 2353 927 2397 disciplina
951 2354 1075 2397 pietatis

338 2411 369 2440 et
387 2406 563 2439 litterarum
578 2406 616 2439 ad
633 2406 789 2448 effectum,
806 2412 840 2439 ut
856 2407 966 2440 evadat
990 2408 1075 2440 utilis
1091 2424 1093 2446 t

339 2459 502 2505 operarius
522 2460 554 2492 in
570 2461 693 2494 cultura
716 2461 898 2505 lllyricanae
915 2461 1075 2502 ecclesiae,
1091 2452 1093 2469 ¹

339 2515 487 2559 idemque
517 2524 580 2548 non
609 2515 648 2548 sit
675 2515 805 2549 inferior
838 2516 1093 2560 quatuordeciml

339 2567 448 2609 annis,
471 2578 529 2601 nec
560 2567 748 2611 vigesimum
783 2579 898 2602 annum
932 2569 1074 2612 excedat,

376 2633 386 2659 1
409 2630 552 2660 Videretur
570 2631 714 2668 legendum
733 2632 903 2661 earumdem
922 2632 961 2668 (n.
978 2632 1025 2668 T.).

1095 213 1151 236 vlu
1176 214 1222 237 1‘1’.

1096 261 1269 305 habeatque
1299 262 1435 305 aliquam
1464 262 1686 305 grammaticae
1719 263 1829 305 cogni-

1097 315 1212 348 tionem
1238 316 1331 358 (quae
1356 315 1475 357 omnia,
1501 315 1581 348 sieut
1612 315 1642 347 in
1667 315 1832 349 duodecim

1097 368 1274 400 Dalmaticis
1291 368 1435 410 alumnis,
1458 368 1496 400 ab
1521 368 1676 411 episeopis
1702 373 1730 400 et
1755 370 1834 413 eapi-

1097 420 1177 461 tulis,
1205 426 1237 452 ut
1261 423 1447 464 praelertur,
1473 422 1656 462 deligendis,
1682 423 1765 455 omni
1792 423 1834 455 ri-

1097 484 1183 516 gore,
1201 474 1243 506 ita
1268 474 1298 506 in
1324 475 1454 508 subditis
1481 481 1639 508 turcarum
1662 475 1767 509 mitius
1784 476 1834 509 oli-

1097 528 1291 570 serventur);

1142 580 1196 622 §8-
1208 580 1254 620 Et,
1268 585 1433 623 postquam
1447 582 1559 625 aliquis
1574 583 1711 625 praelato
1725 583 1834 616 ordine

1099 633 1179 665 inter
1196 634 1340 666 alumnos
1358 640 1502 677 receptus
1521 636 1622 678 suerit7
1640 637 1834 679 collegialem

1098 691 1214 719 vestem
1231 697 1293 719 non
1312 687 1428 727 induat,
1446 688 1515 728 nisi,
1534 700 1589 731 per
1606 695 1757 722 semestre
1771 701 1837 734 spa-

1099 740 1175 772 tium
1187 741 1338 783 probatus
1352 740 1468 773 iudicio
1480 742 1681 784 superiorum
1698 743 1835 776 eiusdem

1098 794 1232 837 collegii,
1258 795 1397 827 solemne
1415 795 1625 828 iuramentum
1643 796 1674 828 in
1694 796 1838 829 manibus

1098 847 1236 880 eiusdem
1252 848 1376 891 collegii
1394 849 1525 882 rectoris
1543 860 1602 892 pro
1622 854 1763 893 tempore
1780 850 1839 882 exi-

1099 901 1207 934 stentis
1228 901 1378 945 emiserit,
1397 902 1481 935 iuxta
1501 903 1635 935 sormam
1659 914 1675 935 a
1703 904 1840 947 Congre-

1080 969 1082 995 ς
1099 956 1223 998 gatione
1238 956 1276 988 de
1291 956 1496 999 Propaganda
1512 957 1585 989 Fide
1602 957 1840 1001 praeseriptam;

1082 1035 1083 1041 ,
1099 1015 1128 1042 et
1146 1015 1310 1053 praeterea
1327 1010 1485 1052 iuraverit,
1504 1010 1602 1053 quod,
1625 1011 1758 1053 peractis
1776 1016 1839 1043 stu-

1099 1063 1173 1105 diis,
1198 1064 1246 1096 vel
1279 1063 1319 1095 ob
1349 1062 1485 1106 aliquam
1516 1063 1688 1106 legitimam
1714 1074 1838 1097 eausam

1100 1126 1161 1149 non
1185 1127 1315 1160 prorsus
1340 1117 1508 1157 absolutis,
1532 1117 1704 1150 dummodo
1736 1123 1839 1151 tamen

1100 1181 1156 1213 per
1181 1180 1297 1203 annum
1323 1176 1352 1203 et
1377 1170 1543 1203 dimidium
1569 1171 1601 1203 in
1625 1172 1758 1214 collegio
1775 1182 1842 1205 mo-

1083 1234 1167 1269 ¹rain
1192 1224 1342 1264 traxerit,
1369 1234 1426 1257 nee
1459 1224 1497 1256 ad
1529 1225 1615 1257 aulas
1640 1225 1842 1269 principum,

1101 1278 1274 1321 domosque.
1298 1283 1479 1320 magnatum
1505 1278 1712 1311 diuturnioris
1736 1290 1843 1313 morae

1102 1333 1196 1364 causa
1220 1341 1359 1374 unquam
1384 1342 1416 1363 se
1441 1332 1589 1371 conseret,
1616 1332 1781 1376 minusque
1806 1334 1843 1366 ad

1102 1384 1338 1425 universitates,
1363 1389 1415 1417 aut
1439 1385 1516 1417 alias
1541 1385 1680 1428 publicas
1706 1386 1843 1429 scholas,

1103 1439 1160 1471 sub
1185 1439 1295 1482 quovis
1318 1444 1500 1482 praetextu,
1525 1439 1584 1471 nisi
1616 1439 1694 1472 sorte
1728 1440 1843 1473 iudicio

1103 1492 1150 1524 rel
1176 1493 1333 1525 voluntate
1359 1492 1560 1536 superiorum
1584 1492 1616 1525 in
1641 1493 1766 1537 seriptis
1792 1504 1844 1526 ex-

1086 1574 1087 1585 ,
1103 1547 1286 1590 primend513

1148 1600 1162 1642 ξ
1186 1599 1215 1631 9.
1241 1599 1491 1632 Contrasactores
1514 1610 1588 1632 vero
1612 1600 1734 1643 periuri
1756 1606 1785 1633 et
1803 1601 1846 1633 in-

1104 1653 1210 1693 fames,
1228 1653 1446 1697 inhabilesque
1460 1658 1614 1696 perpetuo
1628 1653 1665 1685 ad
1682 1664 1848 1696 quaecum-

1104 1718 1164 1750 que
1188 1706 1352 1747 beneficia,
1378 1706 1490 1747 officia,
1515 1706 1756 1751 dignitatesque,
1784 1713 1846 1740 tam

1106 1760 1350 1800 ecclesiasticas,
1375 1770 1469 1803 quam
1495 1760 1669 1800 seculares,
1695 1761 1847 1801 existant,

1106 1806 1199 1858 atque
1224 1815 1328 1855 etiam,
1349 1818 1383 1846 ut
1403 1814 1440 1845 ad
1461 1813 1677 1857 rependendas
1697 1819 1727 1847 et
1751 1815 1848 1847 exsol-

1106 1868 1222 1901 vendas
1247 1878 1355 1901 omnes
1381 1867 1449 1899 illas
1474 1877 1636 1910 expensas,
1657 1878 1734 1910 quas
1759 1879 1847 1901 sacra

1107 1923 1218 1956 domus
1243 1933 1301 1966 pro
1333 1921 1513 1954 huiusmodi
1546 1921 1702 1963 alumnis,
1728 1927 1791 1954 tam
1818 1923 1848 1955 in

1108 1976 1262 2016 convictu,
1279 1986 1373 2019 quam
1390 1974 1538 2015 vestibus,
1558 1975 1656 2016 libris,
1676 1975 1848 2017 medicinis,

1108 2030 1288 2074 viaticisque
1314 2029 1528 2072 insumpserit,
1554 2028 1624 2071 cogi
1649 2034 1677 2061 et
1703 2030 1849 2073 compelli

1107 2084 1237 2128 possint,
1251 2083 1368 2116 eisdem
1384 2082 1569 2115 auctoritate
1587 2087 1615 2114 ct
1633 2087 1741 2114 tenore
1756 2083 1847 2116 etiam

1107 2144 1259 2183 perpetuo
1277 2137 1443 2170 statuimus
1462 2141 1491 2169 et
1508 2136 1701 2169 ordinamus

1153 2193 1168 2236 ἓ
1192 2191 1242 2225 10.
1261 2191 1326 2230 Quo
1347 2200 1422 2223 vero
1447 2190 1521 2222 dicti
1545 2190 1661 2222 alumni
1680 2190 1849 2233 expeditio-

1108 2257 1158 2279 res
1176 2249 1205 2280 et
1224 2245 1393 2278 alacriores
1410 2244 1447 2276 ad
1465 2244 1712 2277 succurrendum
1730 2245 1848 2288 patriae

1108 2299 1346 2333 necessitatibus
1363 2298 1548 2338 efficiantur,
1564 2298 1682 2331 eisdem
1704 2299 1848 2339 alumnis,

1109 2359 1141 2387 ut
1173 2364 1209 2387 eo
1241 2352 1394 2396 temporis
1428 2352 1528 2395 spatio
1545 2378 1552 2391 ,
1577 2362 1639 2394 quo
1660 2351 1692 2383 in
1716 2351 1849 2394 collegio

1108 2408 1247 2452 praefato
1269 2417 1335 2440 sese
1360 2405 1580 2445 continuerint,
1598 2409 1627 2438 et
1650 2405 1850 2448 superiorum

1109 2462 1225 2494 iudicio
1250 2460 1281 2493 iu
1306 2459 1416 2493 studiis
1446 2459 1593 2503 praefatis
1619 2462 1648 2492 et
1672 2458 1850 2492 litterarum

1109 2514 1321 2560 profecerint,
1346 2513 1385 2546 ad
1415 2523 1524 2546 omnes
1556 2513 1649 2545 etiam
1681 2523 1788 2546 sacros
1821 2518 1851 2546 et

1109 2570 1344 2614 presbyteratus
1367 2567 1504 2608 ordines,
1530 2567 1623 2599 etiam
1648 2566 1714 2600 sine
1738 2566 1850 2599 litteris

1109 2622 1370 2657 diinissorialibus
1407 2621 1480 2666 <nisi
1516 2620 1651 2655 habeant
1685 2620 1850 2665 episcopos

1733 205 1797 239 543
1845 216 1894 242 Λη.
1915 216 1943 243 c.
1963 216 2027 243 1627

1894 598 2033 618 iuramentum

1850 626 1933 645 alonium
1939 631 1990 647 rum.

1897 1612 1979 1631 Poenae
1996 1617 2043 1631 ron-

1861 1639 2024 1658 tratri-tenuntur,

1934 2200 2046 2225 privilegia

1863 2227 1999 2247 alumnorum.
