2269 3235
939 281 1080 306 unssxnus
1101 281 1157 306 vin
1178 282 1226 306 pr.
1758 268 1801 304 69
1847 280 1895 305 An.
1916 278 1944 305 c.
1968 278 2035 305 εὸτι

320 330 437 364 mentio
453 330 517 372 fiat,
534 335 564 364 et
581 334 653 365 tune
672 330 812 374 reliquae
832 330 1059 363 reservationcs
1076 333 1078 346 '
1137 330 1280 363 59.1tem
1299 329 1403 369 voluit,
1417 328 1501 372 quod
1519 328 1542 361 si
1562 333 1687 372 petatur
1699 327 1834 371 aliquem
1883 340 1913 361 ιη
1935 341 2034 370 namur.

319 383 361 416 ibi
393 388 558 417 contentae
586 384 718 418 veniant.
746 383 777 416 Si
808 393 883 417 vero
914 388 1058 427 tempore
1850 368 1953 392 ''mm'’
1968 373 1987 387 ¹¹¹
2002 367 2034 387 '¹¹‘

125 284 172 309 εἴη.
193 283 222 310 C.
242 281 313 310 ¹623

143 1510 172 1532 Du
182 1511 298 1537 exprussto-

116 1543 142 1558 na
175 1539 299 1563 qualitatum

117 1564 264 1585 venetii-iorum
278 1565 297 1584 in

117 1591 298 1615 impetrationibus

139 2106 169 2128 Du
187 2106 294 2129 beni-ficiis

114 2135 236 2154 vacantibus
258 2141 295 2157 nei·

113 2163 241 2181 cummi-tum
253 2168 294 2182 ma-

115 2188 212 2206 irimouii.

1094 383 1124 415 in
1149 383 1335 426 religionem
1361 382 1456 426 recipi
1474 387 1505 415 et
1521 381 1580 414 sibi
1597 381 1635 414 de
1651 381 1762 425 quovis
1785 381 1837 413 be·
1851 394 1902 414 tom
1927 393 2034 419 ηιῑςιοιυ-

317 436 526 481 expeditionis
546 437 617 470 inde
641 437 816 469 litterarum
837 435 993 479 generalis
1014 446 1061 469 re·
1093 436 1206 469 nesicio
1226 436 1437 469 ecclesiastico
1455 435 1625 480 provideri,
1643 445 1699 478 per
1719 433 1837 478 simpli·
1851 426 1904 441 ‘'³²'‘

319 490 453 523 servatio
478 489 658 523 huiusmodi
692 489 820 533 probari
850 499 913 522 non
943 489 1059 533 possit,

318 549 371 577 aut
394 543 426 576 in
449 544 538 577 novis
562 542 811 587 provisionibus,
837 553 893 575 seu
915 553 974 586 pro
998 542 1061 575 col-

319 597 530 641 litigantibus‚
555 598 580 630 si
604 597 725 638 neutri,
751 597 798 630 vel
823 597 848 630 si
871 597 964 637 nulli,
989 602 1059 637 ete,

319 652 358 684 sit
380 662 575 696 expressum,
600 650 683 695 quod
707 650 746 683 ab
770 651 927 695 aliquibus
951 651 1060 684 asseri-

319 710 383 746 tur,
409 705 514 746 illum,
539 704 628 738 cuius
651 704 841 737 beneficium
866 705 1058 746 conceditur,

319 758 537 799 collectorem,
561 758 609 791 vel
633 758 761 791 unicum
786 758 1059 799 subcollectorem‚

318 811 578 852 abbreviatorem,
594 812 642 845 vel
666 812 864 852 familiarem,
889 812 1059 852 notarium,

318 869 371 898 aut
386 865 486 898 dictae
503 865 591 900 Sedis
611 865 777 899 officialem
798 865 903 907 fuisse,
921 866 1059 899 clausula

316 922 469 963 ponatur,
494 919 605 953 Etiam
636 920 665 952 si
697 919 821 953 dictum
846 919 1055 963 beneficium,

317 982 355 1004 ex
378 982 412 1005 eo
440 972 527 1016 quod
560 973 636 1006 talis
668 973 835 1013 collector,
863 973 912 1006 vel
940 973 1059 1006 unicus

316 1025 530 1066 subcollector,
557 1026 771 1067 abbreviator,
792 1026 841 1058 vel
863 1026 1055 1069 familiaris,

316 1079 474 1119 notarius,
491 1083 549 1111 aul
573 1079 677 1112 dictae
697 1079 788 1113 Sedis
808 1079 959 1122 officialis
983 1080 1057 1122 fait,

316 1130 523 1175 dispositioni
541 1132 734 1176 apostolicae
748 1132 946 1175 qeneratieer
964 1142 1059 1165 reser-

316 1188 425 1218 vatum
450 1185 578 1225 asciseat,
606 1185 780 1218 dummodo
805 1195 870 1218 non
895 1186 937 1218 sit
962 1186 998 1218 in
1023 1196 1057 1218 eo

315 1238 419 1271 alicui
441 1239 624 1283 specialiter
647 1239 699 1271 ius
723 1239 917 1282 quaesitum.
945 1239 977 1271 In
1006 1250 1056 1272 re-

316 1291 408 1335 liquis
428 1301 502 1325 vero
521 1292 606 1324 nulla
628 1292 768 1325 clausula
792 1292 894 1332 detur,
911 1292 994 1326 unde
1012 1304 1057 1326 re-

315 1344 448 1378 servatio
463 1345 620 1388 generalis
634 1345 703 1378 elici
723 1345 831 1389 possit,
844 1345 904 1378 nisi
920 1346 1056 1390 desuper

314 1397 474 1440 signatura
496 1408 553 1441 per
573 1398 688 1441 duplex
704 1399 783 1432 Fiat
800 1399 921 1442 signata
938 1399 988 1440 sit,
1003 1404 1056 1434 aut

314 1450 495 1491 reservatio,
520 1451 567 1484 vel
591 1451 677 1492 alias,
691 1452 869 1496 specialiter
892 1452 1054 1486 habeatur.

357 1503 408 1537 57.
433 1504 511 1537 Item
535 1505 643 1546 voluit,
667 1506 752 1549 quod
777 1517 872 1550 super
894 1506 1055 1539 beneficiis

313 1556 542 1599 ecclesiasticis,
567 1559 605 1592 de
629 1559 834 1603 qualitatibus
858 1560 997 1600 illorum,
1016 1561 1056 1593 vi-

312 1610 433 1652 delicet,
447 1622 485 1644 an
509 1612 687 1655 dignitates,
704 1618 901 1657 personatus,
922 1614 970 1646 vel
990 1614 1055 1647 offi-

312 1664 360 1697 cia
372 1664 443 1706 sint,
460 1665 567 1709 eisque
591 1666 754 1699 immineat
774 1678 850 1700 cura
867 1667 1053 1707 animarum,

311 1722 342 1750 et
358 1717 396 1750 ad
416 1718 469 1751 illa
486 1719 707 1753 consueverint
723 1720 776 1764 qui
796 1731 852 1764 per
868 1721 1052 1754 electionem

311 1771 437 1812 assumi,
462 1773 579 1805 mentio
603 1772 667 1813 fiat,
684 1773 759 1806 alias
782 1774 902 1817 gratiae
919 1770 1072 1818 desuporl

311 1824 409 1857 sactae
433 1825 494 1858 sint
516 1826 631 1859 nullae.
656 1827 693 1859 Et
716 1827 741 1859 si
766 1828 931 1870 qualitates
949 1828 1054 1860 huius-

312 1877 396 1911 modi
421 1879 604 1912 affirmative
635 1880 682 1912 vel
712 1880 965 1914 conditionaliter
990 1892 1052 1914 nou

311 1931 545 1975 exprimantur,
571 1933 715 1976 negativa
743 1944 890 1977 expresse
918 1935 1053 1979 desuper

310 1985 363 2018 fiat
396 1985 427 2018 in
460 1985 642 2027 beneficiis,
672 1998 751 2031 quae
782 1988 859 2020 tales
888 1988 1052 2031 qualitates

311 2039 358 2071 vel
382 2049 419 2072 ex
444 2040 488 2073 eis
512 2040 631 2084 aliquas
655 2042 875 2074 consueverint
900 2042 1025 2075 habere.

353 2091 404 2125 58.
430 2092 518 2134 Item,
534 2094 560 2126 si
585 2099 765 2128 reservetur
785 2095 974 2128 beneficium
995 2107 1052 2139 per

310 2151 505 2180 contractum
530 2148 745 2189 matrimonii,
770 2158 833 2181 non
860 2149 975 2182 dentur
999 2149 1051 2182 alii

310 2199 394 2233 modi
410 2200 605 2234 vacationum
624 2201 662 2234 de
679 2202 796 2243 futuro,
813 2213 871 2236 nec
887 2207 1052 2236 censeatur

310 2251 497 2287 beneficium
523 2260 716 2288 reservatum
740 2255 927 2299 specialiter,
945 2257 992 2289 vel
1013 2257 1053 2289 as-

312 2305 441 2348 sectum,
463 2307 523 2341 nisi
547 2313 697 2353 sequatur
720 2309 967 2343 matrimonium.
992 2310 1051 2343 Sed

312 2358 344 2391 in
359 2359 519 2394 beneficiis
535 2372 592 2405 per
608 2363 853 2406 promotionem,
867 2368 920 2395 aut
936 2362 1052 2406 ingres-

311 2420 380 2445 sum
405 2414 580 2457 religionis,
605 2417 652 2448 vel
677 2416 941 2460 assequutionem,
966 2427 1052 2450 vaca-

302 2466 399 2509 turis,
412 2472 546 2510 ponatur
560 2469 707 2510 clausula,
722 2470 815 2503 etiam
840 2469 865 2502 si
889 2480 951 2503 non
968 2475 1052 2514 peta-

310 2524 369 2554 tur.
390 2520 465 2553 Cum
489 2513 640 2555 beneficia
663 2523 843 2557 huiusmodi
865 2524 1050 2568 praemisso,

310 2572 358 2605 vel
382 2573 457 2606 alias
481 2574 590 2617 quovis
613 2575 718 2617 modo,
740 2580 808 2617 ete,
829 2583 1050 2621 praeterquam

309 2637 365 2669 per
389 2627 509 2660 obitum
533 2627 712 2670 obtinentis,
736 2641 846 2664 vacare
873 2631 1050 2675 contigerit,

309 2679 400 2712 etiam
427 2681 450 2713 si
476 2687 593 2714 vacent.

1094 501 1161 523 cem
1187 490 1378 532 signaturam
1405 490 1466 521 tiat.
1493 490 1630 533 Recepto
1656 487 1836 520 huiusmodi

1093 543 1254 576 dumtaxat
1271 543 1372 582 detur,
1385 543 1518 583 adiecto,
1536 543 1561 575 si
1579 546 1689 586 petens
1706 541 1837 574 idoneus

1094 596 1143 637 sit,
1160 600 1212 629 aut
1236 595 1321 628 aliud
1345 596 1531 628 canonicum
1557 606 1620 628 non
1644 594 1788 634 obsistam
1806 599 1838 627 et

1094 649 1300 693 exprimatur,
1314 649 1338 681 si
1353 654 1456 682 certus
1474 659 1624 681 numerus
1642 648 1837 691 regularium

1094 703 1133 736 sit
1159 703 1285 743 ibidem,
1303 702 1353 735 cui
1373 702 1467 735 etiam
1492 711 1554 734 non
1579 701 1760 744 derogetur,
1776 701 1837 734 nisi

1093 768 1240 801 expresse
1270 755 1459 789 concedatur
1487 760 1518 788 et
1549 755 1574 788 si
1604 766 1755 788 numerus
1780 754 1837 788 iste

1093 821 1155 844 non
1173 810 1300 850 existat,
1316 814 1469 853 ponatur:
1488 809 1669 842 Dummodo
1685 809 1838 852 receptio-

1093 865 1145 897 nis
1167 864 1253 897 locus
1279 862 1470 896 huiusmodi
1498 862 1641 895 nimium
1666 866 1837 905 propterea

1093 927 1158 950 non
1201 921 1366 960 qravetur.
1404 916 1590 959 Possintque
1627 920 1837 959 exequutores

1093 970 1282 1014 provisionis
1314 969 1515 1009 huiusmodi,
1547 969 1585 1001 ad
1621 969 1835 1012 receptionem

1092 1022 1271 1055 emissionis
1308 1022 1511 1066 professionis
1531 1050 1538 1063 ,
1570 1031 1634 1054 non
1673 1026 1836 1065 expectato

1092 1075 1291 1119 probationis
1315 1085 1406 1117 anno,
1431 1075 1607 1119 providere⁴

1135 1129 1186 1163 60.
1212 1130 1299 1170 Item,
1320 1130 1346 1162 si
1371 1129 1527 1172 regularis
1550 1133 1635 1173 petat
1651 1128 1710 1162 sibi
1728 1128 1766 1162 de
1785 1129 1835 1162 be-

1090 1183 1213 1224 neficio,
1234 1184 1274 1216 ab
1299 1183 1404 1227 aliquo
1424 1184 1615 1216 monasterio
1632 1183 1680 1216 vel
1696 1183 1834 1226 regulari

1091 1236 1160 1268 loco
1178 1235 1386 1280 dependente,
1401 1236 1572 1279 provideri,
1589 1241 1619 1269 et
1635 1241 1785 1280 appareat
1797 1246 1833 1269 ex

1090 1289 1239 1332 petitione
1267 1289 1466 1330 huiusmodi,
1491 1289 1577 1333 quod
1607 1289 1736 1323 alterius
1765 1300 1834 1323 mo·

1090 1342 1218 1374 nasterii
1250 1342 1297 1375 vel
1326 1342 1386 1375 loci
1410 1342 1578 1385 religiosus
1607 1342 1662 1383 sit,
1688 1342 1761 1375 licet
1791 1342 1833 1375 ibi

1090 1395 1252 1429 translatio
1283 1406 1347 1429 non
1377 1400 1524 1440 petatur,
1551 1395 1758 1429 nihilominus
1782 1395 1834 1428 illa

1090 1448 1201 1482 veniat.

1133 1501 1184 1535 61.
1210 1503 1298 1543 Item,
1319 1503 1404 1547 quod
1429 1503 1461 1535 in
1486 1502 1597 1536 litteris
1621 1513 1718 1546 super
1741 1502 1835 1536 bene-
1848 1531 1862 1553 S

1088 1556 1168 1589 ficiis
1191 1567 1248 1600 per
1276 1556 1530 1590 constitutionem
1555 1556 1757 1590 Eaeecrabilis
1780 1566 1832 1589 va—

1088 1611 1252 1651 cantibus,
1276 1616 1412 1654 ponatur
1436 1611 1595 1651 clausula,
1619 1611 1655 1644 Si
1679 1611 1742 1643 isla
1766 1614 1831 1650 est,¹

1089 1665 1232 1698 similiter
1248 1665 1287 1698 de
1303 1665 1555 1709 quibuscumque
1578 1665 1713 1697 narratis
1737 1664 1833 1697 infor-

1089 1719 1258 1752 mationem
1284 1719 1354 1751 facti
1380 1718 1625 1762 requirentibus.

1132 1772 1183 1805 622.
1211 1773 1298 1813 Item,
1316 1773 1432 1816 petenti
1458 1772 1517 1805 sibi
1541 1772 1701 1816 provideri
1725 1772 1764 1805 de
1783 1783 1833 1805 va-

1087 1831 1218 1867 caturo,
1243 1826 1356 1859 dentur
1381 1826 1503 1858 litterae
1528 1826 1566 1858 de
1591 1825 1721 1865 vacanti,
1738 1831 1832 1869 prout

1088 1880 1279 1923 impetranti.

1130 1932 1181 1967 133.
1210 1934 1287 1966 Item
1320 1933 1478 1966 revocavit
1509 1944 1724 1977 quascumque
1752 1933 1832 1966 deci-

1086 2040 1158 2073 fidei
1183 2041 1355 2074 catholicae
1381 2041 1411 2073 in
1436 2041 1603 2074 Germania
1628 2046 1738 2074 contra
1762 2041 1832 2074 hae-

1086 2094 1200 2127 reticos
1230 2100 1259 2127 et
1290 2094 1416 2139 imperii
1448 2095 1581 2127 rebelles
1613 2095 1832 2138 impositarum

1086 2149 1145 2182 sub
1166 2149 1273 2181 datum
1299 2149 1403 2181 idibus
1436 2149 1569 2182 ianuarii
1593 2159 1675 2182 anno
1697 2149 1828 2196 quinto—

1085 2202 1209 2236 decimo
1234 2202 1434 2246 pontificatus
1459 2202 1599 2235 eiusdem
1624 2202 1711 2235 Pauli
1740 2213 1831 2247 prae-

1085 2256 1284 2300 decessoris),
1294 2267 1416 2290 necnon
1425 2256 1638 2290 subsidiorum
1650 2256 1830 2300 vigesimae,

1086 2315 1116 2343 et
1139 2310 1274 2343 aliorum
1297 2320 1431 2343 onerum
1456 2310 1684 2354 impositiones,
1709 2320 1789 2354 quae
1813 2320 1830 2342 a

1085 2363 1246 2407 praedicto
1271 2364 1367 2397 Paulo
1392 2364 1414 2396 V
1440 2363 1684 2407 praedecessore
1712 2373 1768 2396 suo
1793 2373 1830 2397 ex

1085 2417 1193 2461 quavis
1217 2420 1322 2458 causa,
1339 2417 1432 2450 etiam
1459 2417 1490 2449 in
1514 2416 1688 2450 subsidium
1708 2416 1831 2461 expedi-

1086 2470 1179 2504 tionis
1204 2475 1314 2504 contra
1339 2474 1444 2504 turcas
1472 2475 1502 2503 et
1531 2470 1724 2504 orthodoxae
1757 2469 1829 2505 fidei

1086 2524 1201 2564 hostes,
1218 2529 1421 2564 emanarunt,
1442 2529 1472 2556 et
1496 2534 1713 2568 quascumque
1737 2523 1830 2558 sacul-

1085 2582 1163 2610 tates
1181 2587 1276 2620 super
1299 2576 1506 2618 decimarum,
1523 2576 1694 2620 vigesimae
1712 2582 1742 2610 et
1759 2587 1828 2611 one-

1084 2642 1155 2664 rum
1180 2630 1362 2663 huiusmodi
1383 2631 1555 2672 exactione,
1580 2630 1741 2675 quibusvis
1765 2631 1828 2664 sru-

1084 2690 1190 2718 ctuum
1204 2689 1234 2717 et
1248 2689 1458 2727 proventuum
1476 2695 1620 2718 camerae
1637 2685 1826 2728 apostolicae

1885 1131 1915 1154 Do
1945 1133 2020 1154 tunnis
2027 1144 2033 1148 -

1850 1161 1906 1181 tione
1925 1160 2033 1184 relato-o-

1850 1192 1900 1207 rum,

1877 1505 1906 1526 De
1926 1505 2023 1526 clauum

1865 1532 1873 1552 ι’
1888 1534 1918 1553 εει
1933 1532 1980 1553 (sta.

1882 1771 1962 1792 Priami
1985 1777 2031 1798 pro-

1850 1798 1915 1818 videti
1930 1798 1956 1819 llo
1970 1804 2031 1819 vaca-

1848 1827 1902 1847 turo,
1912 1824 1987 1845 dentur
2000 1826 2031 1845 tit·

1848 1854 1906 1871 tomo
1935 1852 1961 1871 de
1997 1857 2031 1872 va-

1847 1878 1910 1898 canti,

1862 1930 1984 1961 'nomentio
1995 1931 2030 1952 de-

1847 1963 1949 1978 cimarum
1972 1960 1992 1978 et.
2009 1964 2030 1978 a·

1087 1997 1209 2019 marum
1228 1987 1305 2029 (non
1330 1991 1434 2020 tamen
1458 1997 1560 2031 nuper
1577 1998 1635 2031 pro
1651 1987 1831 2020 defensione
1847 1984 1921 2005 ’ΨΜ
1947 1986 2030 2010 “nim'‘

1847 2011 1933 2031 tionum.
