2269 3235
227 203 277 228 An.
289 201 316 228 C.
342 200 407 228 ¹6⁹2ss

233 1623 256 1635 va
277 1632 280 1638 ,
297 1616 415 1635 emitiinial·

233 1649 272 1669 que
291 1642 394 1662 L'rbauus.

261 2454 372 2474 Clau-sulae
384 2459 420 2478 pro

238 2484 380 2507 praesentium
390 2482 422 2501 tii·-

239 2511 318 2529 innato.

453 192 516 224 lino

427 249 509 281 tandi
536 249 678 281 larultate
703 254 733 281 et
757 247 951 288 auctoritate,
976 246 1108 279 iudicari
1132 250 1162 279 et

425 301 548 334 deliniri
568 302 692 340 debere,
710 312 744 333 ac
770 301 893 332 irritum
910 304 940 331 et
957 299 1048 331 inane
1073 298 1162 341 quid-

425 355 499 398 quid
526 366 613 387 secus
638 365 734 397 super
758 353 806 385 liis
830 364 847 384 a
871 351 1162 395 quoquuumquavis

426 409 619 449 auctoritate,
645 407 779 439 scienter
796 406 842 438 vel
862 405 1053 448 ignoranter,
1067 405 1164 438 eonti-

426 462 506 505 gerit
530 460 683 493 attentari.
710 461 777 493 Non
802 459 997 492 obstantibus
1016 459 1163 503 praemis-

426 516 477 554 sis,
502 526 537 547 ae
562 512 835 547 constitutionibus
860 517 890 545 et
914 511 1163 545 ordinationibus

425 567 616 611 apostolicis,
641 575 762 599 necnon
787 565 918 605 statutis,
937 565 1162 607 stabilimentis,

427 620 533 652 usibus
557 623 587 653 et
610 619 740 659 naturis,
764 619 937 662 privilegiis
961 629 1097 662 quoque,
1121 618 1164 650 in-

426 674 518 707 dultis
544 677 573 707 et
600 673 711 706 litteris
736 673 932 717 apostolicis,
957 673 1015 705 sub
1039 672 1165 716 quibus-

426 737 561 770 cumque
600 727 760 760 tenoribus
795 730 825 760 et
858 726 986 768 sot-niis,
1022 737 1057 758 ac
1093 736 1163 759 cum

426 779 588 823 quibusvis
609 779 755 812 clausulis
780 784 809 811 et
834 779 976 819 decretis,
995 779 1087 811 etiarn
1108 789 1164 822 per

426 833 622 877 provisiones
646 833 808 876 praefatas,
825 837 877 864 aut
893 832 978 872 alias
995 832 1026 863 in
1044 836 1165 864 eontra-

426 887 508 920 rium
528 888 632 920 forsan
649 886 886 930 quomodolibet
906 884 1072 925 concessis,
1091 895 1164 918 con-

426 940 558 973 firmatis
583 945 612 971 et
638 939 799 971 innovatis.
825 938 943 977 Quibus
959 938 1117 978 omnibus,
1134 948 1165 970 e-

428 994 529 1026 tiamsi
554 993 591 1026 de
616 993 686 1033 illis,
705 1002 877 1035 eorumque
902 991 974 1025 totis
994 991 1165 1031 tenoribus,

427 1047 580 1090 specialis,
599 1046 743 1089 specifica
760 1051 790 1077 et
807 1055 954 1088 expressa
980 1044 1096 1078 mentio
1117 1045 1167 1076 lia-

428 1100 527 1132 benda
553 1101 649 1139 foret,
675 1100 800 1131 illorum
826 1098 1007 1131 huiusmodi
1033 1103 1166 1132 tenores.

427 1142 462 1186 ac
487 1154 511 1185 si
536 1154 574 1185 de
599 1153 694 1186 verbo
719 1153 757 1184 ad
781 1152 912 1184 verbum
938 1152 1166 1191 insererentur,

428 1217 485 1250 pro
510 1206 700 1239 sullieienter
725 1205 879 1249 expressis
904 1209 933 1237 et
958 1204 1082 1237 insertis
1106 1205 1164 1236 lia-

428 1261 547 1300 bentes,
566 1259 626 1291 illis
651 1259 726 1291 alias
751 1259 782 1290 in
806 1269 862 1291 suo
888 1258 1002 1291 robore
1027 1268 1169 1301 perman-

428 1313 530 1353 suris,
563 1312 711 1345 latissime
743 1312 801 1344 liac
832 1312 898 1344 vice
929 1312 1107 1355 specialiter
1140 1317 1169 1344 et

429 1378 574 1410 expresse
591 1366 791 1408 derogamus,
809 1365 985 1408 ceterisque
1002 1365 1168 1397 contrariis

429 1421 688 1464 cpiibuseuinque.
703 1419 811 1451 Datum
828 1420 953 1460 nomae,
972 1418 1054 1461 apud
1072 1418 1100 1451 S.
1118 1419 1170 1451 Pe-

429 1479 522 1513 trum,
532 1473 589 1505 sub
599 1473 714 1505 annulo
725 1471 902 1512 Piscatoris,
913 1471 961 1503 die
974 1472 1076 1515 prima
1090 1482 1170 1504 mar-

430 1526 463 1559 tii
483 1537 610 1566 nnxctv,
628 1526 827 1569 pontificatus
844 1525 943 1557 nostri
957 1535 1038 1557 anno
1056 1535 1099 1557 111.

474 1581 488 1622 ξ
513 1579 541 1611 2.
568 1580 630 1612 Nos
654 1590 739 1619 vero,
766 1579 941 1612 litterarum
966 1578 1170 1621 praeinserta-

430 1644 501 1666 rum
526 1632 735 1665 observationi
761 1632 953 1675 peramplius
971 1636 1000 1663 et
1017 1636 1168 1674 quantum

431 1687 462 1718 in
476 1686 567 1719 nobis
584 1690 630 1718 est
644 1685 807 1718 consulere
821 1685 976 1726 volentes,
997 1689 1084 1717 motu
1100 1696 1171 1728 pro-

432 1739 500 1783 prio
526 1744 555 1771 et
580 1749 615 1770 ex
641 1740 725 1771 certa
752 1737 881 1770 scientia
899 1742 928 1769 et
948 1739 1071 1769 matura
1098 1737 1170 1770 (leli-

432 1793 594 1825 beratione
619 1792 744 1831 nostris,
774 1791 874 1835 deque
899 1791 1087 1835 apostolieae
1114 1802 1171 1835 po-

434 1846 551 1879 testatis
579 1845 790 1888 plenitudine,
817 1845 941 1877 easdem
962 1845 1171 1888 praeinsertas

433 1900 566 1939 litteras,
589 1910 661 1932 cum
694 1898 839 1931 omnibus
863 1903 893 1930 et
917 1898 1048 1941 singulis
1073 1898 1104 1930 in
1128 1898 1172 1931 eis

432 1953 605 1993 contentis,
631 1957 739 1985 tenore
764 1952 975 1995 praesentium
1007 1952 1168 1995 approba-

433 2018 502 2039 mus
526 2011 555 2039 et
580 2006 811 2046 confirmamus,
838 2005 960 2048 illisque
985 2004 1172 2037 inviolabilis

433 2066 558 2094 nostrae
583 2060 773 2104 apostolieae
795 2059 952 2092 firmitatis
976 2060 1077 2091 robur
1101 2059 1173 2091 adii-

434 2115 553 2156 crimus,
580 2124 750 2157 omnesque
780 2119 809 2146 et
841 2113 981 2156 singulos
1010 2118 1071 2145 tan]
1096 2112 1172 2145 iuris

434 2179 527 2213 quam
548 2168 619 2201 sacti
644 2168 790 2209 desectus,
813 2166 837 2199 si
862 2167 915 2210 qui
940 2167 1074 2210 desuper
1098 2177 1174 2209 quo-

435 2222 607 2255 modolibet
632 2221 834 2254 intervenisse
859 2220 919 2253 dici
944 2224 1083 2263 possunt,
1104 2230 1174 2263 sup-

435 2277 577 2319 plemus,
607 2274 794 2317 easdemque
819 2273 1029 2317 praeinsertas
1054 2273 1173 2306 litteras

436 2334 466 2362 et
490 2328 595 2362 omnia
612 2333 642 2361 et
662 2328 785 2370 singula
804 2327 836 2359 in
859 2327 902 2359 eis
920 2331 1064 2359 contenta
1090 2326 1174 2360 inno-

436 2392 553 2414 vanius.

481 2437 494 2478 ξ
519 2435 548 2468 21³1.
574 2436 781 2468 Decernentes
805 2434 867 2474 illa,
885 2444 1006 2467 necnon
1030 2444 1176 2478 praesen-

439 2494 483 2521 tes
509 2492 634 2529 litteras,
653 2499 777 2532 semper
801 2488 916 2529 valida,
945 2488 1037 2520 firma
1061 2491 1090 2522 et
1115 2488 1176 2520 effi-

439 2542 519 2575 cacia
546 2553 612 2575 csse
637 2547 666 2575 et
690 2543 777 2585 fore,
803 2553 938 2585 suosque
961 2542 1120 2585 plenarios
1146 2546 1176 2574 et

439 2595 577 2637 int-..gros
595 2596 722 2629 effectus
739 2595 846 2629 sortiri
866 2600 896 2629 et
911 2595 1064 2637 obtinere,
1085 2605 1121 2628 ac
1138 2595 1176 2628 ab

998 199 1175 223 nUtithnttJM
1200 198 1352 222 ROMANUM

1948 199 2040 227 An.c.
2064 199 2131 228 1626

1194 244 1350 286 omnibus,
1366 254 1444 288 quos
1468 244 1521 277 illa
1544 245 1779 288 quomodolibet
1802 256 1932 280 concer-

1196 302 1272 330 nunt
1289 302 1319 330 et
1336 300 1526 331 coneernent
1550 297 1581 330 in
1605 298 1755 339 futurum,
1770 299 1933 332 inviolabi-

1196 351 1265 384 liter
1289 350 1450 383 observari
1474 350 1606 390 debere,
1632 350 1738 394 sieque
1755 356 1785 383 et
1801 362 1862 384 non
1882 352 1935 385 ali-

1196 408 1243 436 ter
1259 415 1316 448 per
1332 413 1549 447 quoscumque
1570 402 1688 436 iudices
1713 403 1889 438 ordinarios
1905 411 1935 439 et

1196 457 1366 500 delegatos,
1384 456 1477 489 etiam
1496 466 1661 489 causarum
1686 456 1793 500 palatii
1814 462 1936 500 aposto-

1197 511 1246 543 liei
1271 510 1439 550 auditores,
1461 509 1576 552 ubique
1600 509 1731 542 iudicari
1758 514 1788 542 et
1811 509 1935 544 deliniri

1196 564 1322 605 debere,
1342 574 1378 597 ae
1402 562 1527 596 irritum
1552 568 1580 596 et
1606 562 1706 605 inane,
1725 563 1750 595 si
1775 573 1865 596 secus
1889 574 1936 596 su-

1196 627 1253 660 per
1277 616 1325 649 liis
1349 627 1367 649 a
1390 626 1572 660 quoquam,
1596 615 1705 659 quavis
1729 616 1935 657 auctoritate,

1197 670 1331 703 scienter
1366 670 1415 702 vel
1451 669 1656 712 ignoranter,
1683 668 1851 712 eontigerit
1884 672 1932 703 at—

1198 723 1321 756 tentari.
1419 715 1423 718 ⁴

1241 777 1256 819 ἓ
1274 776 1302 809 5.
1321 776 1389 809 Non
1402 775 1599 809 obstantibus
1612 775 1758 809 omnibus
1772 775 1843 818 illis,
1858 786 1938 820 quae

1198 829 1230 861 in
1255 829 1373 861 eisdem
1398 829 1601 872 praeinsertis
1620 829 1733 862 litteris
1757 829 1856 863 dietus
1876 830 1940 863 Cle-

1199 893 1287 915 mens
1312 882 1536 925 praedecessor
1571 883 1668 916 voluit
1698 894 1762 916 non
1795 884 1938 925 obstare,

1199 934 1374 978 ceterisque
1394 934 1561 968 contrariis
1580 935 1841 979 quibuscumque.

1243 988 1355 1020 Datum
1381 988 1507 1029 Romae,
1533 988 1615 1031 apud
1639 988 1667 1020 S.
1693 988 1822 1021 Mariam
1847 985 1941 1022 lllaio-

1200 1052 1279 1081 rein,
1294 1040 1351 1073 sub
1369 1040 1484 1073 annulo
1502 1040 1680 1081 Piscatoris,
1697 1041 1747 1073 die
1765 1051 1782 1074 v
1803 1042 1941 1075 octobris

1201 1105 1353 1135 unexxvi,
1374 1094 1573 1137 pontificatus
1589 1094 1689 1128 nostri
1713 1105 1795 1129 anno
1813 1106 1852 1128 iv.

2022 791 2136 822 Dei-ozano

1954 821 2113 840 contrariorum.

1237 1158 1295 1185 Dat.
1313 1157 1356 1185 die
1371 1158 1387 1185 5
1403 1157 1521 1185 octobris
1538 1157 1621 1192 16026,
1643 1158 1735 1193 pontif.
1753 1167 1822 1186 anno
1838 1165 1873 1186 lv.

1496 1273 1643 1306 CCXVIII.

1202 1344 1376 1378 Dedalium,
1401 1343 1621 1377 ecclesiasticis
1645 1345 1739 1387 requi
1762 1345 1939 1386 Valentiae,

1246 1403 1282 1431 <nc
1307 1409 1380 1431 cum
1407 1398 1499 1430 laicis
1516 1398 1700 1431 subsiclimn
1717 1399 1786 1442 νομί
1804 1399 1942 1432 tribuere

1246 1456 1366 1495 queunt
1391 1452 1427 1484 in
1451 1452 1579 1483 summit
1611 1451 1712 1484 maius
1744 1452 1891 1484 militmis
1916 1456 1945 1485 et

1247 1505 1437 1548 octuaginta
1461 1504 1609 1536 millium
1634 1505 1831 1538 scretomm'.

1205 1575 1385 1604 charissimo
1405 1575 1436 1601 in
1458 1574 1574 1602 Christo
1594 1575 1656 1602 filio
1675 1578 1779 1602 nostro
1797 1575 1943 1610 Philippo,

1338 1620 1549 1654 Hispaniarum
1568 1620 1631 1654 regi
1651 1620 1809 1652 catholico,

1415 1673 1550 1700 Urbanus
1571 1673 1650 1706 Papa
1669 1673 1744 1699 VIII.

1302 1734 1480 1762 Charissimo
1497 1734 1527 1762 in
1545 1735 1663 1762 Christo
1679 1735 1722 1762 fili
1737 1738 1851 1768 noster,

1240 1780 1371 1807 salutem
1392 1783 1422 1806 et
1443 1779 1638 1813 apostolicam
1657 1781 1906 1808 benedictionem.

1249 1841 1387 1874 Eximius
1413 1841 1583 1875 maiestatis
1608 1846 1678 1874 tuae
1703 1843 1895 1875 orthodoxae
1914 1843 2145 1902 ss-erpaiqfflsslsceffi

1205 1895 1254 1928 dei
1271 1895 1501 1928 conservamlac
1519 1900 1549 1927 et
1565 1896 1787 1938 propagandae
1801 1898 1894 1940 zelus,
1911 1908 1945 1931 ae
1961 1909 2022 1928 tuem
2054 1910 2075 1928 ει
2106 1908 2145 1938 Sq-

1205 1949 1372 1991 singularis
1393 1959 1468 1991 erga
1484 1959 1541 1981 nos
1559 1954 1589 1981 et
1602 1950 1814 1992 Apostoliearn
1833 1951 1945 1984 Sedem
1961 1935 2008 1982 2¹53}
2021 1935 2145 1982 miliijlffl*

1205 2002 1529 2046 devotionis,.aliaque
1547 2004 1708 2046 praeclara
1725 2004 1837 2037 merita
1853 2005 1946 2048 plane

1206 2056 1354 2099 exigunt,
1383 2061 1416 2089 ut
1440 2057 1587 2097 subsidia,
1612 2068 1670 2100 pro
1695 2057 1834 2090 eiusdem
1858 2058 1945 2100 fidei,

1206 2116 1396 2154 tuorumque
1428 2122 1598 2153 regnorum
1632 2116 1661 2144 et
1686 2112 1882 2144 subditorum
1908 2113 1946 2145 ab

1206 2165 1348 2197 hostibus
1373 2165 1445 2197 fidei
1471 2165 1660 2204 defensione,
1678 2165 1716 2197 ab
1734 2165 1851 2198 eisdem
1877 2166 1948 2198 sub-

1206 2219 1277 2251 ditis
1294 2218 1355 2251 tuis
1373 2223 1482 2262 sponte
1499 2223 1528 2251 et
1551 2223 1699 2262 prompte
1720 2219 1832 2259 oblata,
1853 2230 1948 2263 quan-

1207 2277 1270 2306 tum
1293 2282 1363 2305 curn
1388 2272 1521 2305 Domino
1545 2283 1724 2316 possumus,
1753 2273 1946 2306 adiuvemus.

1251 2325 1307 2369 §f
1322 2325 1441 2369 Exponi
1458 2325 1611 2368 siquidem
1626 2325 1716 2358 nobis
1730 2325 1838 2366 fecisti,
1853 2327 1959 2370 quod„
2003 2345 2149 2367 Eootesiasttei

1207 2390 1278 2412 eum
1302 2390 1404 2423 nuper
1428 2379 1532 2412 dilecti
1564 2379 1620 2411 filii
1650 2379 1765 2412 subditi
1790 2380 1879 2423 regni
1905 2381 1948 2414 tui
1963 2373 2151 2421 {fillf'c‘lffilmfflflssffsi

1208 2432 1364 2466 Valentiae
1382 2432 1413 2465 in
1430 2432 1626 2476 pai-lamento
1640 2433 1747 2476 oppidi
1765 2433 1803 2466 de
1819 2434 1950 2467 Monson
1964 2426 2061 2448 ‘’stem‘'

1208 2485 1400 2529 congregati,
1425 2485 1728 2527 animadvertentes,
1754 2487 1948 2520 maiestatem

1208 2545 1305 2580 tuam,
1319 2550 1377 2583 pro
1390 2539 1553 2583 religionis
1568 2540 1739 2574 catholicae
1753 2551 1788 2575 ac
1802 2541 1948 2575 obedien-

1246 2603 1257 2629 1
1275 2601 1313 2629 Ex
1328 2601 1436 2638 Regest.
1453 2602 1480 2630 in
1494 2602 1596 2631 Secret.
1613 2602 1689 2630 Brev.
