2269 3235
136 250 185 275 An.
202 248 232 275 G.
251 246 319 274 1626

331 293 500 338 perspicuo
532 293 623 333 loco,
648 293 730 326 unde
753 293 791 326 ab
816 293 962 327 omuibus
986 293 1071 326 cerni

332 347 464 391 possint,
489 346 638 380 continuo
663 346 752 379 affixa
779 351 968 379 remaneant.

376 399 486 433 Datum
501 400 628 440 Romae,
642 399 724 443 apud
749 399 777 432 S.
796 400 933 439 Petrum,
951 398 1008 431 sub
1021 409 1072 431 an-

330 454 405 486 nulo
430 452 606 492 piscatoris,
625 452 675 485 die
694 462 772 486 xxm
793 451 895 484 martii
920 461 1071 492 iincxxvi,

331 507 531 550 pontificatus
555 507 653 540 nostri
679 516 760 538 anno
786 515 828 538 111.

368 569 425 597 Dat.
442 569 485 597 die
498 570 532 597 23
547 569 637 597 martii
656 568 731 602 1626,
748 567 841 603 pontif.
859 576 928 595 anno
944 574 981 594 111.

628 683 774 716 CXCVIII.

332 746 542 789 Confirmatio
567 745 701 784 indulti,
722 755 742 777 α
758 744 849 778 Sixto
866 745 962 788 Papa
982 744 1007 777 V
1021 755 1072 777 ca-

371 796 479 839 pitulo
511 794 709 827 cathedralis
741 793 889 826 ecclesiae
917 793 1072 826 Leoclien-

374 846 418 876 sis
442 843 589 883 concessi,
607 842 750 885 eliyemli
769 842 811 875 acl
827 843 1071 886 praeposituras

374 897 403 926 et
420 892 568 925 abbatias
587 896 656 924 tum
672 891 816 924 eiusdem
833 892 982 936 capituli,
1002 896 1071 925 tum

374 942 473 975 etiam
497 941 744 984 colleyiatarum
769 941 863 973 illius
883 942 1026 974 civitatis
1043 946 1071 974 et

374 989 534 1031 dioecesis,
553 1000 626 1022 cum
650 990 847 1022 concessione
871 990 1008 1023 alterius
1025 990 1073 1023 in-

375 1038 463 1071 dulci
483 1038 591 1082 quoad
616 1038 851 1082 resigynate'ones
874 1038 1066 1082 faciendas&

537 1110 674 1137 Urbanus
690 1109 863 1144 Episcopus,

508 1156 614 1176 servus
645 1157 799 1177 servorum
832 1150 894 1183 Dei,

455 1190 490 1217 ad
510 1192 686 1224 perpetuam
705 1190 750 1217 rei
770 1190 949 1217 memoriam.

174 1266 286 1296 Exordium
302 1272 314 1286 a
374 1252 500 1286 Clerum
524 1252 727 1285 Leodiensem
746 1252 786 1286 ob
807 1253 874 1285 eius
895 1252 1072 1296 amplitudi-

131 1293 315 1344 ἓῖἓῖἷιιῖἶὲὼθῖιῖῗ
329 1315 401 1338 nem
416 1310 446 1338 et
463 1305 616 1338 sinceram
639 1315 714 1348 erga
730 1305 842 1338 Sedetn
859 1306 1070 1349 Apostolicam

130 1348 242 1371 mmmm
330 1359 531 1392 devotionem
547 1363 680 1402 paterno
700 1359 814 1391 affectu
833 1360 1070 1403 amplectenteS,

330 1412 368 1445 de
392 1412 459 1445 eius
484 1412 658 1456 privilegiis
678 1422 741 1444 non
759 1412 980 1445 conservandis
1006 1416 1072 1446 tan-

329 1471 406 1506 tum,
432 1466 486 1499 sed
517 1471 547 1499 et
578 1465 764 1509 ampliandis
788 1465 994 1500 libentissime
1019 1478 1071 1500 co-

329 1519 472 1563 gitamus.

131 1612 134 1615 ,
183 1585 314 1614 aecennfiur
374 1573 389 1616 ξ
409 1573 438 1605 ’1.
456 1572 601 1606 Exhibita
617 1573 771 1616 siquidem
787 1573 877 1606 nobis
893 1583 996 1617 nuper
1012 1584 1071 1617 pro

129 1611 314 1667 2¹3³ss¹i¹¹ir⁰¹e2f>iitiff
329 1632 419 1671 parte
443 1627 630 1661 dilectorum
656 1626 794 1659 filiorum
819 1627 947 1670 capituli
972 1633 1002 1659 et
1026 1638 1073 1660 ca-

129 1665 314 1712 ῗεοαῖἶᾌῖῗέἱῖᾞῗ
328 1680 514 1713 nonicorum
547 1680 676 1713 maioris
712 1680 861 1713 ecclesiae
892 1680 1071 1713 Leodiensis

130 1724 220 1739 ⁰⁰⁵⁵um'
328 1734 438 1778 petitio
452 1734 640 1775 continebat,
655 1734 739 1778 quod
756 1734 832 1766 alias
846 1734 956 1778 [felicis
969 1745 1072 1767 recor-

329 1787 462 1820 dationis
479 1787 564 1820 Sixto
578 1788 611 1829 V,
626 1787 861 1831 praedecessori
880 1792 999 1827 nostro,
1013 1798 1070 1831 pro

329 1844 418 1883 parte
443 1840 652 1884 capitulorum
680 1840 780 1873 dictae
809 1840 938 1873 maioris
962 1851 998 1874 ae
1023 1851 1070 1873 se-

331 1892 484 1925 cularium
507 1898 537 1926 et
555 1894 790 1937 collegiatarum
809 1894 1013 1927 ecclesiarum
1032 1895 1071 1927 ci-

330 1946 432 1980 vitatis
456 1952 486 1980 et
505 1946 656 1980 dioecesis
677 1948 858 1981 Leodiensis
878 1953 908 1980 et
925 1959 1071 1992 quarum-

329 2000 399 2033 dam
415 2001 652 2044 particularium
670 2012 887 2045 personarum,
903 2002 1070 2046 exposit0‘2,

328 2053 422 2097 quod,
437 2064 507 2086 cum
525 2054 592 2097 ipsa
609 2054 745 2098 capitula
761 2055 941 2098 (praetextu
958 2055 1071 2088 littera-

328 2117 400 2139 rum
412 2107 482 2151 piae
496 2108 668 2141 memoriae
679 2108 810 2151 Eugenii
822 2109 921 2152 Papae
930 2108 1069 2141 IVetiam

328 2160 579 2204 praedecessoris
603 2161 722 2202 nostri,
748 2172 826 2205 quas
856 2162 918 2194 vim
943 2173 1072 2196 concor-

329 2214 473 2247 datorum
504 2215 586 2248 inter
616 2215 700 2259 ipsas
732 2215 881 2248 ecclesias
905 2221 935 2248 et
957 2216 1068 2249 Sedem

329 2267 538 2310 Apostolicam
552 2268 668 2301 habere
686 2269 942 2312 praetendebant,
957 2280 992 2302 ac
1006 2270 1071 2313 qui-

329 2319 388 2352 bus
412 2319 493 2352 inter
516 2320 575 2353 alia
600 2321 702 2355 caveri
727 2321 889 2354 dicebatur
913 2332 1069 2366 expresse,

330 2373 498 2406 electiones
529 2374 567 2406 ad
601 2374 786 2418 dignitatem
824 2376 976 2409 maiorem
1001 2382 1071 2420 post

330 2426 541 2470 pontificalem
565 2427 596 2459 in
621 2428 747 2470 maiori,
774 2433 803 2461 et
827 2429 1016 2473 principales
1040 2430 1071 2462 in

331 2479 503 2522 collegiatis
539 2480 677 2514 ecclesiis
710 2482 890 2515 huiusmodi
927 2483 1071 2517 electivas

330 2543 388 2577 per
412 2538 585 2576 temporaa
601 2533 669 2566 iure
693 2540 815 2577 statuta,
838 2536 1005 2580 expectari,
1035 2537 1071 2569 il-

367 2605 378 2631 1
397 2605 434 2631 Ex
451 2604 559 2639 Regest.
576 2604 603 2631 in
618 2604 719 2632 Secret.
740 2606 822 2634 Brev.

365 2649 383 2676 2
397 2649 458 2685 Seq.
475 2649 605 2685 expositio
620 2649 805 2678 turbatissima
820 2654 861 2678 est
875 2652 911 2687 (a.
930 2652 978 2687 ¹12).

449 2704 526 2732 Bull.
544 2705 624 2733 Rom.
641 2721 675 2726 —
694 2706 752 2733 Vol.
769 2706 849 2733 XIII.
997 2706 1030 2734 57

945 244 1087 270 URBANUS
1110 244 1168 269 VIII
1192 245 1238 269 1³1⁵.

1752 234 1816 269 449
1861 243 1914 271 An.
1931 243 1958 270 c.
1977 242 2045 271 ¹626

1106 294 1213 337 lasquc
1236 292 1403 337 approbari
1429 296 1459 325 et
1479 291 1670 332 confirmari,
1687 292 1734 325 vel
1760 292 1847 325 insir-

1106 347 1185 378 mari
1212 346 1345 387 debere,
1371 350 1464 391 prout
1497 345 1613 378 iustitia
1647 350 1677 379 et
1708 345 1847 389 aequitas

1107 399 1268 440 suaderet,
1293 404 1386 443 atque
1411 399 1503 433 etiarn
1536 403 1699 443 praetextu
1731 398 1847 432 littera-

1107 462 1176 483 rum
1192 452 1376 484 recolendae
1394 451 1563 485 memoriae
1581 452 1625 485 rit
1641 452 1663 484 II
1678 456 1707 485 et
1724 451 1798 485 sixti
1815 453 1846 491 V,

1106 514 1141 536 ac
1166 504 1271 537 forsan
1302 504 1437 537 aliorum
1470 505 1683 538 Romanorum
1713 504 1843 538 Pontifi-

1107 568 1197 597 cum,
1218 557 1310 590 etiam
1336 558 1614 601 praedecessorum
1646 564 1846 598 nostrorum,

1106 611 1220 654 quibus
1237 611 1318 643 inter
1335 610 1394 643 alia
1412 611 1492 643 idem
1508 611 1585 655 ipsis
1598 612 1690 644 etiam
1708 612 1746 645 de
1765 622 1846 645 novo

1106 663 1262 696 indultum
1287 674 1354 696 esse
1381 674 1564 697 concessum
1583 665 1761 707 dicebatur,
1783 665 1848 709 qui-

1106 717 1164 749 bus
1189 717 1282 749 etiam
1308 717 1420 750 litteris
1444 717 1596 761 praedicti
1617 718 1693 751 Sixti
1718 719 1740 750 V
1761 729 1847 762 prae-

1106 770 1281 803 decessoris
1306 770 1431 814 antiqua
1455 770 1649 803 consuetudo
1674 772 1847 815 approbata

1106 824 1380 867 praetendebatur,
1403 824 1487 867 quod
1514 829 1575 856 tam
1600 824 1729 857 maioris
1753 835 1847 867 quam

1106 877 1197 911 etiam
1222 878 1288 911 sere
1312 878 1453 911 omnium
1485 878 1618 911 aliarum
1643 878 1847 911 ecclesiarum

1106 931 1338 974 praedictarum
1365 931 1497 964 civitatis
1522 936 1551 964 et
1568 931 1720 964 dioecesis
1744 931 1849 964 huius-

1106 985 1191 1018 modi
1209 985 1310 1019 maior
1326 991 1356 1018 ct
1371 985 1561 1029 principales
1578 985 1745 1028 dignitates
1761 996 1849 1029 prae-

1106 1039 1206 1072 dictae
1237 1039 1306 1071 aliis
1337 1049 1431 1082 quam
1465 1038 1624 1072 canonicis
1654 1043 1725 1072 actu
1756 1049 1848 1082 prae-

1105 1092 1248 1126 bendatis
1268 1092 1366 1136 ipsius
1388 1092 1537 1125 ecclesiae
1563 1092 1692 1125 maioris
1713 1093 1848 1125 conferri

1105 1152 1158 1179 aut
1182 1146 1397 1179 commendari
1427 1146 1611 1190 nequirent,
1636 1146 1783 1190 quodque
1808 1147 1847 1179 ab

1105 1199 1222 1233 eisdem
1247 1199 1452 1243 dignitatibus
1477 1210 1586 1233 omnes
1610 1200 1699 1241 aliae,
1723 1205 1848 1244 praeter

1105 1258 1206 1286 certas
1222 1253 1253 1285 in
1270 1253 1361 1286 dictis
1385 1253 1560 1297 praetensis
1581 1253 1788 1293 concordatis,
1806 1254 1849 1286 in-

1105 1306 1209 1347 dultis,
1228 1312 1258 1339 et
1278 1306 1451 1351 privilegiis
1476 1317 1639 1351 expressas
1664 1307 1849 1340 reservatio-

1105 1370 1177 1400 nes,
1202 1358 1290 1394 erant
1324 1360 1492 1403 exclusae),
1521 1359 1760 1393 occurrentibus
1790 1371 1848 1404 pro

1105 1418 1247 1457 tempore
1272 1414 1485 1447 vacationibus
1513 1418 1576 1446 tam
1601 1413 1729 1446 maioris
1754 1424 1848 1457 quam

1105 1466 1327 1510 principalium
1352 1467 1540 1509 dignitatum
1566 1467 1759 1506 huiusmodi,
1780 1478 1850 1510 per-

1107 1529 1256 1552 sonarum
1276 1520 1463 1553 idonearum
1481 1520 1519 1552 ad
1540 1520 1608 1552 illas
1625 1519 1794 1553 electiones
1810 1520 1848 1552 ad

1106 1583 1138 1605 se
1166 1573 1306 1615 legitime
1330 1573 1489 1617 pertinere
1514 1573 1770 1617 praetenderent,
1795 1573 1847 1606 ac¹

1107 1630 1216 1669 postea
1240 1625 1321 1658 inter
1348 1625 1492 1669 provisos
1516 1626 1554 1658 de
1579 1625 1639 1658 illis
1664 1626 1849 1660 auctoritate

1106 1679 1287 1722 apostolica,
1305 1684 1335 1711 et
1359 1679 1474 1712 electos
1488 1689 1504 1711 a
1518 1679 1688 1722 praedictis
1706 1680 1849 1723 capitulis

1106 1732 1144 1765 ad
1169 1732 1293 1765 easdem
1312 1732 1480 1775 dignitates
1498 1732 1600 1765 variae
1621 1743 1713 1776 saepe
1732 1734 1802 1766 lites
1820 1738 1850 1766 et

1106 1786 1339 1819 controversiae
1363 1786 1534 1827 orirentur,
1558 1791 1652 1830 prout
1672 1790 1758 1820 ortae
1776 1791 1849 1820 tunc

1105 1844 1204 1881 erant,
1223 1850 1278 1873 seu
1295 1840 1473 1884 periculum
1494 1845 1570 1880 erat,
1591 1850 1629 1873 ne
1650 1840 1730 1874 inter
1746 1841 1849 1884 provi-

1105 1903 1156 1926 sos
1176 1904 1192 1925 a
1213 1893 1291 1927 Sede
1316 1893 1478 1937 praedicta
1503 1893 1541 1926 de
1565 1893 1722 1936 aliquibus
1742 1904 1778 1926 ex
1803 1893 1849 1926 di-

1105 1946 1162 1979 ctis
1186 1946 1390 1989 dignitatibus
1408 1951 1438 1979 et
1454 1946 1492 1979 ad
1510 1947 1577 1979 illas
1601 1947 1716 1980 electos
1732 1947 1850 1980 oriren-

1105 2000 1169 2043 tur)
1191 2000 1274 2033 idem
1301 2000 1406 2033 Sixtus
1430 2001 1453 2033 V
1479 2001 1712 2044 praedecessor,
1734 2002 1850 2044 suppli-

1105 2053 1280 2087 cationibus
1305 2054 1363 2086 sibi
1388 2064 1448 2097 pro
1472 2059 1561 2098 parte
1585 2054 1741 2087 dictorum
1767 2055 1849 2098 capi-

1105 2108 1245 2140 tulorum
1262 2108 1396 2151 desuper
1409 2112 1482 2140 tune
1501 2108 1656 2151 porrectis
1672 2107 1848 2148 inclinatus,

1106 2171 1162 2204 per
1175 2172 1257 2201 suas,
1274 2161 1331 2194 sub
1344 2161 1449 2194 datum
1462 2162 1589 2201 Romae,
1605 2161 1687 2205 apud
1705 2166 1847 2194 sanetum

1106 2215 1254 2255 Petrum,
1286 2225 1368 2248 anno
1404 2215 1631 2248 Incarnationis
1667 2215 1848 2248 Dominicae

1106 2278 1278 2309 iiiimxxv,
1310 2268 1402 2301 nonis
1438 2268 1536 2309 maii,
1564 2267 1766 2311 pontificatus
1800 2269 1848 2301 sui

1105 2332 1186 2355 anno
1200 2332 1210 2354 1
1222 2322 1243 2362 ³,
1260 2322 1420 2366 expeditas
1439 2321 1568 2363 litteras,
1577 2316 1776 2354 ‘concordata
1793 2332 1848 2355 seu

1106 2375 1224 2409 indulta
1250 2380 1281 2408 et
1308 2375 1586 2419 praedecessorum
1613 2375 1848 2418 praedictorum

1105 2430 1225 2462 litteras
1251 2429 1419 2462 moderans
1443 2433 1472 2461 et
1492 2428 1656 2472 amplians,
1684 2429 1754 2461 loco
1782 2429 1848 2462 illo-

1106 2493 1187 2523 rum,
1205 2483 1236 2515 in
1256 2487 1444 2526 perpetuum
1470 2482 1587 2515 eisdem
1615 2482 1758 2526 capitulis
1783 2493 1848 2516 om-

1105 2537 1192 2570 nium
1218 2541 1279 2569 tam
1298 2536 1426 2569 maioris
1443 2546 1538 2580 quam
1555 2536 1687 2569 aliarum
1705 2537 1847 2570 ecclesia-

1143 2610 1151 2635 1
1172 2608 1305 2635 Particuta
1319 2616 1352 2634 ccc
1367 2607 1519 2635 redundare
1535 2607 1639 2635 videtur
1654 2608 1693 2643 (R.
1709 2608 1757 2643 τ,).

1140 2653 1156 2679 2
1172 2653 1242 2684 Quas
1256 2652 1283 2679 in
1298 2652 1434 2681 Butlarz'o
1450 2661 1508 2680 esse
1524 2661 1576 2680 non
1592 2656 1658 2688 puto
1674 2654 1711 2687 (a.
1728 2653 1777 2688 τ.).
