2269 3235
225 271 273 298 Au.
290 271 318 297 C.
336 269 406 297 1625

247 600 373 622 lterlnnlni,
383 600 408 620 ilo

226 632 267 652 qna
284 633 302 647 in
318 627 409 647 rubrica.

255 1937 376 1958 Exordium.

452 259 517 293 3⁶3⁰

423 317 481 350 nisi
499 328 514 350 a
530 316 762 361 praedictarum
774 316 949 348 litterarum
968 315 998 348 in
1016 315 1077 348 illis
1090 326 1160 359 par-

424 371 507 403 tibus
526 369 746 415 publicatione
764 373 794 402 ct
811 368 880 401 ideo
897 368 987 401 nobis
1002 368 1162 401 humiliter

424 424 591 468 supplicari
610 423 727 463 feeerit,
744 428 777 455 ut
793 433 886 466 super
903 423 963 456 hoe
984 424 1163 466 opportuna

424 477 633 509 declaratione
646 476 812 519 providere
829 475 868 508 de
884 476 1074 519 benignitate
1092 486 1163 520 apo-

425 529 532 562 stoliea
549 529 772 571 dignaremur:

469 582 528 626 ξ3.
547 582 608 616 Nos
626 582 731 625 igitur,
753 582 892 615 ciusdem
916 582 1052 627 Philippi
1078 583 1162 626 regis

424 635 502 668 votis
526 646 562 668 ae
586 635 734 679 precibus
759 640 940 676 annuentes,
966 636 1109 669 volumus
1134 641 1164 668 et

424 689 536 722 harum
547 688 628 721 serie
637 688 843 731 declaramus,
858 694 980 733 tempus
993 689 1066 722 dicti
1077 689 1164 733 quin-

423 742 550 786 quennii
574 752 591 774 a
615 742 664 775 die
695 742 917 786 publicationis
948 742 1106 776 faciendae
1132 742 1163 775 in

422 796 565 840 partibus
582 801 701 830 tantun]
719 807 848 830 currere
865 797 1012 840 incipere.
1032 797 1099 830 Non
1113 796 1164 829 ob-

424 850 576 883 stantibus
600 850 747 884 omnibus
773 850 853 891 illis,
886 860 965 893 quae
990 849 1022 882 in
1046 849 1163 882 eisdem

423 903 625 948 praeinsertis
644 904 754 936 litteris
771 903 927 936 voluimus
944 913 1006 936 non
1027 902 1162 943 obstare,

423 958 597 1001 ceterisque
622 957 788 990 contrariis
812 957 1074 1000 quibuscumque.

466 1011 577 1044 Datum
600 1011 735 1046 Romae,
764 1010 847 1053 apud
875 1010 903 1042 S.
929 1010 1078 1050 Petrum,
1107 1010 1164 1043 sub

422 1065 538 1097 annulo
556 1064 733 1104 Piscator-is,
746 1063 795 1096 die
813 1073 880 1096 xxn
898 1064 1006 1107 aprilis
1022 1074 1168 1105 uncxxv,

423 1117 623 1161 pontificatus
644 1117 742 1150 nostri
762 1127 844 1150 anno
861 1127 892 1150 11.

458 1179 516 1207 Dat.
534 1179 588 1215 die,
605 1188 732 1216 annoque
748 1179 854 1208 eodem.

721 1296 871 1330 CXXXIV.

426 1368 516 1408 Quod
532 1369 649 1411 fratres
667 1368 801 1402 Ordinis
822 1368 1043 1401 Eremitarum
1056 1367 1086 1401 S.
1101 1367 1167 1400 Au-

466 1422 593 1465 9ustini
609 1422 645 1454 in
664 1422 831 1465 Hispania
848 1426 876 1454 et
899 1421 1018 1460 Iizdz'i's,
1046 1421 1089 1453 ad
1113 1421 1166 1453 do-

468 1480 610 1509 ctoratus
634 1486 689 1508 scu
713 1475 894 1518 Ἰιηαῃτέτθνιϊ
913 1476 949 1508 in
969 1475 1062 1507 sacrsi
1083 1474 1167 1507 theo-

470 1530 555 1573 quici
568 1529 691 1572 qradus
702 1528 925 1572 promovendi,
944 1528 984 1560 ab
1002 1528 1168 1560 efflemina-

471 1584 593 1616 toribus
619 1584 654 1615 in
678 1582 822 1626 capitulo
846 1581 993 1625 qenerali
1017 1591 1037 1613 (ι
1058 1581 1168 1624 priore

467 1637 614 1680 qenerali
642 1636 838 1680 deputandis
863 1635 1104 1675 emaniinentzm
1132 1639 1169 1667 ut

471 1690 716 1734 mayistralibus
738 1689 996 1732 exemptionibus
1017 1694 1045 1722 et
1059 1689 1168 1733 diyni-

472 1744 592 1777 tatibus
608 1743 749 1786 gaudere
762 1743 889 1786 possint
902 1741 920 1774 ¹.

621 1815 757 1842 Urbanus
791 1814 870 1848 Papa
898 1814 975 1848 vul,

552 1861 588 1888 ad
608 1863 786 1894 perpetuam
800 1859 845 1887 rei
862 1859 1044 1887 memoriam.

472 1925 631 1957 Romanus
648 1922 786 1956 Pontifex
800 1922 831 1955 in
845 1924 933 1956 sacra
950 1922 981 1955 B.
1000 1922 1083 1956 Petri
1096 1922 1169 1956 sede

428 1990 443 2011 a
461 1977 594 2012 Domino
612 1977 809 2017 constitutus,
823 1987 859 2010 ex
874 1976 1013 2010 iniuncto
1027 1976 1085 2010 sibi
1103 1987 1170 2009 mu-

428 2043 513 2073 nere,
527 2032 692 2076 religiosos
708 2031 800 2074 viros,
815 2031 878 2075 qui,
893 2030 1006 2074 spretis
1019 2030 1112 2063 liuius
1126 2041 1170 2063 se-

429 2086 489 2119 culi
506 2085 703 2127 vanitatibus,
721 2085 815 2118 divini
834 2084 993 2118 muneris’
1011 2083 1171 2128 obsequiis

430 2140 487 2173 sub
511 2140 597 2173 suavi
618 2138 781 2182 religionis
811 2138 885 2182 iugo
906 2147 973 2172 sese
1004 2137 1168 2181 mancipa-

430 2199 512 2236 runt,
532 2193 702 2238 praecipua
725 2192 918 2236 benignitate
946 2191 1170 2235 complectens,

431 2249 461 2281 in
485 2248 544 2290 his,
570 2257 650 2291 quae
675 2256 857 2291 prosperae,
886 2246 1030 2289 felicique
1061 2254 1171 2278 eorum

467 2330 476 2355 1
497 2328 533 2355 De
548 2335 671 2361 numero,
689 2326 821 2353 electione
840 2329 867 2352 et
886 2325 1060 2361 qualitatibus
1084 2323 1172 2358 magi-

430 2377 547 2401 strorum
568 2380 661 2399 sacrae
684 2371 838 2406 theologiae
861 2371 888 2398 in
909 2369 1057 2406 provinciis
1080 2369 1173 2397 ltaliae

430 2418 616 2453 eligendorum
643 2417 739 2444 statuit
761 2414 908 2451 Gregorius
933 2414 990 2441 Xlll
1013 2414 1104 2441 Const.
1130 2421 1172 2446 eL,

432 2463 624 2497 Dominzcum,
645 2465 708 2488 tom.
726 2467 781 2494 vm,
797 2468 858 2496 pag.
879 2460 945 2493 Aa&
966 2462 992 2486 et
1008 2459 1041 2486 de
1061 2458 1103 2485 his
1118 2457 1174 2484 sra-

432 2507 517 2533 tribus
533 2506 591 2533 vide
607 2506 734 2533 Alexand.
751 2505 786 2532 lv
801 2505 891 2532 Const.
907 2510 981 2537 xxm,
1000 2504 1089 2533 Licet.
1106 2506 1172 2529 tom.

433 2557 469 2580 tu.
486 2560 546 2586 pag.
568 2551 636 2583 6353
659 2554 800 2585 praeterea
815 2549 884 2576 scias
904 2547 1088 2576 ordinationes
1113 2555 1175 2573 eon-

432 2595 596 2630 gregationis
619 2594 724 2621 Siciliae
749 2594 914 2629 approbasse
931 2593 1043 2620 Paulum
1062 2593 1083 2619 V
1104 2592 1174 2619 Con-

434 2642 488 2666 stit.
505 2645 635 2672 ccexxxv,
652 2639 777 2674 Eoeponi,
795 2642 858 2666 tom.
880 2645 924 2673 xu,
941 2646 1001 2674 pag.
1022 2637 1083 2664 377.

469 2684 485 2711 2
500 2685 554 2711 Aut
568 2683 656 2718 potius
671 2683 730 2717 lege
746 2683 840 2710 divini
856 2682 986 2710 numinis
1001 2688 1037 2717 (R.
1054 2679 1102 2718 T.).

995 266 1172 291 antelmium
1186 249 1351 291 'normanni

1196 314 1359 348 directioni
1369 315 1558 355 conducunt,
1571 314 1680 347 scdulo
1691 314 1829 358 invigilat
1838 326 1845 355 ⁴,
1855 325 1935 359 quae

1197 379 1270 402 vcro
1291 368 1322 401 in
1338 368 1399 401 hoc
1417 367 1642 411 impedimento
1664 377 1732 400 esse
1748 367 1935 411 dignoscun-

1196 426 1256 464 tur,
1270 421 1419 466 pastorali
1434 420 1644 455 sollicitudine
1654 420 1764 453 tollere
1776 426 1934 464 procurat,

1196 481 1290 519 prout
1314 474 1468 519 conspicit
1493 474 1522 506 in
1547 473 1680 506 Domino
1705 472 1872 507 salubriter
1888 484 1936 506 ex-

1196 529 1315 573 pedire.

1947 267 2000 293 An.
2017 267 2046 294 C.
2066 266 2132 294 1625

1241 583 1297 625 §¹l.
1315 582 1391 616 Cum
1410 582 1514 625 itaque
1532 580 1625 624 (sicut
1642 579 1833 624 accepimus)
1848 580 1936 613 multi
1971 592 2053 613 Causae
2069 591 2135 613 roren-

1197 689 1368 722 vineiarum
1396 688 1617 732 Hispaniarum
1641 693 1671 720 et
1699 686 1858 720 indiarum
1891 697 1939 719 re-

1196 743 1316 786 ligiosi,
1344 742 1487 775 doctrina
1511 747 1540 774 ct
1569 740 1690 774 meritis
1714 739 1940 773 sufficientibus

1198 801 1350 837 carentes,
1371 795 1532 838 nimiaque
1556 795 1737 828 doctoratus
1761 803 1817 826 scu
1842 793 1940 836 magi-

1198 849 1284 883 sterii
1304 849 1336 882 in
1360 850 1449 882 sacra
1470 848 1629 891 theologia
1655 846 1810 890 graduum
1828 846 1859 879 in
1879 846 1940 879 eis-

1198 902 1269 935 dem
1280 901 1450 946 provinciis
1465 900 1757 944 consequendorum
1771 900 1942 933 ambitione

1198 955 1298 996 ducti,
1324 954 1440 998 partim
1465 954 1503 986 ad
1527 953 1749 986 universitates
1765 953 1940 987 studiorum

1198 1008 1405 1052 generalium,
1416 1008 1446 1040 in
1459 1007 1572 1051 quibus
1583 1006 1621 1039 ad
1633 1006 1941 1049 gradusghuiusmodi

1198 1061 1415 1106 suscipiendos
1431 1060 1590 1094 levissima
1606 1060 1687 1093 fiunt
1706 1059 1859 1101 examina,
1875 1065 1941 1093 stu-

1198 1115 1285 1148 diose
1298 1119 1474 1155 recurrant,
1491 1113 1606 1158 partim
1623 1117 1698 1147 ve'ro
1710 1123 1750 1146 ne
1760 1113 1942 1147 huiusmodi

1198 1168 1325 1212 quidem
1342 1167 1485 1201 examina
1497 1166 1579 1211 apud
1596 1167 1692 1200 ullam
1705 1165 1942 1200 universitatem

1200 1222 1340 1264 subeant,
1367 1232 1402 1255 ae
1427 1220 1479 1253 alii
1503 1220 1597 1253 etiam
1618 1220 1721 1253 minus
1746 1220 1896 1263 legitimis
1913 1225 1944 1254 et

1199 1275 1340 1308 honestis
1357 1273 1531 1307 rationibus
1547 1273 1586 1306 ad
1603 1273 1729 1306 eosdem
1747 1273 1864 1316 gradus
1880 1273 1944 1306 adi-

1201 1334 1267 1361 tum
1301 1327 1359 1361 sibi
1394 1327 1568 1371 patefacere
1592 1326 1799 1368 contendant,
1825 1326 1856 1359 in
1880 1336 1943 1360 non

1201 1381 1362 1415 modicum
1383 1380 1508 1414 Ordinis
1528 1385 1558 1413 et
1578 1379 1814 1424 provinciarum
1836 1379 1944 1412 huius-

1202 1435 1287 1468 modi
1312 1433 1557 1478 praeiudicium:

1246 1489 1261 1532 g
1277 1488 1306 1521 2.
1332 1489 1404 1529 Nos,
1421 1487 1614 1532 praemissis,
1635 1492 1786 1531 quantum
1804 1486 1894 1520 nobis
1907 1497 1944 1520 ex

1202 1543 1264 1576 alto
1288 1541 1481 1581 conceditur,
1499 1540 1638 1581 obviare,
1658 1550 1876 1584 prosperoque
1892 1540 1945 1573 Or-

1202 1597 1283 1630 dinis
1300 1599 1330 1630 et
1345 1595 1582 1640 provinciarum
1603 1594 1789 1628 eorumdem
1806 1594 1898 1628 statui
1915 1598 1946 1627 et

1203 1649 1369 1684 directioni
1393 1649 1560 1694 providere
1582 1649 1732 1689 volentes,
1757 1653 1845 1681 motu
1869 1658 1945 1691 pro-

1203 1705 1283 1749 prio,
1308 1709 1339 1736 et
1363 1714 1399 1736 ex
1422 1704 1507 1736 certa
1533 1702 1663 1735 scientia
1681 1712 1717 1734 ac
1733 1702 1858 1734 matura
1873 1701 1947 1734 deli-

1203 1758 1364 1792 beratione
1375 1756 1502 1797 nostris,
1511 1756 1597 1800 quod
1609 1755 1647 1788 de
1657 1760 1773 1794 cetero,
1786 1755 1947 1799 perpetuis

1203 1811 1317 1844 futuris
1342 1810 1550 1854 temporibus,
1569 1809 1675 1842 nullus
1691 1807 1816 1842 Ordinis
1832 1812 1863 1841 et
1877 1818 1948 1852 pro-

1204 1864 1378 1898 vinciarum
1413 1862 1596 1896 huiusmodi
1631 1861 1822 1905 religiosus,
1854 1861 1947 1895 etiarn

1204 1922 1367 1962 praetextu
1384 1917 1527 1950 licentiae
1552 1926 1570 1948 a
1589 1915 1841 1959 quibuscumque
1861 1925 1949 1959 supe-

1204 1971 1343 2005 rioribus
1367 1970 1527 2011 obtentae,
1551 1969 1583 2002 in
1607 1968 1747 2013 qualibet
1770 1968 1863 2003 studii
1888 1979 1946 2012 ge-

1204 2026 1320 2059 neralis
1346 2024 1566 2065 universitate,
1591 2023 1630 2056 ad
1654 2024 1715 2057 hoe
1744 2027 1778 2055 ut
1808 2022 1885 2055 inibi
1910 2022 1948 2055 ad

1206 2080 1387 2113 doctoratus
1412 2089 1467 2112 seu
1491 2077 1666 2122 magisterii
1690 2077 1722 2109 in
1747 2078 1836 2110 sacra
1852 2076 1945 2109 theo-

1206 2133 1290 2176 logia
1311 2132 1443 2175 gradum
1468 2135 1710 2176 promoveatur,
1736 2130 1948 2174 praesentari,

1206 2192 1259 2219 aut
1285 2186 1418 2229 gradum
1443 2186 1545 2230 ipsum
1569 2185 1644 2218 alias
1661 2182 1885 2227 quoquomodo
1903 2183 1949 2226 (ut

1207 2240 1367 2283 suscipere
1403 2238 1496 2272 debet
1529 2238 1568 2271 ad
1603 2237 1747 2271 effectum
1781 2241 1816 2268 ut
1844 2236 1947 2279 magi-

1208 2292 1355 2326 stralibus
1372 2291 1623 2335 exemptionibus
1640 2295 1671 2323 et
1687 2289 1838 2333 dignitate
1855 2292 1885 2322 et
1901 2299 1952 2322 or-

1208 2347 1279 2379 dine
1297 2346 1435 2390 gaudere
1451 2344 1565 2389 possit)
1583 2343 1743 2387 suscipere
1763 2343 1871 2384 valeat,
1891 2342 1951 2376 nisi

1207 2400 1307 2444 prius,
1320 2398 1448 2443 praevio
1466 2397 1611 2441 rigoroso
1626 2397 1769 2430 examine
1786 2396 1825 2429 ab
1840 2396 1952 2429 exami-

1208 2452 1371 2486 natoribus
1401 2452 1431 2484 in
1459 2451 1604 2497 partibus
1629 2461 1685 2495 per
1719 2450 1793 2483 dicti
1827 2449 1952 2483 Ordinis

1209 2508 1348 2553 priorem
1373 2507 1552 2551 generalem
1585 2506 1616 2539 in
1646 2506 1783 2550 capitulo
1813 2504 1951 2548 generali

1210 2561 1396 2606 deputandis
1405 2561 1557 2602 faciendo,
1567 2560 1659 2594 etiam
1670 2570 1726 2604 per
1736 2559 1857 2603 aliquos
1867 2562 1952 2591 aetus

1210 2615 1396 2655 litterari0s‚
1421 2625 1456 2647 ae
1481 2614 1573 2647 etiam
1599 2614 1629 2646 in
1654 2613 1717 2654 his,
1743 2622 1823 2656 quae
1851 2622 1868 2644 a
1897 2621 1948 2643 sa-

1211 2680 1265 2703 cro
1275 2668 1412 2703 Concilio
1425 2667 1606 2702 Tridentino
1621 2667 1705 2701 circa
1721 2665 1953 2711 praedicatores

1197 635 1321 669 Ordinis
1346 635 1555 669 Eremitarum
1573 633 1671 667 sancti
1688 633 1853 676 Augustini
1868 619 2137 677 p1·o-2is⁰.c⁰⁰⁵²¹”“'⁰'

2018 1497 2144 1518 Prohibetur

1960 1525 2071 1551 queminus
2079 1524 2145 1550 magi-

1960 1551 1997 1571 stri
2026 1551 2091 1576 gradu
2123 1553 2145 1571 et

1969 1577 2137 1603 exemptionibus

1962 1604 2056 1624 fruantur
2074 1620 2078 1627 ,
2105 1603 2145 1624 nisi

1960 1637 2018 1656 prius
2028 1631 2055 1651 ab
2067 1636 2143 1650 exami-

1961 1657 2070 1678 natoribus
2084 1656 2144 1677 Ordi-

1961 1684 1992 1704 nis
2008 1684 2085 1704 suerint
2099 1688 2145 1704 exa-

1961 1710 2042 1731 minati.
