2269 3235
240 258 287 283 An.
310 257 335 281 Γ..
363 255 426 281 tuiz

312 426 332 444 1),
344 428 421 444 rrelitut

247 455 417 475 *wingram-timuis

240 479 254 497 (ἶ
265 486 287 497 Ὶιμ
299 480 325 496 ibt
340 479 364 496 tle
382 485 422 502 *11¹¹*

241 512 258 523 ιιι
276 506 305 524 rnl
318 512 368 524 ttl‘,t.

275 1912 334 1936 Quart
350 1912 423 1932 contir-

240 1946 292 1960 ntari
310 1942 395 1965 lmtitur.

270 2232 289 2252 C·
299 2232 415 2252 ulit-matur.

479 246 536 278 ¹120

645 302 782 329 Urbanus
799 301 876 334 Papa
892 300 971 332 v111,

563 349 597 373 ad
619 349 793 379 perpetuam
813 344 856 371 rei
876 343 1057 371 memoriam.

483 407 601 451 livpoui
620 406 710 439 nobis
728 416 829 449 nuper
848 406 987 439 fecerunt
1004 404 1108 438 dilecti
1123 404 1176 437 filii

439 462 608 504 capitulum
623 459 773 491 eeclesiae
798 459 958 501 l'ilnensis,
975 458 1060 503 quod
1077 469 1178 502 nuper

439 526 454 546 a
476 514 708 546 venerabilibus
736 512 885 545 fratribus
912 512 1028 545 nostris
1054 517 1177 545 sanctae

440 569 594 599 llomauae
610 567 766 599 Ecclesiae
781 566 993 599 cardinalibus
1007 565 1086 599 sacri
1103 566 1179 599 Con-

438 620 499 651 cilii
517 619 687 652 Tridentini
710 619 935 663 interpretibus
955 618 1110 652 emanavit
1129 618 1178 651 de-

438 678 557 706 ‹·retum
579 673 695 706 tenoris
712 672 948 716 subsequentis,
968 672 1128 705 videlieet:

471 753 676 786 lllustrissimi
689 758 717 786 et
736 751 997 786 Reverendissimi
1012 751 1140 785 domini.

480 834 655 877 Capitulum
667 833 811 866 Yilnensc
822 832 977 875 supplicat
990 841 1096 863 sacrae
1105 831 1179 864 Con-

437 886 624 929 eregationi,
644 891 678 918 ut
701 885 848 928 dignetur
868 884 1046 916 derdararez
1070 893 1110 916 an
1134 893 1179 916 ar-

437 940 639 972 eliidiaeonus
672 939 800 971 visitans
836 937 1005 970 dioecesim
1037 937 1179 969 lucretur

437 992 674 1025 distriluitiones
716 990 913 1035 quotidianas
946 1000 1003 1033 pro
1037 993 1179 1033 tempore

437 1057 499 1089 quo
524 1046 563 1079 ob
589 1045 730 1078 eamdem
752 1044 962 1077 visitationem
978 1043 1066 1076 abest
1085 1054 1103 1076 a
1119 1054 1181 1076 ser-

438 1099 511 1131 vitio
540 1099 606 1131 eius
631 1097 781 1131 ecelesiae
806 1097 1011 1136 eatliedralis;
1041 1106 1081 1129 an
1105 1107 1180 1131 vero

437 1154 556 1185 l'ruetus
575 1157 693 1184 tantum
719 1150 927 1195 praebendae,
944 1160 1024 1194 quae
1040 1154 1087 1183 est
1107 1150 1181 1183 satis

438 1206 564 1248 pinguis
574 1205 588 1237 ⁸?

482 1260 568 1300 ltem,
586 1269 623 1291 an
649 1258 819 1302 capitulum
837 1258 934 1301 possit
951 1257 1052 1290 eidem
1077 1257 1180 1290 archi-

438 1313 579 1355 diacono,
594 1318 624 1345 ut
645 1313 841 1356 proponitur,
856 1312 977 1344 absenti
1002 1311 1180 1345 condonare

438 1367 536 1399 dietas
553 1366 800 1405 distributiones,
815 1376 872 1398 nec
889 1365 950 1398 ne‘?

483 1420 576 1452 Sacra
601 1419 803 1462 congregatio
828 1418 1034 1451 cardinalium
1052 1417 1181 1452 Concilii

439 1472 610 1505 Tridentini
625 1473 832 1516 interpretum
845 1472 883 1504 ad
896 1472 1034 1515 primum
1052 1481 1181 1515 respon-

439 1526 493 1567 dit,
508 1526 625 1559 lucrari
638 1526 757 1560 fruetus
775 1525 982 1569 praebendae,
996 1536 1059 1559 non
1076 1530 1179 1558 autem

440 1580 677 1613 distributiones
702 1580 909 1624 quotidianas.
927 1580 972 1613 Ad
998 1579 1179 1613 seeundum:

441 1635 507 1666 Non
528 1645 629 1677 posse.

628 1696 753 1729 Cosurs
772 1695 939 1728 cardinalis
956 1695 999 1728 DE
1016 1696 1135 1728 Tonas.

678 1749 824 1782 Pnosrssn
842 1749 1018 1782 Fixcxixxrs.

530 1820 609 1853 Loco
634 1821 659 1863 νζ-
682 1820 800 1863 siqe'lli.

484 1901 498 1944 ἓ
523 1900 552 1933 2.
570 1900 646 1933 Cum
667 1906 782 1941 autem,
803 1900 883 1932 sicut
902 1899 1011 1932 eadem
1029 1899 1181 1943 expositio

440 1955 658 1997 subiungebat,
690 1954 860 1997 capitulum
889 1952 1057 1997 praedicti¹
1082 1953 1182 1996 pluri-

439 2020 525 2041 mum
551 2008 676 2052 cupiant
698 2008 860 2041 decretum
874 2007 1105 2051 praeinsertum
1124 2007 1182 2040 hu-

440 2063 583 2103 iusmodi,
598 2073 656 2106 pro
670 2062 804 2095 firmiori
819 2062 902 2095 illius
916 2061 1127 2102 subsistentia,
1141 2061 1184 2093 in-

440 2116 640 2159 violabiliquc
665 2116 880 2156 observantia,
912 2115 1101 2159 apostolicae
1125 2125 1182 2148 no-

441 2176 522 2203 strae
543 2169 791 2203 confirmationis
807 2169 924 2202 robore
934 2168 1144 2210 communiri:

485 2224 500 2267 ξ
517 2223 545 2257 3.
563 2224 635 2264 Nos,
650 2223 824 2267 capitulum
841 2222 1023 2255 huiusmodi
1041 2222 1184 2265 specialis

442 2277 560 2320 gratiae
589 2277 695 2310 favore
724 2276 872 2320 prosequi
898 2276 1047 2316 volentes,
1064 2280 1094 2308 et
1118 2275 1184 2308 eius

442 2331 617 2373 singulares
640 2340 793 2374 personas
825 2340 842 2361 a
872 2329 1033 2373 quibusvis
1058 2338 1184 2361 excom-

443 2383 683 2425 numicationis,
710 2382 923 2426 suspensionis
952 2387 982 2415 et
1006 2381 1184 2422 interdicti,

442 2437 573 2480 aliisque,
598 2436 817 2470 ecelesiasticis
842 2435 1018 2478 sententiis,
1045 2435 1185 2469 censuris

443 2496 468 2523 et
496 2492 623 2534 poenis,
649 2502 666 2523 a
686 2491 754 2523 iure
779 2490 826 2523 vel
851 2490 889 2522 ab
913 2489 1052 2530 homine,
1076 2489 1185 2533 quavis

444 2544 606 2577 ‹.>·„·‹::1,<ionc
632 2544 678 2577 vel
700 2544 796 2577 eausa
821 2543 901 2584 latis,
926 2542 951 2575 si
975 2541 1090 2586 quibus
1110 2552 1187 2586 quo-

445 2598 613 2630 11‘2‹·«l‹›libet
632 2598 795 2630 innodatae
821 2597 966 2635 existunt,
983 2596 1021 2629 ad
1038 2595 1185 2631 effectum

480 2662 491 2687 1
510 2661 551 2688 Sic
566 2661 646 2689 habet
663 2661 727 2689 edit.
743 2660 822 2688 lllain.
839 2662 877 2695 (a.
893 2660 941 2695 Τ.).

1016 251 1191 274 ΜἨΛΠῙΓΜ
1219 252 1371 274 immutat

1212 299 1424 342 praesentium
1438 298 1599 331 dumtaxat
1613 297 1878 342 consequendum,
1898 297 1950 330 lia-

1213 363 1281 385 rum
1307 352 1387 385 serie
1412 351 1608 385 absolventes
1642 356 1672 384 et
1702 351 1858 386 absolutas
1883 351 1949 384 sore

1211 409 1387 445 censentes,
1405 403 1684 448 supplicationibus
1701 403 1829 447 capituli
1847 403 1950 437 huius-

1212 458 1296 491 modi
1320 457 1447 491 nominc
1471 457 1562 490 nobis
1586 467 1680 501 super
1703 457 1764 490 hoc
1790 456 1951 490 humiliter

1211 511 1364 554 porrectis
1378 510 1526 551 inclinati,
1544 510 1705 544 decretum
1719 510 1950 554 praeinsertum

1212 563 1402 604 huiusmodi,
1424 564 1595 608 apostolica
1618 563 1812 603 auctoritate,
1842 567 1950 596 tenore

1212 618 1434 661 praesentium,
1448 622 1601 661 perpetuo
1614 616 1825 660 approbamus
1838 620 1868 649 et
1881 626 1952 649 con-

1213 671 1392 711 firmamus,
1418 670 1524 714 illique
1549 669 1738 703 inviolabilis
1761 669 1951 713 apostolicae

1213 724 1368 756 firmitatis
1393 724 1491 757 robur
1515 723 1697 766 adiicimus‚
1722 733 1758 755 ac
1790 733 1899 756 omnes
1922 728 1952 756 et

1212 776 1352 820 singulos
1376 782 1439 810 tam
1464 777 1542 810 iuris
1573 787 1667 820 quam
1696 776 1767 809 facti
1792 776 1951 819 desectus,

1213 830 1237 862 si
1251 829 1305 872 qui
1317 828 1453 874 desuper
1465 829 1702 873 quomodolibet
1719 829 1952 872 intervenerint,

1213 883 1408 926 supplemus.

1258 935 1272 978 ᾗ
1292 935 1322 967 4.
1347 935 1565 976 Decernentes‚
1581 936 1776 980 praedictum
1793 936 1954 970 decretum

1213 997 1335 1021 necnon
1352 993 1533 1032 praesentes
1550 989 1670 1022 litteras
1686 989 1796 1030 valida,
1813 989 1906 1022 firma
1925 994 1955 1022 et

1214 1041 1353 1075 efficacia
1377 1052 1444 1075 esse
1469 1047 1500 1075 et
1523 1042 1612 1085 sore,
1637 1053 1774 1086 suosque
1797 1043 1955 1086 plenarios

1214 1099 1245 1127 et
1261 1095 1401 1138 integros
1418 1095 1547 1129 effectus
1567 1095 1673 1129 sortiri
1691 1100 1721 1130 et
1748 1096 1903 1137 obtinere,
1920 1106 1956 1129 ac

1214 1148 1315 1182 dietae
1335 1149 1496 1190 ecclesiae,
1524 1148 1654 1193 eiusque
1685 1149 1822 1193 capitulo
1849 1149 1957 1182 huius-

1963 249 2011 275 An.
2027 248 2057 275 C.
2080 247 2148 276 1625

1996 947 2116 968 clausulae.

1215 1201 1300 1235 modi
1320 1201 1350 1235 in
1367 1202 1514 1236 omnibus
1531 1207 1561 1235 et
1579 1212 1636 1246 per
1653 1202 1758 1236 omnia
1773 1193 1970 1246 plenissime*

1215 1255 1401 1298 suffragari3
1423 1255 1539 1299 sicque,
1554 1261 1584 1289 et
1599 1266 1663 1289 non
1682 1256 1781 1298 aliter,
1794 1266 1851 1300 per
1867 1267 1957 1300 quos-

1215 1319 1350 1352 cumque
1374 1308 1493 1342 iudices
1517 1309 1694 1343 ordinarios
1726 1314 1756 1342 et
1780 1309 1956 1352 delegatos,

1215 1362 1309 1395 etiam
1319 1372 1484 1395 causarum
1494 1362 1600 1406 palatii
1614 1362 1776 1406 apostolici
1785 1362 1956 1403 auditores,

1216 1415 1347 1449 iudicari
1372 1421 1402 1449 et
1425 1415 1550 1449 definiri
1575 1415 1701 1458 dehere,
1721 1426 1757 1449 ac
1781 1416 1908 1449 irritum
1928 1420 1957 1450 et

1216 1469 1317 1512 inane,
1339 1470 1364 1503 si
1378 1480 1468 1503 secus
1485 1480 1582 1513 super
1598 1470 1647 1503 his
1663 1480 1681 1503 a
1698 1480 1868 1514 quoquam,
1885 1480 1958 1514 qua-

1215 1523 1260 1556 vis
1270 1523 1465 1566 auctoritate‚
1474 1523 1610 1557 scienter
1623 1523 1670 1556 vel
1681 1523 1873 1567 ignoranter,
1887 1533 1958 1557 con-

1216 1576 1320 1619 tigerit
1336 1577 1490 1609 attentari.

1259 1630 1274 1673 g
1299 1629 1327 1662 5.
1353 1631 1422 1664 Non
1440 1629 1638 1663 obstantibus
1661 1630 1826 1674 quibusvis
1843 1630 1958 1664 consti-

1215 1683 1386 1716 tutionibus
1417 1687 1446 1718 et
1474 1683 1724 1717 ordinationibus
1756 1683 1936 1727 apostolicis
1949 1710 1956 1723 ,

1214 1747 1249 1769 ac
1262 1736 1516 1780 quibuscumque
1529 1737 1637 1780 (etiam
1650 1736 1837 1777 iuramento,
1847 1736 1958 1770 confir-

1215 1790 1352 1823 matione
1376 1790 1570 1834 apostolica,
1594 1790 1643 1823 vel
1667 1790 1777 1834 quavis
1808 1790 1957 1823 firmitate

1215 1844 1275 1877 alia
1292 1845 1462 1889 roboratis)
1480 1845 1602 1878 statutis
1620 1849 1651 1877 et
1667 1843 1957 1884 consuetudinibus,

1215 1898 1388 1941 privilegiis
1406 1908 1541 1942 quoque,
1559 1897 1686 1930 indultis
1705 1902 1735 1930 et
1753 1896 1867 1930 litteris
1886 1906 1959 1940 apo-

1216 1951 1343 1994 stolicis,
1354 1951 1516 1995 quibusvis
1525 1950 1679 1995 personis,
1690 1951 1748 1984 sub
1759 1951 1959 1995 quibuscum-

1216 2015 1276 2049 que
1290 2005 1452 2038 tenoribus
1466 2010 1497 2038 et
1512 2004 1633 2046 formis,
1647 2015 1682 2038 ac
1699 2015 1772 2038 eum
1796 2004 1958 2048 quibusvis

1216 2059 1309 2092 etiam
1334 2058 1607 2102 derogatoriarum
1632 2058 1850 2101 derogatoriis,
1875 2057 1959 2091 aliis-

1217 2122 1277 2155 que
1302 2111 1532 2145 efficacioribus
1565 2116 1596 2144 et
1625 2111 1758 2145 insolitis
1790 2110 1937 2144 clausulis
1951 2136 1958 2150 ‚

1217 2175 1339 2199 necnon
1356 2165 1553 2198 irritantibus
1571 2169 1600 2198 et
1616 2164 1685 2197 aliis
1702 2163 1847 2204 decretis,
1860 2163 1892 2196 in
1910 2174 1960 2207 ge-

1217 2229 1292 2252 nere
1317 2219 1366 2252 vel
1390 2219 1422 2251 in
1442 2218 1556 2262 specie,
1574 2228 1610 2251 ac
1626 2217 1701 2250 alias
1716 2217 1747 2250 in
1764 2217 1959 2251 contrarium

1217 2272 1466 2316 praemissorum
1498 2271 1736 2316 quomodolibet
1764 2276 1795 2304 et
1818 2271 1958 2315 quando-

1218 2337 1353 2370 cumque
1370 2326 1532 2367 emanatis,
1550 2335 1586 2359 ac
1602 2325 1776 2369 respective
1793 2325 1959 2366 concessis,

1219 2379 1412 2413 confirmatis
1433 2383 1463 2412 et
1486 2378 1650 2412 innovatis.
1672 2377 1790 2418 Quibus
1813 2378 1960 2412 omnibus

1219 2437 1249 2467 et
1264 2433 1405 2476 singulis,
1423 2433 1515 2466 etiam
1535 2432 1560 2465 si
1577 2432 1614 2465 de
1638 2432 1699 2465 illis
1723 2431 1877 2476 specialis,
1894 2442 1960 2476 spe-

1219 2486 1317 2529 cifica,
1336 2496 1487 2530 expressa
1511 2491 1541 2519 et
1561 2485 1730 2529 individua,
1748 2495 1790 2518 ac·
1808 2485 1846 2518 de
1863 2485 1960 2519 verbo

1219 2540 1258 2574 ad
1282 2540 1424 2582 verbum,
1441 2550 1504 2573 non
1524 2543 1628 2574 autem
1652 2549 1711 2584 per
1735 2539 1890 2573 clausulas
1909 2549 1960 2582 ge-

1219 2595 1341 2629 nerales
1355 2594 1438 2628 idem
1450 2594 1667 2638 importantes‚
1675 2593 1793 2628 mentio
1804 2603 1859 2628 seu
1870 2602 1961 2637 quae-

1220 2650 1265 2684 vis
1285 2649 1345 2683 alia
1367 2649 1529 2694 expressio
1552 2648 1696 2683 habenda
1719 2652 1810 2690 esset,
1831 2647 1959 2682 illorum

2024 1637 2156 1659 Obstantium

1972 1664 2090 1689 derogatio.
