2269 3235
171 236 217 263 An.
240 236 267 264 c.
290 236 355 264 ¹028
403 227 465 261 0026

193 1527 220 1547 Ac
231 1526 355 1551 praesertim

173 1557 193 1575 nt
204 1554 258 1575 bona
269 1558 308 1573 non
325 1557 356 1572 re-

171 1581 306 1602 formatorum
326 1586 355 1600 re·

170 1608 266 1628 formatis
289 1607 355 1633 appli-

173 1636 253 1655 centur.

216 2486 275 2509 Onod
290 2492 301 2506 a
319 2485 365 2505 Gal·

366 285 546 329 praedictus
561 285 794 330 praedecessor,
807 295 862 328 per
876 284 974 317 dictas
988 284 1106 317 litteras

367 350 437 372 suas
462 339 629 372 erectionis
654 337 855 378 huiusmodi,
882 337 1104 380 congregatio-

368 402 439 425 nem
458 392 555 436 ipsam
574 393 601 425 S.
620 392 718 424 ltlauri
744 391 902 423 nonnullis
918 391 1108 434 praerogati-

368 446 433 486 vis,
464 451 569 489 utpote
599 444 721 477 unionis
751 444 926 477 otlieiorum
956 445 1107 478 claustra-

368 499 442 531 lium
455 498 569 530 mensis
578 497 833 531 conventualibus
842 497 1106 531 monasteriorum

368 552 506 585 eiusdem
531 551 786 593 congregationis
806 551 834 584 S.
853 551 960 592 Mauri,
986 556 1016 584 et
1039 551 1108 584 aliis

368 605 476 647 gratiis
491 631 498 644 ,
523 614 659 648 quarum
683 604 788 637 favore
814 604 1017 647 congregatio
1043 604 1108 648 ipsa

368 657 396 691 S.
415 657 512 690 Mauri
538 657 681 701 palmites
706 667 779 690 suos
797 657 857 689 iam
874 658 968 700 longe
984 658 1108 701 lateque

368 711 535 744 extendere
554 712 666 755 eoepit,
685 711 897 752 decoraverit,
915 712 1108 755 experientia

368 770 472 797 tamen
497 770 696 808 compertum
722 765 769 806 sit,
791 764 874 808 quod
892 765 930 797 ad
946 766 1109 809 perfectio-

368 829 439 851 nem
457 819 533 851 tanti
551 819 656 863 operis
674 819 895 863 (universalem
915 819 1032 852 scilicet
1049 819 1108 851 Re-

368 872 588 906 formationem
609 873 703 906 totius
727 871 852 906 Ordinis
876 872 1057 904 huiusmodi
1078 872 1108 904 in

368 929 430 960 tarn
455 927 560 969 amplo
585 936 684 968 regno
713 924 954 969 stabiliendam)
980 925 1109 958 omnino

369 980 581 1012 necessarium
599 979 750 1019 videatur,
768 978 884 1021 gratias
898 983 927 1011 et
943 988 1110 1022 praeroga-

369 1033 465 1073 tivas,
491 1032 590 1065 dietae
616 1032 852 1074 congregationi
877 1031 906 1064 S.
933 1032 1031 1064 Mauri
1054 1042 1110 1075 per

369 1082 515 1119 eumdem
546 1085 821 1129 praedecessorem
847 1095 1031 1126 concessas,
1057 1085 1105 1117 di-

369 1140 466 1173 versis
491 1139 559 1172 aliis
585 1139 778 1172 indultorum
805 1150 839 1171 ac
865 1139 1045 1172 facultatum
1070 1140 1110 1172 fa-

369 1193 498 1228 voi-ibus
531 1193 692 1236 ampliari,
717 1198 748 1225 et
776 1192 909 1225 defectui
936 1192 1107 1225 multorum

369 1247 514 1288 aliorum,
535 1258 671 1290 quorum
696 1247 865 1280 necessitas
887 1251 1028 1290 tempore
1046 1257 1110 1279 ere-

369 1301 480 1334 ctionis
506 1300 683 1344 praedictae
708 1301 811 1333 minus
835 1300 979 1344 praevisa
999 1300 1056 1334 fuit
1080 1305 1110 1333 et

369 1354 435 1387 sine
459 1354 574 1399 quibus
605 1358 752 1397 coeptum
778 1358 839 1386 tam
865 1353 985 1396 grande
1012 1354 1108 1387 finem

370 1418 460 1441 suum
476 1408 649 1452 perfeetum
667 1408 816 1452 consequi
833 1418 895 1440 non
909 1411 1022 1452 potest,
1040 1418 1111 1453 sup-

370 1462 467 1506 pleri;

415 1516 430 1559 §
461 1516 490 1549 3.
522 1516 691 1559 Propterea
726 1515 928 1560 praesidens,
964 1515 1109 1549 definito-

371 1579 432 1609 reS,
457 1568 633 1602 visitatores
654 1573 683 1601 et
708 1568 832 1612 priores
858 1568 957 1602 dictae
982 1579 1111 1612 congre—

371 1622 505 1664 gationis
529 1622 557 1655 S.
584 1622 680 1655 Mauri
706 1622 874 1666 praedicti,
900 1623 1109 1665 attendentes,

372 1676 628 1709 reformationem
666 1676 859 1719 praedictam
895 1676 926 1708 in
953 1677 1111 1709 nonnullis

372 1729 570 1763 monasteriis
595 1730 725 1763 stabiliri
750 1740 786 1762 ac
810 1730 979 1773 perfectam
1005 1731 1112 1763 obser-

373 1784 506 1817 vantiam
522 1783 597 1816 inibi
612 1783 752 1816 exerceri
764 1794 825 1816 uon
840 1794 943 1827 posse,
953 1784 1011 1816 nisi
1026 1784 1112 1827 prius

373 1838 477 1870 omnia
495 1838 563 1870 loca
580 1837 737 1880 regularia
758 1837 943 1870 eorumdem
963 1842 1113 1871 monaste-

372 1891 494 1924 riorum
527 1891 557 1923 in
588 1891 710 1933 integra
734 1895 764 1923 et
788 1890 887 1922 libera
915 1891 1113 1934 possessione

373 1945 531 1978 dictorum
556 1946 800 1978 reformatorum
827 1946 1004 1986 constituta,
1022 1950 1052 1978 et
1073 1951 1115 1979 to-

375 1999 443 2032 talis
463 1999 556 2032 etiam
577 1999 742 2042 dispositio
766 1999 990 2042 temporalium
1014 1999 1115 2032 reddi-

375 2057 461 2086 tuum
480 2063 661 2086 mensarum
683 2053 935 2086 conventualium
956 2063 1014 2096 pro
1031 2052 1113 2085 victu

377 2113 406 2140 et
430 2106 541 2140 vestitu
567 2107 806 2147 monachorum,
827 2111 920 2150 prout
945 2111 975 2138 et
1000 2107 1114 2140 officio-

378 2171 446 2193 rum
471 2161 695 2202 claustralium,
714 2160 758 2192 eis
779 2160 890 2192 affecta
914 2166 1114 2201 remaneant,

377 2219 406 2246 et
423 2214 551 2257 insuper
571 2214 609 2246 ad
635 2214 881 2246 subveniendum
900 2218 945 2246 tot
963 2214 1115 2257 tantisque

379 2267 584 2308 monasteriis,
611 2278 691 2310 quae
716 2267 745 2299 iu
771 2267 837 2299 dies
861 2267 962 2299 eidem
988 2278 1116 2309 congre-

378 2321 493 2363 gationi
519 2321 546 2354 S.
572 2321 670 2353 Mauri
696 2321 891 2363 offeruntur,
918 2321 975 2353 sibi
1001 2331 1115 2363 magno

379 2374 578 2417 superiorum
603 2385 736 2407 numero
762 2385 843 2417 opus
867 2385 944 2415 esse,
963 2380 992 2407 et
1016 2374 1116 2407 ‹lix-01»

381 2436 483 2458 sarum
507 2427 677 2467 gratiarum
701 2427 823 2460 auxiliis
848 2428 932 2460 illam
957 2428 1115 2470 indigere:

945 236 1123 261 nuntiantem
1148 236 1301 261 ROMANUM

1892 243 1940 270 Λη.
1962 243 1992 271 G.
2011 243 2077 270 1628

1140 290 1299 318 oratorem
1316 286 1611 328 extraordinarium,
1624 298 1718 331 quam
1736 299 1794 333 pro
1811 299 1880 334 par-

1142 343 1169 371 te
1194 339 1408 382 praesidentis,
1431 339 1644 382 definitorum,
1671 341 1879 385 visitatorum,

1141 392 1284 435 priorum
1313 397 1342 426 et
1374 394 1601 426 monachorum
1634 395 1880 430 reformatorum

1142 445 1364 488 praefatorum,
1390 446 1482 479 nobis
1506 446 1565 479 suit
1584 446 1746 480 humiliter
1766 449 1882 493 suppli-

1142 502 1255 539 catum,
1278 503 1430 542 quatenus
1448 499 1479 532 in
1497 499 1679 543 praemissis
1703 506 1881 544 opportune

1141 551 1306 594 providere
1316 552 1353 585 de
1363 552 1456 585 simili
1466 552 1657 596 benignitate
1667 553 1880 597 dignaremur.

1186 604 1201 648 ἓ
1225 604 1254 637 5.
1280 605 1343 638 Nos
1368 605 1473 649 igitur,
1491 606 1545 650 qui
1570 606 1745 640 devotionis
1765 612 1795 640 et
1817 608 1882 652 pio·
1929 623 2080 654 uriiannsmo-

1143 668 1211 690 rum
1226 669 1358 702 operum
1372 659 1612 700 incrementum,
1622 671 1658 692 ae
1671 660 1767 693 divini
1779 662 1881 695 cultus
1896 653 2081 703 tfisslss'l'ffifflfg:

1142 716 1356 754 augmentum,
1374 717 1403 745 et
1423 713 1585 756 religionis
1609 714 1881 758 propagationem,
1896 704 2081 751 25‡?1.⁸2’22}²⁰·2;u‘33

1142 775 1177 797 ac
1202 766 1417 809 quorumlibet
1441 766 1597 800 Ordinum'
1619 772 1649 800 et
1673 768 1882 801 monasterio·
1895 757 1947 778 Μ’

1143 829 1213 850 rum
1252 819 1510 852 reformationem
1545 820 1663 864 ubique
1702 821 1882 864 promoveri

1143 871 1273 905 sinceris
1290 877 1435 916 optamus
1451 873 1626 914 affectibus,
1639 875 1881 917 praesidentem,

1143 924 1335 965 definitores,
1360 926 1547 967 visitatores,
1572 927 1695 970 priores
1720 932 1750 960 et
1774 938 1883 961 mona-

1143 978 1219 1011 chos
1243 978 1430 1012 reformatos
1461 979 1640 1023 praedictos
1675 980 1883 1024 amplioribus

1143 1031 1301 1064 favoribus
1333 1036 1363 1065 et
1397 1032 1506 1075 gratiis
1541 1033 1692 1077 prosequi
1725 1034 1882 1075 volentes,

1144 1084 1301 1128 ipsosque,
1316 1095 1351 1118 ac
1364 1085 1464 1118 dictae
1478 1086 1732 1129 congregationis
1746 1086 1775 1120 S.
1785 1087 1883 1120 Mauri

1143 1138 1318 1180 singulares
1346 1149 1507 1182 personas,
1536 1150 1553 1172 a
1581 1139 1742 1183 quibusvis
1762 1150 1885 1173 excom-

1144 1192 1382 1234 municationis,
1407 1193 1620 1237 suspensionis
1648 1198 1679 1226 et
1710 1193 1884 1235 interdicti,

1143 1246 1274 1289 aliisque
1299 1247 1518 1280 ecclesiasticis
1547 1247 1718 1290 sententiis,
1744 1248 1885 1282 censuris

1144 1304 1173 1332 et
1204 1300 1324 1343 poenis,
1343 1310 1361 1332 a
1382 1300 1450 1333 iure
1480 1301 1526 1334 vel
1551 1301 1589 1333 ab
1606 1301 1744 1343 homine,
1776 1302 1885 1345 quavis

1144 1352 1308 1386 occasione
1336 1353 1384 1385 vel
1414 1355 1508 1386 causa
1534 1353 1613 1395 latis,
1634 1354 1658 1387 si
1679 1354 1793 1397 quibus
1811 1366 1886 1398 quo-

1145 1406 1317 1439 modolibet
1341 1407 1481 1440 innodati
1505 1407 1651 1448 existunt,
1676 1405 1715 1440 ad
1739 1408 1886 1441 effectum

1144 1461 1356 1504 praesentium
1372 1458 1533 1494 dundaxat
1550 1461 1818 1505 consequendum,
1836 1462 1887 1495 ha-

1146 1525 1215 1547 rum
1247 1514 1328 1547 serie
1360 1514 1556 1548 absolventes
1581 1520 1611 1547 et
1635 1514 1796 1549 absolutos
1819 1516 1887 1550 fore

1145 1573 1317 1609 censentes,
1345 1579 1467 1610 necnon
1495 1569 1672 1603 litterarum
1705 1570 1887 1613 praedeees-

1146 1621 1225 1655 soris
1246 1621 1375 1666 praefati
1390 1627 1514 1654 tenores
1531 1622 1749 1666 praesentibus
1766 1635 1824 1666 pro
1838 1634 1887 1657 ex-

1146 1675 1264 1719 pressis
1288 1674 1448 1715 liabentes,
1469 1675 1700 1718 posterioribus
1721 1676 1884 1720 supplica-

1148 1728 1284 1762 tionibus
1310 1729 1488 1761 buiusmodi
1510 1729 1660 1769 inclinati,
1681 1739 1718 1761 ex
1744 1734 1815 1763 voto
1840 1740 1888 1763 ve—

1147 1781 1335 1814 nerabilium
1365 1782 1498 1815 fratrum
1529 1787 1712 1815 nostrorum
1747 1783 1887 1815 eiusdem

1147 1841 1271 1868 sanetae
1304 1837 1461 1868 Romanae
1493 1836 1650 1869 Ecclesiae
1681 1835 1888 1870 cardinalium

1130 1932 1131 1937 1
1147 1888 1282 1931 negotiis
1306 1889 1498 1932 regularium
1520 1889 1785 1933 praepositorum,
1801 1886 1889 1934 supe-

1149 1943 1286 1975 rioribus
1300 1947 1330 1975 et
1344 1943 1506 1976 monacbis
1520 1943 1621 1976 dietae
1634 1944 1889 1986 congregationis

1149 1996 1177 2029 S.
1196 1996 1304 2038 Mauri,
1329 1995 1434 2040 quod¹
1459 1996 1507 2040 <ut
1531 1997 1633 2030 omnis
1659 1997 1707 2029 via
1723 1996 1889 2040 religiosos

1148 2060 1211 2082 non
1234 2050 1424 2082 reformatos
1448 2050 1658 2094 perpetuandi
1680 2050 1712 2082 in
1737 2055 1890 2083 monaste-

1149 2103 1222 2144 riis,
1248 2103 1278 2135 in
1303 2103 1417 2146 quibus
1447 2104 1610 2136 reformati
1635 2104 1694 2147 ipsi
1718 2104 1889 2137 introducti

1150 2157 1274 2197 fuerint,
1298 2157 1533 2200 praecludatur)
1558 2157 1602 2189 illi
1627 2167 1700 2190 cum
1724 2157 1889 2191 abbatibus

1149 2216 1179 2244 et
1202 2211 1363 2254 perpetuis
1388 2210 1663 2244 commendatariis
1687 2221 1723 2244 ac
1748 2211 1889 2244 officiali-

1149 2265 1207 2297 bus
1231 2264 1467 2305 claustralibus,
1493 2264 1669 2309 monachis‚
1696 2264 1889 2308 cappellanis

1150 2328 1205 2350 seu
1215 2317 1409 2350 beneficiatis
1422 2317 1622 2360 regularibus
1634 2328 1696 2350 non
1710 2317 1890 2350 reformatis

1151 2371 1415 2404 monasteriorum
1440 2371 1514 2404 dicti
1538 2370 1673 2412 Ordinis,
1699 2382 1753 2404 seu
1771 2371 1891 2414 priora-

1152 2431 1237 2458 tuum
1253 2425 1505 2458 conventualium
1515 2430 1616 2458 etnon
1625 2419 1890 2466 conventualium,

1150 2490 1185 2512 ac
1203 2479 1470 2523 cappellaniarum
1496 2483 1525 2512 et
1548 2479 1777 2512 beneficiorum
1802 2489 1892 2523 regu-

182 2515 186 2534 Ι
243 2520 253 2533 ρ
270 2519 280 2531 Ρ
297 2512 365 2531 ’Μυ-
426 2479 440 2522 g
464 2479 490 2511 „ln
518 2480 629 2519 Quare,
651 2485 711 2512 tam
737 2480 835 2524 ipsius
859 2480 1009 2513 Ludoviei
1034 2481 1116 2524 regis

185 2519 366 2587 ιῖἶέῗιγὶοὲιῇ)’ῐ’ἱζςίὲῗὶιιῑ
382 2533 506 2566 nomine
534 2544 586 2576 per
611 2534 759 2567 dilectum
785 2534 885 2567 lilium
912 2535 1051 2567 nobilem
1076 2535 1117 2567 vi-

184 2574 368 2620 iierbnbuicfssa-
382 2597 451 2618 rum
479 2586 655 2630 [anappum
673 2588 710 2620 de
736 2588 884 2628 Belliune,
902 2587 1118 2631 ipsiusLudo-

185 2622 270 2646 ‘ww'
382 2640 441 2673 vici
466 2639 549 2683 tegis
567 2640 649 2684 apud
666 2650 722 2673 nos
740 2646 769 2674 et
786 2641 896 2674 Sedem
921 2641 1115 2684 praedictam

1188 2561 1197 2586 1
1217 2559 1282 2587 Heic
1298 2563 1324 2586 et
1341 2563 1434 2595 postea
1450 2567 1555 2595 semper
1574 2559 1694 2594 intellige
1710 2559 1891 2588 concedimus

1150 2607 1175 2632 el
1193 2605 1375 2639 itzdulqemus
1394 2606 1470 2640 quod
1490 2604 1602 2639 possint
1621 2607 1648 2631 et
1667 2605 1800 2638 valeant,
1822 2612 1892 2640 quae

1151 2649 1234 2677 verba
1253 2652 1403 2685 sequuntur
1422 2649 1455 2677 ad
1475 2649 1554 2676 finem
1570 2648 1583 2684 ἓ
1598 2649 1615 2676 8
1633 2649 1674 2685 (R.
1690 2650 1739 2683 r).
