2269 3235
267 191 315 216 An.
326 190 353 216 r..
377 190 445 217 11:23
490 181 531 214 ⁶20

272 572 393 592 Vincentius
405 571 445 591 vi-

261 599 325 619 lusius
348 604 360 618 a
379 600 444 618 tonia-

262 625 354 645 tionibus
395 625 445 645 lihe-

262 654 311 671 tati.

300 996 345 1016 Alia
359 998 441 1021 patrans

261 1022 368 1043 miracula.

1043 191 1219 216 mmmmm
1246 192 1399 216 ROMANUM

1993 195 2084 223 Aac.
2103 195 2176 224 1623

462 239 624 282 reliquiis,
658 248 734 282 quas
763 239 937 272 devotionis
967 239 1062 282 ergo*
1094 249 1199 273 secum
1234 240 1392 273 Trinitatis
1416 240 1650 285 Redemptionis
1674 241 1896 286 Captivorum,
1920 244 1974 288 qui

461 292 640 332 deserebat,
665 292 722 324 sibi
747 297 855 336 pectus
879 292 998 325 occulta
1020 292 1153 335 quadam
1171 293 1200 326 vi

460 345 581 388 percuti
598 345 704 387 sensit,
723 351 752 378 et
778 356 885 379 vocem
912 346 978 378 eius
1005 345 1134 379 audiens
1159 346 1202 379 in-

461 398 618 441 crepantis
648 408 680 431 sc
713 403 743 431 ut
769 409 785 430 a
809 404 937 442 peccato
962 404 1085 431 caveret
1108 404 1200 443 atque

461 451 532 484 inde
557 452 685 485 festinus
710 452 807 484 abiret
823 478 830 492 ,
855 451 937 486 dicto
962 452 1199 496 obtemperans,

461 504 609 537 continuo
633 504 768 547 aufugit;

504 558 519 600 ξ
536 556 586 589 88.
605 558 777 591 Nonnullos
794 558 859 591 sola
876 558 943 591 eius
961 559 1039 592 vitae
1056 559 1199 606 lectione,

460 613 493 643 ut
517 610 712 644 vincentium
738 611 916 652 Valesium,
939 612 992 655 qui
1023 612 1199 646 vehementi

461 667 585 696 vexatus
599 664 778 704 tentatione,
793 665 1007 708 supradictum
1021 667 1199 710 exemplum

459 717 634 760 perlegens,
659 728 697 750 ex
721 718 826 751 animo
851 718 1030 762 Philippum
1060 720 1200 764 compel-

459 770 525 803 lans
542 770 591 803 his
614 771 718 803 verbis
735 771 866 804 ῑιίῖειῑυεΞ
882 777 938 813 est,
953 782 1011 805 cur
1025 772 1117 806 modo
1134 783 1199 806 non

459 823 494 856 ’1ἰί
513 824 622 867 ipsum
641 825 728 857 milii
743 826 799 858 abs
816 829 854 865 te,
878 827 979 859 Pater
989 827 1014 867 ἵ),
1035 831 1065 860 et
1088 826 1197 860 eodem

459 877 609 920 temporis
634 877 759 910 instanti
779 878 921 912 discessit
938 880 1039 913 omnis
1060 879 1110 912 illa
1126 890 1198 923 per-

459 930 589 962 molesta
614 931 725 963 mentis
750 932 893 973 agitatio:

503 983 518 1026 g
538 981 587 1015 89.
609 984 815 1027 Quamplures
833 984 922 1018 miris
939 984 1197 1028 apparitionibus,

459 1041 491 1067 ut
514 1036 680 1068 Drusillam
710 1037 892 1078 Fantinam,
925 1048 1004 1081 quae
1035 1038 1197 1082 praecipiti

458 1098 530 1120 casu
550 1092 715 1131 prostrata,
734 1100 768 1122 ac
794 1090 938 1123 horribili
957 1091 1076 1134 capitis,
1095 1092 1198 1125 oculo-

458 1151 528 1173 rum
548 1146 577 1174 et
594 1142 688 1175 totius
706 1144 849 1186 eorporis
867 1144 1029 1177 collisione
1049 1145 1197 1177 semiviva

458 1194 570 1235 iacens,
588 1195 690 1228 tribus
708 1197 788 1229 servi
806 1197 861 1229 Dei
877 1197 1126 1241 apparitionibus
1144 1198 1198 1231 mi-

458 1247 599 1280 rabiliter
623 1249 809 1289 lil›eratur;'
824 1260 885 1283 non
916 1250 1058 1284 absimile
1085 1252 1197 1284 accidit

457 1300 617 1334 Leonardo
635 1302 772 1343 llovello,
787 1303 837 1335 eni
853 1304 1016 1338 sanitatem
1034 1315 1051 1337 a
1068 1305 1197 1338 medicis

457 1352 654 1397 desperatam
679 1357 796 1398 petenti
817 1356 979 1400 Philippus
1004 1358 1035 1390 in
1056 1358 1103 1390 sui
1128 1358 1196 1391 festi

457 1406 621 1449 pervigilio
638 1414 732 1441 noctu
748 1419 911 1452 apparens,
926 1411 1196 1455 pronuntiansque

458 1460 551 1492 verba
580 1461 648 1501 illa,
672 1462 723 1503 fili
752 1462 831 1495 vade
855 1464 890 1496 in
913 1475 1008 1507 pace,
1034 1465 1195 1498 confestim

456 1514 616 1556 praebuit,
637 1519 666 1548 et
682 1516 865 1549 adveniente
882 1517 930 1550 die
947 1517 1128 1551 Leonardus
1145 1528 1195 1551 ac-

457 1567 538 1610 cepti
562 1568 706 1601 beneticii
732 1580 853 1602 memor
885 1570 923 1602 ad
954 1571 1140 1604 audiendam
1165 1572 1196 1604 in

456 1619 522 1652 eius
536 1621 649 1653 sacello
662 1622 799 1662 missam,
811 1633 869 1665 pro
879 1623 1053 1666 gratiarum
1065 1625 1195 1666 actione,

457 1673 621 1706 eeclesiam
645 1674 760 1714 adivit,

501 1727 515 1768 g
539 1727 588 1758 94).
615 1727 726 1760 Multos
750 1729 955 1772 sepulchrum
980 1731 1045 1763 eius
1069 1731 1194 1765 visitan-

456 1783 512 1818 tes,
528 1779 621 1811 vcluti
634 1780 792 1813 Claudiam
806 1782 1006 1825 Grignanam,
1020 1794 1110 1826 quae,
1124 1789 1195 1827 post

456 1832 581 1874 longam
607 1834 746 1866 sexennii
766 1835 993 1877 infirmitatem,
1010 1847 1073 1870 non
1091 1838 1195 1871 valens

457 1885 487 1917 in
512 1886 578 1929 ipsa
604 1890 727 1920 sumnia
752 1888 898 1921 dolorum
924 1890 1092 1923 acerbitate
1125 1892 1194 1924 loco

456 1949 487 1971 se
501 1940 628 1982 penitus
642 1952 778 1982 movere,
792 1942 829 1974 ad
846 1942 978 1987 Philippi
992 1944 1193 1987 sepulchrum

456 1991 589 2025 aliorum
614 1994 730 2027 auxilio
754 1995 914 2038 perducta,
936 2007 1050 2029 vovens
1071 1997 1108 2029 de
1133 2008 1195 2030 ser-

456 2045 555 2078 vando
581 2046 710 2089 singulis
731 2048 818 2080 annis
839 2048 869 2080 in
891 2049 996 2091 vigilia
1021 2050 1194 2083 festivitatis

456 2098 521 2132 eius
546 2100 633 2143 panis
658 2106 687 2132 et
711 2111 810 2145 aquae
835 2102 961 2142 ieiunio,
982 2103 1086 2135 statim
1111 2104 1194 2137 dolo-

455 2152 562 2195 ribus,
587 2153 700 2196 quibus
724 2155 898 2196 tenebatur,
923 2156 1055 2189 liberata
1080 2163 1140 2198 est,
1165 2163 1193 2190 et

455 2206 583 2239 omnino
601 2217 684 2247 sana,
704 2218 760 2251 per
780 2209 944 2242 ecclesiam
962 2210 1078 2243 nullius
1100 2211 1195 2243 admi-

455 2260 559 2291 niculo
585 2260 733 2299 incessit;

499 2314 513 2353 ᾗ
534 2312 583 2345 91.
602 2313 743 2357 Denique
761 2315 825 2347 fere
842 2315 1086 2349 innumerabiles
1104 2317 1193 2350 editis

458 2367 542 2398 iotis:
568 2372 601 2399 ut
624 2367 753 2401 fratrem
772 2369 917 2402 Ioannem
936 2370 1104 2414 Baptistam
1121 2371 1194 2404 Mas-

463 2430 532 2452 tzaia
565 2419 603 2452 de
635 2420 794 2462 Valentia,
823 2421 947 2455 Ordinis
979 2423 1193 2457 sanctissimae

491 2501 501 2526 1
526 2499 645 2528 Erronee
669 2501 734 2529 edit.
760 2502 842 2530 Main.
864 2502 928 2539 legit
947 2503 1104 2532 devotionis
1124 2512 1193 2538 crya

466 2551 491 2572 n.
508 2552 532 2572 τ.
548 2563 553 2569 .

456 2545 462 2579 ξ
489 2590 505 2617 2
519 2546 586 2618 ulid.
603 2591 700 2627 legitur
715 2593 832 2626 afflatus
846 2595 883 2628 (a.
901 2595 948 2627 r.).

1233 294 1362 338 Neapoli
1387 305 1459 328 eum
1485 299 1576 336 esset,
1596 304 1776 339 annumque
1800 301 1909 340 ageret
1927 307 1976 331 su-

1234 357 1289 390 pra
1314 347 1592 391 septuagesimum,
1610 357 1725 381 vovens
1749 358 1782 381 se
1805 348 1859 382 Dei
1883 359 1975 384 servo

1234 399 1345 432 eadem
1369 410 1499 443 prorsus
1524 401 1615 442 hora,
1632 411 1692 444 qua
1718 400 1833 448 Romae
1850 401 1881 434 in
1897 402 1976 435 eius-

1233 452 1303 485 dem
1325 453 1439 487 sacello
1456 464 1581 487 sacrum
1599 454 1737 488 votivum
1755 455 1974 498 peragebatur,

1234 506 1336 539 tribus
1367 507 1539 551 desperatis
1574 507 1829 549 infirmitatibus,
1861 508 1974 552 quibus

1235 564 1298 593 toto
1322 559 1440 594 biennii
1460 560 1560 604 spatio
1583 560 1781 594 laboraverat
1798 565 1828 594 et
1844 561 1886 594 ita
1902 571 1975 596 con-

1233 616 1376 656 sumptus
1399 613 1500 647 suerat
1524 618 1558 646 ut
1582 614 1620 647 de
1648 614 1726 648 facie
1757 615 1806 647 vix
1838 615 1973 660 amplius

1233 671 1468 709 agnosceretur,
1493 672 1622 712 repente
1647 673 1773 701 curatus
1797 673 1853 702 est.

1277 718 1292 761 ἓ
1316 718 1367 751 92.
1393 719 1591 764 Praescripto
1608 720 1712 764 itaque
1729 721 1973 756 canonizationis

1232 770 1283 804 die
1307 771 1339 804 in
1362 772 1440 806 sesto
1464 773 1561 806 sancti
1590 773 1734 817 Gregorii
1763 774 1865 817 Magni
1893 785 1971 808 nun-

1233 824 1346 868 cupati,
1364 830 1477 868 quarto
1502 825 1645 861 videlicet
1669 827 1738 860 idus
1763 827 1878 869 martii,
1894 838 1974 872 pon-

1232 877 1367 911 tificatus
1406 878 1504 921 ipsius
1538 879 1683 923 Gregorii
1722 880 1975 924 praedecessoris

1232 939 1314 962 anno
1346 931 1505 972 secundo,
1530 932 1645 965 iterum
1677 932 1778 966 dictus
1803 933 1975 976 Gregorius

1231 983 1455 1025 praedecessor
1480 989 1526 1017 est
1550 985 1692 1019 hortatus
1710 986 1748 1019 ad
1766 986 1891 1020 iteratas
1907 997 1976 1030 pre—

1232 1046 1300 1076 ces,
1325 1036 1441 1069 ieiunia
1465 1042 1495 1070 et
1519 1038 1750 1082 eleemosynas,
1776 1045 1810 1072 ut
1834 1040 1866 1072 in
1889 1045 1974 1073 tanto

1231 1100 1327 1133 opere
1351 1091 1533 1134 exequendo
1556 1091 1663 1125 lumen
1684 1091 1768 1132 Eius,
1794 1092 1846 1136 qui
1871 1093 1974 1127 lucem

1231 1142 1350 1175 habitat
1375 1144 1631 1186 inaccessibilem,
1650 1145 1857 1188 implorarent
1876 1147 1914 1179 ad
1939 1157 1974 1179 ea

1230 1196 1419 1239 peragenda,
1444 1197 1558 1241 quibus
1582 1198 1703 1231 divinae
1728 1199 1847 1242 gratiae
1871 1199 1974 1233 honor

1232 1254 1261 1282 et
1285 1250 1457 1283 catholicae
1483 1251 1638 1284 Ecclesiae
1661 1251 1740 1285 fides
1764 1258 1943 1296 augeretur.

1989 732 2103 758 Gregorius
2114 733 2172 760 Papa

1988 765 2055 779 novas
2068 759 2142 781 indicit
2152 766 2173 781 o·

1989 786 2089 807 rationes.

1276 1303 1290 1345 ξ
1314 1302 1365 1335 93.
1391 1303 1542 1336 Omnibus
1570 1315 1645 1338 vero
1677 1305 1760 1339 iuxta
1792 1310 2004 1360 sanctorumB
2041 1314 2172 1361 Aifhi'fmffi

1230 1360 1357 1399 patrum
1373 1357 1556 1390 traditiones
1573 1368 1799 1402 sacrorumque
1816 1369 1972 1393 canonum
1987 1346 2172 1414 35ξὲξὲἰῖνίξὲἷίὺο

1230 1409 1368 1442 instituta
1393 1415 1422 1443 et
1447 1411 1605 1444 Romanae
1627 1412 1783 1445 Ecclesiae
1808 1418 1973 1446 consuetu-

1229 1463 1334 1496 dinem
1359 1464 1418 1497 rite
1443 1469 1472 1497 et
1496 1468 1580 1499 recte
1611 1465 1767 1508 peractis,
1792 1466 1875 1499 dicta
1899 1466 1970 1507 die,

1229 1523 1353 1561 quarto‘
1365 1518 1434 1551 idus
1455 1519 1571 1559 martii,
1594 1519 1677 1551 idem
1694 1519 1865 1562 Gregorius
1882 1530 1972 1564 prae-

1229 1570 1384 1612 decessor,
1410 1572 1448 1605 ad
1473 1572 1627 1616 Principis
1651 1573 1867 1617 apostolorum
1892 1573 1971 1606 basi-

1229 1623 1332 1666 licam,
1358 1636 1429 1658 cum
1454 1625 1677 1666 cardinalibus,
1702 1626 1900 1669 patriarchis,
1925 1637 1971 1659 ar-

1229 1677 1448 1722 chiepiscopis,
1474 1679 1640 1723 episcopis,
1661 1679 1809 1723 praelatis
1826 1685 1856 1712 et
1872 1679 1970 1723 ipsius

1229 1730 1372 1773 Gregorii
1396 1732 1648 1775 praedecessoris
1675 1732 1891 1773 familiaribus,
1914 1743 1970 1766 nec

1228 1794 1291 1817 non
1305 1784 1424 1817 dilectis
1440 1785 1512 1817 filiis
1525 1786 1610 1818 clero
1625 1785 1757 1818 seculari
1775 1790 1804 1818 et
1821 1786 1969 1829 regulari,

1228 1847 1263 1869 ac
1288 1837 1425 1869 maxima
1445 1838 1555 1881 populi
1575 1838 1752 1882 frequentia
1769 1839 1923 1880 convenit,
1941 1844 1971 1872 et

1228 1895 1299 1934 post
1322 1890 1448 1923 iteratas
1463 1891 1577 1935 primo,
1595 1891 1732 1925 seeundo
1749 1902 1784 1925 ac
1801 1892 1894 1926 tertio
1910 1903 1969 1937 pro

1228 1943 1472 1977 canonizationis
1495 1944 1621 1977 decreto
1650 1945 1815 1989 petitiones
1847 1956 1904 1990 per
1928 1945 1970 1979 di-

1228 1997 1343 2029 lectum
1368 1996 1467 2030 filium
1492 2003 1652 2038 nostrum,
1679 2002 1751 2032 tunc
1775 2009 1885 2040 suum,
1910 1999 1970 2032 Lu-

1227 2050 1372 2083 dovicum
1406 2051 1484 2084 tituli
1517 2051 1545 2084 S.
1579 2051 1694 2086 Mariae
1722 2052 1969 2096 Transpontinae

1227 2103 1446 2147 presbyterum
1463 2104 1653 2137 cardinalem
1671 2104 1872 2138 Ludovisium
1892 2116 1971 2139 nun-

1227 2161 1384 2199 cupatum,
1409 2157 1535 2190 nomine
1560 2157 1811 2201 praedictorum,
1833 2158 1887 2202 qui
1910 2169 1968 2202 pro

1228 2210 1263 2240 ea
1289 2209 1481 2250 insteterant‚
1507 2215 1579 2254 post
1603 2221 1709 2244 sacros
1733 2211 1876 2255 hymnos,
1899 2211 1969 2245 lita-

1228 2262 1305 2304 nias,
1323 2263 1461 2307 aliasque
1480 2275 1600 2307 preces,
1621 2268 1651 2298 et
1674 2269 1745 2309 post
1768 2265 1968 2309 imploratam

1227 2315 1362 2359 Spiritus
1386 2317 1490 2351 Sancti
1515 2318 1657 2361 gratiam,
1675 2318 1714 2351 ad
1731 2318 1884 2353 honorem
1903 2329 1970 2352 san-

1228 2370 1384 2403 ctissimae
1408 2376 1437 2404 et
1461 2371 1638 2406 individuae
1658 2372 1817 2406 Trinitatis
1842 2378 1873 2406 et
1895 2372 1969 2406 fidei

1228 2423 1399 2457 catholicae
1420 2424 1648 2465 exaltationem,
1666 2430 1696 2458 et
1716 2425 1904 2459 christianae
1923 2436 1971 2459 re-

1228 2477 1353 2519 ligionis
1378 2482 1596 2521 augmentum,
1620 2479 1804 2513 auctoritate
1828 2479 1968 2513 eiusdem

1228 2530 1282 2564 Dei
1300 2531 1524 2576 omnipotentis
1544 2533 1644 2566 Patris
1659 2538 1689 2566 et
1704 2533 1773 2566 Filii
1790 2539 1820 2567 et
1835 2532 1969 2577 Spiritus

1212 2584 1349 2626 ,Sancti,
1375 2589 1404 2619 et
1433 2585 1597 2619 beatorum
1622 2586 1705 2622 Petri
1730 2592 1758 2621 et
1783 2586 1869 2621 Pauli
1893 2596 1968 2630 apo-
