2269 3235
121 225 170 254 An.
186 225 214 254 C.
237 225 303 253 1627

160 922 214 943 Reos
224 939 228 945 .
242 927 304 948 prae-

927 225 1068 248 unnasus

298 267 307 276 ’
321 272 352 305 S.
371 271 495 305 Ioannis
512 271 797 316 Ilierosolymitaui,
818 273 980 315 regulares
999 282 1061 305 non

317 325 418 358 solum
444 325 475 357 in
500 325 587 358 Statu
612 325 831 358 Ecclesiastico
856 325 988 358 mediate
1014 325 1061 357 vel

317 378 498 411 immediate
523 378 615 412 nobis
633 382 662 412 et
683 378 754 411 Sedi
771 378 968 422 Apostolicae
992 378 1062 410 sub-

320 430 423 472 iecto,
448 432 502 464 sed
527 431 620 464 etiam
651 431 682 463 in
707 431 854 464 omnihus
877 436 907 463 et,
930 430 1061 472 singulis

321 484 502 528 provinciis,
528 484 645 527 regnis
670 484 858 524 civitatibus,
884 483 985 525 terris,
1011 494 1062 526 op-

318 537 417 581 pidis,
443 538 556 571 castris
581 543 611 570 et
635 537 711 570 locis
736 537 767 569 in
790 537 878 570 Italia
902 536 1062 569 dumtaxat

319 590 543 631 existentibus,
580 590 633 634 qui
666 600 777 623 aureas
815 590 864 622 vel
899 595 1062 632 argenteas

323 648 465 676 monetas
490 643 631 683 tondere,
656 642 820 683 fabricare,
845 643 998 683 eolorare,
1014 642 1061 675 vel

320 695 396 728 alias
421 691 612 736 adulterare,
628 705 683 728 seu
707 695 800 728 etiam
825 695 1062 739 quomodolibet

319 748 510 781 adulteratas
535 749 670 781 scienter
699 759 831 792 erogare
853 754 906 782 aut
930 759 1063 792 expone-

320 812 354 835 re
377 802 657 845 praesumpserint,
671 802 869 835 extendimus
888 807 918 835 et
935 802 1063 846 amplia-

319 866 397 889 mus.

363 909 378 952 §
403 908 433 941 4.
460 909 622 949 Volentes,
647 914 680 942 ut
711 910 882 954 culpabiles
911 910 942 943 in
965 921 1060 954 prae-

119 949 304 1000 Xffisslssffifflfli
318 962 422 995 missis
436 963 562 1007 reperti,
574 963 701 1006 praevia
711 963 945 1006 degradatione,
957 964 1063 997 curiae

120 1004 158 1024 lari
170 1003 224 1024 tradi
237 1003 303 1024 iubet.

142 1082 252 1103 Materiam
267 1088 304 1103 seu

319 1014 452 1047 seculari
469 1015 619 1058 puniendi
636 1016 810 1049 tradantur.

364 1069 378 1112 g
404 1068 432 1102 5.
458 1069 609 1102 Pecunias
633 1081 708 1103 vero
733 1070 794 1111 sic,
819 1075 853 1103 ut
876 1071 1062 1114 praefertur,

120 1115 184 1157 3533}
194 1109 304 1162 11111θῖἷὲΞῖ
320 1117 510 1156 adulterastis
534 1124 670 1156 scienter
694 1124 919 1166 detinentibus,
947 1135 1002 1157 seu
1025 1125 1063 1157 de

120 1163 176 1193 tibus
193 1190 196 1193 Α

119 1192 215 1216 imponit.

118 1406 121 1409 ·
140 1401 224 1423 ludices
233 1402 305 1423 huius-

121 1429 177 1449 modi
193 1435 303 1450 causarum

122 1456 217 1483 deputat.

225 1169 304 1190 poenas

320 1176 390 1209 loco
414 1176 453 1209 ad
476 1177 581 1209 locum
607 1178 876 1218 transferentibus,
894 1182 946 1210 aut
969 1182 1063 1212 mate-

319 1229 409 1270 riam,
427 1229 644 1271 instrumenta,
662 1230 726 1263 sive
744 1242 835 1274 opem
854 1231 892 1263 ad
905 1231 1064 1275 'praemis-

319 1293 353 1315 sa
376 1283 621 1326 praestantibus,
642 1294 777 1327 poenam
804 1284 981 1317 triremium
1006 1296 1063 1329 per

319 1335 505 1369 decennium
525 1336 727 1380 imponimus.

363 1389 379 1432 5
403 1389 432 1423 6.
458 1390 495 1422 Et
515 1389 729 1433 cognitionem
754 1400 921 1423 causarum
952 1390 1062 1423 huius-

319 1443 416 1484 modi,
433 1443 535 1487 quoad
552 1454 704 1487 personas
728 1443 954 1477 ecclesiasticas
969 1454 1062 1487 prae-

319 1498 414 1538 fatas,
439 1502 501 1531 tam
529 1498 687 1530 seculares
708 1508 803 1542 quam
828 1499 1010 1541 regulares,
1032 1498 1063 1530 in

319 1551 490 1594 provinciis
513 1550 606 1584 nobis
630 1556 660 1583 et
684 1551 755 1584 Sedi
774 1552 933 1594 praefatae
958 1551 1063 1583 subie-

320 1604 391 1645 ctis,
416 1604 455 1637 ad
478 1609 603 1637 sanctae
628 1604 788 1637 Romanae
813 1605 970 1637 Ecclesiae
995 1615 1062 1637 ear-

319 1657 438 1690 dinales
473 1657 505 1689 in
538 1656 656 1690 eisdem
688 1657 861 1701 provinciis
894 1657 932 1690 de
967 1658 1063 1691 latere

319 1711 438 1753 legatos
463 1715 493 1743 et
515 1711 698 1754 prolegatos
730 1721 789 1754 pro
822 1716 963 1754 tempore
988 1712 1063 1745 exis-

320 1769 430 1804 tentes,
454 1764 485 1796 in
509 1764 578 1796 aliis
603 1774 680 1797 vcro
705 1764 852 1796 omnibus
877 1769 907 1796 et
932 1764 1063 1807 singulis

320 1817 512 1861 provinciis,
538 1818 662 1861 regnis,
689 1818 886 1860 civitatibus,
917 1819 1061 1862 oppidis,

321 1871 431 1905 castris
455 1876 486 1904 et
508 1871 595 1913 locis,
620 1877 683 1904 tam
702 1872 759 1904 sub
780 1873 891 1904 nostra
909 1877 939 1904 et
963 1872 1062 1905 dietae

321 1924 431 1965 Sedis,
457 1935 550 1968 quam
583 1925 719 1958 cuiusvis
753 1925 882 1957 alterius
912 1926 1062 1969 principis

321 1977 455 2017 ditione,
480 1977 513 2009 in
536 1977 623 2010 Italia
647 1982 777 2019 tantum,
806 1979 1062 2022 comprehensis,

320 2031 473 2075 privative
497 2032 601 2075 quoad
625 2042 734 2064 omnes
759 2032 852 2064 etiam
882 2033 1062 2076 superiores

321 2085 554 2128 religiosorum,
580 2086 722 2130 ipsisque
745 2087 961 2129 superioribus
979 2087 1062 2130 peni-

321 2144 370 2172 tus
394 2140 538 2180 exclusis,
556 2140 594 2172 ad
618 2140 802 2173 Ordinarios
827 2141 970 2173 locorum
996 2152 1064 2184 spe-

321 2197 406 2225 ctare
419 2193 512 2225 etiam
526 2193 681 2233 volumus,
696 2193 878 2227 mandantes
892 2197 1062 2237 propterea

321 2246 551 2279 venerabilibus
564 2246 714 2279 fratribus
732 2247 848 2279 nostris
863 2247 1060 2290 patriarchis⁷

322 2299 566 2343 archiepiscopis
586 2305 616 2332 et
636 2302 804 2344 episcopis,
826 2301 958 2343 singulis
982 2302 1063 2334 vide-

321 2351 394 2384 licet
409 2351 441 2384 in
458 2352 522 2385 suis
539 2353 716 2385 civitatibus
737 2358 766 2386 et
786 2354 994 2394 dioecesibus,
1021 2360 1061 2395 et,

323 2404 427 2447 quoad
448 2404 516 2437 loca
539 2405 621 2438 intra
644 2406 723 2439 fines
747 2407 879 2439 alieuius
908 2407 1079 2440 dioecesis

322 2467 384 2491 non
408 2462 512 2490 tamen
536 2458 574 2491 de
606 2459 741 2493 dioecesi
775 2460 958 2501 existentia,
985 2461 1062 2504 ipsa-

321 2521 393 2544 rum
409 2511 599 2553 dioecesum,
612 2513 694 2546 intra
706 2525 840 2558 quarum
857 2514 936 2547 lines
949 2515 1060 2548 eadem

321 2564 391 2597 loca
422 2565 600 2607 extiterint,
632 2578 694 2610 quo
731 2578 806 2601 vero
838 2568 877 2600 ad
909 2578 944 2600 ea
981 2579 1060 2612 quae

321 2623 408 2652 extra
439 2618 518 2653 fines
542 2619 673 2658 alicuius
697 2620 848 2656 dioecesis
878 2621 1060 2664 consistunt,

1093 225 1148 248 vui
1174 225 1220 247 rr.

1094 272 1299 305 vicinioribus
1323 272 1507 306 eorun'idem
1534 272 1676 304 locorum
1711 272 1836 304 Ordina-

1096 325 1159 365 riis,
1177 331 1340 367 quatenus,
1355 326 1391 357 ad
1409 325 1584 357 instantiam
1604 325 1739 357 cuiusvis
1759 325 1836 365 fisci,

1095 379 1142 410 vel
1156 379 1247 411 etiam
1263 379 1399 411 cuiusvis
1414 378 1656 417 denimciatoris,
1670 388 1835 410 ealtsafflul

1095 431 1277 463 huiusmodi
1303 432 1497 473 cognitiones
1515 431 1729 475 suscipientes,
1750 443 1838 475 prae-

1095 483 1144 515 via
1164 483 1256 515 etiam
1282 485 1463 517 avocatione
1487 495 1504 517 a
1528 484 1689 528 quibusvis
1707 484 1784 525 aliis,
1807 484 1837 517 111

1095 536 1195 568 causis
1228 537 1303 579 ipsis
1336 537 1429 569 niodo
1459 538 1633 580 praemisso
1665 538 1837 581 procedant

1095 589 1241 621 omnibus
1272 589 1349 622 iuris
1374 594 1403 624 ct
1428 591 1497 624 sacti
1523 591 1670 624 remediis
1690 597 1837 635 opportu-

1094 642 1152 683 nis,
1172 642 1314 675 invocato
1333 643 1426 675 etiam
1445 644 1482 675 ad
1499 644 1568 685 1100,
1590 645 1614 677 si
1631 655 1712 689 opus
1732 645 1835 686 suerit,

1095 695 1217 728 brachii
1234 696 1383 728 secularis
1401 697 1527 730 auxilio.

1140 749 1155 792 g
1181 749 1208 781 7.
1234 749 1413 782 inhibentes
1431 749 1558 794 insuper
1579 756 1640 783 tam
1661 752 1786 785 decanis
1807 758 1836 785 et

1096 802 1240 846 capitulis
1271 803 1475 836 ecelesiarum
1501 804 1744 846 cathedralium,
1770 817 1835 838 me-
1852 803 1901 842 ,22:2¹

1741 214 1805 247 615
1853 224 1900 250 An.
1915 224 1943 251 c.
1968 224 2033 251 1627

1096 857 1361 900 tropolitanarum
1379 862 1409 890 et
1428 859 1697 901 patriarchalium,
1715 869 1836 893 necnon
1852 857 1922 896 ’,ΪΪἊΗ
1943 883 1946 895 .
1965 879 1975 895 Α.

1097 910 1281 953 quorumvis
1305 910 1457 944 Ordinum
1482 917 1512 944 et
1540 912 1681 944 locorum
1711 914 1837 955 regula-

1097 963 1189 1004 rium,
1208 963 1389 997 societatum
1414 969 1443 997 et
1460 964 1674 998 institutorui‘u
1693 976 1728 998 110
1744 966 1837 998 etiam

1097 1016 1261 1060 hospitalis
1285 1018 1499 1060 praefatorum
1517 1019 1743 1062 superioribus,
1768 1031 1839 1053 con-

1098 1069 1242 1102 ventibus
1267 1075 1297 1103 ct
1322 1071 1480 1113 fratribus,
1506 1073 1707 1115 quantumvis
1731 1083 1836 1105 exem-

1097 1123 1169 1166 ptis,
1194 1133 1242 1162 ne,
1265 1123 1322 1155 suh
1348 1123 1531 1166 privationis
1555 1124 1783 1158 beneficiorum
1809 1132 1836 1159 et

1097 1176 1273 1209 officiorum
1291 1187 1347 1219 per
1365 1188 1417 1209 eos
1434 1178 1609 1221 respective
1625 1179 1836 1222 obtentorum,

1097 1240 1132 1262 ac
1152 1229 1356 1262 inhabilitatis
1384 1230 1422 1262 ad
1451 1231 1511 1263 alia
1542 1231 1573 1263 111
1600 1232 1739 1265 futurum
1763 1233 1839 1266 obti-

1096 1283 1206 1323 nenda,
1231 1283 1380 1327 vocisque
1405 1284 1521 1317 activae
1547 1290 1577 1317 01
1601 1286 1751 1329 passivae,
1770 1298 1839 1321 nec-

1097 1347 1160 1369 non
1172 1337 1505 1371 exeommunicationis
1518 1339 1596 1371 latae
1614 1341 1783 1374 sententiae
1801 1353 1837 1375 eo

1098 1390 1164 1433 ipso
1189 1390 1387 1423 incurrendis
1407 1392 1527 1435 poenis,
1545 1392 1665 1435 legatos
1685 1399 1715 1426 et
1739 1395 1839 1438 prole-

1097 1449 1195 1487 gatos,
1214 1455 1248 1477 ac
1266 1444 1448 1478 Ordinarios
1473 1446 1628 1487 locorum,
1646 1453 1680 1480 ut
1703 1449 1839 1491 111110100-

1098 1502 1148 1529 1111·
1176 1498 1391 1540 procedentes,
1421 1500 1645 1542 quoquomodo
1674 1501 1837 1544 impedire,

1098 1551 1286 1593 molestare,
1313 1558 1365 1584 aut
1395 1554 1583 1596 perturbare
1613 1555 1765 1596 audeant,
1790 1558 1837 1588 vel

1097 1609 1315 1647 praesumant,
1334 1615 1369 1637 110
1386 1605 1478 1637 etiam
1497 1607 1689 1647 mandantes,
1707 1613 1750 1648 ut,
1765 1620 1839 1651 quo-

1098 1658 1155 1690 ties
1167 1658 1206 1690 ad
1221 1658 1251 1691 id
1264 1659 1380 1691 fuerint
1398 1660 1550 1702 requisiti,
1565 1661 1730 1703 religiosos
1744 1663 1837 1705 ipsos,

1097 1712 1219 1744 etiamsi
1245 1713 1426 1756 superiores
1451 1714 1583 1746 alicuius
1603 1715 1663 1747 1001
1684 1717 1838 1758 regularis

1097 1770 1167 1797 actu
1182 1765 1307 1805 fuerint,
1323 1766 1398 1809 ipsis
1415 1767 1536 1809 legatis,
1555 1768 1726 1811 prolegatis
1741 1775 1770 1802 et
1785 1769 1839 1802 Or-

1097 1818 1237 1859 dinariis,
1256 1820 1301 1851 vel
1320 1819 1399 1859 aliis,
1413 1820 1527 1863 quibus
1542 1820 1635 1853 iidem
1650 1822 1753 1864 legati,
1768 1834 1838 1866 pro-

1098 1872 1191 1914 legati
1202 1878 1230 1905 et
1244 1872 1401 1906 Ordinarii
1415 1875 1641 1915 mandaverint,
1652 1877 1838 1918 consignent

1097 1936 1167 1958 cum
1181 1926 1345 1969 seripturis
1359 1932 1388 1959 et
1401 1928 1491 1967 actis,
1510 1928 1535 1960 si
1549 1939 1628 1972 quae
1648 1930 1726 1963 sacta
1742 1930 1837 1963 fuisse

1098 1980 1305 2023 reperiantur.

1141 2033 1156 2076 ᾖ
1175 2033 1202 2066 8.
1221 2033 1343 2076 Siccine,
1362 2038 1391 2066 et
1408 2045 1470 2067 non
1487 2035 1587 2077 aliter,
1606 2035 1637 2068 in
1657 2037 1837 2080 praemissis

1096 2096 1153 2129 per
1170 2097 1387 2130 quoscumque
1412 2088 1530 2121 iudices
1555 2089 1741 2129 ordinarios,
1759 2091 1839 2123 dele-

1097 2145 1185 2182 gatos
1206 2145 1236 2172 et
1261 2141 1504 2182 commissarios,
1523 2148 1553 2175 ct
1577 2143 1670 2175 etiam
1696 2154 1838 2177 camerae

1097 2194 1274 2237 praedictae
1297 2195 1429 2228 elericos
1454 2197 1676 2239 praesidentes,
1702 2191 1839 2231 necnon

1097 2258 1261 2280 causarum
1280 2248 1387 2291 palatii
1406 2250 1571 2292 apostolici
1590 2256 1619 2283 01
1636 2253 1742 2284 curiae
1761 2252 1839 2285 eius-

1097 2300 1168 2333 dem
1186 2312 1328 2334 eamerae
1346 2303 1509 2344 generales
1533 2304 1702 2341 auditores,
1720 2315 1755 2337 ac
1772 2316 1838 2338 san-

1097 2360 1163 2387 etae
1190 2356 1349 2388 Romanae
1370 2356 1527 2389 Ecclesiae
1552 2359 1781 2399 camerarium,
1807 2365 1837 2393 et

1096 2408 1174 2440 alios
1198 2409 1382 2451 cardinales,
1408 2410 1501 2442 etiam
1526 2411 1563 2443 de
1587 2412 1682 2443 latere
1707 2413 1835 2455 legatos,

1095 2472 1218 2494 necnon
1242 2462 1531 2503 vicecamerarium,
1557 2464 1689 2497 iudicari
1707 2470 1736 2497 et
1760 2465 1836 2498 desi-

1095 2515 1154 2547 niri
1176 2526 1211 2548 ac
1243 2515 1443 2559 interpretari
1477 2517 1612 2558 debere,
1645 2518 1768 2551 sublata
1793 2519 1837 2552 eis

1095 2573 1124 2600 et
1149 2578 1258 2601 eorum
1284 2569 1411 2601 cuilibet
1436 2570 1544 2613 quavis
1569 2571 1659 2603 aliter
1679 2571 1836 2604 iudicandi

1095 2626 1124 2654 et
1148 2621 1374 2666 interpretandi
1397 2623 1544 2658 facultate
1575 2629 1606 2657 et
1629 2625 1836 2667 auctoritate,

1879 2047 2000 2068 clausulae.
