2269 3235
93 278 144 305 An.
159 277 189 304 C.
212 275 278 304 1625

288 322 536 364 dominantium,
562 329 591 356 et
617 323 674 356 sub
699 328 727 356 tc
753 327 947 362 curvantur,
977 322 1031 365 qui

291 382 416 423 portant
440 376 566 411 orbem:
591 378 698 412 emitte
722 387 738 409 c
764 375 918 409 thesauris
943 375 1032 408 mise-

289 429 446 464 ricordiae
470 431 679 475 sempiternae
696 429 840 473 spiritum
861 427 1031 469 charitatis,

289 484 341 528 qui
371 484 614 517 christianorum
644 483 824 527 principum
856 481 1031 515 voluntates

289 537 448 570 conciliet:
474 537 577 577 effice,
603 541 645 578 ut,
672 535 838 569 foederatis
855 535 1030 578 potentium

289 589 409 622 viribus
425 594 518 633 atque
533 589 656 629 animis,
675 588 706 621 in
723 588 780 621 hac
801 587 952 620 altissima
974 592 1033 620 ter-

289 653 397 676 rarum
411 643 537 687 specula
551 652 662 676 canere
675 641 922 686 quamcitissime
935 641 1033 685 possi-

290 696 377 729 mus¹
395 696 560 729 classicum
585 695 673 736 caeli,
691 700 783 739 atque
808 694 852 727 uti
871 698 957 728 tanto
981 704 1031 727 ar-

292 760 416 783 morum
426 754 577 794 apparatu
591 748 630 782 ad
644 759 776 792 regnum
789 748 843 781 Dei
856 758 1033 792 propagan—

291 802 367 836 dum
382 802 549 847 plaudente
559 802 692 836 concilio
707 802 863 835 iustorum
880 806 911 834 et
925 801 1033 834 trium-

291 856 406 900 phante
415 856 477 889 fide
488 853 673 890 orthodoxa.
684 856 850 889 Iustissimi
863 855 958 888 huius
970 855 1032 888 voti

291 919 379 952 spem
403 914 434 942 et
457 908 606 942 fiduciam
631 909 785 953 praebere
809 914 912 953 potest
930 907 1034 941 Omni-

290 967 402 1006 potens
414 962 554 996 fidelium
573 963 721 1008 precibus
739 968 894 1005 exoratus,
910 972 1034 995 venera-

291 1016 370 1049 biles
393 1016 518 1058 sratres,
534 1027 551 1049 a
567 1017 682 1060 quibus
698 1017 785 1061 pium
810 1016 872 1050 hoc
889 1015 1034 1049 solatium

293 1074 502 1114 expectamus:
520 1071 671 1115 vobisque
688 1070 893 1115 apostolicam
910 1069 1036 1103 henedi-

293 1123 430 1157 ctionem
454 1130 656 1168 peramanter
680 1124 889 1168 impartimur.

338 1177 448 1212 Datum
474 1178 590 1212 Romae
605 1206 612 1220 ,
636 1178 720 1223 apud
741 1177 769 1211 S.
796 1178 921 1211 Petrum
937 1204 944 1218 ‚
978 1176 1036 1209 sub

294 1232 410 1266 annulo
428 1232 604 1273 piscatoris,
615 1232 664 1265 die
686 1242 752 1266 xxv
778 1231 881 1265 martii
897 1240 1035 1273 iincxxv,

295 1286 495 1328 pontificatus
516 1286 617 1320 nostri
637 1296 719 1320 anno
736 1296 767 1319 11.

331 1349 388 1377 Dat.
405 1350 449 1377 die
464 1349 498 1377 25
513 1349 604 1377 martii
621 1349 698 1385 1625,
715 1350 813 1385 pontif.
829 1358 871 1377 an.
890 1356 916 1376 u.

606 1466 732 1499 CXXIX.

296 1537 502 1577 Declaratio,
529 1537 615 1581 quod
646 1547 785 1580 reynum
809 1535 1040 1579 Portuyalliae

339 1591 378 1623 in
398 1589 557 1634 leqalione
576 1590 820 1634 Hispaniarum
837 1589 1041 1632 comprehen-

341 1643 469 1676 datust.

297 1714 410 1743 Dilecto
425 1714 487 1742 filio
502 1717 606 1742 nostro
618 1714 777 1743 Francisco
794 1715 822 1742 S.
839 1714 970 1750 agathae
982 1715 1040 1741 dia-

333 1766 406 1788 cono
426 1759 574 1788 cardinali
599 1759 761 1787 Barherino
780 1762 965 1794 nuncupato,
988 1767 1040 1786 no-

334 1808 397 1833 stro
414 1807 579 1832 secundum
591 1811 710 1832 carnem
730 1811 766 1832 ex
786 1805 882 1832 fratre
902 1811 1040 1839 germano

333 1849 447 1883 nepoti,
469 1849 506 1876 ad
525 1849 737 1877 charissimum
756 1849 787 1876 in
808 1849 926 1876 Christo
946 1849 1041 1876 filium

333 1896 470 1920 nostrum
503 1893 673 1927 Philippum
702 1893 914 1927 Hispaniarum
941 1901 1041 1928 regem

335 1937 518 1965 catholicum
533 1940 636 1965 nostro
652 1940 684 1965 et
697 1937 888 1972 apostolicae
903 1937 988 1966 Sedis
1005 1938 1041 1966 de

335 1983 430 2010 latere
451 1983 560 2018 legato,

503 2028 638 2055 urbanus
658 2027 737 2062 Papa
757 2027 836 2055 vm.

573 2081 688 2109 Dilecto
708 2081 766 2115 fili,

337 2127 467 2154 salutem
486 2129 518 2154 ot.
537 2126 735 2161 apostolicam
756 2125 1006 2153 benedictionem.

110 2200 293 2248 diffifflussssssssss'.
348 2192 408 2235 §t
425 2192 501 2226 Cum
518 2202 576 2226 nos
595 2202 696 2236 nuper
716 2197 746 2225 te
766 2191 803 2225 ad
824 2191 1042 2225 charissimum

111 2254 178 2300 ,τιείιὲιὲω
203 2254 293 2301 leuiasffl
307 2254 338 2277 in
361 2245 483 2280 Christo
499 2246 599 2279 filium
618 2251 763 2280 nostrum
780 2246 958 2290 Philippum
977 2246 1045 2279 His-

111 2286 257 2332 deputavergat.
308 2298 469 2341 paniarum
492 2310 600 2343 regem
624 2299 825 2341 catholicum,
842 2309 877 2332 ac
899 2299 1045 2332 universa

308 2349 526 2394 Hispaniarum
538 2363 646 2396 regna,
654 2352 844 2396 illarumque
856 2351 1045 2396 provincias,

308 2404 456 2445 dominia,
480 2405 628 2448 civitates,
653 2407 777 2451 oppida,
799 2411 900 2439 terras
924 2411 954 2439 et
977 2406 1046 2440 loca

308 2457 408 2490 eidem
433 2457 576 2502 Philippo
599 2460 667 2503 regi
687 2460 826 2493 subiecta
842 2465 872 2493 et
891 2459 982 2493 dictis
998 2470 1047 2492 re-

308 2512 378 2554 gnis
397 2511 577 2555 adiacentia,
595 2519 624 2546 et
646 2514 685 2547 ad
709 2524 927 2559 quoscumque
952 2513 1045 2547 etiam

309 2565 497 2599 christianos
513 2566 681 2611 principes,
705 2574 871 2612 ceteraque
891 2568 950 2600 alia
967 2567 1045 2607 loca,

346 2639 356 2664 1
367 2636 488 2664 Verbum
494 2638 639 2672 possimus
649 2638 772 2666 addimus
784 2647 815 2666 ex
827 2638 945 2666 Cherub.
956 2638 1043 2673 (nm).

343 2681 360 2708 2
381 2680 416 2707 Ex
436 2681 546 2717 Regest.
568 2682 594 2708 in
614 2681 715 2710 Secret.
736 2683 812 2710 Brev.

897 275 1039 298 URBANUS
1064 274 1120 298 vm
1144 274 1191 298 FP.

1705 262 1768 296 5307
1815 271 1863 299 An.
1881 271 1910 299 C.
1931 271 2001 298 1525

1065 322 1102 354 ad
1128 333 1207 365 qime
1228 327 1255 355 tc
1272 321 1429 355 declinare
1449 320 1640 364 contigisset,
1658 326 1802 353 nostrum

1065 380 1093 407 ct
1112 375 1307 419 Apostolicae
1325 374 1412 408 Sedis
1430 374 1468 407 dc
1486 375 1582 407 latere
1598 374 1735 416 legatum
1752 373 1804 406 de-

1066 428 1304 467 stinaverimus,
1335 428 1471 471 tibique,
1495 433 1528 461 ut
1562 438 1732 470 regnorum
1768 438 1803 459 ac

1065 491 1271 524 personarum
1297 486 1326 513 et
1351 481 1493 514 locorum
1511 480 1694 514 corumdem
1713 480 1804 512 saluti

1065 539 1094 566 et
1120 534 1211 567 statui
1236 535 1333 577 operti
1363 536 1416 566 tua
1444 535 1672 574 consuleretur,
1704 538 1805 567 certas

1065 592 1138 620 tunc
1162 598 1325 631 expressas
1350 588 1509 621 facultates
1534 587 1783 621 concesserimus
1798 614 1805 627 ,

1064 645 1159 684 prout
1172 640 1203 672 in
1223 640 1355 673 diversis
1371 640 1497 681 nostris,
1515 646 1577 673 tam
1595 641 1652 673 sub
1666 640 1806 684 plumbo,

1065 704 1159 737 quam
1178 694 1209 726 in
1227 694 1320 727 simili
1345 694 1446 727 forma
1472 693 1588 736 Brevis,
1609 694 1743 738 desuper
1760 704 1807 726 ex-

1064 747 1177 791 peditis
1202 748 1324 789 litteris,
1350 758 1484 791 quarum
1510 753 1635 780 tenores
1659 757 1807 791 praesen-

1065 801 1147 834 tibus
1171 812 1230 845 pro
1255 802 1411 845 expressis
1436 801 1546 834 haberi
1572 801 1727 842 volumus,
1747 801 1809 845 ple-

1065 855 1136 888 nius
1161 855 1356 896 continetur,

1111 909 1125 953 ἓ
1145 909 1174 942 2.
1199 909 1276 943 Cum
1301 914 1406 942 autem
1423 919 1440 941 a
1456 908 1615 942 nonnullis
1632 908 1737 941 forsan
1754 907 1809 940 du-
1837 919 1895 940 Nunc
1908 919 2007 943 declarat,

1066 963 1158 996 hitari
1175 969 1290 1007 posset,
1304 974 1343 996 an
1360 964 1391 996 in
1404 963 1574 1007 praedictis
1587 963 1808 1006 Hispaniarum
1823 949 2009 1003 ffiissssnssubffliianss

1068 1018 1173 1061 regnis
1190 1023 1219 1050 et
1242 1018 1398 1060 dominiis,
1419 1018 1478 1061 ipsi
1494 1017 1640 1061 Philippo
1666 1017 1731 1060 regi
1757 1027 1808 1049 su·
1824 1000 2010 1053 ξὲιῗέἓῃῖἷὲἑῖῗέ

1067 1071 1187 1112 biectis,
1200 1071 1410 1114 Portugalliae
1425 1076 1454 1103 et
1471 1070 1695 1113 Algarbiorum
1713 1079 1810 1113 regna
1824 1058 2008 1107 {.‘‡{‘'1¹1{{Zhese⁰.⁰‘”'

1069 1124 1423 1168 comprehenderimus,
1453 1129 1545 1168 teque
1569 1122 1608 1156 ad
1632 1123 1683 1155 illa
1709 1128 1739 1155 et
1762 1133 1811 1156 eo-

1070 1189 1138 1210 rum
1164 1178 1298 1222 populos
1330 1182 1473 1211 nostrum
1498 1182 1528 1210 et
1553 1176 1693 1210 eiusdem
1723 1176 1811 1209 Sedis

1070 1231 1108 1264 de
1131 1232 1228 1264 latere
1253 1231 1392 1274 legatum
1418 1230 1608 1272 huiusmodi,
1626 1234 1659 1264 ut
1677 1230 1812 1274 praefer-

1070 1291 1131 1325 tur,
1157 1285 1435 1318 destinaverimus:
1459 1294 1534 1324 nos,
1550 1288 1585 1318 ut
1600 1284 1703 1317 omnis
1728 1284 1759 1316 in
1783 1289 1813 1316 et

1071 1349 1166 1382 super
1182 1338 1363 1382 praemissis
1379 1337 1553 1379 dubitandi,
1568 1337 1632 1370 sive
1649 1337 1724 1370 alias
1740 1348 1814 1381 quo-

1072 1391 1244 1425 modolibet
1263 1391 1436 1425 haesitandi
1457 1391 1588 1424 materia
1604 1401 1620 1424 e
1638 1390 1742 1424 medio
1761 1390 1814 1424 tol-

1072 1446 1164 1487 latur,
1178 1450 1355 1490 opportune
1372 1445 1540 1490 providere
1560 1445 1710 1485 volentes,
1727 1449 1815 1478 motu

1072 1499 1201 1544 proprio
1217 1505 1247 1532 et
1264 1510 1300 1532 ex
1317 1500 1403 1532 certa
1417 1498 1545 1531 scientia
1561 1498 1687 1538 nostris,
1705 1502 1814 1531 tenore

1073 1553 1298 1597 praesentium,
1316 1552 1524 1593 declaramus,
1543 1557 1572 1586 et
1592 1552 1624 1584 in
1640 1552 1737 1585 verbo
1757 1552 1814 1584 Ro-

1074 1607 1158 1639 mani
1183 1606 1342 1640 Pontificis
1367 1610 1562 1647 attestamur,
1587 1605 1700 1638 mentis
1717 1610 1747 1638 et
1763 1615 1814 1638 vo-

1073 1659 1201 1693 luntatis
1225 1664 1351 1693 nostrae
1377 1659 1472 1692 fuisse
1490 1664 1519 1694 et
1536 1670 1614 1699 esse,
1635 1659 1667 1691 in
1690 1658 1814 1702 praedi-

1074 1713 1131 1747 ctis
1145 1713 1369 1757 Hispaniarum
1382 1713 1488 1755 regnis
1502 1717 1531 1745 et
1547 1712 1697 1745 dominiis
1709 1712 1817 1745 Portu-

1075 1766 1185 1810 galliae
1210 1772 1240 1800 et
1263 1766 1485 1810 Algarbiorum
1514 1776 1612 1809 regna
1636 1765 1819 1799 huiusmodi

1075 1820 1344 1864 comprehendere
1365 1824 1393 1852 et
1412 1818 1700 1863 comprehendisse,
1726 1824 1818 1862 teque

1075 1873 1113 1906 ad
1127 1873 1179 1906 illa
1193 1879 1223 1906 et
1238 1884 1348 1907 eorum
1365 1873 1519 1917 populum
1536 1872 1730 1913 universum,
1745 1883 1816 1905 cum

1075 1926 1222 1960 omnibus
1239 1931 1269 1959 et
1282 1926 1414 1969 singulis
1427 1925 1625 1959 facultatibus
1639 1925 1818 1969 praedictis,

1076 1985 1219 2013 nostrum
1244 1984 1274 2012 et
1298 1979 1438 2012 eiusdem
1459 1979 1548 2012 Sedis
1568 1978 1607 2011 de
1624 1978 1720 2011 latere
1737 1978 1819 2021 lega-

1077 2038 1142 2066 tum
1159 2033 1316 2066 destinare
1337 2038 1367 2065 et
1381 2032 1563 2073 destinasse,
1581 2037 1614 2064 ut
1630 2032 1817 2075 praefertur.

1122 2087 1136 2130 ξ,
1160 2086 1190 2120 3.
1215 2087 1391 2127 Praeterea,
1412 2096 1475 2130 quo
1500 2086 1531 2118 in
1555 2086 1658 2119 delato
1682 2085 1738 2119 tibi
1762 2096 1819 2130 per
1847 2093 2017 2140 {⁶⁰3¹}issffs‘sstv0

1077 2150 1134 2174 nos
1166 2140 1331 2183 legationis
1362 2139 1543 2172 huiusmodi
1580 2149 1711 2172 munere
1743 2150 1819 2183 erga
1833 2126 1931 2167 goneendit
1948 2125 2018 2166 ῗὲὲιῗῖῗ

1833 2176 1895 2195 tates,
1904 2173 2018 2197 pensiones

1078 2193 1219 2226 eiusdem
1244 2193 1331 2226 Sedis
1355 2192 1484 2226 devotos
1509 2198 1539 2225 et
1562 2192 1681 2234 fideles,
1706 2198 1769 2225 tam
1787 2193 1818 2225 in
1832 2199 2019 2247 {eflfgggiffidgcclg}

1078 2246 1302 2289 Portugalliae,
1326 2256 1420 2290 quam
1449 2245 1669 2290 Hispaniarum
1695 2235 1919 2300 reg⁴nis,{ie}lss32ca
1948 2252 2018 2272 conse-

1078 2301 1270 2344 illorumque
1301 2299 1487 2344 provinciis,
1517 2299 1664 2333 dominiis
1692 2304 1721 2332 et
1751 2299 1819 2332 aliis
1897 2295 1901 2300 '

1078 2354 1156 2387 locis
1178 2353 1349 2398 praedictis
1366 2353 1582 2393 consistentes,
1600 2358 1629 2385 te
1646 2353 1820 2396 gratiosum

1079 2414 1110 2442 et
1132 2408 1305 2451 benignum
1321 2407 1451 2440 uberius
1468 2407 1616 2440 exhibere
1638 2407 1749 2448 valeas,
1763 2407 1821 2440 cir-

1080 2460 1307 2505 cumspectioni
1320 2465 1402 2501 tuae,
1416 2459 1497 2494 ultra
1513 2459 1675 2493 facultates
1691 2459 1746 2493 tibi
1762 2470 1821 2504 per

1078 2526 1146 2557 nos,
1171 2518 1205 2548 ut
1225 2525 1338 2559 supra,
1363 2523 1544 2554 concessas,
1569 2518 1603 2546 ut
1627 2524 1722 2558 super
1745 2524 1822 2558 quo-

1081 2578 1289 2611 rumcumque
1324 2567 1552 2601 beneficiorum
1588 2567 1817 2601 ecclesiastico-

1080 2632 1161 2662 rum,
1187 2627 1248 2654 tam
1275 2621 1463 2654 secularium
1488 2631 1582 2664 quam
1606 2621 1743 2654 cuiusvis
1768 2620 1822 2654 Or-

1080 2675 1161 2707 dinis
1186 2674 1398 2718 regularium,
1424 2680 1453 2707 et
1477 2675 1552 2707 alias
1585 2674 1819 2719 quomodolibet
