2269 3235
254 253 303 279 An.
320 253 348 279 C.
374 252 437 280 ¹627

281 582 374 606 Exequnt
381 587 436 600 urum

255 608 371 634 deputatio.

328 1910 441 1933 Dei-nanno

257 1939 371 1957 contrarioi
379 1943 419 1957 uin.

485 242 548 275 5l8

453 311 557 333 sarum
577 300 680 343 palatii
699 298 859 342 apostolici
881 297 1039 329 auditores
1061 297 1190 329 iudicari

454 360 480 386 et
512 353 634 385 deliniri
663 353 798 393 ‹lebet-e,
828 362 863 383 ac
890 350 1012 383 irritum
1043 356 1072 383 et
1101 351 1191 383 inane

454 407 603 451 quidquid
619 417 708 437 serus
722 405 877 448 superbis
894 415 910 437 a
927 416 1097 450 quoquam,
1118 416 1193 448 qua-

455 461 498 492 ris
529 460 731 498 auctoritate,
759 458 894 491 srientcr
923 459 969 491 vel
1000 458 1191 501 ignoranter,

454 512 619 553 contigerit
643 511 796 545 attentari.

498 567 512 608 ς’
529 565 556 597 4.
575 566 725 604 Quocirca
743 565 888 598 omnibus
908 570 937 597 et
962 565 1092 608 singulis
1110 566 1192 597 loco-

453 630 522 651 rum
548 618 721 651 Ordinariis
743 610 799 662 per
821 623 999 662 praesentes
1016 618 1191 652 committi-

454 683 523 704 mus
542 676 570 706 et
588 673 783 713 mandamus,
800 678 953 715 quatenus
974 672 1042 715 ipsi,
1059 673 1105 704 rel
1119 671 1191 712 duo,

453 729 504 758 aut
533 736 613 757 unus
638 736 759 767 eorum,
784 737 840 769 per
865 736 906 767 se,
934 725 979 757 vel
1005 725 1110 766 alium,
1137 736 1191 758 seu

452 779 538 821 alios,
555 784 735 822 praesentes
752 780 870 811 litteras
890 783 919 813 et
938 780 967 811 in
984 779 1028 811 eis
1048 784 1192 812 contenta

453 843 678 875 ‹piaecumque⁷
701 833 754 864 ubi
780 836 809 866 et
833 832 958 875 «plaudo
983 843 1063 875 opus
1087 832 1191 873 suerit,

453 890 481 917 et
505 885 628 928 quoties
653 896 710 928 pro
736 891 822 928 parte
847 885 977 928 capituli
1002 895 1056 917 seu
1077 885 1192 928 prioris

454 939 647 980 generalium
673 938 937 971 monasteriorum
964 937 1036 970 dicti
1059 937 1191 979 Ordinis,

455 991 644 1035 illorumque
669 991 891 1034 superiorum,
922 996 951 1023 et
983 1001 1037 1023 seu
1062 991 1193 1023 alieuius

454 1055 562 1076 eorum
579 1071 586 1084 ,
611 1044 725 1076 suerint
748 1044 911 1087 requisiti,
936 1044 1117 1077 solemniter
1141 1055 1195 1088 pu-

454 1098 621 1137 blicantes,
647 1109 682 1130 ac
707 1098 768 1129 illis
794 1099 825 1129 in
849 1098 1029 1141 praemissis
1059 1098 1194 1134 essieaois

453 1151 642 1184 defensionis
666 1151 822 1195 praesidio
847 1151 1047 1194 assistentes,
1081 1151 1194 1184 saciant

454 1205 637 1238 auctoritate
662 1207 770 1238 nostra
795 1204 919 1237 easdem
940 1210 1140 1248 praesentes,
1165 1210 1194 1237 et

453 1259 557 1291 onmia
578 1259 609 1291 in
634 1259 677 1291 eis
703 1264 857 1299 contenta,
876 1259 914 1291 ab
934 1259 1092 1299 omnibus,
1117 1270 1195 1302 quos

454 1312 506 1344 illa
531 1318 743 1352 concernunt,
768 1304 889 1355 integre
915 1317 944 1345 et
973 1312 1194 1345 inviolabiliter

454 1365 624 1405 observari,
650 1365 897 1398 contradit-tenes
918 1365 1071 1408 quoslibet
1089 1370 1119 1398 et
1139 1376 1191 1398 re-

453 1419 569 1459 belles,
595 1430 629 1451 ac
652 1418 835 1462 praemissis
859 1429 920 1451 non
946 1424 1112 1462 parentes,
1138 1430 1194 1462 per

455 1474 631 1513 sententias,
657 1485 805 1506 censuras
831 1478 859 1507 et
878 1484 995 1517 poenas
1012 1473 1196 1505 eeclesiasti-

455 1538 515 1564 cas,
541 1527 663 1570 aliaque
688 1532 866 1570 ol‘qiortuna
891 1527 969 1559 iuris
995 1532 1024 1559 et
1049 1526 1119 1559 facti
1145 1537 1195 1559 re-

455 1581 576 1621 media,
601 1582 808 1625 appellatione
833 1581 1007 1625 postposita
1023 1608 1030 1621 ‚
1062 1592 1191 1624 compe-

456 1634 590 1671 scendo,
616 1634 826 1677 legitimisque
852 1645 946 1677 super
972 1634 1019 1666 his
1044 1634 1195 1666 habendis

456 1688 586 1721 servatis
610 1688 820 1731 processibus,
845 1689 1022 1728 sententias,
1047 1698 1195 1721 censuras

456 1748 483 1774 et
510 1752 627 1785 poenas
652 1742 734 1785 ipsas
760 1742 851 1775 etiam
870 1743 988 1776 iteratis
1009 1742 1130 1775 vicibus
1147 1753 1196 1784 ag-

457 1796 625 1838 gravando,
641 1796 782 1828 invocato
808 1796 899 1828 etiam
924 1796 961 1828 ad
987 1796 1055 1838 hoc,
1075 1796 1099 1828 si
1117 1806 1196 1839 opus

456 1851 560 1891 suerit,
585 1850 699 1882 auxilio
724 1850 844 1882 brat-hii
869 1850 1028 1882 seeularis.

502 1903 558 1947 {¹5-
573 1905 640 1936 Non
653 1903 847 1936 obstantibus
858 1903 956 1935 felicis
969 1902 1196 1935 reeordationis

458 1958 543 1989 Pauli
575 1957 675 2000 Papae
701 1957 725 1989 ll
751 1957 949 2000 aliorumque
982 1958 1194 1990 Romanorum

458 2012 642 2044 Pontificum
664 2011 943 2054 praedecessorum
960 2016 1141 2044 nostrorum
1159 2011 1196 2043 de

459 2065 553 2097 rebus
579 2065 735 2097 Ecclesiae.
760 2075 820 2097 non
853 2065 1041 2105 alienandis,
1066 2065 1196 2107 aliisque

460 2119 735 2151 constitutionibus
757 2124 783 2151 et
810 2119 1061 2151 ordinationibus
1078 2123 1199 2161 aposto-

460 2172 537 2213 licis,
563 2183 686 2205 necnon
711 2173 783 2205 tlicti
810 2173 944 2213 Ordinis,
970 2173 1116 2215 illiusque
1134 2183 1199 2205 mo-

459 2227 668 2259 nasteriorum
695 2227 800 2269 (etiam
827 2227 1013 2266 iuramento,
1031 2227 1199 2259 confirma-

460 2280 543 2313 tione
568 2281 750 2323 apostolica,
768 2281 814 2313 rel
841 2280 951 2323 quavis
972 2280 1119 2312 firmitate
1139 2280 1198 2312 alia

461 2334 636 2377 roboratis>
673 2334 796 2366 statutis
833 2337 862 2367 et
897 2333 1199 2373 consuetudinibus,

459 2388 631 2431 pririlegiis
652 2398 788 2431 quoque,
807 2387 933 2419 indultis
951 2393 980 2419 et
1000 2387 1111 2419 litteris
1129 2398 1201 2430 apo-

461 2442 577 2473 stolicis·
594 2442 624 2473 in
642 2442 836 2475 eontrarium
861 2441 1109 2485 praemissorum
1127 2452 1201 2484 quo-

463 2495 630 2528 modolibet
657 2495 823 2536 concessi-5
841 2495 1035 2528 confirmatis
1056 2500 1086 2527 et
1110 2494 1200 2527 inno-

465 2550 548 2581 mitia
566 2549 684 2587 Quibus
701 2550 846 2582 omnibus
864 2555 893 2581 et
914 2549 1056 2592 singulis,
1074 2548 1199 2581 illorum

1029 249 1206 273 ntiLLAnttJM
1233 248 1387 272 ROMANUM

1227 296 1353 329 insertis
1378 295 1538 336 habentes,
1563 295 1623 328 illis
1640 296 1715 329 alias
1732 296 1764 329 in
1776 307 1833 330 suo
1848 296 1964 330 robore

1226 349 1451 392 permansuris,
1476 348 1514 381 ad
1538 348 1785 392 praemissorum
1809 349 1963 392 effectum,

1226 403 1282 435 hac
1308 403 1374 435 vice
1399 403 1559 435 dumtaxat
1578 401 1756 446 specialiter
1772 407 1802 435 et
1818 413 1964 446 expresse

1226 455 1425 498 derogamus,
1446 455 1619 500 ceterisque
1644 455 1809 489 contrariis
1833 455 1964 500 quibus-

1228 520 1373 553 cumque.

1271 564 1285 606 g
1306 563 1334 596 6.
1361 563 1512 596 Volumus
1529 566 1632 597 autem
1648 590 1656 606 ,
1680 562 1764 606 quod
1783 572 1894 596 census
1911 561 1967 595 hu-

1226 616 1371 659 iusmodi,
1383 617 1462 650 sicut
1474 617 1660 660 praefertur,
1671 616 1862 660 imponendi,
1873 625 1967 659 quan-

1226 669 1350 702 tocitius
1365 670 1433 702 fieri
1447 670 1563 714 poterit
1576 670 1809 712 extinguantur,
1819 668 1967 712 quodque

1225 723 1437 765 praesentium
1462 722 1667 767 transumptis
1682 749 1689 763 ,
1714 733 1770 755 seu
1793 722 1965 766 exemplis,

1226 776 1318 808 etiam
1336 777 1507 820 impressis
1525 787 1620 809 manu
1639 776 1770 809 alicuius
1783 775 1898 808 notarii
1914 785 1968 819 pu-

1227 828 1297 860 blici
1323 829 1507 872 subscriptis
1519 856 1526 869 ,
1558 835 1588 862 et
1619 829 1721 872 sigillo
1750 839 1905 873 personae
1935 828 1967 860 in

1227 882 1376 924 (lignitate
1394 882 1605 915 ecclesiastica
1622 883 1809 916 constitutae
1828 882 1967 923 munitis,

1227 935 1334 967 eadem
1349 946 1481 979 prorsus
1492 935 1570 968 sides
1583 936 1700 979 ubique
1713 936 1877 977 habeatur,
1888 946 1968 979 quae

1227 989 1302 1031 ipsis
1312 989 1530 1032 praesentibus
1540 989 1722 1032 haberetur,
1736 989 1761 1022 si
1771 989 1873 1022 forent
1886 988 1969 1022 exhi-

1228 1042 1309 1075 bitae
1327 1043 1373 1075 vel
1394 1048 1546 1076 ostensae.

1272 1096 1383 1128 Datum
1410 1097 1546 1137 Romae,
1572 1095 1656 1140 apud
1680 1096 1709 1129 S.
1734 1096 1884 1138 Petrum,
1910 1096 1969 1130 sub

1228 1149 1343 1182 annulo
1355 1149 1532 1191 Piscatoris,
1540 1149 1590 1182 die
1599 1159 1655 1182 xm
1663 1149 1795 1183 ianuarii
1804 1159 1969 1190 itincxxvn,

1229 1202 1429 1246 pontificatus
1441 1203 1542 1236 nostri
1556 1213 1638 1236 anno
1656 1213 1698 1236 lv.

1266 1265 1321 1292 Dat.
1340 1266 1383 1293 die
1400 1266 1433 1293 13
1448 1265 1562 1293 ianuarii
1579 1265 1658 1300 1627,
1674 1266 1772 1302 pontif.
1789 1274 1859 1295 anno
1873 1273 1910 1294 tv.

1515 1410 1680 1444 CCXXXII.

1229 1490 1352 1523 Statuit
1363 1490 1542 1524 tollendum
1551 1501 1615 1524 esse
1624 1491 1761 1524 abusum
1771 1490 1971 1524 immittendi

1273 1545 1407 1587 ferocem
1434 1549 1567 1578 taurtim
1583 1545 1620 1577 in
1637 1545 1802 1578 ecclesiam
1819 1544 1850 1578 S.
1867 1544 1972 1578 Marci

1273 1598 1448 1631 Pacensem
1463 1599 1497 1631 in
1510 1598 1628 1641 vign'liti
1642 1602 1671 1631 et
1683 1599 1760 1641 festo
1777 1599 1881 1642 ipsius
1893 1598 1972 1632 San-

1274 1646 1326 1693 cti',
1352 1662 1389 1684 ac
1414 1652 1549 1684 mandat
1574 1653 1729 1696 episcopa,
1753 1656 1790 1684 ut
1809 1656 1897 1685 curel
1915 1652 1972 1685 hu-

1274 1706 1417 1739 iusmodi
1440 1705 1577 1738 abusum
1601 1705 1761 1738 radicitus
1787 1704 1939 1738 abolet-2¹¹.

1301 1785 1471 1812 Venerabili
1491 1785 1579 1812 fratri
1604 1785 1743 1818 episcopo
1763 1785 1899 1818 Pacensi,

1433 1833 1571 1862 Urbanus
1591 1835 1670 1868 Papa
1689 1835 1765 1862 VIII.

1442 1893 1629 1920 Venerabilis
1648 1892 1756 1925 frater,

1267 1937 1397 1964 salutem
1419 1940 1450 1964 et
1474 1937 1671 1971 apostolicam
1686 1936 1936 1965 benedictionem.

1276 2009 1290 2051 ξ
1315 2008 1343 2040 ’1.
1371 2008 1469 2049 Cum,
1495 2009 1575 2041 sicut
1604 2008 1696 2042 nobis
1727 2018 1831 2052 nuper
1860 2008 1973 2052 exponi

1232 2061 1351 2101 fecisti,
1378 2061 1409 2093 in
1433 2064 1486 2094 tua
1511 2062 1634 2094 civitate
1670 2061 1719 2094 vel
1748 2061 1884 2095 dioecesi
1917 2061 1974 2094 Pa-

1232 2115 1317 2148 censi
1342 2116 1426 2159 apud
1451 2115 1618 2148 nonnullos
1648 2115 1776 2158 quidam
1808 2115 1974 2148 inoleverit

1232 2170 1349 2202 abusus
1366 2169 1555 2202 immittendi
1583 2169 1734 2202 nimirum
1754 2169 1892 2202 ferocem
1910 2173 1975 2201 tau-

1232 2234 1303 2255 rum
1328 2222 1359 2254 in
1384 2222 1549 2255 ecclesiam
1564 2222 1593 2256 S.
1616 2222 1721 2265 Marci,
1740 2227 1802 2255 tam
1820 2222 1851 2254 in
1868 2221 1976 2265 vigilia

1232 2287 1326 2320 quam
1344 2276 1375 2308 in
1392 2277 1470 2309 sesto
1495 2276 1594 2320 ipsius
1613 2276 1716 2309 Sancti
1731 2303 1738 2317 ,
1763 2286 1878 2319 magno
1904 2286 1976 2309 cum

1233 2331 1327 2363 divini
1351 2331 1481 2364 honoris
1505 2335 1535 2365 et
1558 2331 1734 2364 animarum
1758 2330 1919 2374 periculo,
1947 2334 1977 2363 et

1232 2389 1418 2428 propterea,
1446 2395 1504 2428 pro
1529 2386 1582 2418 tua
1610 2384 1641 2416 in
1666 2384 1764 2417 Deum
1793 2384 1908 2428 pietate
1941 2393 1977 2416 ac

1234 2439 1382 2482 pastorali
1410 2438 1593 2481 vigilantia,
1619 2438 1753 2471 abusum
1778 2437 1975 2482 praedictum

1234 2498 1393 2536 tamquam
1420 2503 1437 2525 a
1462 2492 1631 2525 christiana
1656 2492 1810 2535 religione
1839 2492 1976 2525 alienum

1234 2546 1344 2588 tollere
1369 2550 1399 2579 et
1423 2546 1560 2587 abolere,
1585 2557 1621 2579 ac
1644 2556 1701 2590 per
1725 2556 1792 2586 nos,
1817 2550 1851 2578 ut
1875 2545 1975 2585 infra,

466 2606 587 2635 {vitores
612 2603 827 2645 prtlesenliljnls
852 2614 909 2646 pro
934 2603 1025 2646 plene
1054 2607 1083 2634 et
1114 2590 1216 2635 susti-⁸
1235 2605 1411 2644 opportune
1421 2599 1581 2644 provideri
1591 2610 1793 2644 summopere
1804 2598 1975 2632 desideres:

466 2656 583 2689 cienter
608 2657 763 2700 expressis
789 2668 823 2689 ac
844 2657 880 2689 tle
909 2657 1002 2689 xerbo
1019 2656 1055 2689 ail
1071 2656 1200 2688 verbum

1276 2666 1282 2689 t
1303 2663 1339 2689 Ex
1358 2663 1463 2698 liegest.
1482 2662 1507 2688 in
1523 2661 1625 2690 Secret.
1643 2661 1720 2689 Brev.

1978 247 2028 276 An.
2044 247 2073 276 C.
2094 247 2162 276 ¹627

2017 574 2079 595 tri-tes
2095 573 2166 595 danda

1982 603 2125 627 transumpti&

2041 2015 2129 2039 Abusus,
2146 2016 2172 2037 do

1989 2049 2030 2069 quo
2043 2044 2064 2063 in
2078 2043 2171 2065 rubrica.
