2269 3235
224 294 271 319 An.
294 293 319 319 c.
345 292 409 319 κοξκ
462 282 520 315 130

625 338 762 366 Urbanus
782 338 860 371 Papa
879 336 957 371 VIII,

423 401 648 430 Venerabilihus
683 400 828 428 fratribus
857 399 983 434 Ulpiano
1014 398 1163 432 archiepi-

459 454 548 481 scopo
569 446 726 475 Theatino.
748 451 863 472 necnon
886 443 1033 478 Raphaeli
1053 444 1165 478 Zacyn-

458 491 593 519 thiensi.
625 489 746 517 octavio
776 488 974 516 caballicansi
990 511 997 523 ,
1018 487 1166 525 liudovico

460 536 529 563 olim
548 535 695 566 adriensi,
708 534 836 561 Antonio
857 534 1030 565 casentino,
1052 535 1083 560 et
1100 533 1166 559 Ale-

459 580 570 606 xandro
589 586 686 613 nuper
705 577 880 606 Hieracensi
900 576 1064 611 Episcopis.

626 640 821 668 venerabiles
841 640 972 673 fratres,

461 687 590 713 salutem
616 689 647 713 et.
667 685 864 719 apostolicam
882 683 1132 712 benedictionem.

256 779 376 799 Exordium.
472 766 548 799 Cum
574 765 605 798 in
629 764 777 809 pastorali
798 764 985 804 visitatione,
1005 773 1099 807 quam
1116 772 1170 795 nu-

428 830 485 863 per
499 818 587 851 vobis
600 818 828 857 imnidavimus,
842 827 1000 861 quamque
1012 816 1076 849 Deo
1087 815 1171 848 adiu-

429 875 518 905 vante
538 871 790 914 prosequentlam
818 870 1017 909 intendimus,
1035 868 1111 901 cleri
1128 868 1171 900 ni-

429 925 544 957 mirum
571 924 712 962 llomani,
733 930 762 956 et
787 923 928 956 onmium
953 923 1054 954 almae
1078 921 1171 954 Urbis

429 978 651 1017 ecclesiarum,
678 982 707 1009 et
732 977 857 1020 piorum
888 986 923 1008 ac
948 975 1170 1017 religiosorum

429 1033 583 1071 locorum,
601 1042 655 1063 ros
671 1030 870 1073 potissimum
891 1040 925 1061 ox
947 1028 1169 1072 episcoporum

431 1084 541 1117 ordine
566 1083 788 1125 delegerimus,
809 1086 839 1114 et
863 1081 953 1114 nobis
979 1081 1008 1113 in
1034 1091 1070 1113 eo
1096 1080 1169 1112 mu—

430 1147 505 1169 nere
537 1136 699 1179 operarios
725 1141 754 1168 et
779 1135 938 1167 adiutores
969 1133 1173 1177 assumpseri-

430 1201 515 1229 musj,
541 1200 608 1229 nos,
638 1194 671 1221 ut
696 1194 835 1221 vestrum
860 1190 895 1220 ea
921 1187 951 1219 in
977 1198 1010 1219 re
1036 1186 1173 1219 ministe-

431 1244 512 1276 rium
531 1244 600 1287 plus
617 1243 731 1275 habeat
747 1241 940 1275 auctoritatis
958 1246 988 1273 et
1004 1240 1172 1280 firmitatis,

430 1298 677 1340 uberioremque
701 1296 739 1329 ad
764 1296 866 1328 cultus
895 1294 991 1327 divini
1016 1304 1174 1338 propaga-

433 1351 550 1384 tionem
565 1356 595 1384 et
615 1350 791 1383 animarum
817 1349 959 1389 salutem,
976 1347 1094 1391 Dcique
1112 1348 1175 1390 glo·

433 1404 513 1437 riam
530 1404 628 1447 pariat
654 1403 803 1442 fructum,
827 1401 994 1445 providere
1018 1401 1173 1433 volentes:

478 1458 493 1501 ,ξ
516 1458 545 1490 l.
571 1456 674 1497 Vobis,
695 1461 725 1489 et
750 1459 888 1489 vestrum
913 1454 1041 1487 cuilibet
1059 1454 1090 1486 in
1108 1453 1176 1486 soli-

264 1504 338 1542 ¹.'¹²v¹0„
374 1503 417 1542 2322,
434 1511 518 1552 dum,
536 1510 618 1543 circa
636 1509 844 1542 visitationem
870 1509 981 1551 ipsam,
1009 1509 1108 1550 eaque
1123 1507 1176 1539 du-

363 1557 417 1595 biis
435 1570 532 1605 rante,
550 1564 694 1597 nnuldata
718 1572 945 1606 quaecumque,
970 1561 1063 1593 etiam
1090 1560 1175 1592 vivae

388 1610 394 1621 i
437 1619 520 1651 vocis
544 1619 672 1651 oraculo
704 1627 761 1660 per
791 1626 844 1648 vos
869 1626 886 1647 a
911 1615 1001 1647 nobis
1026 1619 1175 1658 accepta,

436 1672 506 1709 illis,
532 1672 568 1704 ad
594 1682 673 1715 quos
698 1680 733 1703 ea
757 1680 807 1702 res
832 1669 985 1713 pertinet,
1010 1667 1176 1707 referendi,

436 1730 465 1759 et
489 1730 636 1759 oretenus·
660 1735 717 1768 per
741 1734 798 1756 nos
822 1722 965 1756 ordinata
991 1720 1176 1761 mandandi,

435 1779 548 1823 (piibus
573 1777 739 1819 relationi,
766 1786 801 1809 ac
826 1775 980 1808 mandatis
1009 1774 1120 1807 vestris
1148 1780 1178 1807 et

435 1830 578 1865 cuilibet¹
598 1836 737 1863 vestrum
761 1830 799 1862 de
823 1829 933 1862 ordine
958 1832 1066 1862 nostro
1090 1828 1178 1861 sactis

435 1884 629 1924 huiusmodi,
647 1884 771 1927 plenam
792 1887 822 1915 et
842 1882 1001 1914 indubiam
1027 1881 1121 1914 fidem
1139 1881 1178 1913 ab

437 1937 583 1971 omnibus
607 1936 762 1976 adhiberi,
786 1939 878 1978 atque
902 1934 1038 1967 firmiter
1062 1934 1179 1967 obtem-

436 1991 552 2036 perari⁷
571 1996 730 2034 tamquam
751 1989 903 2022 mandatis
923 1988 1039 2021 nostris
1056 1992 1180 2032 aposto-

438 2045 515 2085 licis,
532 2045 676 2078 volumus
696 2048 726 2076 et
746 2043 908 2083 iubemus,

347 2109 381 2134 ,,..ῑ
398 2113 422 2127 οη
483 2098 498 2141 g
513 2098 541 2130 2.
559 2097 701 2130 Mandata
717 2107 842 2140 quoque
860 2102 889 2128 et
906 2100 1072 2139 praecepta
1089 2106 1181 2139 quae-

240 2143 259 2182 i¹
287 2170 297 2182 n
340 2142 423 2181 ψ’·ωἶμ-
439 2162 573 2195 cumque
604 2150 779 2183 necessaria
803 2156 834 2183 et
857 2153 1033 2193 opportuna
1064 2149 1125 2181 illis
1149 2149 1180 2181 in

241 2192 286 2208 [Ην
298 2191 423 2208 risilallunts

241 2218 423 2261 l'.¹‘;'.‘.'.¹'‘¹‘'⁵,⁴.E'‚'‚2¹‚³²3,1
440 2206 554 2246 rebus,
586 2215 666 2248 quae
691 2204 874 2237 visitationis
899 2202 1080 2236 huiusmodi
1112 2213 1182 2246 pre-

240 2256 310 2315 ’ἱποῃὶρἰ
328 2248 424 2294 Ion-Tui&-
439 2260 646 2303 parationem,
671 2263 803 2298 statum,
827 2267 1033 2301 progressum
1062 2261 1092 2289 et
1114 2266 1182 2289 exe-

252 2308 255 2314 *
289 2304 305 2315 ι’
441 2314 624 2358 qtiutionem
650 2315 863 2351 concernunt,
892 2309 1103 2351 decernendi,
1137 2310 1181 2342 sa-

441 2368 553 2409 ciendi,
578 2376 678 2410 eaque
702 2364 813 2408 exequi
837 2364 985 2405 iubendi,

243 2428 310 2473 μμ(
339 2434 375 2473 :fo
397 2427 415 2447 (ι
486 2425 500 2465 g*
524 2422 553 2453 53».
580 2421 731 2453 Personas
751 2428 976 2462 quascumque,
1002 2423 1064 2450 tam
1088 2418 1184 2450 ecclc-

244 2483 254 2527 1}
272 2465 281 2474 λ’
294 2464 314 2473 Η
338 2464 341 2473 ⁴
459 2474 581 2508 iaslicas
606 2474 773 2513 seculares,
791 2483 883 2516 quam
906 2471 1043 2505 cuiusvis
1059 2470 1184 2505 Ordinis

243 2541 259 2579 [ιι
400 2540 426 2580 ὦ
442 2529 615 2569 regulares,
635 2537 758 2560 necnon
775 2527 867 2559 etiam
888 2525 994 2566 laicas,
1012 2536 1070 2569 pro
1088 2524 1183 2558 rebus

444 2587 473 2616 et
489 2582 623 2624 negotiis
640 2581 678 2613 ad
697 2581 904 2614 visitationem
918 2579 1099 2613 huiusmodi
1117 2590 1185 2623 per-

444 2635 624 2675 tinentibus,
642 2635 679 2667 ad
704 2645 758 2668 vos
784 2634 932 2675 vocandi,
958 2637 988 2667 et
1011 2633 1050 2666 ad
1073 2643 1184 2676 perso-

472 2699 483 2725 t
499 2697 588 2725 Potius
599 2697 705 2732 legend.
714 2697 875 2732 cuiuslibet,
886 2696 936 2731 vel,
945 2706 961 2723 α
972 2695 1183 2731 quolibetms).

1003 288 1179 312 IJULmulcu
1207 288 1359 311 tammum

1949 285 1999 312 An.
2016 284 2042 311 U.
2063 283 2136 312 1693

1198 334 1310 368 naliter
1323 343 1430 368 coram
1446 332 1536 367 vobis
1553 331 1799 376 comparendum
1814 332 1939 373 citandi,

1199 387 1448 432 opportunisque
1465 385 1543 419 iuris
1559 390 1590 419 et
1605 385 1677 420 sacti
1693 385 1841 419 remediis
1858 396 1940 419 com-

1200 440 1354 484 pellendi,

1245 494 1260 537 5
1283 493 1312 526 ll.
1338 493 1462 527 Similes
1486 493 1559 525 item
1591 501 1743 536 personas
1775 501 1940 535 quascum-
1978 504 2073 535 uam-qua
2090 509 2140 525 axa-

1201 557 1271 591 que,
1289 551 1318 580 et
1334 552 1493 590 tamquam
1515 545 1715 590 principales,
1732 549 1762 577 et
1782 548 1940 588 tamquam
1955 531 2056 578 {1:2322'32'2’
2073 533 2095 577 ii
2108 537 2140 578 'sil

1202 605 1305 641 testes,
1323 610 1378 633 seu
1401 604 1562 643 tamquam
1578 598 1770 643 principales
1783 597 1887 642 quoad
1899 608 1941 638 se,
1957 591 2022 633 ffilfi..
2048 585 2140 610 ⁰⁰¹''¹'‘'¹‘

1202 659 1232 687 et
1244 659 1404 698 tamquam
1418 658 1511 686 testes
1521 652 1623 696 quoad
1634 651 1722 692 alios,
1733 650 1942 691 examinandi,

1203 711 1232 741 et
1255 713 1289 740 ut
1313 706 1433 741 veritati
1458 705 1672 739 testimonium
1694 704 1878 749 perhibeant
1894 703 1944 736 ad-

1204 761 1361 801 monendi,
1379 765 1409 794 et
1428 760 1521 794 etiam
1546 759 1689 803 cogendi,
1709 759 1885 791 iuramenta
1899 758 1944 791 eis

1203 814 1374 855 deserendi,
1388 819 1418 847 et
1433 814 1471 846 ab
1488 814 1532 846 eis
1552 812 1696 856 exigendi
1714 816 1744 845 et
1761 810 1944 855 recipiendi,

1205 867 1241 900 ad
1267 878 1431 900 sacrorum
1455 877 1611 900 canonum
1635 865 1881 910 praescriptum,
1909 874 1945 897 ac

1205 923 1384 954 recusantes
1416 931 1474 964 per
1509 930 1659 953 censuras
1694 918 1922 952 ecclesiasticas
1937 944 1944 958 ,

1204 975 1342 1017 aliasque
1373 984 1490 1017 poenas
1521 973 1614 1006 etiam
1643 973 1833 1016 temporales
1857 971 1944 1005 vobis

1204 1027 1367 1060 benevisas
1392 1026 1635 1070 compescendi,

1250 1082 1264 1124 ᾗ
1289 1081 1317 1114 5.
1343 1081 1545 1121 Memorialia,
1570 1080 1664 1113 etiam
1683 1079 1774 1113 nobis
1798 1079 1947 1123 inscripta
2005 1089 2145 1120 sammua„

1206 1140 1236 1167 et
1260 1134 1388 1175 directa,
1406 1139 1498 1178 atque
1521 1133 1755 1172 instructiones,
1769 1132 1946 1173 relationes,
1962 1118 2146 1173 {llll}{'.“¹‡‡0‡}{'.e⁵i‚'1

1206 1187 1387 1228 delationes,
1408 1187 1552 1231 querelas
1568 1186 1662 1220 etiam
1687 1190 1822 1218 secretas
1839 1189 1949 1218 contra
1962 1170 2146 1222 31:-·03{11{ll?f⁰¹³

1207 1251 1422 1285 quascumque
1446 1250 1596 1285 personas
1613 1238 1795 1283 accipiendi,
1813 1243 1843 1272 et
1858 1238 1949 1272 nobis

1208 1294 1374 1335 referendi,
1399 1305 1455 1327 seu
1479 1294 1564 1334 alias,
1585 1298 1679 1337 prout
1702 1303 1810 1326 rerum
1828 1296 1858 1325 et
1882 1302 1951 1336 per-

1208 1358 1358 1381 sonarum
1383 1347 1516 1392 qualitas
1540 1347 1690 1390 requiret,
1716 1346 1801 1378 iuxta
1823 1345 1950 1378 ordina-

1210 1402 1308 1436 tiones
1332 1404 1456 1435 nostras
1476 1406 1558 1434 etex
1576 1400 1764 1434 auctoritate
1784 1399 1872 1433 vobis
1889 1403 1949 1432 tra-

1209 1455 1273 1487 dita
1298 1454 1507 1499 providendi,

1254 1509 1269 1552 g
1286 1508 1314 1541 6.
1333 1507 1599 1551 Congregationes
1612 1507 1788 1550 aliquarum
1805 1516 1952 1550 persona-
1999 1515 2149 1542 enngrogauo-

1210 1573 1291 1602 rum,
1308 1572 1388 1605 quac
1413 1561 1501 1594 vobis
1519 1561 1549 1593 in
1567 1560 1734 1594 consilium
1754 1571 1849 1604 super
1865 1570 1952 1604 prae-
1965 1543 2149 1599 ἶῖἶῖῗῖᾳηῃῗιίιᾶἰᾟῗῖἓ

1211 1616 1313 1648 missis
1331 1615 1525 1648 adhibendae
1542 1614 1742 1654 videbuntur,
1763 1613 1905 1655 faciendi,
1923 1617 1952 1646 et
1967 1596 2150 1653 3'{21?÷l'1'{‡‚12÷s¹¹¹‘s÷¹2‘3

1210 1669 1278 1701 illas
1303 1669 1427 1701 easdem
1459 1678 1608 1712 personas
1638 1667 1822 1701 auctoritate
1846 1651 2044 1702 nost,ra⁴'¹‘¹'¹¹''

1213 1722 1352 1762 vocandi,
1371 1726 1484 1754 etcum
1499 1721 1543 1754 eis
1563 1721 1601 1753 de
1616 1720 1750 1763 negotiis
1768 1719 1953 1753 visitationis

1212 1775 1391 1809 huiusmodi
1417 1774 1580 1816 tractandi,
1606 1773 1802 1807 consultandi
1827 1778 1857 1806 et
1881 1772 1954 1806 deli-

1211 1829 1342 1862 berandi
1356 1856 1364 1870 ‚

1256 1883 1271 1926 §5
1296 1882 1324 1915 7.
1350 1881 1609 1915 Commissarium
1639 1881 1703 1914 sive
1727 1880 1867 1913 fiscalem
1885 1879 1956 1912 visi-

1214 1935 1339 1968 tationis
1363 1945 1460 1968 unum
1485 1935 1550 1967 sive
1571 1935 1680 1978 plures
1705 1932 1841 1976 eligendi
1858 1935 1888 1966 et
1907 1932 1957 1965 de-

1214 1989 1353 2033 putandi,
1371 1989 1506 2022 eleetum
1531 1988 1595 2021 sive
1616 1988 1732 2021 electos
1749 1986 1890 2020 cassandi
1911 1996 1958 2019 ar-

1213 2043 1307 2076 bitrio
1332 2048 1446 2083 vestro,
1463 2042 1565 2083 toties,
1582 2041 1706 2085 quoties
1730 2040 1818 2074 vobis
1842 2039 1957 2072 videbi-

1215 2101 1274 2138 tur,
1291 2096 1484 2137 removendi,
1510 2100 1539 2129 et
1563 2095 1670 2136 alium,
1695 2106 1750 2128 seu
1774 2094 1861 2135 alios,
1885 2094 1955 2127 loco

1214 2150 1326 2183 cassati
1350 2155 1379 2183 ct
1403 2149 1510 2190 amoti,
1535 2148 1744 2191 subrogandi,

1259 2205 1273 2247 ξ
1298 2203 1326 2236 8.
1352 2204 1616 2246 Quotiescumque
1640 2202 1728 2235 vobis
1752 2201 1846 2234 etiam
1870 2200 1956 2234 vide·
2011 2208 2155 2246 archa-iang—

1215 2258 1309 2297 bitur,
1324 2262 1354 2290 et
1370 2257 1462 2291 eliam
1482 2266 1624 2289 seorsum
1641 2266 1659 2288 a
1675 2256 1774 2295 vohis,
1792 2260 1821 2289 et
1836 2255 1956 2288 iteratis
1971 2238 2156 2293 l351‘3‘010.²¹‚⁰02{³'1'1¹lffe'

1217 2311 1347 2351 vicibus,
1360 2309 1544 2354 quarumvis
1561 2309 1662 2342 dictae
1675 2309 1778 2349 Urbis,
1799 2319 1854 2342 seu
1870 2313 1957 2341 extra
1972 2293 2090 2353 ffi'iiiiiiiuua
2100 2290 2156 2337 Elii?

1216 2366 1301 2398 illam
1319 2365 1400 2397 intra
1417 2369 1522 2397 tamen
1542 2363 1627 2396 illius
1647 2363 1824 2396 districtum
1843 2362 1958 2396 consis-
1972 2344 2042 2364 ’ΝΜ

1217 2418 1358 2456 lentium,
1371 2417 1639 2461 patriarchalium,
1650 2416 1898 2459 collegiatarum,
1908 2425 1959 2459 pa-

1218 2471 1415 2511 rochialium,
1425 2481 1456 2503 se
1463 2481 1479 2502 u
1494 2470 1626 2503 aliarum
1640 2469 1855 2510 ecclesiarum,
1865 2468 1957 2502 etiam

1218 2524 1344 2565 cuivis',
1361 2524 1455 2557 etiam
1469 2524 1498 2557 S.
1510 2525 1545 2557 R.
1558 2524 1589 2557 E.
1605 2523 1817 2558 cardinalibus
1838 2523 1958 2556 ratione

1218 2578 1309 2618 tituli,
1322 2581 1374 2611 aut
1384 2577 1657 2617 denominationis,
1671 2588 1726 2610 seu
1740 2576 1958 2616 cardinalatus,

1218 2629 1282 2665 aus
1283 2631 1359 2664 alias
1372 2631 1621 2675 quomodolibet,
1635 2631 1682 2664 vel
1697 2641 1733 2664 cx
1745 2630 1854 2674 quavis
1866 2630 1959 2663 causa

1257 2696 1264 2721 l
1285 2693 1353 2721 Edit.
1371 2693 1449 2721 Maia.
1467 2693 1529 2728 logii
1545 2693 1669 2733 cuiusvis
1683 2694 1721 2729 (R.
1738 2693 1787 2727 T.).
