2269 3235
93 252 142 278 An.
160 250 189 279 C.
211 249 278 278 1625

104 682 142 703 Vel
152 682 225 703 fratres
232 682 273 703 Oh-

89 712 197 730 servantes
222 714 273 735 pos-

89 736 131 756 sint
141 735 274 757 Refer-matos

89 762 110 783 in
165 762 273 788 qnaestuis

89 788 221 815 perturbare.

110 1481 199 1502 Ministri
211 1487 273 1508 gene-

90 1509 140 1530 ratis
150 1511 273 1529 auctoritas.

121 2492 238 2516 clausulae.

898 251 1039 276 rnnaaus

287 297 453 330 domorum
479 298 673 341 regularium
701 298 892 339 huiusmodi,
910 299 968 330 nisi
989 300 1027 331 de

288 361 440 384 consensu
462 351 589 385 maioris
607 352 702 396 partis
720 353 851 386 fratrum
874 352 1027 384 vocalium

287 403 388 437 dictae
412 404 591 448 provinciae
616 406 763 438 Bavariae
789 405 819 437 in
844 415 957 438 corum
979 415 1029 437 ca-

287 457 394 501 pitulis
411 459 658 502 provincialibus
675 458 873 503 praestando,
895 458 1028 490 alterare

288 511 336 544 vel
362 511 540 553 immutare,
561 518 613 545 aut
637 512 763 546 eosdem
790 511 903 544 fratres
920 510 959 544 ab
981 522 1030 543 eo-

289 574 359 597 rum
385 564 480 599 modo
505 565 637 606 vivendi,
662 564 835 598 dummodo
857 564 942 598 iuxta
967 575 1030 597 eas-

289 617 360 650 dem
385 617 611 652 declarationes
632 618 745 659 vivant,
770 617 967 659 disturbare,

334 671 348 714 §
369 669 397 703 8.
416 671 553 712 Necnon,
571 671 655 715 quod
675 672 788 704 fratres
808 670 934 704 Ordinis
952 670 1030 704 eius-

289 723 360 756 dem
378 724 475 757 sancti
496 724 654 757 Francisci
675 724 713 757 de
730 724 934 758 observantia
954 735 1030 757 nun-

289 778 404 822 cupati,
425 778 505 810 infra
529 777 644 811 limites
669 777 810 811 eiusdem
828 788 882 811 seu
899 778 1029 811 alterius

287 831 467 875 provinciae
491 831 675 873 existentes,
695 831 842 865 collectas
863 842 919 865 seu
939 842 1029 876 quae-

288 890 390 919 sturas
414 885 453 918 ad
478 885 588 920 domos
613 886 775 929 regulares
800 886 939 919 eiusdem
960 896 1031 930 pro-

288 938 408 972 vinciae
423 939 678 973 Reformatorum
696 939 964 973 Discalceatorum
978 939 1031 972 Ba-

287 992 392 1027 variae
416 998 592 1038 spectantes
616 994 768 1038 (exceptis
786 993 830 1027 eis
846 1004 864 1027 a
879 993 1030 1027 fratribus

288 1045 389 1080 dictae
405 1047 586 1091 provinciae
603 1047 750 1081 Bavariae
768 1047 799 1080 in
816 1047 899 1081 dicto
917 1057 1027 1081 eorum

288 1100 426 1144 capitulo
450 1100 636 1145 provinciali
670 1102 776 1135 forsan
800 1100 1029 1145 concedendis)

289 1164 456 1198 occupare,
474 1160 527 1188 aut
551 1155 677 1188 eosdem
704 1155 815 1190 fratres
831 1155 1030 1189 Reformatos

288 1207 497 1242 Discalceatos
528 1209 709 1253 provinciae
742 1209 889 1242 Bavariae
913 1209 1025 1242 huius«-

289 1261 374 1295 modi
398 1261 536 1306 desuper
558 1263 756 1306 perturbare,
778 1263 865 1296 nullo
889 1273 1027 1306 unquam

287 1319 431 1358 tempore
454 1315 576 1358 possint
599 1325 656 1348 nec
682 1315 825 1360 valeant]
854 1315 1028 1359 apostolica

288 1367 484 1409 auctoritate,
503 1373 613 1402 tenore
629 1369 855 1412 praesentium,
875 1374 1029 1413 perpetuo

289 1419 441 1463 erigimus
465 1425 495 1453 et
518 1416 741 1454 instituimuss

333 1473 347 1516 ἓ
372 1472 400 1506 9.
427 1473 463 1506 Et
488 1474 618 1518 insuper
642 1475 744 1507 eidem
770 1475 914 1508 ministro
939 1485 1029 1517 gene-

288 1525 356 1567 rali,
370 1532 404 1559 ut
418 1527 596 1560 ministrum
610 1528 846 1571 provincialem,
856 1528 1028 1569 custodem,

289 1584 319 1612 et
342 1579 525 1613 definitores
552 1581 652 1614 dictae
676 1582 857 1625 provinciae
881 1582 1029 1614 Bavariae

289 1643 397 1666 creare
413 1639 444 1667 et
463 1634 590 1677 eligere,
608 1640 775 1679 ceteraque
799 1636 905 1669 onmia
923 1641 953 1668 et
972 1635 1031 1668 sin-

288 1687 362 1730 gula
386 1688 417 1720 in
441 1689 623 1732 praemissis
640 1694 670 1722 et
687 1689 771 1722 circa
796 1700 831 1722 ea
855 1689 1030 1722 necessaria

288 1745 318 1773 et
341 1741 581 1785 quomodolibet
606 1748 783 1786 opportuna
800 1743 937 1786 (etiamsi
958 1743 1030 1775 talia

288 1794 350 1827 sint
375 1796 422 1828 vel
448 1795 584 1837 suerint,
614 1806 693 1839 quae
719 1796 819 1839 magis
845 1797 1030 1840 specialem,

288 1848 485 1891 specificam,
510 1849 702 1882 individuam
727 1855 757 1883 et
779 1860 961 1893 expressam
986 1861 1031 1883 re-

288 1902 453 1946 quirerent
476 1903 681 1948 mentionem)
703 1904 821 1945 facere,
843 1904 958 1944 dicere,
983 1915 1032 1937 or-

289 1955 397 1989 dinare
418 1962 449 1990 et
473 1958 585 2001 exequi
609 1958 708 1990 libere
730 1963 760 1991 et
780 1958 863 1991 licite
887 1958 985 2002 possit
1002 1963 1031 1991 et

289 2010 398 2052 valeat,
412 2011 548 2055 plenam,
565 2011 696 2045 liberam
714 2017 744 2045 et
760 2012 906 2056 amplam,
924 2017 1031 2045 aucto-

286 2063 380 2097 ritate
404 2069 435 2097 et
455 2070 565 2098 tenore
589 2066 772 2109 praemissis
785 2064 804 2106 ¹,
829 2065 1032 2099 concedimus

289 2122 319 2150 et
335 2117 535 2162 impartimur
559 2119 717 2153 licentiam
735 2125 765 2153 et
782 2119 972 2159 facultatem;
990 2120 1032 2152 ita

290 2174 415 2213 tamen,
440 2176 475 2204 ut
498 2172 611 2206 fratres
639 2173 821 2217 provinciae
849 2173 1031 2207 huiusmodi

292 2225 567 2260 constitutionibus
597 2231 628 2259 et
652 2226 903 2261 ordinationibus
928 2227 960 2259 in
984 2238 1033 2260 ca-

292 2276 392 2319 pitulo
408 2278 472 2311 sive
497 2280 743 2323 congregatione
768 2281 907 2324 generali
932 2281 1031 2321 factis,

292 2340 373 2372 quae
389 2331 770 2368 strictiori·observantiae
786 2344 849 2368 non
867 2333 1032 2367 adversen-

292 2387 352 2423 tur,
371 2383 559 2428 subiaceant,
577 2386 615 2419 ad
636 2387 825 2431 illarumque
842 2387 1033 2421 observatio-

291 2445 364 2469 nem
389 2447 518 2471 omnmo
542 2443 717 2473 teneantur.

336 2489 351 2533 ἓ
369 2489 419 2523 to.
437 2490 644 2526 Decernentes
661 2494 855 2537 provinciam
873 2504 930 2537 per
947 2504 1033 2537 prae-

292 2546 394 2577 sentes
426 2549 564 2578 erectam
590 2550 619 2577 et
643 2546 816 2580 institutam
850 2547 1032 2580 huiusmodi

328 2616 338 2640 1
358 2614 506 2650 Perperam
522 2624 619 2643 omnes
634 2616 698 2644 edit.
714 2619 1032 2653 leguutauctorttatem;

292 2657 356 2686 edit.
373 2663 464 2686 autem
481 2659 562 2688 Μαίη.
579 2660 654 2688 addit
669 2664 695 2689 et
710 2663 800 2692 eliam
818 2664 854 2690 (a.
872 2665 920 2694 τ.).
1048 2657 1052 2697 l

1066 252 1119 275 vm
1145 252 1190 275 rr.
1713 243 1770 275 ⁵294

1064 300 1198 332 decretis
1212 305 1241 332 et
1255 299 1529 340 declarationibus,
1550 310 1566 332 a
1585 300 1675 332 uobis
1695 306 1725 333 et
1743 301 1803 334 lto-

1063 353 1162 385 manis
1177 353 1380 386 Pontificibus
1398 353 1694 398 praedecessoribus
1707 359 1736 386 et
1754 364 1803 386 su—

1063 406 1243 438 cessoribus
1261 408 1386 447 nostris,
1407 419 1465 451 pro
1484 407 1758 441 reformationibus
1775 411 1804 440 et

1063 458 1213 492 custodiis
1235 460 1348 502 ltaliae,
1367 461 1519 494 emanatis
1541 472 1595 494 seu
1612 460 1804 501 emanandis,

1064 511 1240 545 nullatenus
1275 513 1447 546 subiet-tam
1480 520 1509 547 et
1541 515 1803 558 comprehensam

1063 575 1130 598 esse
1152 565 1197 597 rel
1224 566 1298 607 fore,
1318 577 1352 599 ac
1378 567 1616 609 provincialem,
1641 568 1805 602 custodem

1063 624 1093 651 et
1110 618 1302 659 definitores,
1320 619 1461 664 aliosque
1483 622 1673 664 superiores,
1691 633 1725 655 ac
1746 623 1806 655 sra-

1064 677 1128 704 tres
1153 672 1338 715 poovinciae
1359 683 1416 717 per
1431 679 1612 717 praesentes
1637 680 1759 708 erectae
1776 680 1806 708 et

1064 725 1240 767 institutae,
1265 737 1281 758 a
1306 737 1479 770 quoquam,
1504 727 1613 770 quavis
1637 728 1729 761 etiam
1755 739 1805 761 ar-

1064 778 1309 823 chiepiscopali,
1334 784 1386 814 aut
1417 780 1611 824 episcopali,
1636 781 1683 813 vel
1711 781 1805 814 etiam

1064 833 1175 866 maiori
1196 834 1380 868 auctoritate
1396 834 1538 877 fungenti
1551 833 1570 875 ¹,
1591 833 1727 878 desuper
1744 845 1807 868 mo-

1064 886 1180 928 lestari,
1203 887 1387 931 inquietari,
1411 888 1608 932 perturbari,
1633 893 1686 921 aut
1710 888 1804 932 impe-

1064 939 1125 972 diri
1148 950 1212 974 non
1234 951 1339 984 posse;

1109 993 1123 1037 ἓ
1148 994 1198 1026 ll.
1224 994 1337 1037 Sicque
1361 1004 1418 1038 per
1442 1004 1659 1038 quoscumque
1686 994 1806 1028 iudices

1064 1053 1095 1081 et
1118 1048 1353 1082 commissarios
1372 1047 1551 1082 ordinarios
1574 1049 1622 1083 vel
1646 1048 1806 1092 delegatos

1065 1102 1202 1144 (sublata
1212 1101 1266 1143 eis,
1277 1107 1426 1135 eteorum
1440 1102 1578 1143 cuilibet,
1592 1102 1701 1146 quavis
1715 1102 1806 1136 aliter

1065 1154 1222 1188 iudicandi
1247 1160 1275 1187 et
1301 1155 1527 1199 interpretandi
1544 1156 1689 1190 facultate
1709 1161 1738 1190 et
1755 1167 1806 1189 au-

1065 1209 1222 1253 ctoritate)
1252 1209 1383 1242 iudicari
1408 1215 1439 1242 et
1461 1209 1586 1242 definiri
1607 1209 1737 1250 debere;
1764 1210 1805 1243 ir-

1064 1262 1159 1295 ritum
1177 1272 1302 1306 quoqne
1318 1267 1348 1294 et
1365 1262 1455 1295 inane
1473 1262 1622 1306 quicquid
1646 1273 1741 1307 super
1757 1263 1806 1296 his

1064 1326 1080 1347 a
1098 1326 1267 1359 quoquam,
1277 1315 1386 1359 quavis
1403 1316 1599 1356 auctoritate,
1609 1316 1744 1349 scienter
1757 1316 1805 1349 vel

1064 1369 1256 1412 ignoranter,
1281 1369 1448 1412 contigerit
1471 1368 1628 1402 attentari.

1109 1424 1123 1467 ἓ
1152 1423 1198 1456 12.
1224 1423 1292 1456 Non
1317 1423 1512 1457 obstantibus
1533 1422 1806 1456 constitutionibus

1065 1481 1093 1510 et
1111 1477 1361 1510 ordinationibus
1381 1477 1573 1520 apostolicis,
1594 1482 1686 1520 atque
1712 1476 1806 1509 etiam

1064 1530 1137 1563 dicti
1149 1530 1284 1571 Ordinis,
1295 1531 1440 1574 illiusque
1450 1531 1685 1574 provinciarum
1698 1530 1805 1573 tetiam

1065 1584 1263 1623 iuramento,
1289 1584 1529 1617 confirmatione
1560 1584 1733 1627 apostoliea
1758 1583 1806 1616 vel

1064 1638 1173 1680 quavis
1198 1637 1344 1670 firmitate
1361 1637 1422 1669 alia
1450 1637 1619 1679 roboratis)
1638 1637 1760 1669 statutis
1777 1641 1807 1669 et

1065 1691 1354 1730 consuetudinibus,
1372 1690 1546 1734 privilegiis
1560 1701 1696 1734 quoque,
1710 1690 1808 1723 indul-

1065 1745 1103 1778 tis
1124 1750 1151 1777 et
1178 1744 1290 1777 litteris
1314 1745 1504 1788 apostolicis,
1530 1744 1632 1777 eidem
1650 1744 1758 1778 Ordini
1778 1750 1808 1778 et

1065 1798 1245 1842 provinciis,
1256 1798 1401 1842 illiusque
1412 1803 1441 1832 et
1452 1799 1575 1831 illarum
1587 1799 1808 1842 superioribus

1065 1858 1094 1885 et
1111 1852 1266 1896 personis,
1291 1852 1348 1885 suh
1373 1852 1625 1896 quibuscumque
1646 1852 1807 1885 tenoribus

1065 1909 1095 1939 et
1114 1905 1234 1946 formis,
1259 1916 1295 1938 ac
1319 1916 1391 1938 cum
1416 1905 1578 1949 quibusvis
1605 1905 1753 1938 clausulis
1777 1910 1808 1937 et

1066 1959 1210 1999 decretis,
1221 1959 1251 1991 in
1264 1959 1458 1992 contrarium
1472 1958 1720 2003 praemissorum
1734 1968 1808 2001 quo·

1066 2012 1239 2046 modolibet
1263 2012 1430 2052 concessis,
1456 2012 1650 2045 confirmatis
1667 2016 1697 2044 et
1718 2011 1808 2045 inno-

1066 2065 1160 2098 vatis:
1186 2065 1300 2110 quibus
1318 2065 1465 2098 omnibus
1483 2070 1513 2098 et
1532 2065 1674 2108 singulis,
1696 2075 1807 2098 eorum

1065 2119 1207 2152 omnium
1233 2123 1358 2151 tenores
1382 2118 1600 2162 praesentibus
1628 2128 1686 2162 pro
1716 2118 1807 2161 plene

1066 2177 1094 2205 et
1112 2172 1305 2205 sufficienter
1318 2172 1474 2216 expressis
1488 2171 1648 2212 habentes,
1658 2171 1720 2204 illis
1732 2171 1808 2204 alias

1066 2226 1097 2258 in
1114 2236 1171 2259 suo
1187 2225 1302 2259 robore
1322 2225 1548 2269 permansuris,
1565 2225 1623 2258 hac
1640 2225 1706 2259 vice
1720 2225 1808 2259 dum-

1067 2282 1148 2312 taxat
1173 2279 1352 2323 specialiter
1377 2284 1405 2311 et
1430 2289 1576 2322 expresse
1601 2278 1806 2322 derogamus,

1066 2333 1243 2376 ceterisque
1266 2332 1433 2366 contrariis
1457 2332 1718 2376 quibuscumque.

1111 2387 1222 2419 Datum
1252 2387 1379 2427 Romae,
1411 2386 1495 2430 apud
1521 2387 1549 2420 S.
1575 2386 1724 2427 Petrum,
1750 2386 1807 2419 sub

1066 2441 1182 2473 annulo
1210 2440 1394 2481 piscatoris,
1421 2439 1471 2472 die
1496 2450 1505 2472 1
1530 2440 1634 2473 martii
1658 2449 1807 2480 MDCXXV,

1066 2494 1267 2538 pontificatus
1288 2494 1388 2527 nostri
1412 2503 1494 2527 anno
1519 2503 1549 2527 11.

1103 2566 1161 2593 Dat.
1183 2566 1226 2593 die
1250 2567 1258 2591 t
1282 2565 1372 2606 martii
1396 2566 1472 2600 1625,
1494 2565 1588 2601 pontif.
1610 2574 1680 2593 anno
1700 2572 1727 2593 11.

1105 2666 1113 2689 t
1136 2663 1278 2698 Perperam
1294 2663 1358 2690 edit.
1370 2663 1453 2691 Main.
1471 2663 1534 2699 legit
1547 2665 1695 2699 funyentes
1709 2664 1746 2698 (R.
1759 2665 1807 2697 Τ.).

1826 253 1874 280 An.
1892 253 1920 280 C.
1939 254 2004 281 “325

1871 1435 2005 1457 Obstantium

1822 1462 1933 1488 derogatio
