2269 3235
225 263 272 289 Λη.
291 263 318 289 (τ.
342 262 409 290 icet
461 251 519 287 128
1004 266 1182 289 innitimini
1203 266 1359 291 nouantur
1952 271 2002 298 An.
2018 271 2036 296 (1
2070 271 2137 299 tom

425 312 613 353 instantiam,
638 318 691 345 aut
715 322 750 345 ev
776 312 889 350 officio,
910 313 1029 354 audire,
1053 324 1167 356 cogno-
1199 315 1423 358 quoquomodo
1441 315 1679 357 immiscuerint,
1696 322 1750 349 aut
1765 318 1940 360 quomodo-

424 376 529 413 seere,
555 366 743 411 quandoque
774 367 864 398 nobis
890 368 1027 405 referre,
1052 368 1165 401 nobis·
1200 369 1276 401 libet
1300 369 1504 411 ingesserint„
1529 370 1647 402 nullam
1672 376 1840 414 propterea
1864 382 1939 416 poe-

423 430 558 463 cumque
582 420 828 459 fflmnmmieare,
854 431 889 451 ac
914 420 998 452 iuxta
1020 421 1165 455 mandata
1199 433 1270 454 nam
1292 424 1337 455 vel
1357 434 1522 455 censuram
1541 423 1783 457 ecclesiasticam
1797 430 1850 458 aut
1865 425 1941 458 irre-

424 475 540 511 nostra,
573 483 627 504 seu
653 472 728 503 alias
754 478 848 515 prout
874 473 990 505 iustitia
1015 475 1165 515 suaserit,
1199 477 1375 517 gulositatis
1400 482 1505 509 notam
1531 477 1714 518 incurrant,
1739 479 1941 512 concedimus

423 529 452 556 et
468 525 546 557 ordo
570 524 733 557 dictaverit
759 526 897 565 rationis,
928 526 995 559 illas
1019 527 1165 560 decidere
1198 530 1317 573 pariter
1341 535 1371 563 rt
1396 531 1604 573 indulgemus.

423 582 452 609 et
477 578 657 617 tei-mimire,
675 578 815 622 aliz'isque
842 580 871 612 in
897 580 958 612 illis
983 591 1037 613 vos
1064 581 1166 614 immi·
1243 583 1303 626 §a
1326 584 1393 617 Non
1418 584 1613 617 obstantibus
1633 584 1789 625 generalis
1805 584 1940 626 concilii,
1983 598 2092 620 omum
2109 605 2139 620 η·-

423 641 527 671 scere,
555 642 590 663 ac
616 631 682 664 sinc
707 633 813 676 aliquo
843 634 1052 666 eonscientiae
1077 646 1164 667 seru·
1199 641 1291 679 atque
1308 637 1376 669 aliis
1394 637 1670 669 constitutioniluis
1688 642 1717 669 et
1741 628 2033 672 01·dinationt-¹¹¹*''⁰''

422 684 513 727 pulo,
539 690 592 717 aut
622 696 828 718 censurarum
860 687 1164 729 ecclesiasticarum,
1199 689 1257 721 bus
1272 689 1464 732 apostolicis,
1481 701 1516 722 ac
1530 690 1757 733 cuiuscumque
1773 690 1898 725 Ordinis
1911 698 1942 725 et

423 738 469 769 vcl
494 737 588 770 etiam
609 738 851 781 irregularitatis
870 740 1009 781 incursu,
1027 741 1121 774 etiam
1139 743 1164 775 si
1200 743 1391 782 monasterii,
1412 747 1504 786 atque
1521 744 1736 784 ecclesiarum,
1756 747 1787 778 et
1806 744 1941 778 aliorum

422 790 493 823 inde
524 791 686 833 sanguinis
718 792 851 832 ell'usio,
883 794 1164 838 menibrorumque
1198 796 1324 840 piorum
1350 798 1492 831 locorum
1517 802 1790 842 ‹piorumcumque
1823 799 1940 841 (etiam

423 844 587 885 mutilatio,
601 849 654 877 aut
671 845 764 877 etiam
781 845 882 878 ultimi
900 847 1046 890 supplicii
1063 859 1165 891 poena
1200 849 1386 891 iuramento,
1411 852 1651 886 confirmatione
1680 853 1868 896 apostolica,
1893 855 1940 886 vel
1975 879 1983 886 .

422 896 590 946 infligenda
617 898 754 938 venerit,
779 899 953 931 dummodo
982 910 1038 931 vos
1063 900 1121 943 ipsi
1147 912 1164 933 a
1199 904 1307 946 quavis
1336 905 1484 937 tirmitate
1516 906 1577 938 alia
1609 906 1787 950 roboratis)
1819 907 1942 940 statutis

421 951 572 985 sententia
598 951 758 993 sanguinis
779 962 836 995 per
857 963 910 985 vos
936 952 1019 995 ipsos
1037 953 1165 988 ferenda
1199 961 1228 987 et
1254 958 1545 999 consuettulinibus,
1576 959 1752 1003 ceterisque
1776 960 1942 994 contrariis

421 1003 612 1044 abstineatis,
633 1004 730 1036 libere
755 1009 785 1036 et
811 1004 893 1037 licite
918 1005 1056 1046 valeatis,
1075 1006 1165 1039 licen·
1199 1008 1462 1052 quilmseumque.

422 1056 495 1088 tiam
517 1056 719 1090 concedimus
737 1062 762 1089 et
784 1057 999 1100 indulgemus,
1243 1062 1354 1094 Datum
1369 1063 1495 1104 Romae,
1509 1063 1591 1107 apud
1608 1064 1637 1097 S.
1660 1064 1796 1106 Petrum,
1814 1066 1872 1098 sub
1892 1076 1943 1099 an-

262 1126 355 1148 ffin÷11=w
372 1129 405 1143 ογ
465 1110 480 1152 ἓ
505 1110 533 1142 2.
553 1110 653 1154 thue
676 1110 806 1143 liberius
824 1111 862 1143 ab
880 1112 1027 1144 omnibus
1047 1112 1164 1145 denun-
1199 1116 1274 1147 nulo
1289 1116 1466 1155 Piscator-is,
1482 1116 1532 1149 die
1549 1127 1625 1150 xxix
1652 1118 1765 1158 martii,
1783 1119 1944 1162 pontifica-

221 1155 406 1201 ’,Ῐζζζῗ“Ῐ’,,ῗ“,“,’,,“,’,’,’,’,ῗ,“,”ἶ
422 1163 585 1203 tiationes,
610 1164 782 1207 querelae,
807 1169 837 1197 ct
868 1166 1104 1206 accusationes,
1130 1178 1165 1200 ae
1201 1171 1361 1203 tusuostri
1379 1181 1461 1203 ann0
1487 1181 1523 1209 1..

221 1212 260 1230 ῑι-ε,
272 1209 302 1227 ret
319 1214 404 1233 quoniu-

222 1236 340 1260 d,‚,.u„‚,„.,.
357 1240 404 1253 mn.
421 1227 532 1249 eausae
542 1228 760 1261 quaecumque
774 1218 940 1251 addictam
956 1219 1163 1253 visitationem
1234 1234 1294 1260 Dat.
1313 1233 1355 1260 die
1371 1234 1405 1261 29
1423 1234 1512 1261 marm
1531 1233 1608 1269 1624,
1626 1234 1722 1270 pontif,
1739 1243 1783 1262 an.
1800 1241 1818 1262 ι,

222 1263 298 1283 silium.
318 1263 352 1280 aut
370 1267 405 1280 ‹in-

223 1290 306 1310 ,.1,.,..„
322 1293 359 1307 ,en
376 1288 405 1307 m.
422 1271 615 1314 pertinentes
635 1272 750 1305 dcl'erri
768 1273 898 1316 possint,
919 1274 1066 1305 omnibus
1084 1274 1166 1306 simi-

223 1317 406 1340 vorriupraedaii-

223 1344 260 1361 u„
422 1325 492 1358 liter
508 1330 538 1357 et
556 1325 687 1368 singulis
705 1326 860 1369 personis,
879 1332 940 1359 tam
958 1327 1056 1369 laicis,
1070 1338 1164 1370 quani

421 1378 554 1419 clericis,
580 1379 673 1411 etiam
696 1379 727 1411 in
752 1380 849 1412 saeris
874 1385 901 1411 et
928 1380 1164 1424 presbyteratus
1524 1370 1622 1402 XLVI·

389 1425 392 1427 ’
421 1431 585 1464 ordinibus
607 1433 794 1473 constitutis,
815 1433 1021 1473 secularibus,
1037 1439 1068 1466 et
1090 1445 1165 1477 quo-
1272 1445 1428 1488 Sequjfflr
1462 1445 1630 1478 jmlulfflm
1668 1446 1893 1479 rim-[Moribus

422 1486 540 1518 rumvis
557 1485 725 1526 Ordinum,
751 1486 1043 1529 congregationum,
1068 1492 1098 1519 et.
1123 1488 1166 1520 in-
1310 1498 1612 1542 Nym-cmmubsque
1622 1498 1838 1542 pomififflgiff

421 1539 519 1571 stituti
544 1540 764 1582 regularibus,
789 1540 898 1584 quavis
923 1540 1017 1573 etiam
1043 1541 1163 1584 episco-

422 1592 492 1635 pali,
507 1593 554 1625 vel
569 1593 691 1633 maiori,
706 1593 916 1626 ecclesiastiea
934 1594 980 1625 vel
995 1594 1163 1635 mundana,

420 1645 571 1687 dignitate
604 1646 651 1678 vel
676 1646 924 1689 praeeminentia
949 1647 1142 1689 fulgentibus

1401 1571 1538 1597 Urbanus
1559 1570 1638 1604 Papa
1658 1570 1738 1603 vm,

1198 1623 1425 1651 Venerabilihus
1459 1623 1603 1651 fratribus
1633 1624 1757 1657 Ulpiano
1793 1625 1943 1659 archiepi-

1156 1674 1163 1687 ²
1234 1675 1323 1702 scopo
1342 1668 1501 1699 Theatino‚
1523 1675 1639 1696 necnon
1664 1669 1808 1702 Raphaeli
1828 1670 1943 1703 Zacyn-

421 1697 474 1742 qui
498 1698 530 1730 in
547 1702 617 1732 actu
640 1699 780 1732 eiusdem
802 1699 997 1738 visitationis,
1018 1710 1072 1731 seu
1088 1700 1164 1732 alias
1234 1713 1370 1745 thiensi,
1405 1712 1526 1740 octavio
1548 1713 1765 1746 eahatlieensi,
1793 1714 1942 1741 Ludovico

421 1752 503 1784 illius
513 1752 689 1792 occasione,
699 1752 828 1796 aliquid,
843 1753 926 1795 quod
937 1753 974 1785 ad
988 1753 1164 1796 praedictas
1234 1758 1303 1784 olim
1325 1757 1475 1789 Adriensi‚
1491 1758 1618 1784 Antonio
1639 1758 1810 1791 Gasertano,
1823 1766 1857 1786 ac
1872 1759 1942 1785 Ale-

421 1816 529 1839 causas
549 1806 715 1850 pertineat,
732 1817 790 1849 per
807 1806 887 1839 viam
908 1807 1163 1847 denuntiationis,
1232 1802 1344 1828 Xflndm
1364 1809 1459 1835 nuper
1479 1801 1654 1829 Ηῑθῑθῦθῦὃί
1674 1803 1833 1836 episeopis.

420 1860 578 1903 querelae,
595 1860 643 1892 vel
668 1859 886 1899 accusationis,
910 1861 1014 1903 palam
1034 1861 1082 1892 vel
1112 1871 1164 1893 oc·
1400 1851 1595 1899 venerabiles
1615 1851 1751 1900 fratres&
1791 1896 1796 1901 ,

421 1914 513 1955 culte,
538 1919 662 1958 sponte,
679 1915 726 1946 vel
751 1914 790 1946 ad
815 1914 962 1953 aliorum,
982 1915 1074 1947 etiam
1089 1926 1163 1958 pro·
1241 1895 1371 1921 salutem
1388 1897 1418 1921 et,
1434 1896 1630 1928 ³9⁰⁵t⁰l¹⁰⁰m
1646 1895 1896 1923 henedmtmnem'

421 1968 575 2001 curatoris
600 1968 677 2008 fisci,
703 1968 893 2007 instantiam,
918 1967 949 1999 in
975 1968 1090 2000 iudicio
1116 1969 1162 2000 vel
1242 1965 1341 1998 Officii
1374 1965 1473 1998 nostri
1509 1971 1553 1998 est
1591 1966 1761 2009 pastoralia
1790 1978 1943 2008 munera,
1986 1975 2126 1997 Prooemium.

421 2026 506 2054 extra
523 2021 684 2060 iudicium,
706 2021 924 2060 revelaverint,
949 2025 1001 2053 aut
1022 2021 1052 2053 in
1076 2032 1165 2064 prae-
1199 2014 1292 2062 quae,
1314 2018 1419 2051 divina
1457 2020 1578 2053 favente
1610 2020 1786 2059 clementia,
1810 2020 1943 2053 admini-

421 2075 523 2107 missis
549 2075 764 2107 testiinonium
795 2074 947 2114 dixerint,
973 2074 1020 2106 vel
1045 2074 1164 2118 aliquid
1199 2072 1325 2105 stranda
1345 2072 1551 2116 suscepimus,
1568 2084 1603 2105 ea
1620 2078 1768 2116 prompto
1785 2073 1943 2117 alacrique

421 2134 586 2173 propterea
611 2128 807 2172 scripserint,
832 2128 1088 2171 subscripserint,
1114 2128 1163 2160 in-
1199 2127 1303 2159 animo
1328 2127 1494 2170 prosequi,
1509 2137 1562 2159 eos
1580 2138 1665 2166 vero,
1680 2137 1758 2171 quos
1776 2127 1807 2159 in
1824 2127 1942 2160 eisdem
2076 2122 2132 2153 Q

421 2183 602 2224 dicaverint,
628 2182 829 2223 dictaverint,
855 2182 1040 2223 detulerint,
1065 2182 1163 2215 inter·
1199 2180 1410 2223 pastoralibus
1435 2180 1620 2212 muneribus
1645 2180 1873 2224 prosequendis
1897 2191 1944 2213 as—

422 2236 616 2279 rogaverint,
642 2236 689 2268 vel
715 2235 899 2278 interrogati
924 2235 1163 2279 responderint,
1199 2234 1391 2277 sumpsimus
1415 2239 1445 2266 et
1468 2234 1698 2278 deputavimus,
1716 2239 1842 2267 nostrae
1867 2234 1942 2267 item

422 2291 468 2322 vel
501 2290 539 2321 ad
571 2300 642 2322 reos
673 2289 883 2331 detegendos,
908 2288 1139 2321 convincendos
1155 2316 1162 2329 ,
1199 2287 1311 2319 mentis
1332 2292 1378 2319 est
1406 2287 1593 2331 opportunis
1618 2287 1816 2320 facultatibus
1841 2287 1943 2321 adhuc

422 2344 598 2388 capiendos,
624 2343 856 2383 custodiendos,
876 2342 1063 2386 puniendos,
1088 2343 1165 2375 iudi-
1199 2340 1333 2380 munire,
1350 2345 1384 2373 ut
1401 2340 1463 2373 illis
1482 2340 1599 2373 suffulti
1618 2340 1830 2374 incumbentia
1847 2351 1943 2374 onera

422 2398 479 2431 eia.
503 2403 617 2437 votum,
644 2397 820 2434 consilium,
838 2396 1001 2437 auxilium,
1020 2397 1066 2429 vel
1085 2397 1164 2429 favo-
1199 2394 1310 2426 melius
1334 2394 1461 2433 subire,
1487 2398 1516 2427 et
1545 2393 1703 2437 inceptum
1736 2404 1816 2427 onus
1848 2395 1941 2438 perti-

424 2462 500 2487 rem,
518 2462 575 2495 per
596 2462 639 2491 se,
664 2452 711 2484 vel
736 2451 843 2491 alium,
868 2450 986 2484 directe
1010 2450 1058 2483 vel
1083 2450 1164 2483 indi-
1198 2458 1269 2481 ecre
1294 2447 1529 2491 quamprimum
1557 2448 1687 2480 valeant.

425 2511 506 2537 reete
531 2504 754 2548 praestiterint,
776 2503 840 2537 sive
864 2509 1024 2547 tamquam
1046 2503 1164 2535 iudices
1242 2501 1318 2534 Cum
1344 2500 1458 2544 itaque,
1487 2501 1651 2533 occasione
1676 2500 1860 2533 visitationis
1881 2511 1942 2533 no·
1958 2505 2141 2554 Ctffliffigotmifs

424 2557 585 2597 ordinarii,
612 2558 657 2589 vel
682 2558 825 2600 delegati,
850 2557 1006 2597 custodes,
1031 2557 1163 2599 scribae,
1199 2558 1281 2587 strae
1295 2554 1495 2598 apostolicae,
1512 2565 1606 2597 quam
1621 2554 1650 2586 in
1669 2554 1824 2587 universis
1841 2554 1942 2586 almae

425 2614 526 2651 testes,
552 2610 749 2650 tabelliones,
775 2612 990 2651 consultores,
1016 2620 1165 2653 procura-
1203 2608 1303 2648 Urbis,
1324 2608 1454 2651 eiusque
1478 2607 1639 2641 districtus
1664 2607 1815 2647 ecelesiis,
1833 2617 1941 2640 mona-

424 2669 519 2705 tores‚
544 2663 695 2704 advocati,
710 2675 765 2697 seu
788 2665 864 2697 alias
882 2675 914 2697 sc
931 2664 962 2696 in
979 2663 1161 2709 praemissis
1201 2662 1322 2703 siet-its,
1346 2662 1487 2706 locisque
1512 2661 1609 2695 sacris
1634 2666 1664 2694 et
1687 2661 1764 2705 piis,
1789 2660 1941 2705 proximis
