2269 3235
106 263 155 292 An.
176 262 204 291 C.
222 261 289 290 1626

128 326 193 346 Pruut
203 324 288 351 petitur.

133 961 245 982 Confirmat
256 961 294 981 Ur·

111 988 192 1011 banus.
216 994 240 1008 ac
263 994 295 1008 re-

111 1015 247 1039 signationes.
263 1021 296 1035 re·-

117 1042 289 1067 signatorumque

111 1068 232 1088 huiusmodi

111 1094 234 1115 netieiorum
249 1100 296 1120 pro-

112 1121 204 1141 visiones
212 1122 295 1142 nonnisi

112 1147 138 1167 de
154 1147 248 1167 eiusdem
261 1154 297 1168 ca-

213 1175 297 1195 licentia

113 1200 158 1220 fieri
178 1206 240 1226 posse
260 1201 296 1222 de·

112 1228 186 1247 clarat.

112 1174 172 1199 pituli

908 259 1049 284 URBANUS

351 309 366 352 ἓ
389 308 418 341 3.
444 308 554 350 Quare,
573 318 631 352 pro
647 311 734 352 parte
759 307 884 351 capituli
905 312 935 340 et
954 317 1044 339 cano-

304 363 449 396 nicorum
474 363 602 396 maioris
627 363 775 396 ecclesiae
795 361 986 400 huiusmodi,
1004 366 1042 400 et,

304 416 357 459 qui
375 416 414 450 ab
435 416 509 460 ipsis
527 427 584 460 pro
601 427 710 449 eorum
732 415 853 448 iuribus
875 413 998 446 tuendis
1015 418 1044 445 et

305 468 505 502 defendendis
515 469 553 501 ad
564 479 620 502 nos
636 473 666 501 ct
679 468 789 501 Sedem
803 467 943 500 camdem
958 465 1043 498 missi

306 528 387 563 sunt,
403 523 589 556 dilectorum
615 522 751 554 filiorum
773 519 930 554 Lamberti
955 519 992 552 dc
1016 519 1044 551 la

307 576 399 610 lllotte
426 575 606 620 pro—decani
638 580 668 608 01
698 575 819 608 Ernesti
847 574 885 606 de
910 574 1046 606 11010110-

308 630 522 673 mac-Zegberi
546 639 563 662 a
587 628 769 670 Groesbegh
787 627 926 660 eiusdem
948 626 1046 659 maio-

308 683 352 716 ris
369 683 517 716 ecclesiae
535 683 770 723 canonicorum,
796 680 888 714 nobis
912 680 971 713 suit
993 680 1047 712 hu-

309 736 424 769 militer
434 736 652 780 supplicatum,
663 740 816 778 quatenus
826 735 856 767 in
866 733 1047 778 praemissis

308 795 487 833 opportune
508 789 684 833 providere,
709 799 824 831 eosque
841 787 1048 831 amplioribus

309 842 467 875 favoribus
481 847 510 875 et
521 841 630 884 gratiis
646 841 794 885 prosequi
808 841 846 874 de
858 840 1049 883 benignitate

309 895 481 939 apostolica
505 895 724 938 dignaremur:

354 949 369 993 ξ
385 949 414 982 4.
439 950 501 983 Nos
518 949 624 992 igitur,
642 949 824 983 earumdem
845 949 1049 982 ecclesiarum

311 1002 418 1036 decori
428 1007 457 1035 et
471 1006 655 1037 ornamento
670 1002 812 1035 securius
823 1003 988 1036 consulere
1002 1013 1052 1035 vo-

276 1075 296 1088 0·
310 1056 419 1097 lentes,
437 1056 597 1100 ipsiusque
618 1057 747 1101 capituli
772 1061 802 1089 et
826 1056 1050 1090 canonicorum

312 1109 411 1142 dietae
429 1110 558 1143 maioris
582 1110 732 1143 ecclesiae
749 1110 924 1153 singulares
941 1120 1051 1154 perso-

311 1173 366 1195 nas
391 1174 408 1196 a
432 1163 593 1208 quibusvis
617 1163 961 1204 excommunicationis,
986 1173 1053 1196 sus-

312 1216 471 1259 pensionis
499 1220 528 1249 et
555 1216 725 1257 interdicti,
750 1216 880 1259 aliisque
908 1216 1053 1249 ecclesia-

313 1269 397 1302 sticis
423 1270 594 1311 sententiis,
609 1270 751 1302 censuris
769 1274 798 1302 et
815 1269 933 1313 poenis,
952 1280 969 1302 a
986 1270 1052 1302 iure

314 1323 360 1356 vel
374 1323 413 1356 ab
428 1323 567 1363 homine,
588 1323 696 1367 quavis
721 1323 885 1356 occasione
899 1323 947 1355 rel
961 1325 1054 1355 causa

312 1377 393 1418 latis,
411 1377 436 1410 si
453 1378 569 1420 quibus
589 1376 826 1420 quomodolibet
842 1376 980 1409 innodati
995 1377 1056 1409 exi-

313 1435 407 1471 stunt,
432 1430 471 1463 ad
495 1430 640 1463 effectum
661 1430 874 1474 praesentium
895 1429 1054 1462 dumtaxat

315 1485 580 1528 consequendum,
594 1485 707 1517 harum
722 1485 803 1518 serie
817 1485 1012 1517 absolventes
1027 1490 1055 1516 et

313 1539 474 1571 absolutos
505 1539 572 1571 fore
603 1543 786 1580 censentes,
811 1537 909 1571 dictas
933 1538 1008 1571 Sixti
1034 1538 1055 1570 V

315 1592 566 1635 praedecessoris
590 1592 729 1632 litteras,
758 1592 946 1634 illarumque
976 1596 1057 1624 totos

315 1651 345 1677 et
365 1645 504 1688 integros
522 1650 646 1678 tenores
662 1644 880 1688 praesentibus
896 1655 953 1687 pro
966 1644 1056 1687 plene

316 1703 345 1730 et
362 1698 553 1731 sufficienter
566 1697 721 1741 expressis
735 1697 896 1737 babentes,
916 1697 1057 1740 illasque,

316 1756 346 1784 et
371 1751 402 1784 in
426 1751 471 1784 eis
495 1756 640 1784 contenta
665 1761 892 1794 quaecumque,
910 1750 996 1783 salva
1012 1755 1058 1782 ta-

317 1815 389 1837 men
420 1805 619 1848 infrascripta
651 1805 850 1848 ampliatione
883 1809 912 1837 01
947 1809 1056 1837 exten-

318 1858 415 1899 sione,
439 1859 647 1903 approbantes
672 1864 702 1892 et
726 1858 965 1898 confirmantes,
991 1869 1059 1891 om-

318 1922 435 1955 nesque
459 1918 488 1945 et
513 1913 652 1955 singulos
677 1917 740 1945 tam
769 1912 846 1944 iuris
870 1922 963 1955 quam
989 1911 1059 1944 sacti

320 1970 350 2000 et
373 1965 499 2009 quosvis
524 1966 601 1999 alios
625 1965 774 2006 defectus,
799 1966 824 1998 si
849 1965 902 2009 qui
927 1965 1061 2008 desuper

320 2019 557 2063 quomodolibet
570 2018 796 2052 intervenerint
809 2018 839 2051 in
854 2018 981 2060 eisdem,
992 2029 1062 2062 sup-

319 2073 460 2116 plentes,
486 2083 601 2116 easque
626 2072 721 2105 modo
753 2071 975 2115 infrascripto,
1001 2071 1061 2103 illis

320 2127 396 2160 alias
420 2132 449 2160 et
474 2127 578 2171 quoad
602 2126 724 2169 reliqua
744 2125 849 2158 omnia
873 2126 905 2157 in
930 2136 986 2158 suo
1015 2136 1063 2158 ro-

320 2180 399 2213 bore
422 2180 654 2225 permansuris,
675 2179 878 2223 ampliantes,
896 2184 926 2212 et
950 2183 1059 2212 exten-

322 2233 429 2268 dentes
443 2234 578 2274 easdem,
592 2233 728 2277 capitulo
742 2238 771 2266 et
788 2233 946 2266 canonicis
961 2232 1062 2265 dictae

324 2287 452 2320 maioris
476 2288 635 2328 ecclesiae,
660 2293 695 2320 ut
717 2287 756 2320 de
781 2291 885 2321 cetero
903 2287 1064 2331 praeposi-

324 2344 395 2372 tura
419 2340 519 2374 maior
541 2346 611 2384 post
635 2341 848 2385 pontificalem
873 2340 1012 2381 maioris,
1035 2344 1064 2374 et

325 2392 370 2426 ss.
396 2393 488 2435 Petri,
513 2394 650 2435 Martini,
674 2394 771 2435 Pauli,
797 2399 921 2427 sanctae
945 2393 1062 2435 Crucis,

326 2447 470 2489 Ioannis,
502 2447 660 2491 Dionysii,
690 2447 921 2481 Bartholomaei
957 2447 1065 2481 civita-

326 2500 385 2542 tis,
413 2511 537 2534 necnon
566 2502 775 2545 Tongrensis,
804 2501 958 2543 Huensis,
988 2501 1064 2534 Fos-

326 2554 446 2596 sensis,
474 2554 506 2587 B.
534 2554 646 2587 Mariae
673 2555 900 2595 TraiectensiS,
926 2554 1065 2598 Eycken-

327 2608 391 2649 sis,
415 2607 604 2649 Visetensis‚
629 2609 841 2650 Amaniensis,
865 2608 1063 2649 Cinacensis‚

327 2662 543 2696 Dionantensis
568 2667 597 2695 01
621 2661 816 2696 Tudiniensis
840 2662 984 2697 locorum
1009 2672 1065 2696 seu

1075 258 1131 283 vni
1154 259 1201 282 rr.
1718 246 1777 277 4271

1076 307 1266 350 oppidorum
1302 304 1401 338 dictae
1426 303 1602 343 dioecesis,
1638 307 1668 334 et
1697 302 1726 334 Β.
1756 303 1815 334 Ma-

1078 361 1141 393 riae
1162 359 1382 393 Namurcensis
1407 357 1643 400 collegiatarum
1668 355 1814 388 ecclesia-

1079 424 1148 445 rum
1174 413 1411 456 praepositurae
1442 422 1496 445 seu
1529 410 1670 443 abbatiae
1695 409 1814 441 secula-

1078 476 1139 505 res,
1157 465 1323 508 dignitates
1352 465 1427 497 inibi
1452 464 1659 508 principales,
1688 462 1718 494 iu
1744 461 1817 494 alio-

1079 529 1149 550 rum
1180 523 1399 561 praeterquam
1426 518 1651 550 canonicorum
1676 515 1816 549 eiusdem

1080 571 1208 604 maioris
1225 571 1374 604 ecclesiae
1392 576 1461 603 actu
1478 570 1762 614 praebcndatorum
1789 574 1818 600 ct

1080 625 1286 668 personaliter
1295 624 1325 656 in
1336 627 1371 657 οἲ1
1382 624 1583 657 residentium
1599 624 1747 663 savorem,
1758 622 1817 654 nisi

1080 679 1173 711 etiam
1192 678 1229 710 ad
1246 679 1306 711 1100
1323 678 1534 721 capitulorum
1551 677 1747 715 huiusmodi,
1773 677 1819 709 ius

1081 742 1136 765 seu
1160 731 1359 776 privilegium
1385 731 1520 774 eligendi
1541 730 1740 770 habentium,
1766 740 1819 762 scu

1082 785 1210 819 maioris
1233 785 1330 829 partis
1362 795 1472 818 eorum
1504 784 1629 817 accedat
1656 794 1820 823 assensus,

1082 839 1174 872 etiam
1198 840 1292 872 causa
1315 837 1555 882 permutationis
1575 841 1605 870 et
1624 836 1820 876 concordiae,

1083 893 1177 925 etiam
1191 893 1222 925 in
1235 892 1351 926 nostris
1368 892 1416 925 vel
1431 891 1562 925 Romani
1587 890 1746 923 Pontificis
1764 900 1822 933 pro

1084 952 1227 990 tempore
1241 946 1410 985 existentis,
1427 946 1474 978 vel
1489 944 1626 978 cuiusvis
1643 943 1771 976 alterius
1785 942 1823 974 ad

1086 1001 1115 1033 id
1140 1001 1316 1033 facultatem
1341 999 1495 1040 habentis,
1520 998 1675 1037 manibus,
1700 1008 1716 1029 a
1742 1007 1824 1029 nunc

1085 1058 1115 1086 et
1132 1064 1190 1097 pro
1204 1058 1346 1097 tempore
1364 1052 1578 1086 obtinentibus
1596 1051 1825 1094 resignari,seu

1085 1108 1202 1140 iurium
1222 1107 1254 1140 in
1274 1108 1334 1140 illis
1355 1107 1402 1140 vel
1429 1106 1467 1139 ad
1492 1106 1560 1138 illas
1580 1104 1825 1148 competentium

1086 1161 1259 1194 cessionem
1269 1160 1276 1177 ¹
1288 1160 1367 1201 fieri,
1381 1160 1429 1193 vel
1447 1160 1477 1192 in
1490 1159 1614 1192 illarum
1628 1158 1783 1201 regimine
1797 1162 1827 1191 et

1086 1214 1354 1247 administratione
1379 1213 1523 1253 aliorum,
1547 1223 1641 1256 quam
1666 1211 1828 1244 canonico-

1087 1280 1158 1302 rum
1183 1268 1284 1301 dictae
1308 1267 1438 1300 maioris
1463 1267 1611 1300 ecclesiae
1643 1269 1712 1299 actu
1740 1275 1828 1309 prae-

1087 1322 1295 1355 bendatorum
1320 1326 1349 1354 et
1373 1320 1579 1364 personaliter
1607 1318 1827 1357 residentium,

1088 1388 1123 1409 ac
1141 1376 1178 1409 de
1195 1386 1349 1409 consensu
1366 1374 1528 1418 praedicto
1546 1372 1715 1413 facienda&
1734 1372 1828 1405 etiam

1089 1429 1259 1474 apostolica
1284 1434 1313 1461 et
1337 1428 1446 1472 quavis
1473 1427 1533 1460 alia
1565 1426 1749 1459 auctoritate
1775 1425 1830 1458 ad-

1090 1483 1179 1523 mitti,
1203 1486 1255 1516 aut
1279 1482 1330 1515 alii
1351 1482 1383 1514 in
1399 1481 1597 1514 coadiutores
1610 1483 1780 1524 perpetuos
1800 1485 1831 1512 et

1090 1536 1313 1569 irrevocabiles
1338 1535 1369 1567 in
1394 1534 1548 1577 regimine
1573 1538 1602 1566 et
1631 1532 1830 1566 administra-

1090 1591 1174 1623 tione
1198 1590 1353 1622 dictarum
1377 1589 1564 1632 dignitatum
1596 1588 1663 1620 illas
1694 1598 1777 1620 nunc
1801 1592 1832 1619 et

1091 1654 1149 1688 pro
1169 1649 1311 1686 tempore
1325 1642 1544 1681 obtinentium,
1562 1642 1654 1674 etiam
1669 1641 1706 1673 de
1721 1651 1832 1674 eorum

1092 1707 1248 1730 consensu
1273 1702 1301 1728 et
1325 1696 1363 1728 ad
1388 1706 1499 1728 eorum
1520 1695 1708 1734 instantiam,
1733 1693 1833 1737 depu-

1092 1751 1151 1783 tari
1176 1755 1347 1794 nequeant;
1373 1749 1557 1782 adveniente
1574 1758 1648 1781 vero
1669 1758 1744 1780 casu
1766 1758 1832 1780 ces—

1093 1804 1189 1838 sionis
1214 1803 1376 1848 simplicis,
1397 1813 1452 1836 seu
1469 1814 1503 1835 ex
1522 1802 1649 1835 decreto
1662 1800 1833 1845 apostolico

1093 1858 1284 1891 dimissionis
1309 1858 1339 1890 in
1364 1857 1509 1890 manibus
1532 1856 1658 1895 nostris,
1679 1866 1734 1888 seu
1758 1855 1834 1887 alte-

1094 1912 1159 1945 rius
1184 1911 1316 1945 Romani
1340 1911 1500 1944 Pontificis
1523 1921 1581 1954 pro
1607 1915 1751 1953 tempore
1770 1908 1834 1941 exi-

1095 1965 1213 2006 stentis,
1227 1965 1264 1998 dc
1282 1964 1450 2008 praedictis
1468 1963 1696 2007 praeposituris
1715 1972 1769 1994 seu
1786 1961 1836 1993 ab·

1094 2019 1185 2052 baliis
1199 2019 1406 2059 secularibus,
1420 2017 1579 2051 canonicis
1593 2017 1693 2049 dictae
1708 2015 1836 2048 maioris

1095 2073 1245 2106 ecclesiae
1259 2072 1430 2113 dumtaxat,
1444 2083 1480 2104 ac
1493 2071 1531 2103 de
1549 2070 1685 2115 capituli,
1701 2069 1738 2102 ad
1751 2068 1836 2112 quod

1095 2126 1133 2159 ad
1150 2126 1402 2170 praeposituram
1413 2136 1467 2158 seu
1477 2125 1633 2157 abbatiam
1648 2123 1832 2163 secularem,

1096 2178 1133 2210 de
1151 2188 1212 2221 qua
1230 2178 1403 2210 cessionem
1423 2177 1596 2220 simplicem
1618 2185 1672 2208 seu
1686 2175 1779 2208 etiam
1799 2184 1835 2206 ex

1096 2231 1223 2265 decreto
1247 2231 1420 2275 apostolico
1444 2229 1658 2263 dimissionem
1680 2239 1738 2272 pro
1763 2233 1838 2260 tem-

1096 2296 1173 2329 pore
1197 2285 1266 2317 fieri
1291 2284 1468 2327 contigerit,
1484 2283 1599 2324 electio
1620 2287 1748 2326 spectet,
1767 2291 1838 2314 con-

1097 2349 1200 2380 sensu,
1218 2344 1247 2371 et
1262 2348 1326 2372 non
1343 2338 1427 2379 alias,
1444 2336 1604 2381 provideri
1623 2336 1745 2376 debeat,
1763 2346 1836 2379 apo-

1097 2393 1208 2426 stolica
1238 2391 1443 2433 auctoritate,
1469 2395 1577 2423 tenore
1601 2389 1813 2433 praesentium
1828 2415 1836 2429 ,

1098 2451 1252 2490 perpetuo
1277 2444 1478 2479 concedimus
1503 2448 1532 2478 et
1556 2443 1774 2486 indulgemus3

1142 2501 1157 2543 ξ,
1175 2499 1203 2532 5.
1222 2500 1264 2531 Ac
1277 2507 1491 2542 quascumque
1505 2496 1733 2538 coadiutorum,
1744 2496 1838 2528 etiam

1135 2627 1145 2651 1
1166 2624 1255 2651 Potius
1269 2623 1413 2659 legendum
1428 2623 1514 2650 cessio
1529 2622 1568 2656 (a.
1583 2622 1631 2656 T.).

1133 2670 1149 2696 2
1165 2669 1212 2697 Hic
1227 2672 1253 2696 et
1268 2672 1363 2704 postea
1376 2668 1502 2696 emendet
1517 2668 1562 2703 qui
1578 2671 1666 2703 potest
1680 2670 1717 2703 (R.
1733 2669 1778 2701 1.).

1830 254 1877 279 An.
1899 253 1926 279 C.
1944 253 2012 281 1626

1924 2501 1954 2522 Ad
1970 2508 2038 2529 eaque

1854 2528 1957 2550 Sinnium
1971 2530 2039 2550 indut-

1098 2552 1136 2586 de
1161 2561 1315 2586 consensu
1339 2550 1559 2591 obtinentium,
1576 2549 1625 2582 vel
1644 2554 1732 2583 motu
1756 2559 1834 2593 pro·
1854 2558 1897 2576 tum
1913 2556 2012 2577 extendit.
