2269 3235
82 256 140 286 'Am
156 257 184 285 C.
207 255 274 285 1625

116 740 237 761 Exordium.

107 1216 214 1238 Prohibet.
224 1220 275 1241 quo-

91 1244 158 1264 minus
169 1243 243 1263 fratres
253 1248 275 1262 a·

92 1270 120 1291 lio
135 1269 210 1295 pedum
227 1273 275 1294 ope·

92 1297 181 1317 timeum
191 1297 275 1321 praeter

93 1323 138 1343 cale
154 1323 202 1342 odia
255 1324 276 1342 et

92 1355 130 1370 sau
146 1349 188 1370 alia
216 1350 275 1369 utan-

95 1378 134 1396 tur.

896 254 1037 279 URBANUS
1062 254 1118 278 vm
1141 253 1189 278 Pr.

594 303 716 338 CLXIII.

286 373 464 417 Abi-oyatio
489 374 636 407 omnium
662 373 879 414 indultorum,
905 373 1027 416 qratia-

329 437 415 467 γυνη,
440 438 494 460 set(
520 426 791 465 declarationum,
819 436 902 469 quoe
926 426 1026 458 obser-

330 481 461 513 vantiae
485 481 617 523 requlae
641 480 672 513 S.
700 479 871 512 Franciscz·
894 488 1027 522 quomo-

331 531 450 566 dolibet
475 533 658 566 contrariae
683 530 791 565 suut‘.

491 612 627 639 Urbanus
647 612 726 645 Papa
745 611 823 644 VIII,

411 656 448 683 ad
462 659 639 690 perpetuam
657 655 703 682 rei
724 655 906 683 memoriam.

333 728 573 761 Sacrosanctum
598 726 792 771 apostolatus
816 727 1027 760 ministerium

288 780 455 813 humilitati
471 785 606 822 nostrae,
632 780 718 813 nullo
744 781 816 814 licet
840 781 1027 814 meritorum

288 833 448 876 suffragio,
473 833 578 866 divina
602 833 804 877 dispositione
825 833 1028 866 commissum

286 886 433 929 postulat,
450 890 485 918 ut
501 886 583 920 inter
599 886 810 930 gravissimas,
828 886 1030 931 multiplices-

288 949 349 983 que
373 940 563 984 apostolicae
588 940 806 974 sollicitudinis
824 951 925 983 curas,
944 941 1028 974 illam

288 993 440 1036 peculiari
465 994 568 1027 studio
592 995 828 1038 amplectamur,
853 1005 912 1039 per
935 1005 1029 1039 quam

288 1056 442 1090 personae
466 1048 525 1080 sub
543 1048 629 1080 suavi
649 1048 813 1091 religionis
832 1048 907 1091 iugo
927 1048 1031 1082 Salva-

289 1099 367 1132 toris
380 1104 409 1133 et
422 1100 546 1133 Domini
561 1101 660 1134 nostri
674 1101 832 1145 obsequiis
845 1101 1030 1135 famulantes

290 1152 484 1186 felicioribus
501 1153 533 1185 in
552 1153 618 1186 dies
631 1154 798 1198 proficiant
818 1153 1028 1187 incrementis.

335 1205 350 1248 g
375 1205 404 1238 ¹l.
429 1206 505 1239 Cum
530 1207 645 1250 itaque,
671 1206 750 1240 sicut
776 1207 964 1251 accepimus,
989 1207 1031 1239 di-

290 1257 362 1291 lecti
378 1258 434 1291 filii
451 1259 564 1292 fratres
579 1259 704 1293 Ordinis
720 1259 875 1293 Minorum
889 1260 917 1294 S.
938 1261 1032 1293 Fran-

291 1311 365 1344 cisci
389 1312 428 1345 de
459 1312 662 1347 Observantia
695 1313 828 1347 assiduis
864 1313 952 1347 verbi
977 1314 1031 1347 Dei

290 1364 593 1409 praedicationibus,
618 1366 829 1411 continuaque
854 1377 1033 1400 sacramen-

290 1423 395 1452 torum
420 1419 704 1453 ecclesiastieorum
738 1420 1030 1463 administratione,

289 1481 412 1506 necnon
425 1472 493 1506 aliis
508 1473 723 1517 spiritualibus
739 1474 906 1515 exercitiis,
919 1474 1032 1507 uberes

290 1525 322 1558 in
347 1525 437 1559 vinea
468 1526 591 1559 Domini
622 1527 743 1560 fructus
773 1527 889 1570 iugiter
918 1528 1031 1561 afferre

289 1585 475 1620 noscantur3
493 1591 561 1621 nos,
574 1584 609 1613 ut
625 1580 737 1614 fratres
750 1581 902 1625 praedicti
920 1580 951 1614 in
968 1586 1031 1614 tam

290 1632 494 1666 laudabilium
518 1644 651 1678 operum
676 1634 826 1668 exercitio
840 1644 877 1668 eo
897 1635 1031 1668 alacrius

289 1692 493 1730 perseverent
528 1699 590 1732 quo
615 1688 824 1732 amplioribus
848 1688 966 1721 fuerint
993 1688 1031 1721 ab

290 1740 348 1773 hac
372 1743 478 1773 sancta
502 1741 581 1775 Sede
605 1741 765 1776 favoribus
789 1741 910 1784 muniti,
932 1742 1033 1786 provi-

291 1793 375 1835 dere,
395 1804 517 1828 necnon
541 1794 623 1828 felici
648 1795 775 1829 illorum
800 1795 903 1836 statui,
927 1805 1029 1839 quan-

291 1852 358 1880 tum
382 1847 473 1881 nobis
498 1858 534 1881 ex
558 1848 620 1881 alto
646 1848 846 1889 conceditur,
868 1849 1032 1882 consulere

292 1900 450 1941 volentes,
473 1910 597 1934 necnon
627 1902 749 1934 statutis
781 1905 811 1936 et
842 1912 899 1946 per
924 1912 977 1935 eos
1002 1902 1033 1935 in

293 1953 428 1997 capitulo
453 1954 591 1997 generali
615 1954 759 1998 proxime
787 1955 958 1999 praeterito
983 1955 1034 1988 de-

330 2037 341 2062 1
360 2036 437 2063 Hanc
447 2036 582 2072 regulam,
594 2036 658 2063 olim
671 2036 705 2063 ab
717 2036 775 2072 ipso
784 2040 877 2064 saneto
889 2036 1034 2064 Francisco

293 2080 404 2115 editam,
417 2080 606 2108 confirmatam
621 2080 708 2108 habes
723 2081 756 2108 ad
771 2081 876 2109 Honor.
889 2081 925 2108 111
942 2082 1033 2108 Const.

293 2131 372 2160 van,
385 2125 470 2157 Solet,
487 2127 553 2152 tom.
571 2132 609 2160 ιιι,
625 2134 687 2161 pag.
705 2125 772 2159 394;
794 2134 862 2161 quae
883 2129 977 2161 postea
988 2125 1035 2152 de-

294 2169 394 2197 clarata
407 2170 457 2197 fuit
472 2179 487 2198 a
502 2170 586 2198 Nieol.
609 2170 644 2197 ΙΙΙ
669 2170 695 2197 in
716 2179 775 2206 cap.
791 2171 883 2203 Eaeiit,
903 2171 944 2197 De
959 2171 1033 2198 verb.

295 2215 394 2249 signif.
411 2215 437 2241 in
453 2216 479 2249 6,
506 2223 612 2242 necnon
626 2223 641 2242 a
657 2215 741 2242 Clem.
758 2215 778 2241 V
794 2215 822 2242 in
839 2216 926 2243 Clem.
943 2215 952 2242 1
973 2215 1033 2242 eod.

297 2258 338 2284 tit.
353 2259 392 2285 De
406 2259 464 2286 istis
479 2263 570 2287 autem
584 2260 713 2287 fratribus
729 2260 762 2286 de
783 2259 958 2286 observantia
977 2259 1037 2286 vide

298 2300 388 2328 Const.
405 2310 475 2330 xxvu
489 2303 600 2331 Leonin.
617 2303 648 2337 X,
664 2304 706 2332 Ite
726 2307 753 2332 et
771 2313 826 2338 vos,
844 2308 908 2331 tom.
926 2311 952 2339 v,
973 2312 1035 2339 pag.

298 2345 427 2380 692-6983
444 2347 541 2382 quibus
555 2348 624 2375 addo
640 2348 712 2384 quod
727 2348 806 2376 Paul.
822 2350 845 2375 V
860 2349 962 2376 eisdem
978 2357 1037 2376 am-

297 2389 385 2417 hilum
400 2392 507 2418 omnino
523 2392 679 2427 prohibuit,
696 2396 725 2420 ut
745 2393 772 2419 in
793 2392 884 2420 Const.
909 2400 1036 2427 cccxviii,

297 2434 507 2469 Admonemur,
529 2440 594 2463 tom.
618 2443 670 2471 ΧΗ,
692 2445 753 2472 pag.
773 2437 826 2465 450
846 2440 872 2464 et
891 2437 973 2472 Greg.
994 2435 1036 2462 XV

298 2479 395 2507 deinde
418 2480 554 2507 revocavit
576 2489 760 2517 quascumque
783 2481 986 2517 praecedentias
1011 2485 1039 2508 et

298 2523 486 2559 paternitateS‚
508 2530 617 2559 praeter
635 2526 741 2553 Ordinis
762 2525 967 2553 constitutiones
987 2533 1038 2553 au-

298 2567 421 2595 ctoritate
435 2568 583 2603 apostoliea
598 2570 783 2604 confirmatas,
799 2577 950 2604 concessas,
968 2573 998 2596 ut
1012 2569 1039 2596 in

1706 242 1770 275 373

1059 302 1152 335 cretis
1177 301 1384 341 inhaerentes,
1410 310 1445 333 ac
1470 299 1750 343 supplicationibus·
1771 313 1799 332 e-

1060 355 1133 386 tiam
1155 354 1258 387 dilecti
1275 354 1330 386 filii
1348 353 1531 386 Bernardini
1545 352 1582 385 de
1603 352 1702 392 Senis,
1721 351 1799 384 eius—

1060 406 1130 439 dem
1152 406 1276 440 Ordinis
1302 406 1436 439 ministri
1457 405 1622 449 generalis,
1639 405 1730 438 nobis
1751 415 1800 436 su-

1059 470 1115 503 per
1128 460 1188 492 hoc
1202 460 1362 492 humiliter
1376 460 1530 503 porrectis
1545 459 1681 492 inclinati
1694 469 1699 490 ε
1712 458 1799 497 Quod

1060 512 1098 545 de
1130 516 1235 545 cetero
1266 513 1425 555 perpetuis
1461 513 1573 546 suturis
1605 511 1800 556 temporibus

1060 575 1170 598 omnes
1195 569 1224 597 et
1249 565 1362 607 singuli
1381 565 1520 598 eiusdem
1546 565 1670 599 Ordinis
1686 565 1802 609 preses-

1061 628 1170 658 sores,
1196 618 1279 652 iuxta
1307 618 1381 651 dicti
1413 618 1537 651 Ordinis
1571 620 1713 662 regulam
1744 628 1800 651 nec

1060 681 1124 705 non
1144 671 1371 705 declarationes
1389 682 1406 704 a
1424 671 1608 705 recolendae
1629 672 1800 705 memoriae

1061 725 1189 758 Nieolao
1214 724 1252 757 III
1278 730 1307 757 et
1331 725 1489 758 Clemente
1513 725 1535 757 V
1561 725 1707 758 Romanis
1726 726 1802 758 Pon—

1062 778 1197 811 tificibus
1222 778 1518 822 praedecessoribus
1535 778 1650 811 nostris
1667 778 1803 821 desuper

1062 835 1230 872 emanatas,
1245 831 1414 875 calepodiis
1443 842 1498 864 seu
1523 831 1670 864 sandaliis
1686 831 1802 875 apertis

1062 884 1223 917 dumtaxat
1248 884 1393 917 incedere
1418 889 1592 926 teneantur,
1617 894 1719 927 neque
1743 883 1803 916 alio

1062 939 1177 982 pedum
1202 938 1399 983 operimento
1432 949 1571 982 panneo,
1595 949 1649 971 seu
1676 937 1804 972 alterius

1063 992 1290 1035 cuiuscumque
1314 992 1462 1025 materiae
1479 992 1600 1033 existat,
1618 992 1736 1036 absque
1757 1002 1805 1024 ex-

1063 1047 1172 1090 pressa
1195 1045 1332 1078 licentia·
1347 1045 1391 1078 uti
1415 1045 1555 1089 possint3

1108 1099 1165 1143 gi).
1182 1099 1333 1143 Quodque
1354 1100 1513 1143 integrum
1531 1099 1716 1133 eorumdem
1734 1109 1805 1142 pro-

1064 1153 1218 1187 fessorum
1244 1154 1464 1187 vestimentum
1485 1153 1606 1186 duabus
1624 1158 1742 1186 tantum
1761 1158 1805 1185 tu-

1064 1206 1142 1240 nicis
1162 1210 1281 1241 constet
1296 1212 1326 1240 et
1342 1212 1463 1240 costare
1487 1207 1614 1247 dcbcat3
1640 1207 1702 1239 una
1727 1205 1806 1239 scili-

1065 1265 1113 1293 cet
1137 1271 1208 1293 cum
1234 1260 1369 1304 caputio,
1395 1264 1424 1294 et
1448 1260 1509 1292 alia
1534 1260 1600 1292 sine
1625 1259 1759 1303 caputio,
1772 1264 1805 1291 ut

1065 1313 1174 1346 eadem
1191 1314 1301 1357 regula
1324 1313 1522 1357 praeseribit,
1547 1323 1648 1356 neque
1666 1312 1805 1345 eiusdem

1065 1365 1189 1400 Ordinis
1212 1367 1408 1410 professores
1433 1366 1525 1400 tertia
1550 1366 1665 1407 tunica,
1684 1376 1739 1398 seu
1756 1375 1807 1398 ca-

1066 1420 1157 1453 misia
1176 1420 1338 1463 staminea,
1354 1425 1406 1453 aut
1424 1420 1569 1460 interula,
1587 1430 1643 1452 seu
1662 1419 1806 1459 sudariis,

1066 1474 1113 1506 vel
1133 1473 1194 1506 alia
1212 1484 1412 1517 quacumque
1429 1484 1463 1506 re
1481 1478 1590 1506 contra
1607 1472 1746 1505 eiusdem
1763 1482 1808 1505 re-

1065 1526 1157 1569 gulae
1177 1531 1330 1566 tenorem,
1347 1526 1441 1558 etiam
1466 1525 1497 1558 in
1513 1525 1576 1557 vim
1597 1525 1807 1558 concessionis

1065 1579 1163 1613 felicis
1196 1579 1425 1613 reeordationis
1448 1579 1517 1612 Iulii
1546 1579 1646 1622 Papae
1663 1578 1689 1611 II
1713 1579 1807 1611 etiam

1066 1633 1320 1678 praedecessoris
1353 1632 1475 1673 nostri,
1509 1633 1573 1665 sive
1604 1632 1666 1666 alio
1697 1632 1807 1676 quovis

1066 1691 1232 1730 praetextu
1257 1689 1287 1719 et
1310 1696 1346 1719 ex
1379 1695 1578 1729 quacumque
1603 1686 1718 1727 causa⁷
1744 1685 1808 1718 ullo

1066 1739 1160 1772 modo
1185 1739 1229 1771 uti
1254 1738 1394 1779 valeant,
1420 1738 1592 1782 apostolica
1613 1737 1808 1777 auctoritate,

1067 1798 1175 1827 tenore
1198 1792 1411 1837 praesentium
1443 1795 1618 1837 perpetuo,
1644 1791 1810 1825 statuimus

1067 1852 1160 1891 atque
1180 1846 1387 1879 declaramus.

1112 1901 1126 1945 'g'
1142 1900 1172 1935 3.
1190 1901 1449 1944 Praedictamque
1466 1900 1535 1934 Iulii
1557 1899 1810 1945 praedecessoris

1068 1959 1097 1987 et
1121 1965 1337 1999 quascumque
1353 1954 1429 1987 alias
1450 1954 1678 1994 concessiones
1695 1964 1750 1986 seu
1767 1953 1810 1985 in-

1068 2008 1171 2049 dulta,
1197 2013 1260 2041 tam
1285 2019 1341 2052 per
1365 2007 1485 2041 litteras
1507 2007 1703 2052 apostolicas,
1716 2005 1810 2039 etiam

1069 2067 1156 2095 motu
1180 2062 1321 2106 proprio,
1346 2072 1440 2106 quam
1466 2061 1552 2094 vivae
1572 2061 1657 2095 vocis
1681 2061 1810 2094 oraculo

1069 2120 1098 2149 et
1118 2116 1193 2148 alias
1218 2115 1454 2159 quomodolibet
1470 2125 1627 2155 concessa,
1648 2114 1749 2147 eidem
1766 2125 1812 2147 re—

1069 2169 1160 2212 gulae
1177 2168 1415 2212 quomodolibet
1429 2168 1595 2209 contraria,
1611 2168 1810 2210 abrogamus.

1114 2223 1129 2266 g
1146 2222 1174 2255 fr.
1193 2223 1402 2256 Decernentes
1412 2226 1592 2265 praesentes
1605 2221 1724 2253 litteras
1734 2230 1812 2253 scm—

1069 2286 1126 2320 per
1146 2280 1174 2308 et
1192 2275 1488 2319 perpetuo‘validas,
1506 2274 1613 2307 firmas
1628 2278 1657 2306 et
1670 2274 1812 2306 efficaces

1071 2329 1204 2362 existere
1225 2333 1254 2361 et
1278 2330 1355 2370 sore,
1374 2339 1510 2372 suosque
1532 2328 1690 2372 plenarios
1715 2332 1744 2360 ct
1770 2327 1812 2359 in-

1071 2386 1176 2424 tegros
1202 2380 1331 2414 effectus
1356 2381 1461 2414 sortiri
1479 2386 1506 2414 et
1525 2381 1677 2421 obtinere,
1695 2380 1733 2413 ab
1750 2391 1814 2413 om-

1070 2435 1224 2479 nibusque
1249 2434 1323 2468 dicti
1347 2435 1471 2468 Ordinis
1487 2434 1636 2467 fratribus
1654 2433 1813 2467 inviolabi-

1071 2489 1142 2523 liter
1167 2489 1347 2529 observari;

1116 2543 1131 2586 g
1156 2542 1184 2575 5.
1218 2542 1331 2585 Sicque
1356 2547 1386 2575 et
1409 2552 1473 2575 non
1498 2542 1604 2585 aliter,
1629 2552 1686 2586 per
1710 2552 1808 2586 quos--

298 2611 389 2640 Const.
409 2619 502 2648 xcvm,
528 2614 699 2648 Pastor-alis,
723 2619 790 2643 tom.
815 2622 862 2646 ΧΠ,
887 2623 948 2651 pag.
976 2615 1038 2643 785.
1073 2606 1208 2640 cumque
1232 2595 1351 2629 indices
1375 2595 1553 2630 ordinarios
1577 2601 1606 2630 θῑ
1630 2596 1814 2640 delegatos»

298 2656 362 2685 Vide
378 2658 459 2686 etiam
474 2665 558 2694 supra
577 2666 638 2694 pag.
655 2658 705 2688 351
722 2659 803 2688 huius
819 2659 896 2688 tomi.

1073 2650 1166 2684 etiam
1192 2660 1358 2684 causarum
1378 2650 1483 2695 palatii
1507 2650 1669 2695 apostolici
1695 2651 1813 2684 audito-

1816 251 1863 278 Αιι.
1877 252 1906 278 C.
1931 251 1997 278 1625

1846 1108 1934 1134 Aliaque
1947 1109 2003 1128 vesle

1820 1137 1905 1164 praeter
1950 1135 2003 1155 duas

1821 1165 1909 1184 tunicas,

1894 1905 2009 1931 Derogatio

1826 1938 1957 1959 quorumque
1981 1934 2009 1952 lu-

1826 1960 1939 1980 uultui-um.

1854 2227 1974 2248 Clausulae.
