2269 3235
111 277 158 303 An.
174 275 202 302 C.
225 274 292 302 ¹623

137 605 164 625 De
175 604 293 625 Mamaeam<

113 633 167 652 tutius
208 633 294 651 transii·-

114 658 191 679 tendis.

144 1034 172 1053 1¹1»
189 1034 240 1054 nula
252 1039 299 1060 prn-

117 1064 185 1081 mults.

146 1565 175 1586 De
193 1567 282 1586 moneta.

120 1833 148 1853 Dc
155 1833 263 1854 boneficiis
271 1840 303 1853 va-

119 1860 197 1880 caturis
207 1865 244 1886 per
270 1866 300 1880 ro-

120 1887 230 1907 iuotionem
237 1893 248 1906 a
270 1892 302 1907 ec-

119 1913 195 1933 clesias
203 1915 223 1933 ct
232 1920 305 1934 mun&

119 1942 191 1960 steria.

914 274 1055 298 URBANUS
1083 274 1134 297 vm
1162 274 1208 296 PP-

307 325 574 367 concessionibuS,
597 322 926 358 dismembrationibus
951 327 981 355 et
997 332 1046 366 ap-

307 378 538 422 plicationibus,
554 378 647 412 etiam
663 377 702 410 de
715 377 965 421 quibuscumque
981 376 1046 409 sru-

308 432 410 466 ctibus
427 437 457 465 et
481 432 572 466 bonis
596 430 825 471 ecclesiasticis,
846 440 880 463 ac
906 429 998 462 etiam
1015 429 1045 462 in

309 485 601 519 confirmationibus
615 484 766 518 unionum
785 483 1046 526 singularumque

309 539 550 583 dispositionum
575 537 766 571 huiusmodi.

355 592 406 627 23.
424 594 502 627 Item
525 592 563 626 de
586 590 833 625 Mendicantibus
857 589 1048 623 transferen-

311 645 369 687 dis,
390 646 443 690 qui
466 645 503 678 ad
527 645 604 678 alios
628 643 759 678 Ordines
784 643 965 676 transierint
989 653 1048 686 pro

313 704 454 743 tempore
469 725 476 739 ‚
505 697 758 731 constitutionem
783 696 881 729 felicis
906 695 1049 729 recorda-

312 752 404 785 tionis
428 751 550 785 Martini
573 752 674 794 Papae
695 751 717 783 V
734 749 985 794 praedecessoris
1001 750 1049 782 sui

312 806 445 849 desuper
475 805 586 838 saetam
617 810 645 837 et
671 804 701 837 in
734 804 814 837 libro
846 804 1049 837 cancellariae

312 859 499 903 apostolicae
514 858 715 902 descriptam,
729 869 808 902 (piae
823 858 941 902 incipit:
957 858 1050 891 Viam

312 913 498 946 ambitiosae
522 912 723 957 cupiditatis,
752 917 821 953 ete,
846 911 979 944 tirmiter
1000 911 1051 944 ob-

314 966 440 1000 servari.

357 1020 409 1054 ⁹24.
435 1021 511 1054 ltem
536 1020 573 1052 de
598 1018 721 1052 clericis
753 1023 840 1051 extra
871 1024 1012 1062 tempora
1036 1028 1052 1050 a

316 1075 384 1109 iure
408 1078 531 1115 statuta,
552 1073 616 1106 sive
633 1076 701 1106 ante
716 1077 849 1106 aetatem
870 1072 1052 1115 legitimam,

316 1133 369 1161 aut
399 1128 515 1171 absque
539 1126 726 1159 dimissoriis
750 1125 861 1158 litteris
885 1125 923 1158 ad
948 1136 1053 1159 sacros

317 1182 447 1216 Ordines
464 1191 496 1214 se
512 1179 692 1224 promoveri
708 1179 893 1212 facientibus
906 1190 965 1223 pro
979 1184 1054 1212 tem-

318 1246 414 1279 pore,
443 1234 537 1268 etiam
570 1233 667 1267 voluit
699 1233 953 1266 constitutionem
985 1233 1054 1277 piae

318 1288 487 1322 memoriae
512 1286 557 1319 Pii
582 1287 606 1319 II
631 1286 776 1319 similiter
804 1285 1055 1329 praedecessoris

317 1343 450 1386 desuper
474 1341 588 1374 editam
609 1340 639 1373 in
663 1340 745 1374 dicto
763 1340 966 1373 cancellariae
983 1351 1056 1385 apo-

317 1395 442 1429 stolicae
471 1393 552 1427 libro
585 1393 796 1437 descriptam,
821 1404 901 1438 quae
932 1393 1053 1438 incipit:

318 1449 398 1483 Cum
422 1458 460 1482 ex
483 1457 650 1481 sacrorum
679 1447 829 1481 ordinum
847 1475 854 1488 ,
883 1452 939 1480 ete.
955 1475 962 1489 ,
988 1448 1054 1491 pari

317 1501 410 1536 modo
434 1500 605 1535 observari.

360 1555 410 1589 25.
437 1554 513 1588 Item
543 1553 712 1587 declaravit
740 1553 822 1586 idem
851 1555 883 1587 D.
909 1555 943 1588 N.
972 1554 1055 1598 quod

318 1609 397 1642 libra
422 1608 638 1643 turonensium
664 1618 836 1652 parvorum
859 1614 889 1641 et
917 1608 1056 1642 ssorenus

317 1662 384 1696 auri
401 1662 438 1695 de
455 1664 580 1695 camera
597 1672 655 1706 pro
670 1662 792 1705 aequali
817 1663 921 1695 valore
939 1662 969 1694 in
986 1673 1057 1695 con-

317 1716 515 1750 cernentibus
539 1715 657 1750 litteras
682 1721 711 1748 et
729 1726 887 1748 cameram
912 1716 1057 1759 apostoli-

317 1780 386 1803 cam
409 1769 583 1813 computari
608 1775 636 1802 et
661 1769 820 1802 aestimari
845 1769 988 1803 debeant,

361 1823 411 1857 ⁶26.
437 1823 513 1856 Item
537 1822 716 1866 praedictus
731 1823 764 1856 D.
781 1823 815 1857 N.
842 1823 922 1867 Papa
950 1823 1056 1864 voluit,

317 1875 455 1909 decrevit
477 1881 507 1909 et
538 1875 706 1917 ordinavit,
731 1875 815 1920 quod
839 1887 1056 1920 quaecumque

318 1929 544 1970 concessiones,
574 1929 692 1972 gratiae
716 1933 746 1963 et
770 1929 936 1970 mandata,
963 1930 1056 1964 etiam

318 1989 403 2017 motu
427 1983 568 2027 proprio,
588 1988 618 2015 et
639 1993 710 2016 cum
735 1983 939 2026 derogatione
963 1984 1056 2017 huius

304 2036 644 2080 .constitutionis‚quae
654 2036 691 2069 ab
702 2046 739 2069 eo
750 2047 809 2080 pro
819 2036 979 2080 quibusvis
988 2047 1058 2081 per-

317 2090 401 2124 sonis
425 2090 647 2131 emanaverint,
671 2089 709 2122 de
734 2089 927 2134 providendo
952 2090 996 2123 ei¹
1018 2090 1056 2123 de

317 2143 478 2188 quibusvis
502 2143 662 2176 benefieiis
681 2143 834 2176 vacaturis
851 2154 908 2187 per
932 2154 1058 2187 promo-

318 2197 431 2231 tionem
447 2207 720 2241 quorumcumque
744 2197 783 2230 ad
807 2198 1009 2230 ecclesiarum
1028 2203 1057 2231 et

319 2251 579 2284 monasteriorum
613 2250 765 2294 regimina
799 2251 844 2293 (si
876 2251 1056 2285 huiusmodi

319 2305 533 2338 concessiones
547 2310 573 2338 et
588 2305 732 2337 mandata
750 2304 831 2338 diem
846 2306 1057 2349 promotionis

320 2358 603 2400 promovendorum
628 2359 769 2402 ipsorum
796 2359 1056 2404 praecesserint),

320 2420 440 2444 necnon
463 2422 678 2455 quaecumque
696 2412 887 2453 collationes,
908 2413 1059 2457 provisio-

320 2475 373 2498 nes
390 2469 420 2497 et
436 2464 652 2508 dispositiones
668 2477 727 2510 pro
746 2472 885 2511 tempore
899 2467 1057 2501 faciendae

320 2517 357 2551 de
373 2517 554 2562 praemissis
573 2529 609 2552 ac
633 2519 793 2563 quibusvis
810 2521 878 2553 aliis
896 2521 1058 2554 benefieiis

320 2571 548 2612 ecclesiasticis,
572 2573 764 2606 secularibus
792 2579 820 2607 et
849 2574 1057 2617 regularibus,

320 2635 400 2669 quae
432 2636 488 2669 per
520 2627 750 2669 promovendos
775 2629 821 2661 vel
854 2629 1059 2663 assumendos

358 2689 368 2716 1
388 2689 486 2717 Forsan
501 2689 644 2725 legendum
660 2691 700 2718 eis
717 2698 750 2726 ⁴ti.
767 2693 815 2725 r).

1750 262 1791 295 tit]

1079 322 1117 354 ad
1141 331 1356 366 quascumque
1382 320 1579 365 praelaturas
1598 320 1680 353 inter
1697 320 1821 354 illarum

1081 375 1249 409 vacationis
1273 380 1302 408 et
1326 373 1507 408 huiusmodi
1537 373 1747 417 promotionis
1775 375 1822 407 vel

1081 429 1302 473 assumptionis
1332 434 1477 472 tempora
1509 427 1693 472 simpliciter
1713 428 1760 461 vel
1785 438 1821 461 cx

1081 484 1175 516 causa
1192 482 1434 526 permutationis
1454 481 1645 526 ubicumque
1670 481 1824 524 resignari

1082 536 1129 568 vel
1153 534 1229 568 alias
1252 535 1367 569 dimitti
1387 534 1564 578 contigerit,
1589 545 1661 567 eum
1686 534 1757 568 inde
1781 544 1824 566 se-

1082 588 1187 632 quutis
1203 599 1261 633 pro
1285 592 1438 632 tempore,
1456 588 1517 622 sint
1536 598 1641 621 cassae
1659 593 1688 621 et
1706 587 1823 628 irritae,

1083 643 1262 686 nulliusque
1287 642 1422 684 roboris,
1443 642 1490 675 vel
1515 642 1676 676 momenti.

1127 697 1178 731 27.
1200 697 1289 738 ltem,
1308 707 1379 729 eum
1406 701 1476 729 ante
1502 696 1729 729 confectionem
1748 697 1824 730 litte-

1083 761 1192 784 rarum
1216 749 1316 793 gratia
1341 749 1510 793 apostolica
1535 749 1575 782 sit
1601 749 1755 790 informis,
1776 761 1825 783 vo-

1085 804 1151 844 luit,
1169 804 1276 837 statuit
1301 809 1328 837 et
1355 803 1509 837 ordinavit
1535 803 1616 836 idem
1637 803 1670 836 D.
1689 803 1722 837 N.
1741 803 1824 847 quod

1085 858 1203 891 iudices
1228 858 1259 891 in
1279 859 1410 891 romana
1429 857 1517 891 curia
1534 861 1564 891 et
1580 862 1667 890 extra
1683 867 1752 890 eam
1767 868 1826 901 pro

1086 918 1229 957 tempore
1253 912 1439 954 existentes,
1468 911 1589 944 etiamsi
1618 911 1679 945 sint
1703 916 1826 945 sanctae

1086 966 1243 998 Romanae
1269 964 1423 998 Ecclesiae
1441 964 1614 998 cardinales
1628 992 1635 1005 ,
1661 975 1827 998 causarum

1087 1019 1192 1063 palatii
1217 1018 1381 1063 apostolici
1410 1018 1586 1059 auditores,
1612 1020 1660 1052 vel
1684 1019 1828 1063 quicum-

1088 1084 1148 1117 que
1173 1072 1235 1114 alii,
1251 1083 1314 1106 non
1331 1072 1417 1106 iuxta
1438 1072 1704 1117 supplicationum
1724 1073 1828 1116 signa-

1090 1132 1190 1160 tarum
1227 1138 1321 1171 super
1356 1127 1519 1171 quibusvis
1555 1126 1828 1171 impetrationibus

1089 1180 1161 1223 (nisi
1186 1180 1217 1213 in
1241 1180 1323 1213 dicta
1357 1180 1444 1212 curia
1470 1179 1629 1213 dumtaxat
1657 1180 1719 1213 sint
1742 1191 1829 1214 eoni-

1090 1232 1264 1275 missiones‚
1273 1232 1424 1266 iustitiam
1438 1238 1672 1274 concernentes,
1686 1244 1742 1277 per
1752 1235 1829 1268 Pla-

1089 1291 1154 1327 cet,
1182 1287 1230 1320 vel
1254 1296 1310 1330 per
1334 1292 1458 1320 sanctae
1482 1287 1642 1320 Romanae
1672 1287 1829 1321 Ecclesiae

1090 1340 1395 1381 vicecancellarium‚
1421 1340 1507 1374 iuxta
1529 1341 1708 1374 facultatem
1736 1352 1829 1385 super

1089 1394 1150 1427 hoc
1174 1393 1234 1427 sibi
1259 1404 1451 1434 concessam,
1476 1393 1642 1437 signatae),
1667 1393 1721 1427 sed
1745 1394 1830 1428 iuxta

1090 1447 1265 1481 litterarum
1291 1458 1386 1492 super
1414 1447 1531 1480 eisdem
1556 1447 1830 1491 impetrationibus

1090 1505 1119 1536 et
1144 1501 1400 1534 concessionibus
1425 1501 1638 1535 confectarum
1656 1505 1781 1535 tenores
1801 1506 1831 1534 et

1090 1555 1217 1596 formas,
1235 1555 1374 1588 iudicare
1400 1555 1542 1588 debeant.
1564 1555 1742 1588 Decernens
1762 1555 1831 1588 irri-

1090 1614 1166 1649 tum,
1183 1614 1241 1642 etc.
1259 1609 1306 1649 Et,
1324 1609 1349 1641 si
1373 1609 1495 1642 litterae
1519 1609 1605 1652 ipsae
1622 1619 1679 1653 per
1701 1619 1831 1652 praeoe-

1091 1662 1289 1707 eupationein
1314 1663 1361 1695 vel
1393 1662 1468 1695 alias
1500 1662 1605 1695 minus
1635 1662 1715 1696 bene
1739 1673 1831 1707 expe-

1091 1716 1172 1750 ditae
1204 1716 1426 1761 reperiantur,
1451 1716 1490 1750 ad
1521 1717 1646 1749 illorum
1661 1744 1669 1758 ,
1694 1727 1832 1761 quorum

1091 1770 1229 1811 interest,
1254 1770 1445 1812 instantiam,
1463 1769 1502 1803 ad
1529 1769 1733 1814 apostolicam
1759 1780 1832 1803 can-

1091 1824 1250 1857 cellariam
1274 1824 1392 1857 remitti
1417 1829 1575 1868 poterunt‚
1595 1834 1652 1868 per
1676 1824 1744 1857 eius
1768 1825 1833 1857 ossi-

1091 1878 1195 1919 ciales,
1215 1878 1328 1922 quibus
1356 1878 1538 1912 huiusmodi
1571 1883 1696 1912 tenores
1726 1883 1755 1911 et
1772 1878 1833 1911 for-

1091 1942 1158 1965 mas
1182 1932 1375 1975 restringere
1397 1931 1553 1972 convenit,
1571 1931 1609 1964 ad
1638 1931 1756 1965 formas
1776 1931 1831 1964 de-

1090 1984 1170 2017 bitas
1196 1983 1402 2017 reducendae.

1135 2036 1186 2070 99,
1213 2038 1300 2078 Item,
1326 2037 1487 2070 attendens
1511 2037 1544 2070 D.
1566 2037 1599 2071 N.
1626 2037 1719 2081 Papa,
1737 2037 1832 2081 quod,

1092 2100 1185 2134 super
1210 2090 1362 2123 habendis
1386 2090 1424 2123 de
1449 2090 1635 2123 cancellaria
1659 2091 1833 2135 apostolica

1092 2144 1209 2187 regulis
1227 2149 1257 2177 et
1273 2144 1548 2178 constitutionibus
1564 2144 1641 2177 inibi
1659 2144 1832 2189 descriptis,

1091 2198 1223 2232 faciliter
1236 2209 1292 2242 per
1308 2209 1371 2239 eos,
1390 2198 1442 2242 qui
1461 2199 1491 2231 in
1509 2200 1640 2232 romana
1654 2199 1743 2232 curia
1759 2199 1835 2232 indi-

1092 2252 1228 2295 guerint,
1253 2251 1291 2284 ad
1317 2252 1419 2296 ipsam
1448 2252 1666 2286 cancellariam
1687 2263 1834 2287 recursus

1093 2306 1188 2349 dirigi
1214 2311 1325 2350 potest,
1349 2317 1405 2339 nee
1431 2307 1611 2340 consultum
1635 2307 1725 2348 soret,
1750 2307 1834 2352 quod

1093 2371 1187 2405 super
1212 2361 1396 2394 earumdem
1422 2362 1604 2405 regularum
1629 2367 1658 2396 et
1683 2361 1834 2396 constitu-

1093 2414 1212 2448 tionuin
1239 2414 1331 2458 (quae
1361 2414 1446 2450 iuxta
1478 2415 1638 2449 veritatem
1668 2426 1835 2449 oecurren-

1093 2468 1170 2501 tium
1195 2479 1362 2502 causarum
1387 2474 1415 2502 et
1441 2469 1641 2512 negotiorum
1670 2469 1835 2513 aliquoties

1093 2521 1253 2555 immutari
1279 2523 1435 2566 convenit)
1454 2523 1616 2566 probando
1642 2528 1761 2565 tenore,
1787 2524 1835 2556 vel

1093 2576 1225 2616 ellectu,
1251 2576 1375 2609 testium
1407 2576 1595 2620 plerumque
1620 2582 1761 2611 tenacem
1787 2578 1836 2610 de-

1093 2640 1187 2674 super
1212 2630 1397 2663 memoriam
1417 2640 1480 2664 non
1500 2630 1682 2665 habentium
1707 2631 1836 2675 disposi-

1094 2684 1230 2717 tionibus
1255 2684 1329 2717 stari
1355 2683 1503 2726 deberet,
1531 2685 1649 2726 voluit,
1675 2685 1781 2719 statuit
1805 2691 1834 2719 et

1837 272 1885 298 An.
1901 272 1929 298 C.
1953 271 2019 298 1623

1867 708 1895 728 tie·
1913 715 1951 728 nnn
1969 709 2023 727 invit-

1840 735 1907 754 ran-tu
1917 738 1973 754 unta
1984 735 1994 754 s·
2006 742 2022 754 r-

1841 768 1893 781 mum
1918 762 2022 786 suppia-«⁴

1841 791 1926 809 tionum.
1942 788 1978 807 sud
1992 790 2023 808 lui.

1841 816 2023 841 tei-aruinexpenli⁴

1842 844 1916 862 tarum.

1859 2047 1886 2067 De
1897 2047 1973 2071 regulis
1984 2053 2030 2067 ran-

1848 2075 2031 2100 cellariaepicdu·

1849 2100 1927 2123 tendis⁷
