2269 3235
87 258 139 284 An.
156 256 184 284 C.
207 255 274 283 1625

127 2127 245 2148 Clausulas.

286 301 402 343 tentiis,
427 303 568 335 censuris
594 307 624 335 et
647 303 766 346 poenis,
786 312 803 334 a
820 301 888 334 iure
912 303 958 334 vel
984 302 1022 334 ab

283 355 420 396 homine,
435 356 542 399 quavis
568 356 731 389 occasione
752 355 797 387 vcl
824 355 917 387 causa
943 354 1020 396 latis,

283 408 308 440 si
323 408 437 452 quibus
452 409 687 452 quomodolibet
701 407 864 441 innodatae
877 407 1021 449 existunt,

283 462 321 494 ad
347 462 492 495 effectum
518 461 730 506 praesentium
756 461 918 493 dumtaxat
943 470 1019 492 con-

283 515 494 559 sequendum,
519 516 631 548 harum
656 514 736 548 serie
761 514 968 554 absolventes,
994 517 1024 545 et

283 569 442 602 absolutas
464 570 529 602 sore
551 571 723 608 censentes,
740 565 1023 611 supplicationibus

284 632 395 655 eorum
419 623 547 655 nomine
563 621 654 654 nobis
675 631 769 664 super
783 621 842 652 lioc
863 620 1024 652 humiliter

285 675 439 718 porrectis
464 675 621 716 inclinati,
647 674 686 707 de
711 674 937 706 venerabilium
964 675 1024 705 t'ra-

284 733 369 761 trum
393 733 574 761 nostrorum
596 731 718 761 sanctae
736 728 894 760 Romanae.
920 727 1025 759 Eccle-

284 781 346 814 siae
371 780 577 814 cardinalium
597 780 726 814 Concilii
753 780 903 824 praedicti
920 779 1025 812 simili-

285 840 332 867 ter
359 835 568 878 interpretum
593 834 744 875 consilio,
773 834 1024 878 exemptionem,

284 887 503 922 liberationem
521 892 551 920 et
575 887 802 921 subiectionem
821 898 878 931 per
894 887 1024 931 praede-

285 951 425 974 cessores
441 946 567 974 nostros
584 941 762 985 praedictos
778 941 884 981 saetas,
905 946 1026 984 aposto-

285 995 345 1028 lica
362 995 558 1037 auctoritate,
575 1000 682 1028 tenore
700 995 922 1039 praesentium,
940 1005 1027 1038 prae-

285 1054 430 1093 terquam
455 1055 560 1082 tamen
586 1050 616 1082 in
639 1049 698 1089 his,
722 1060 801 1093 quae
826 1059 934 1082 curam
959 1049 1025 1081 ani-

285 1114 410 1136 marum
434 1109 464 1136 et
488 1107 757 1137 sacramentorum
787 1102 1027 1136 administratio-

285 1166 358 1189 nem
385 1162 596 1197 concernunt,
622 1167 657 1189 ac
682 1156 729 1189 his
754 1166 834 1199 quae
859 1156 890 1188 in
916 1156 1026 1189 litteris

288 1210 358 1253 piae
376 1211 548 1244 memoriae
569 1210 713 1253 Gregorii
727 1210 778 1243 XV
793 1210 799 1226 ¹
814 1210 949 1253 desuper
964 1210 1026 1243 edi-

286 1262 324 1296 tis
344 1263 555 1303 continentur,
581 1263 795 1306 approbamus
813 1267 842 1295 et
863 1263 1027 1296 confirma-

286 1327 374 1358 mus,
398 1317 521 1360 illisque
546 1317 734 1350 inviolabilis
759 1317 948 1360 apostolicae
972 1317 1026 1349 fir-

287 1370 404 1403 mitatis
435 1371 534 1403 robur
566 1370 753 1410 adiicimus,
784 1380 820 1403 ac
852 1380 961 1403 omnes
996 1375 1027 1402 et

287 1434 504 1468 quoscumque
521 1423 598 1456 iuris
627 1429 657 1456 et
674 1423 745 1455 sacti
762 1422 909 1465 desectus,
928 1422 953 1455 si
973 1423 1027 1466 qui

287 1477 319 1509 in
336 1477 454 1510 eisdem
472 1477 708 1517 intervenerint,
721 1477 919 1521 supplemus:
938 1487 973 1509 ac
990 1476 1027 1509 de

288 1535 404 1571 cetero,
429 1536 583 1574 quatenus
601 1541 680 1574 opus
697 1531 747 1571 sit,
764 1531 920 1571 abbatem,
936 1540 1027 1573 prae-

289 1589 449 1628 ceptores,
474 1584 597 1627 priores
620 1589 651 1617 et
675 1584 859 1627 religiosos,
883 1593 940 1616 nec
965 1593 1027 1616 non

289 1638 445 1678 ecclesias,
460 1638 660 1678 monasteria,
672 1637 915 1681 praeceptorias,
925 1642 955 1669 et
967 1636 1028 1669 alia

288 1700 504 1734 quaecumque
528 1690 681 1723 beneficia
702 1690 865 1734 hospitalis
893 1695 923 1723 et
943 1689 1029 1723 Ordi-

288 1743 336 1776 nis
348 1744 593 1787 praedictorum,
615 1744 708 1777 nobis
722 1748 751 1776 et
764 1743 835 1776 Sedi
850 1742 1029 1787 praedictae

290 1797 469 1830 immediate
498 1798 699 1838 subiicimus,
724 1808 760 1831 ac
797 1798 866 1831 illos
897 1801 926 1831 et
962 1797 1031 1829 illas

290 1851 404 1894 illaque
428 1852 613 1895 respective,
638 1851 811 1884 dummodo
840 1856 869 1883 et
893 1850 1031 1894 quandiu

291 1905 534 1948 hospitalitatem
568 1905 748 1939 huiusmodi
785 1904 971 1938 retinuerint
1003 1909 1033 1937 et

293 1959 500 2000 exercuerint,
520 1959 649 1992 minime
670 1959 727 1992 sub
749 1959 959 1999 revocatione,
980 1959 1033 1991 sed

294 2013 353 2046 sub
386 2014 569 2058 exceptione
604 2014 772 2057 praedictis
808 2012 1033 2057 comprehendi

296 2066 502 2100 declaramus.

342 2121 356 2164 ἓ
380 2120 409 2153 4.
424 2121 643 2163 Decernentes,
657 2126 838 2165 praesentes
853 2122 973 2154 litteras
989 2132 1035 2153 va-

298 2174 386 2215 lidas,
410 2175 517 2208 firmas
538 2181 568 2208 et
588 2176 729 2208 efficaces
754 2176 887 2208 existere
909 2180 939 2208 et
958 2176 1035 2215 sore,

299 2227 450 2271 dictisque
474 2228 620 2272 hospitali
645 2233 677 2261 et
701 2228 822 2268 ordini,
851 2238 974 2261 necnon
1000 2227 1036 2260 il-

300 2279 402 2312 lorum
427 2281 603 2324 abbatibus,
628 2281 901 2325 praeceptoribus,
927 2281 1039 2325 priori-

301 2331 360 2364 bus
374 2337 404 2365 et
420 2334 574 2376 religiosis
588 2335 767 2378 plenissime
784 2334 967 2377 suffragari,
983 2335 1039 2367 sic-

301 2395 362 2428 que
378 2395 436 2429 per
452 2397 665 2431 quoscumque
683 2388 802 2421 iudices
819 2388 997 2421 ordinarios
1011 2392 1040 2422 et

301 2438 469 2482 delegatos,
494 2440 585 2473 etiam
603 2452 767 2474 causarum
785 2442 892 2485 palatii
918 2446 1040 2486 aposto-

892 254 1032 278 URBANUS
1057 254 1113 277 VIII
1136 254 1184 278 PP.

1702 241 1764 275 :387

1056 311 1228 344 quoquam,
1253 300 1361 343 quavis
1386 299 1580 339 auctoritate,
1599 298 1732 331 scienter
1748 300 1791 332 vel

1057 354 1248 396 ignoranter,
1274 353 1440 395 contigerit
1463 352 1615 386 attentari.

1101 410 1115 450 g*
1140 407 1168 439 [i.
1194 408 1261 440 Non
1293 407 1489 440 obstantibus
1518 406 1794 439 constitutionibus

1056 465 1086 492 et
1110 460 1360 493 ordinationibus
1385 461 1573 503 apostolicis,
1592 470 1712 493 necnon
1731 461 1795 503 qui-

1057 513 1162 545 busvis
1197 513 1303 555 (etiam
1333 514 1530 554 iuramento,
1555 514 1794 547 comit-mationc

1057 565 1238 609 apostolica,
1257 566 1303 597 vcl
1321 567 1429 609 quavis
1455 568 1602 599 tirmitate
1623 568 1681 599 alia
1702 567 1794 599 robo-

1058 620 1144 663 ratis)
1165 620 1286 652 statutis
1308 625 1336 652 et
1355 620 1645 663 consuetutlinilms,
1674 621 1796 664 privile-

1058 674 1117 716 giis
1142 684 1289 717 quoque,
1315 674 1442 710 indultis
1463 679 1493 705 ct.
1517 674 1628 706 litteris·
1653 675 1797 717 apostoli-

1059 727 1102 759 cis
1124 727 1153 759 in
1178 727 1371 759 contrarium
1396 726 1642 770 praemissorum
1668 738 1798 770 quomo-

1059 780 1172 813 dolibet
1193 780 1360 822 concessis,
1380 780 1573 813 confirmatis
1587 786 1616 813 et
1634 780 1796 813 innovatis.

1059 833 1176 872 Quibus
1190 833 1336 866 omnibus
1350 838 1379 866 et
1393 833 1534 876 singulis,
1549 843 1659 865 corum
1674 837 1798 866 tenores

1059 887 1276 930 praesentibus
1304 897 1361 930 pro
1379 887 1471 930 plene
1492 892 1522 919 et
1541 886 1731 919 sufficienter
1748 896 1798 919 ex-

1060 941 1174 984 pressis
1188 951 1223 973 ac
1236 941 1273 973 ad
1286 941 1416 973 verbum
1430 941 1554 973 insertis
1568 940 1726 980 babentes,
1739 940 1799 972 illis

1060 995 1134 1027 alias
1155 995 1185 1027 in
1203 1006 1259 1028 suo
1279 995 1395 1028 robore
1414 995 1639 1038 permansuris,
1658 995 1716 1027 hac
1735 995 1800 1027 vice

1059 1048 1220 1081 dumtaxat
1245 1048 1421 1092 specialiter
1441 1053 1470 1080 et
1495 1058 1641 1091 expresse
1669 1048 1800 1090 deroga-

1061 1113 1140 1142 mus,
1154 1101 1330 1145 ceterisque
1353 1101 1519 1135 contrariis
1537 1102 1799 1145 quibuscumque.

1103 1156 1215 1187 Datum
1240 1156 1368 1195 Romae,
1393 1155 1475 1198 apud
1499 1156 1527 1187 S.
1553 1155 1681 1187 Mariam
1707 1154 1800 1186 Maio-

1060 1219 1137 1251 rem,
1153 1209 1210 1241 sub
1223 1209 1338 1242 annulo
1353 1208 1530 1249 piscatoris,
1548 1208 1597 1241 die
1610 1218 1663 1241 xlv
1678 1217 1802 1240 novem-

1060 1262 1126 1296 bris
1151 1273 1289 1304 Mncxxv,
1311 1262 1510 1306 pontificatus
1534 1262 1634 1295 nostri
1659 1271 1800 1294 annom.

1097 1324 1154 1352 Dat.
1173 1325 1216 1351 die
1233 1325 1264 1351 14
1279 1324 1436 1352 novembris
1455 1324 1532 1359 1625,
1548 1323 1643 1360 pontif.
1662 1331 1731 1351 anno
1746 1330 1783 1350 lfl.

1382 1442 1490 1475 CLXX.

1076 1513 1246 1547 Institutio
1267 1513 1408 1546 archivii
1427 1513 1590 1556 qeneralis
1611 1513 1646 1545 in
1670 1512 1782 1545 Urbe&

1268 1584 1405 1611 Urbanus
1421 1574 1593 1617 Episcopus,

1240 1636 1346 1656 servus
1375 1636 1531 1655 servorum
1560 1628 1622 1660 Dei,

1195 1673 1231 1700 ad
1250 1675 1428 1707 perpetuam
1443 1673 1486 1700 rei
1502 1673 1679 1700 memoriam.

1108 1744 1276 1778 Pastoralis
1297 1744 1390 1777 oflicii
1409 1744 1508 1785 nobis,
1524 1744 1644 1790 meritis
1660 1744 1733 1776 licet
1751 1744 1807 1776 im-

1065 1797 1204 1842 paribus,
1221 1798 1326 1830 divina
1345 1798 1551 1841 dispositione
1575 1797 1705 1830 iniuncti
1724 1797 1808 1830 solli-

1066 1851 1171 1885 citudo
1189 1851 1311 1884 assidue
1329 1862 1384 1885 cor
1397 1857 1540 1884 nostrum
1557 1852 1657 1895 pulsat
1679 1854 1708 1885 et
1722 1862 1807 1884 com-

1067 1910 1180 1946 movet,
1197 1910 1231 1938 ut
1256 1915 1317 1938 non
1343 1906 1444 1938 solmn
1470 1905 1506 1938 atl
1532 1916 1577 1945 ca,
1596 1916 1676 1948 quae
1693 1905 1808 1937 anima-

1068 1971 1138 1992 rum
1153 1960 1285 1992 salutem
1297 1959 1479 2003 respiciunt,
1497 1970 1606 1991 verum
1622 1959 1714 1991 ctiam
1728 1969 1808 2001 quae

1068 2013 1104 2046 ad
1129 2014 1320 2057 populorum
1335 2040 1342 2053 ,
1367 2013 1553 2056 praesertim
1583 2013 1682 2045 almae
1717 2012 1809 2044 Urbis

1068 2073 1210 2107 nostrae,
1235 2078 1271 2099 ac
1301 2067 1410 2107 nobis,
1435 2072 1464 2098 et
1495 2066 1582 2098 Sedis
1613 2066 1810 2109 Apostolicae

1069 2121 1233 2165 temporali
1263 2121 1372 2153 ditioni
1403 2120 1602 2153 subditorum
1626 2119 1811 2159 utilitatem,

1070 2185 1188 2218 pacem,
1211 2174 1478 2217 tranquillitatem,
1498 2178 1746 2217 perpetuamque
1767 2182 1812 2205 se-

1070 2228 1234 2262 curitatem
1255 2228 1414 2271 pertinere
1427 2232 1611 2267 noscuntur,
1632 2226 1812 2269 vigilantiae

1070 2287 1195 2315 nostrae
1227 2282 1325 2315 aciem
1351 2281 1542 2323 dirigamus,
1568 2286 1597 2313 et
1625 2279 1814 2323 praesertim

1070 2335 1160 2368 noxis
1185 2335 1256 2375 illis,
1281 2345 1370 2378 quac,
1397 2334 1436 2367 ob
1461 2344 1523 2367 non
1548 2334 1719 2366 adhibitam
1738 2332 1811 2366 satis

1072 2394 1211 2422 exactam
1236 2388 1430 2431 diligentiam
1450 2388 1481 2420 in
1505 2387 1728 2420 conservandis
1750 2391 1811 2418 tam

1073 2443 1207 2486 publicis
1231 2453 1324 2485 quam
1355 2442 1484 2485 privatis
1517 2441 1702 2484 scripturis,
1735 2440 1816 2472 inter

302 2491 353 2525 lici
374 2492 542 2534 auditores,
566 2494 696 2528 iudicari
713 2506 748 2528 ac
766 2495 890 2528 definiri
911 2495 1037 2537 debere,
1074 2497 1214 2529 subditos
1227 2500 1363 2536 nostros,
1374 2495 1460 2537 gravi
1477 2505 1549 2527 eum
1562 2496 1817 2535 nostra,eorum-

302 2556 338 2580 ac
363 2546 486 2580 irritum
514 2552 544 2580 et
564 2547 664 2590 inane,
684 2549 710 2583 si
727 2560 817 2582 secus
842 2560 936 2593 super
957 2549 1006 2582 his
1024 2560 1041 2582 a

1112 2578 1122 2604 1
1140 2577 1223 2604 Plura
1233 2576 1266 2603 de
1278 2575 1403 2603 archiviis
1420 2574 1540 2602 invenies
1555 2566 1702 2610 praecipue
1713 2573 1740 2600 in
1751 2573 1817 2602 Con-

340 2620 351 2645 t
370 2617 503 2650 Quasdam
523 2618 558 2646 de
580 2619 633 2646 hoc
653 2619 751 2649 Ordine
775 2621 878 2648 litteras
898 2621 980 2654 Greg.
998 2620 1042 2646 XV
1075 2621 1131 2649 stit.
1147 2628 1191 2648 xix
1209 2621 1250 2657 (in
1267 2629 1293 2648 n.
1311 2620 1354 2648 ed.
1372 2619 1449 2654 xvtn]
1470 2619 1529 2647 Iulii
1553 2619 1586 2653 ll,
1604 2619 1691 2653 Sicut,
1708 2622 1772 2646 tom.
1790 2625 1816 2653 V,

304 2663 364 2692 vide
379 2663 409 2693 in
422 2668 487 2694 tom.
504 2671 548 2701 xn,
566 2673 625 2701 pag.
643 2666 694 2693 529
709 2668 748 2701 (a.
765 2668 815 2702 r.).

1077 2675 1138 2702 pag.
1156 2666 1216 2694 458.

1811 252 1858 278 An.
1877 252 1903 278 (ἶ.
1926 252 1992 278 16025

1881 421 1994 444 [inrogati-2

1811 450 1970 469 contrariarum.

1850 1755 1990 1776 Prooemium.
