2269 3235
269 220 318 246 nn.
333 219 362 245 c.
384 219 453 247 1⁶23
499 211 540 243 Jtt‘»

294 863 433 886 Prooemium.

289 1235 370 1255 varan*
379 1240 449 1255 mona·

267 1265 352 1282 sterium
368 1261 394 1281 de
412 1261 449 1281 Ca-

267 1288 365 1308 <retiariis
381 1288 406 1307 011
418 1294 449 1308 re-

267 1315 404 1339 signationem
413 1314 449 1334 ab·

266 1341 322 1361 tun»
342 1346 449 1361 00111111011·

266 1367 354 1390 datam,

294 2294 354 2317 Quod
363 2295 389 2314 ab
400 2294 450 2314 hae-

268 2320 338 2339 reticis
395 2320 450 2340 diru-

267 2348 320 2369 tum.
335 2346 449 2372 direptum-

265 2377 314 2398 que,
323 2373 449 2393 eeclesiasti-

265 2404 290 2419 co
306 2401 366 2419 carot
389 2400 447 2420 mini<

265 2426 344 2449 stetim

821 270 850 302 V.

467 337 612 380 officiali
631 341 742 373 curiae
761 340 991 374 ecclesiasticae
1006 340 1208 375 Xanctonen-

508 387 553 419 sis
567 389 782 422 committitur
793 389 873 422 unio
889 390 1077 422 monasterii
1089 390 1127 422 B.
1141 390 1208 423 Ma-

509 436 579 469 riae
610 436 649 469 de
680 437 882 470 Castellariis
916 437 1052 471 Ordinis
1085 439 1204 473 Cister-

510 484 625 517 aiensis
645 485 787 518 eiusdem
804 486 1042 520 Kane-lonensis
1058 487 1207 521 dioecesis

510 531 630 565 Domui
646 534 830 568 Parisiensi
848 535 1114 579 Conqreyationis
1132 536 1208 571 Ora-

511 580 615 614 torii¹.

673 654 808 683 Urbanus
825 655 1000 690 Episcopus,

641 700 747 722 servus
776 702 931 723 servorum
958 696 1029 729 Dei,

548 745 663 774 Dilecto
683 747 743 775 filio
764 748 886 777 officiali
905 750 1117 783 Xanctoneusi,

500 786 630 814 salutem
653 790 685 815 et
707 789 904 822 apostolicam
923 790 1171 819 benedictionem.

510 852 553 885 Ex
578 852 683 887 debito
706 855 872 898 pastoralis
896 856 990 890 officii
1014 858 1124 899 nostri,
1142 869 1207 891 me-

466 904 533 938 ritis
552 905 625 939 licet
644 907 826 951 imparibus,
847 911 981 952 superna
1001 909 1206 952 dispositione

464 959 633 1000 commissi,
649 960 688 993 ad
712 971 747 994 ea
766 966 891 994 nostrae
909 962 1127 995 sollicitudinis
1144 968 1206 996 5111-

464 1012 550 1044 dium
566 1013 700 1046 libenter
717 1014 940 1056 convertimus,
957 1025 1015 1059 per
1031 1026 1111 1058 quac
1131 1016 1206 1049 fide-

464 1064 545 1098 libus
569 1065 773 1108 quibuslibet,
796 1067 984 1111 praesertim
1009 1078 1084 1101 vcro
1108 1069 1206 1102 ecele-

464 1117 604 1159 siasticis,
625 1119 656 1151 in
674 1120 737 1153 51115
754 1121 991 1155 necessitatibus
1017 1133 1088 1155 cum
1109 1122 1205 1156 divini

464 1171 565 1204 cultus
582 1177 752 1215 augmento
766 1174 865 1206 valcat
881 1184 1021 1217 congrue
1035 1175 1204 1209 subveniri.

508 1224 524 1267 ξ
547 1224 576 1257 ’1.
602 1224 678 1258 Cum
704 1225 808 1270 itaque
841 1227 1066 1260 monasterium
1091 1228 1122 1261 Β.
1149 1229 1207 1262 Ma-

465 1276 529 1309 riae
560 1278 695 1321 Virginis
723 1279 762 1312 de
790 1280 977 1314 Castellariis
991 1308 999 1322 ,
1027 1282 1121 1325 vulgo
1152 1283 1206 1316 des

464 1329 662 1364 Chastelliers
685 1338 899 1376 nuncupatum
919 1334 1131 1369 Cistcrciensis
1148 1335 1205 1369 Or-

464 1382 545 1415 dinis
556 1384 783 1418 Xanctonensis
799 1386 961 1428 dioecesis,
973 1388 1057 1431 quod
1074 1388 1205 1423 dilectus

465 1435 547 1469 filius
566 1437 742 1472 Ludovicus
759 1439 796 1472 de
817 1440 1025 1474 Meranvillier
1041 1442 1206 1487 presbyter

465 1489 663 1523 Ebroieensis
674 1491 827 1525 dioecesis
841 1493 991 1536 magister
1002 1494 1034 1527 111
1047 1495 1205 1539 theologia

463 1542 494 1575 in
519 1544 736 1577 commendam
761 1545 799 1578 ad
823 1546 870 1579 sui
896 1547 990 1580 vitam
1016 1558 1053 1581 ex
1077 1559 1204 1582 conces-

463 1595 550 1628 sione
566 1597 739 1640 apostolica
756 1608 856 1642 nuper
873 1599 1002 1640 obtinet,
1019 1601 1204 1634 commenda

464 1648 643 1682 huiusmodi
668 1660 705 1683 ex
730 1661 777 1691 eo,
801 1651 885 1695 quod
909 1652 1010 1686 dictus
1030 1654 1204 1687 Ludovicus

464 1700 508 1733 illi
532 1701 635 1743 hodie,
660 1713 696 1736 ae
720 1704 805 1737 omni
830 1710 860 1737 01
884 1705 1072 1750 cuicumque
1094 1707 1155 1739 iuri
1175 1711 1204 1741 01

464 1754 578 1787 actioni
598 1755 657 1788 sibi
682 1756 713 1789 in
737 1757 820 1790 dicto
837 1754 1038 1800 monasterio,
1059 1760 1203 1804 illiusque

465 1807 618 1851 regimine
648 1813 677 1843 et
703 1810 993 1853 administratione,
1018 1813 1066 1846 vel
1090 1814 1127 1846 ad
1153 1814 1204 1847 illa

465 1861 702 1905 quomodolibet
722 1869 964 1908 competentem,
982 1876 1039 1910 per
1055 1866 1203 1900 dilectum

464 1915 564 1948 filium
585 1916 732 1950 Ioannem
750 1918 917 1951 Marchand
942 1920 1092 1953 clericum
1110 1921 1204 1954 Pieta-

465 1978 591 2001 vensem
607 1975 847 2013 procuratorem
864 1982 966 2013 suum,
980 1973 1018 2005 ad
1036 1973 1096 2007 hoe
1112 1974 1150 2006 ab
1168 1985 1204 2008 eo

463 2022 640 2065 specialiter
653 2023 868 2065 constitutum,
884 2025 914 2057 in
931 2027 1076 2060 manibus
1090 2028 1205 2061 nostris

464 2078 573 2118 sponte
599 2081 629 2108 et
653 2076 751 2110 libere
767 2077 875 2118 cessit,
893 2088 1013 2123 nosque
1031 2080 1203 2113 cessionem

465 2128 644 2162 huiusmodi
653 2130 800 2164 duximus
810 2131 1044 2174 admittendam,
1055 2140 1205 2176 cessante,

464 2180 566 2215 adhuc
582 2192 629 2223 eo,
647 2194 710 2227 quo
725 2190 795 2217 ante
809 2186 1027 2219 commendam
1042 2187 1141 2231 ipsam
1156 2198 1206 2221 va-

465 2235 563 2275 cabat,
581 2236 675 2269 modo
693 2247 803 2271 vacare
819 2244 967 2272 noscatur
984 2240 1021 2272 ad
1038 2251 1204 2284 praesens,

510 2288 524 2331 'g
549 2290 578 2321 1¹.
599 2289 647 2329 Et,
664 2290 744 2322 sicut
761 2290 897 2324 exhibita
920 2291 1011 2326 nobis
1027 2303 1128 2337 nuper
1146 2305 1205 2338 pro

466 2345 553 2376 parte
569 2341 757 2376 dilectorum
774 2343 912 2377 filiorum
930 2345 1012 2380 Petri
1029 2346 1066 2379 de
1084 2347 1206 2381 Romila

466 2394 621 2435 0011010115
645 2400 675 2427 01
699 2396 956 2440 presbyterorum
979 2398 1205 2443 Congregatio-

466 2447 513 2479 1115
532 2446 667 2481 Oratorii
684 2448 806 2482 Domini
823 2450 922 2484 nostri
940 2451 1009 2485 Iesu
1024 2452 1138 2486 Christi
1154 2464 1205 2497 pe-

466 2499 533 2533 titio
548 2502 736 2543 continebat,
753 2503 871 2537 dictum
888 2507 1115 2540 monasterium
1132 2517 1205 2551 qua-

465 2552 608 2597 draginta
631 2555 720 2588 annis
737 2561 767 2589 01
783 2557 864 2590 ultra
888 2569 960 2591 cum
985 2559 1051 2593 eius
1071 2560 1203 2594 ecclesia

501 2618 511 2643 1
535 2616 571 2643 Ex
592 2617 698 2653 Regest.
721 2619 745 2645 111
767 2619 868 2647 Secret.
894 2620 970 2649 Brev.

1052 222 1229 247 BULLARIUM
1254 222 1407 248 ROMANUM

1240 275 1270 305 et
1284 271 1430 304 omnibus
1447 270 1597 303 aedificiis
1612 270 1732 303 ncsario
1749 270 1982 304 haereticorum

1240 328 1306 357 tum
1325 324 1356 357 in
1377 324 1437 357 illis
1457 324 1597 368 partibus
1618 323 1746 367 impune
1770 323 1980 366 grassantium

1240 388 1319 410 ausu
1342 377 1467 421 penitus
1492 377 1632 410 dirutum
1656 381 1686 409 et
1709 376 1776 409 solo
1803 381 1981 420 aequatum,

1240 442 1276 464 ac
1300 431 1456 475 religiosis
1481 431 1665 465 destitutum
1690 429 1804 471 existit,
1828 435 1859 463 et
1882 430 1920 463 ab
1944 440 1982 463 eo

1240 489 1383 528 tempore
1396 485 1500 518 divina
1513 485 1616 518 officia
1630 484 1759 517 minime
1771 483 1982 526 celebrantur,

1240 543 1271 570 01
1294 538 1335 570 ob
1361 538 1516 571 haeresim
1541 538 1573 570 in
1593 538 1645 570 illa
1663 536 1825 581 provincia
1845 537 1905 569 late
1924 536 1983 569 dis-

1241 592 1424 624 seminatam
1444 602 1479 624 ae
1504 591 1612 635 oppidi
1632 591 1761 635 Rupelle
1778 590 1878 623 dictae
1895 589 1982 623 dioe-

1241 644 1319 677 cesis
1335 644 1525 678 vicinitatem
1550 645 1635 677 nulla
1655 655 1726 688 spes
1743 643 1880 686 affulget,
1897 643 1981 687 quod
2023 686 2028 688 ‚

1240 696 1359 730 dictum
1387 697 1614 731 monasterium
1638 697 1670 730 in
1696 697 1893 741 primaevum
1919 701 1982 729 sta-

1241 755 1307 783 tum
1332 751 1454 784 restitui
1478 751 1588 795 possit,
1605 756 1635 784 et
1659 750 1780 784 etiamsi
1804 750 1982 785 restituere-

1239 808 1309 845 tur,
1334 804 1540 837 nihilominus
1565 804 1721 838 continuis
1748 804 1980 838 haereticorum

1239 856 1363 889 iniuriis
1388 858 1566 901 expositum
1590 862 1788 898 remanerem

1283 909 1298 952 ἓ
1322 909 1351 941 3.
1377 910 1603 953 Superioribus
1627 922 1702 944 vero
1729 911 1819 944 annis
1843 911 1980 954 Congre-

1239 961 1324 1004 gatio
1344 962 1601 1006 presbyterorum
1620 964 1801 997 huiusmodi
1825 964 1857 997 in
1880 964 1981 998 hono—

1239 1024 1306 1047 rem
1339 1014 1538 1056 orationum,
1566 1026 1644 1059 quas
1675 1016 1706 1048 in
1736 1016 1847 1050 diebus
1878 1018 1980 1051 carnis

1238 1079 1313 1101 suae
1345 1069 1469 1102 sudit“¹
1490 1069 1530 1102 ad
1560 1070 1694 1112 gloriam
1724 1070 1778 1103 Dei
1807 1071 1927 1112 Patris,
1951 1078 1978 1104 et

1239 1122 1516 1156 sanctificationem
1538 1123 1715 1156 animarum
1732 1124 1904 1167 apostolica
1920 1135 1977 1158 au-

1239 1175 1370 1208 etoritae
1387 1180 1491 1209 erecta
1508 1181 1538 1209 et
1557 1176 1697 1209 instituta
1713 1176 1781 1217 suit,
1798 1182 1828 1209 et
1846 1177 1977 1222 presby-

1239 1229 1297 1262 teri
1321 1229 1422 1263 dictae
1446 1230 1715 1273 Congregationis,
1736 1241 1873 1274 quorum
1893 1231 1981 1275 prin-

1239 1282 1340 1326 cipale
1372 1282 1548 1317 institutum
1580 1289 1645 1325 est,
1674 1284 1813 1327 singulas
1844 1284 1982 1318 actiones

1239 1334 1348 1368 Ordini
1368 1335 1553 1369 sacerdotali
1579 1337 1801 1370 convenientes
1826 1342 1857 1370 et
1880 1347 1981 1371 essen-

1239 1389 1327 1422 tiales
1347 1391 1508 1434 amplecti,
1524 1390 1657 1423 assiduis
1676 1391 1763 1424 verbi
1780 1391 1834 1424 Dei
1858 1391 1981 1436 praedi-

1239 1442 1412 1476 cationibus
1426 1448 1455 1475 et
1468 1443 1684 1487 spiritualibus
1700 1444 1980 1485 exhortationibus,

1239 1496 1443 1537 orationibus,
1457 1497 1588 1540 aliisque
1605 1497 1666 1541 piis
1684 1498 1851 1539 exercitiis,
1867 1498 1981 1542 quibus

1239 1548 1354 1591 iugiter
1378 1555 1497 1590 vacant,
1522 1552 1636 1593 magna
1660 1551 1826 1594 probitatis
1843 1551 1982 1585 0111010-

1239 1602 1331 1635 1101115
1363 1603 1445 1635 sama
1476 1603 1508 1635 in
1539 1603 1604 1636 dies
1635 1603 1855 1646 efflorescere,
1884 1616 1920 1638 ac
1950 1606 1980 1638 111

1239 1655 1408 1688 excolenda
1425 1667 1461 1689 ac
1477 1657 1642 1700 purganda
1661 1657 1749 1690 vinea
1770 1658 1893 1692 Domini
1916 1659 1980 1692 sru-

1239 1714 1306 1741 ctus
1331 1709 1444 1742 uberes
1469 1710 1500 1742 in
1524 1711 1683 1755 plerisque
1714 1712 1804 1755 regni
1832 1712 1981 1746 Franciae

1238 1762 1315 1795 loeis
1339 1763 1515 1806 producere
1541 1763 1781 1807 dignoscuntur,
1806 1776 1842 1799 ae
1869 1766 1981 1800 domus

1239 1815 1338 1848 dictae
1363 1817 1618 1860 congregationis
1643 1818 1827 1852 Parisicnsis
1851 1819 1981 1853 redditi-

1238 1868 1296 1901 bus
1309 1869 1420 1902 annuis
1433 1870 1602 1904 admodum
1618 1871 1739 1914 exiguis
1753 1872 1859 1905 dotata
1868 1873 1980 1913 existit,

1239 1921 1323 1965 iique
1351 1921 1389 1954 ad
1420 1924 1688 1967 supportationem
1716 1936 1849 1958 onerum
1881 1926 1981 1960 dictae

1238 1975 1350 2008 domus
1367 1975 1617 2011 incumbentium
1642 1983 1672 2011 01
1696 1989 1905 2022 expensarum
1921 1991 1981 2024 pro

1239 2028 1446 2072 adimplendis
1470 2030 1611 2073 ipsorum
1637 2032 1895 2077 presbyterorum
1921 2034 1980 2078 piis

1239 2082 1389 2125 operibus
1399 2087 1428 2115 01
1437 2083 1651 2126 spiritualibus
1665 2085 1822 2119 exercitiis
1832 2087 1980 2120 continuo

1240 2134 1388 2168 faciendis
1402 2135 1531 2169 minime
1545 2138 1710 2181 sufficiunt,
1725 2145 1765 2180 et,
1779 2139 1817 2172 ad
1831 2140 1981 2183 provisio-

1239 2198 1310 2220 nem
1335 2199 1456 2230 eorum,
1480 2190 1604 2224 labores
1628 2197 1659 2224 et
1681 2203 1869 2236 progressus
1892 2194 1981 2227 adiu-

1240 2242 1366 2283 vandos,
1384 2254 1498 2287 operae
1522 2245 1660 2288 pretium
1685 2257 1752 2280 esse
1776 2247 1815 2280 de
1831 2248 1978 2292 ampliori

1239 2301 1435 2339 opportunae
1448 2298 1662 2332 subventionis
1674 2300 1790 2334 auxilio
1803 2301 1979 2344 providere:

1284 2349 1298 2392 g
1322 2349 1351 2381 4.
1378 2350 1414 2383 Et
1437 2350 1517 2384 510111
1541 2352 1650 2385 eadem
1675 2353 1886 2397 subiungebat
1906 2355 1980 2399 peti-

1239 2401 1292 2442 tio,
1313 2402 1338 2435 si
1362 2402 1480 2437 dictum
1505 2407 1730 2440 monasterium
1755 2407 1856 2442 eidem
1872 2408 1979 2442 domui

1238 2466 1296 2499 pro
1325 2456 1391 2489 eius
1415 2457 1595 2492 reddituum
1615 2466 1784 2503 augmento
1800 2472 1858 2506 per
1876 2473 1934 2496 nos
1951 2468 1978 2495 01

1238 2508 1351 2542 Sedem
1378 2510 1590 2553 Apostolicam
1619 2520 1773 2558 perpetuo
1787 2542 1794 2556 ,
1820 2520 1854 2548 ut
1877 2515 1978 2556 infra,

1238 2562 1382 2595 uniretur
1406 2568 1436 2596 et
1460 2563 1728 2610 incorporaretur,
1753 2578 1790 2602 ex
1814 2569 1874 2602 hoe
1897 2580 1975 2613 pro-

1275 2627 1284 2653 1
1304 2626 1522 2661 subintelligitur
1538 2633 1626 2657 autem
1642 2631 1672 2658 D.
1689 2631 1719 2659 N.
1736 2632 1755 2660 l.
1773 2632 1858 2674 Cwsn.
1876 2634 1922 2663 1.).

1995 222 2044 249 An.
2060 222 2091 249 C.
2111 221 2179 250 1623

2058 918 2178 945 Presbyteri

2001 945 2173 970 congregationi·

1995 973 2089 992 oratoru

1995 999 2042 1019 ciue

2022 1025 2035 1037 ⁶*
2050 1025 2093 1045 Sic.

2114 971 2178 992 Fran·

2026 2370 2088 2399 ‘'s-nae
2107 2372 2179 2396 petunt

1995 2402 2049 2425 1111111
2061 2397 2179 2423 Congrege—

1996 2426 2054 2443 110111.
