2269 3235
209 242 256 267 An.
279 240 307 267 t).
333 240 398 268 1625

264 517 358 537 l'ontitox
375 516 394 536 in

212 544 284 564 doloro
315 545 394 569 positus

211 572 307 596 paratum
321 576 341 589 siv
357 576 394 595 pru

213 597 249 616 lli-i
259 597 324 621 gloria
333 599 394 615 vitam

213 623 320 643 vn‘umtcro
335 623 395 649 pruli-

213 652 274 670 tetur.

275 1687 404 1712 Omnemque

221 1714 323 1735 adhibere
334 1719 406 1734 euram

221 1741 249 1761 ant
265 1747 338 1767 pacem
358 1746 405 1761 cou-

223 1768 341 1790 tutandam.

253 2223 297 2242 llac
309 2221 334 2242 ue
346 2227 408 2241 causa

227 2249 354 2270 cardinalem
362 2248 411 2269 Bar·

226 2277 322 2298 bet-inum

227 2304 333 2329 principes
354 2303 411 2328 lega-

444 231 508 263 531)ss

407 290 529 332 (lanula,
554 289 626 332 quia
652 287 833 331 regionibus
854 287 1026 320 vastitatem
1041 289 1070 319 et
1086 285 1148 318 ani-

409 343 467 375 mis
491 342 662 387 perniciem
687 346 807 385 parant,
833 340 886 373 sed
910 340 982 383 quia
1007 339 1148 371 beatissi-

410 406 477 429 mos
487 395 664 438 triumphos
675 394 847 426 creduntur
856 393 995 426 adimere
1005 392 1065 425 hoc
1075 397 1149 425 tem-

408 460 485 494 pore
503 448 731 483 christianitati.

453 504 468 545 ξ
492 502 521 535 lt.
548 502 630 534 llaec
650 505 711 535 tam
729 506 813 533 vasta
830 505 859 533 et
879 505 941 533 tam
963 500 1066 532 minax
1090 499 1150 531 hu-

410 565 573 588 manarum
592 554 793 587 miseriarum
822 564 914 587 scena
931 553 1089 597 quodnam
1105 552 1150 585 la-

410 608 646 653 chrymantibus
661 607 761 640 oeulis
786 607 966 641 Pontiticiae
991 605 1151 639 charitatis

411 662 624 707 spectaculum
642 661 801 705 praebeat,
819 660 908 694 facile
925 660 1081 693 coniicere
1098 670 1153 703 po-

413 715 508 755 testis,
538 714 734 747 venerabiles
758 715 879 747 fratres.
905 714 1021 746 Tamen
1050 722 1152 756 neque

412 769 551 802 animum
576 768 818 812 despondemus,
835 767 888 812 qui
906 767 1032 809 scimus,
1050 766 1153 800 Domi-

412 834 486 856 num
512 822 679 866 aliquando
703 822 735 854 in
760 826 943 865 tempestate
974 824 1004 854 et
1027 819 1153 852 turbine

411 876 614 915 delitescere3
644 886 746 919 neque
778 874 923 907 inanibus
946 873 1153 917 querimoniis

412 935 537 973 tempus
560 929 714 970 ducimus,
739 928 791 971 qui
812 927 947 959 lamenta
967 926 1087 958 viribus
1103 925 1155 958 de-

413 983 518 1015 stituta
541 987 689 1027 putamus
711 981 820 1013 haberi
840 980 945 1023 potius
970 979 1080 1012 solatia
1099 989 1154 1023 pe-

414 1035 591 1075 reuntium,
626 1045 720 1078 quam
751 1032 998 1077 periclitantium
1028 1031 1152 1065 auxilia.

413 1088 601 1121 Accenditur
620 1088 703 1120 velut
728 1086 808 1130 ignis
832 1086 917 1119 zelus
936 1090 1054 1126 noster,
1071 1089 1111 1125 et,
1129 1085 1154 1117 si

414 1146 519 1174 noster
533 1140 660 1183 sanguis
672 1140 793 1173 sortiter
806 1140 894 1172 susus
910 1142 1089 1182 opportuna
1110 1143 1156 1171 est

414 1195 567 1229 medicina
581 1194 755 1237 aegrotanti
770 1193 973 1238 reipublicae,
985 1192 1155 1236 gaudentes

413 1251 444 1282 in
466 1249 597 1294 proprio
615 1248 730 1281 damno
752 1248 850 1280 salute
876 1247 1034 1287 tiliorum,
1059 1246 1155 1278 vitam

415 1304 513 1347 ipsam
534 1313 592 1346 pro
615 1301 670 1334 Dei
695 1301 799 1344 gloria
823 1300 1021 1334 devovemus.
1049 1299 1155 1333 Omni-

413 1361 573 1401 potentem
599 1355 742 1388 cordium
761 1360 969 1387 scrutatorem
994 1357 1156 1394 testamur,

414 1421 471 1443 nos
484 1410 650 1444 Caesarum
664 1408 832 1452 triumphis
846 1407 1000 1441 anteferre
1014 1417 1065 1440 eas
1079 1407 1158 1440 Pon-

417 1463 536 1496 tificum
560 1472 748 1502 aerumnas,
773 1461 827 1506 qui
852 1461 939 1504 digni
964 1460 1061 1493 habiti
1086 1464 1158 1493 sunt

416 1528 475 1561 pro
500 1516 627 1550 nomine
643 1516 713 1549 Iesu
730 1515 952 1549 contumeliam
978 1515 1052 1559 pati,
1070 1519 1099 1547 ct
1116 1514 1159 1547 di-

416 1571 523 1603 vinum
549 1575 707 1614 pastorem
732 1569 898 1609 imitantes,
916 1568 1053 1601 animam
1071 1578 1159 1601 suam

418 1629 591 1668 posuerunt
615 1634 673 1667 pro
698 1622 808 1656 ovibus
833 1622 906 1655 suis.

464 1678 479 1721 ξ,
499 1677 528 1710 5.
547 1677 622 1710 Cum
643 1682 747 1710 autem
768 1686 831 1709 non
851 1675 993 1708 rideatur
1006 1673 1161 1708 eiusmodi

420 1731 611 1765 holocaustis
630 1730 692 1764 hoc
711 1735 853 1774 tempore
865 1729 1012 1762 delectari
1022 1729 1161 1773 pontifex

421 1785 648 1829 sempiternus,
680 1794 716 1816 ca
746 1783 874 1817 consilia
899 1783 966 1816 dies
991 1788 1162 1826 noctesque

420 1838 621 1880 meditamur,
638 1847 717 1881 quac
734 1837 909 1870 habeantur
929 1847 1017 1870 arma
1029 1837 1107 1869 lucis
1124 1836 1162 1869 ad

420 1891 653 1937 profligandum
666 1896 788 1934 patrem
802 1889 1042 1923 discordiarum.
1057 1891 1164 1922 Arma-

421 1956 491 1979 mus
515 1944 643 1989 quidem
677 1943 901 1977 ecclesiasticas
932 1943 1094 1986 legiones,
1124 1953 1164 1976 ne

422 2008 500 2043 opus
519 1998 574 2031 Dei
591 1998 693 2031 facere
716 1997 913 2041 negligenter
927 2007 1109 2040 arguamum
1134 2000 1165 2030 at

423 2053 506 2086 enim
528 2051 640 2085 eodem
660 2055 801 2096 tempore
818 2051 940 2084 nullum
963 2050 1164 2095 praetermit-

422 2106 518 2139 timus
535 2105 684 2148 officium,
702 2116 764 2149 quo
781 2105 881 2150 possit
900 2103 1063 2138 conciliari
1083 2113 1160 2137 con-

424 2160 531 2195 cordia
555 2170 667 2203 regum
692 2163 721 2194 et
745 2158 838 2192 leniri
861 2159 951 2192 furor
970 2168 1141 2191 armorum.

469 2214 483 2258 §
500 2214 529 2248 6.
558 2213 709 2256 Tandem,
730 2218 897 2257 postquam
920 2211 1165 2245 accuratissimis

425 2267 573 2312 precibus
592 2267 801 2310 flagitavimus
820 2276 931 2310 pacem
947 2264 1091 2299 Numinis
1107 2264 1167 2298 dis-

426 2321 554 2366 sipantis
579 2326 687 2364 gentes
711 2330 791 2364 quae
811 2320 893 2353 bella
912 2319 1030 2362 volunt,
1056 2319 1165 2352 decre-

427 2376 527 2409 vimus
553 2374 582 2407 id
606 2374 782 2407 remedium
818 2373 988 2414 adhibere,
1021 2372 1105 2416 quod
1136 2372 1167 2405 in

428 2430 582 2463 ‹misimili
600 2439 707 2462 rerum
727 2427 907 2461 discrimine
928 2437 991 2461 non
1008 2427 1103 2460 semel
1118 2437 1168 2470 pe-

428 2483 504 2525 perit
534 2482 780 2516 incolumitatem
798 2481 867 2514 orbi
888 2480 1069 2514 christiano.
1084 2480 1168 2523 Ergo

428 2547 540 2579 nuper,
566 2536 759 2580 approbante
775 2535 947 2580 apostolico
965 2540 1082 2576 senatu,
1108 2533 1164 2566 dc-

992 238 1167 262 tJULLAtzttttt
1195 238 1347 261 ttoMANttM

1178 285 1313 328 legimus
1331 295 1404 317 vero
1418 283 1619 317 Franciscum
1640 284 1831 318 cardinalem
1849 285 1919 319 Bar-

1179 339 1325 372 berinum
1363 338 1468 371 fratris
1499 337 1599 370 nostri
1630 337 1740 371 tilium.
1776 339 1919 374 Creditur

1180 391 1341 437 pontilicia
1359 391 1613 434 consanguinitas
1630 401 1693 425 non
1708 391 1809 425 levem
1822 392 1921 426 actori

1181 445 1324 490 publicae
1349 455 1460 478 causae
1484 444 1655 487 adiungere
1683 444 1921 478 auctoritatem:

1182 509 1278 543 porro
1296 503 1400 532 autem
1417 498 1587 541 allegantes
1604 507 1687 538 eum,
1704 507 1798 541 quem
1810 502 1923 532 natura

1183 552 1273 585 nobis
1298 551 1395 585 voluit
1419 561 1486 584 esse
1510 550 1748 593 charissimum,
1781 550 1924 584 videmur

1183 605 1372 638 luculentius
1391 609 1556 648 paternum
1579 603 1726 637 affectum
1747 604 1855 637 testari
1871 614 1924 647 ge-

1184 658 1251 691 neri
1276 659 1425 691 humano.
1450 658 1616 702 Nunquam
1637 661 1722 690 certe
1738 667 1796 690 nos
1812 657 1839 690 ei
1857 667 1924 701 gra-

1184 712 1347 745 vissimum
1358 712 1418 745 hoc
1431 716 1590 745 terrarum
1601 710 1857 745 tumultuantium
1874 721 1926 744 ne-

1185 766 1307 809 gotium
1316 764 1615 806 mandaremus,nisi
1625 764 1822 808 exploratum
1835 764 1926 798 nobis

1186 819 1276 859 soret,
1293 829 1362 851 eam
1382 818 1426 851 illi
1448 823 1585 851 mentem
1603 818 1716 859 inesse,
1733 823 1766 851 ut
1790 818 1926 861 gloriam

1186 872 1240 905 Dei
1253 877 1281 904 ct
1296 872 1487 916 populorum
1501 872 1632 906 salutem
1647 871 1803 905 existimet
1817 883 1928 906 verum

1187 924 1473 958 ecclesiastieorum
1496 925 1675 969 principum
1693 925 1876 959 thesaurum
1892 936 1929 960 ae

1187 977 1396 1021 triumphum.
1415 977 1509 1014 Nunc
1534 982 1638 1010 autem
1655 978 1707 1011 ille
1726 977 1765 1010 ad
1781 979 1929 1022 potentis·

1187 1031 1283 1064 simos
1307 1041 1401 1073 reges
1425 1030 1653 1074 proficiscitur,
1685 1034 1868 1073 curaturus,
1895 1037 1931 1065 ut

1188 1085 1332 1128 exoptata
1349 1083 1538 1117 christianae
1554 1083 1746 1128 reipublicae
1760 1084 1931 1118 concordia

1187 1137 1335 1172 laetificet
1353 1142 1548 1171 moerentem
1568 1137 1750 1179 Ecclesiam,
1767 1142 1797 1171 et
1815 1148 1931 1182 propu-

1188 1191 1321 1235 gnacula
1334 1191 1526 1225 communiat
1538 1191 1683 1235 publicae
1696 1191 1929 1226 incolumitatis.

1233 1245 1287 1289 §T
1301 1245 1441 1278 Timidae
1454 1249 1525 1278 sunt
1538 1245 1743 1289 cogitationes
1755 1245 1930 1286 hominum,

1188 1302 1218 1333 et
1241 1299 1371 1331 consilia
1395 1299 1594 1332 mortalitatis
1618 1309 1682 1332 non
1705 1309 1779 1332 raro
1794 1299 1931 1332 ludibria

1189 1351 1336 1393 existunt,
1352 1351 1412 1385 nisi
1428 1357 1516 1396 pater
1532 1352 1688 1385 luminum
1706 1352 1854 1385 cordibus
1878 1363 1933 1386 no—

1190 1405 1263 1438 stris
1284 1404 1426 1439 infundat
1442 1405 1594 1449 Spiritum
1614 1405 1783 1450 sapientiae
1808 1410 1838 1439 et
1861 1406 1928 1439 for-

1192 1458 1342 1491 titudinis.
1353 1458 1464 1501 Quare,
1476 1458 1672 1492 venerabiles
1686 1459 1809 1500 fratres,
1819 1459 1851 1492 in
1863 1469 1933 1504 par-

1192 1517 1255 1545 tem
1273 1512 1519 1546 sollicitudinum
1536 1517 1717 1546 nostrarum
1733 1513 1844 1555 vocati,
1863 1523 1934 1547 con·

1193 1571 1323 1609 gregate
1354 1566 1415 1599 hoe
1442 1571 1586 1611 tempore
1610 1566 1744 1610 populos
1759 1594 1766 1608 ,
1791 1571 1822 1599 et
1845 1566 1935 1611 quasi

1194 1620 1286 1654 tubae
1303 1620 1436 1653 exaltate
1453 1630 1563 1654 vocem
1573 1623 1717 1654 vestram.
1731 1619 1843 1654 Currat
1856 1619 1937 1653 chri-

1195 1673 1292 1707 stiana
1316 1673 1405 1717 plebs
1429 1673 1467 1706 ad
1492 1683 1579 1706 arma
1602 1672 1754 1715 iustitiae,
1778 1674 1937 1708 muniatur

1196 1737 1286 1760 sacco
1306 1731 1335 1759 et
1355 1726 1467 1768 cilicio,
1484 1726 1599 1771 quibus
1619 1726 1719 1760 lorica
1739 1726 1846 1761 salutis
1862 1737 1937 1760 con-

1197 1779 1317 1821 ficitur,
1341 1785 1371 1813 et
1395 1779 1586 1823 distringens
1605 1779 1746 1824 gladium
1767 1780 1938 1825 ancipitem

1197 1833 1392 1867 orationibus
1416 1833 1604 1875 conflatum,
1628 1833 1776 1878 profliget
1799 1834 1939 1877 legiones

1198 1886 1321 1928 inferni,
1335 1892 1369 1920 ut
1385 1886 1560 1931 potentium
1580 1887 1789 1921 Ninivitarum
1803 1878 1939 1931 gemitus

1197 1939 1317 1974 imitata
1339 1940 1435 1973 leniat
1458 1940 1538 1974 iram
1562 1940 1618 1974 Dei
1641 1940 1749 1974 furore
1766 1951 1823 1974 suo
1840 1945 1940 1974 terras

1198 1994 1367 2038 arguentis.
1393 1995 1473 2028 Tum
1497 1999 1602 2028 autem
1627 2005 1700 2028 eum
1720 1999 1818 2037 orate,
1839 1998 1872 2030 ut
1888 1994 1941 2028 det

1198 2047 1293 2080 verba
1317 2057 1371 2080 sua
1391 2047 1423 2080 in
1444 2058 1500 2081 ore
1516 2047 1680 2092 apostolici
1699 2048 1804 2091 legati,
1817 2058 1856 2081 ne
1869 2058 1939 2092 pax,

1198 2112 1278 2145 quae
1302 2102 1417 2136 Christi
1447 2102 1480 2135 in
1510 2102 1632 2135 caelum
1660 2101 1820 2135 redeuntis
1847 2106 1940 2135 testa-

1198 2160 1339 2188 mentum
1364 2155 1421 2188 suit
1439 2161 1469 2189 et
1485 2155 1672 2199 haereditas,
1693 2166 1710 2188 a
1729 2155 1802 2188 filiis
1826 2155 1942 2189 discor-

1199 2209 1323 2242 diarum
1350 2213 1466 2243 temere
1491 2209 1671 2254 dissipetur.
1697 2209 1806 2243 Turris
1835 2210 1941 2244 fortis-

1200 2263 1278 2296 sima
1297 2273 1413 2296 nomen
1436 2262 1579 2296 Domini:
1600 2262 1639 2295 ad
1655 2262 1735 2296 hanc
1761 2262 1943 2306 confugiant

1200 2316 1283 2357 iusti,
1308 2321 1337 2349 et
1357 2316 1444 2359 fides,
1471 2326 1551 2360 (piae
1575 2319 1697 2350 montes
1717 2316 1888 2349 transferre
1912 2320 1943 2349 et

1201 2371 1300 2404 maria
1316 2375 1420 2415 potest
1435 2369 1667 2414 perambulare,
1688 2370 1810 2411 sentiet,
1822 2374 1944 2404 montes

1201 2424 1274 2458 Sion
1299 2434 1366 2457 csse
1383 2423 1414 2456 in
1431 2423 1553 2457 civitate
1570 2423 1719 2468 mysticae
1736 2423 1942 2466 Hierusalem,

1202 2483 1232 2510 et
1250 2477 1417 2511 Dominum
1434 2483 1594 2522 potentem
1608 2477 1639 2510 in
1652 2477 1771 2522 praelio
1788 2477 1944 2511 excubare

1202 2532 1233 2565 in
1258 2531 1391 2565 circuitu
1415 2531 1525 2576 populi
1549 2531 1607 2565 sui.
1633 2531 1837 2576 Omnipotens
1856 2530 1944 2575 prin-

429 2590 616 2622 claravimus
628 2590 785 2623 Ecclesiae
802 2589 966 2622 universae
979 2589 1168 2633 pastoralem
1185 2589 1187 2621 ξ
1203 2597 1274 2630 ceps
1287 2585 1383 2630 pacis,
1397 2585 1450 2629 qui
1463 2595 1572 2619 arcum
1583 2584 1720 2619 conteris
1729 2589 1759 2618 et
1771 2583 1944 2627 confringis

430 2643 670 2676 sollicitudinem
696 2642 891 2677 cardinalitia
917 2642 1082 2686 legatione.
1108 2642 1168 2676 Se-

1203 2650 1290 2673 arma
1308 2640 1489 2684 impiorum,
1515 2640 1545 2672 in
1571 2650 1666 2673 manu
1684 2640 1736 2673 tua
1757 2643 1830 2673 sunt
1847 2637 1944 2672 corda

1931 238 1980 266 An.
2001 237 2030 267 C.
2045 238 2116 269 1625

1987 1259 2131 1285 Hortaturquo

1946 1286 2060 1312 episcopos
2088 1291 2131 1306 oin-

1945 1318 1982 1333 nes
1992 1328 1996 1335 ,
2012 1315 2035 1332 ut.
2055 1317 2130 1338 pacem

1947 1344 1959 1359 a
1974 1338 2020 1359 Deo
2035 1341 2115 1365 petant.
