2269 3235
482 254 546 287 sul-'i
1026 262 1204 286 numanum
1229 261 1388 286 noMANuM

495 313 510 356 ς’
535 313 562 346 7.
588 312 655 345 Non
687 310 883 345 obstantibus
914 312 1022 344 nostra
1055 310 1093 343 de
1123 310 1191 343 iure

451 365 592 408 quaesito
609 374 670 397 non
687 363 833 405 tollendo,
847 363 978 407 aliisque
994 363 1190 397 constitutio·

251 264 300 290 An.
322 263 349 289 C.
371 264 436 290 ¹0:215
1977 261 2026 288 An.
2046 261 2076 289 C.
2094 260 2162 291 1626

1427 308 1562 336 Urbanus
1582 309 1660 344 Papa
1679 309 1755 342 vlu.

1364 355 1400 383 ad
1419 355 1552 382 futuram
1571 354 1615 382 rei
1634 353 1815 383 memoriam.

303 328 435 347 &instantium

251 353 369 378 derogatio.

451 418 544 450 nibus
557 422 586 450 et
600 416 849 449 ordinationibus
864 416 1054 460 apostolicis,
1069 426 1191 450 necnon
1269 418 1284 461 ἓ
1309 418 1337 451 1.
1364 417 1446 450 Alias
1471 427 1487 449 a
1512 416 1602 450 nobis
1627 420 1813 450 emanarunt
1840 416 1963 451 litterae
2060 431 2165 451 accenset

452 471 550 503 (lictae
579 470 832 512 congregationis
858 470 964 512 (ctiam
994 470 1191 510 iuramento,
1226 470 1342 504 tenoris
1363 469 1598 514 subsequentis,
1624 469 1784 503 videlieet:
1815 469 1964 504 Urbanus
1979 462 2163 504 5222¹nf3225⁰⁸'

452 523 690 555 confirmatione
707 523 889 566 apostolica,
908 524 954 556 vel
972 523 1081 567 quavis
1097 523 1193 556 sirmi-

453 582 512 607 tate
533 576 593 608 alia
612 576 781 619 roboratis)
799 576 920 610 statutis
940 583 970 610 et
994 577 1192 610 eonsuetudi-

452 629 558 669 nihus,
584 629 756 672 privilegiis
780 641 923 674 quoque,
949 631 1077 663 indultis
1101 641 1192 674 gene-

453 683 569 715 ralibus
593 688 624 715 et
647 683 834 727 specialibus
858 683 1050 724 huiusmodi,
1070 694 1192 717 necnon

452 735 619 778 praedietis
631 735 707 769 sixti
722 736 973 780 praedecessoris
986 741 1016 770 et
1032 736 1193 780 quibusvis

452 788 520 820 aliis
545 788 656 821 litteris
682 789 870 833 apostolicis,
896 789 996 822 dietae
1017 798 1192 832 congrega-

454 841 547 882 tioni,
573 841 704 886 eiusque
733 842 948 886 superioribus
977 846 1007 875 et
1031 842 1193 886 personis,

453 905 627 938 eorumque
652 895 794 937 singulis,
814 906 872 939 per
892 906 1109 939 quoscumque
1133 896 1194 929 Ro-

454 959 563 981 manos
589 948 753 981 Pontifices
777 948 1036 991 praedecessores
1060 953 1194 989 nostros,

453 1012 488 1034 ac
505 1012 562 1034 nos
583 1007 612 1034 et
629 1001 739 1035 Sedem
754 1001 978 1044 Apostolicam,
996 1002 1053 1034 sub
1070 1001 1196 1045 quibus-

454 1066 588 1098 cumque
608 1054 769 1087 tenoribus
790 1059 821 1087 et
846 1054 965 1095 formis,
983 1065 1018 1088 ac
1039 1065 1109 1088 eum
1131 1055 1196 1099 qui-

453 1108 559 1139 busvis
584 1107 732 1140 clausulis
757 1112 786 1140 et
810 1107 944 1141 decretis
968 1107 999 1140 in
1023 1118 1140 1151 genere
1166 1113 1196 1141 et

455 1161 485 1192 in
509 1160 613 1204 specie
639 1160 806 1199 concessis,
832 1160 1026 1194 confirmatis
1051 1165 1081 1193 et
1106 1161 1195 1194 inno-

455 1214 541 1254 vatis,
558 1224 592 1246 ac
610 1213 700 1247 Mare
721 1224 892 1256 rmczynum,
912 1214 1015 1247 Bulla
1035 1224 1146 1255 aurea,
1167 1220 1196 1247 et

454 1268 530 1300 alias
555 1268 795 1312 quomodolibet
819 1269 1017 1312 nuncupatis,
1041 1279 1195 1313 quorum-

455 1332 590 1365 cumque
616 1322 686 1353 illae
711 1326 857 1354 tenorum
882 1321 1024 1362 existant,
1042 1332 1100 1366 per
1120 1332 1196 1366 quas

455 1375 673 1419 praesentibus
698 1385 760 1407 non
791 1385 953 1419 expressas
982 1375 1029 1408 vel
1061 1376 1197 1409 totaliter

455 1439 518 1461 non
542 1428 674 1461 insertas
699 1428 827 1461 effectus
847 1428 1028 1461 earumdem
1054 1440 1198 1473 praesen-

458 1483 533 1515 tium
561 1481 709 1526 impediri
739 1483 840 1515 valeat
870 1481 1124 1526 quomodolibet,
1150 1482 1197 1515 vel

457 1536 588 1577 differri,
607 1542 636 1569 et
656 1536 693 1568 de
719 1536 844 1579 quibus,
865 1546 1038 1580 earumque
1062 1537 1135 1570 totis
1159 1540 1199 1570 le-

456 1589 587 1622 noribus
612 1589 756 1622 habenda
785 1594 865 1622 esset
896 1590 1013 1627 mentio
1045 1590 1198 1634 specialis.

503 1644 518 1686 g
543 1642 571 1676 9.
599 1643 749 1676 Yolumus
777 1648 900 1683 autem,
928 1648 961 1676 ut
986 1644 1199 1687 praesentium

459 1697 671 1740 transumptis,
690 1697 781 1730 etiam
800 1697 972 1740 impressis,
993 1707 1087 1730 manu
1108 1698 1200 1731 alieu-

458 1751 505 1783 ius
525 1751 638 1790 notarii
655 1751 771 1794 publici
791 1750 985 1794 subscriptis,
1004 1756 1033 1783 et
1053 1751 1127 1783 dicti
1145 1751 1200 1784 mi-

457 1804 547 1838 nistri
575 1804 730 1847 generalis
761 1809 813 1837 aut
841 1804 972 1837 alicuius
1000 1805 1200 1848 provincialis

458 1856 532 1889 dicti
547 1856 670 1890 Ordinis
680 1857 810 1889 fratrum
826 1857 1083 1890 Conventualium
1098 1858 1200 1901 sigillo

459 1911 597 1952 munitis,
609 1911 716 1944 eadem
732 1922 864 1955 prorsus
884 1911 962 1943 sides
978 1911 1096 1955 ubique
1112 1912 1200 1944 adhi-

458 1965 579 2006 beatur,
598 1975 679 2009 quae
699 1965 817 1998 eisdem
842 1965 1061 2009 praesentibus
1076 1965 1201 1999 adhibe-

460 2023 556 2059 retur,
575 2018 598 2051 si
617 2019 718 2052 forent
735 2018 891 2051 exhibitae
912 2019 959 2051 vel
977 2024 1129 2052 ostensae.

503 2072 614 2105 Datum
646 2073 784 2113 Romae,
810 2072 893 2116 apud
921 2072 950 2106 S.
977 2072 1114 2114 Petrum,
1142 2074 1200 2106 sub

460 2126 574 2158 annulo
586 2125 764 2166 piscatoris,
777 2125 826 2159 die
840 2135 871 2159 vl
885 2126 1035 2159 februarii
1047 2136 1199 2167 Mncxxvl,

460 2179 661 2222 pontificatus
685 2179 784 2213 nostri
809 2189 943 2213 annom.

497 2242 554 2270 Dat.
572 2242 614 2270 die
630 2242 646 2270 6
662 2242 792 2270 februarii
810 2242 892 2278 1626,
913 2243 1006 2279 pontif.
1024 2252 1094 2272 anno
1109 2250 1146 2271 ιιι.

778 2377 882 2411 CXCV.

465 2450 672 2493 Confirmatio
696 2450 874 2483 sententiae
894 2459 992 2494 super
1016 2450 1202 2484 rescissione

507 2507 688 2536 contractus
702 2503 898 2537 venditionis
915 2503 1088 2537 cuiusdam
1103 2503 1202 2538 villae

508 2556 549 2588 ceo*
564 2556 822 2600 praeceptorium
838 2567 893 2590 seu
906 2557 1128 2591 commendam
1144 2557 1202 2591 mi-

510 2610 602 2643 litiae
626 2610 663 2643 cle
688 2610 863 2645 Calatrava
886 2613 1059 2656 spectantis
1069 2609 1087 2645 ¹.

503 2672 512 2698 1
531 2670 568 2698 Ex
585 2671 691 2706 Regest.
709 2671 735 2698 in
750 2671 850 2700 Secret.
869 2672 944 2700 Brev.

1224 525 1317 568 Papa
1340 524 1433 563 VIII,
1450 523 1492 556 ad
1515 524 1665 566 suturam
1687 523 1737 557 rei
1762 524 1964 557 memoriam.

1225 577 1316 611 Alios
1333 577 1437 621 felicis
1457 576 1690 610 reeordationis
1713 576 1832 617 Paulo,
1852 581 1909 609 etc.

1270 631 1285 674 ἓ
1308 630 1337 663 ⁶2.
1363 630 1439 664 Cum
1457 634 1572 670 autem,
1590 629 1670 662 sieut
1686 629 1787 663 dictus
1803 628 1966 673 Philippus

1226 693 1279 717 rex
1296 683 1388 717 nobis
1407 682 1510 717 denuo
1534 681 1647 726 exponi
1672 682 1754 722 fecit,
1771 691 1808 715 eo
1830 682 1913 725 quod
1929 692 1967 715 ex

1226 736 1404 770 venditione
1429 740 1459 771 et
1481 735 1667 769 alienatione
1686 735 1854 779 praedictis
1878 745 1968 769 enor-

1227 789 1366 822 missima
1383 789 1484 823 eidem
1496 788 1626 822 militiae
1642 788 1738 822 laesio
1756 788 1840 821 illata
1856 788 1967 830 suerat,

1227 846 1261 874 ut
1284 842 1471 886 praefertur,
1491 841 1630 876 venditio
1654 847 1684 875 et
1707 841 1853 875 alienatio
1878 841 1968 875 villae

1227 899 1257 927 et
1281 894 1414 928 aliorum
1433 895 1591 928 bonorum
1608 894 1788 928 huiusmodi
1809 905 1866 939 per
1881 905 1968 939 prae-

1228 952 1329 981 sentes
1343 947 1481 981 litteras¹
1495 948 1647 982 rescissae
1663 953 1693 981 et
1710 949 1887 992 abrogatae
1901 949 1969 982 nul-

1228 1001 1351 1045 liusque
1367 1001 1492 1034 roboris
1511 1002 1557 1034 vel
1578 1002 1729 1034 momenti
1746 1012 1829 1045 esse;
1845 1012 1968 1036 necnon

1228 1054 1393 1087 Martinuin
1407 1054 1445 1087 de
1458 1054 1577 1098 Alagon
1591 1054 1737 1087 comitem
1752 1059 1783 1088 et
1798 1055 1968 1088 Henrieum

1229 1107 1416 1151 praedictos,
1434 1107 1478 1141 uti
1503 1107 1654 1152 praedicti
1678 1108 1801 1141 Martini
1825 1113 1915 1141 natos
1940 1113 1970 1141 et

1229 1161 1390 1204 haeredes,
1404 1162 1442 1194 ad
1466 1161 1695 1194 restituendum
1716 1161 1878 1206 praedicto
1901 1162 1971 1195 Phi-

1229 1216 1315 1259 lippo
1329 1215 1397 1259 regi
1412 1226 1447 1248 ac
1460 1215 1658 1259 procuratori
1672 1215 1811 1259 generali
1828 1215 1969 1249 eiusdem

1230 1269 1376 1309 militiae,
1402 1279 1524 1302 necnon
1548 1269 1786 1313 praeceptoriae
1810 1279 1864 1302 seu
1889 1279 1971 1303 com-

1230 1322 1361 1355 mendae
1384 1322 1423 1355 de
1447 1322 1572 1355 Alcaniz
1597 1321 1787 1366 praedictae,
1807 1323 1913 1355 villam
1933 1323 1971 1356 de

1230 1376 1373 1417 Calanda,
1393 1386 1428 1410 ae
1451 1376 1556 1410 locum
1581 1376 1618 1409 de
1642 1376 1706 1409 Fox
1731 1375 1873 1418 Calanda,
1893 1377 1971 1410 Tur-

1231 1429 1290 1462 rim
1322 1429 1360 1462 de
1384 1429 1528 1472 Algines,
1553 1439 1620 1462 mas
1650 1429 1700 1462 del
1724 1429 1856 1463 Carmen
1884 1435 1915 1463 et
1943 1430 1972 1462 la

1231 1483 1304 1526 Fox,
1331 1484 1392 1516 una
1417 1493 1487 1516 cum
1514 1482 1662 1516 fortalitio
1688 1493 1723 1516 ae
1747 1483 1876 1527 palatio,
1900 1493 1972 1516 nee-

1231 1547 1294 1570 non
1319 1537 1442 1569 iuribus
1466 1541 1497 1569 et
1521 1536 1794 1570 iurisdictionibus
1828 1536 1973 1570 civilibus

1233 1595 1262 1623 et
1287 1590 1513 1631 criminalibus,
1535 1590 1690 1635 supremis
1716 1594 1746 1624 et
1769 1590 1895 1631 infimis,
1912 1601 1975 1624 rne-

1233 1654 1332 1689 roque
1356 1649 1386 1676 et
1411 1644 1508 1677 mixto
1538 1644 1692 1688 imperio,
1717 1644 1839 1687 aliaque
1869 1643 1975 1677 omnia

1233 1702 1263 1730 et
1295 1697 1418 1740 singula
1447 1697 1479 1730 in
1514 1697 1692 1731 venditione
1724 1702 1753 1730 et
1786 1697 1975 1731 alienatione

1234 1751 1402 1795 praedictis
1432 1751 1677 1795 comprehensa,
1702 1751 1831 1784 omnino
1861 1752 1974 1791 teneri;

1234 1805 1272 1837 ab
1289 1805 1399 1838 eodem
1417 1816 1491 1838 vero
1504 1805 1647 1845 Martino,
1664 1815 1699 1838 ae
1716 1805 1829 1837 dilecta
1847 1804 1879 1837 in
1893 1804 1976 1838 Chri-

1233 1863 1280 1891 sto
1294 1858 1358 1891 filia
1384 1858 1519 1891 Victoria
1536 1858 1687 1891 Pimentel
1701 1858 1769 1890 eius
1785 1868 1894 1900 uxore,
1912 1857 1977 1891 sive

1234 1923 1344 1946 eorum
1361 1913 1441 1946 natis
1458 1918 1488 1946 et
1504 1912 1705 1954 haeredibus,
1723 1911 1859 1956 aliquam
1885 1922 1978 1955 pecu-

1233 1966 1357 1999 niarum
1383 1976 1549 2008 summan]⁷
1575 1969 1722 2010 respectu
1752 1965 1845 2009 pretii
1871 1965 1977 1999 vendi-

1235 2020 1327 2053 tionis
1344 2026 1374 2053 et
1391 2020 1587 2054 alienationis
1604 2019 1846 2064 praedictarum,
1867 2030 1884 2052 a
1904 2019 1976 2053 Phi-

1233 2074 1319 2118 lippo
1344 2084 1419 2118 rege
1443 2084 1498 2107 seu
1522 2078 1729 2118 procuratore
1760 2073 1899 2116 generali
1925 2079 1978 2106 aut

1234 2127 1344 2162 militia
1368 2128 1433 2160 sive
1463 2127 1681 2171 praeceptoria
1713 2128 1760 2160 vel
1791 2127 1977 2160 commenda

1233 2181 1419 2225 praedictis,
1444 2186 1496 2214 aut
1528 2191 1637 2214 eorum
1669 2179 1814 2223 nomine,
1839 2180 1902 2224 peti
1928 2181 1976 2213 vel

1234 2235 1339 2279 recepi
1353 2235 1529 2278 nullatenus
1543 2244 1644 2278 posse3
1658 2233 1844 2277 quinimmo,
1855 2233 1880 2266 si
1893 2233 1978 2277 quod

1234 2288 1283 2321 ius
1307 2288 1368 2321 illis
1393 2298 1430 2321 ex
1455 2287 1613 2322 oblatione
1637 2287 1710 2321 dicti
1736 2286 1827 2331 pretii
1853 2297 1978 2331 compe-

1236 2346 1323 2383 teret,
1340 2341 1479 2386 illudque
1499 2341 1631 2375 Martino
1645 2341 1763 2375 comiti
1787 2345 1818 2374 et
1842 2340 1978 2374 Henrieo

1234 2395 1413 2441 praedictis,
1431 2395 1550 2440 absque
1563 2406 1600 2429 eo
1615 2395 1699 2440 quod
1717 2394 1828 2428 militia
1844 2398 1875 2426 et
1891 2404 1978 2438 prae-

1235 2449 1375 2494 ceptoria
1411 2459 1467 2482 seu
1502 2449 1690 2482 commenda
1724 2449 1906 2484 huiusmodi
1939 2449 1977 2482 ad

1235 2504 1420 2537 evictionem
1439 2503 1575 2547 aliquam
1593 2503 1768 2537 faciendam
1785 2504 1918 2538 ulterius
1938 2509 1978 2538 te—

1273 2586 1282 2610 1
1301 2582 1439 2614 Quomodo
1454 2591 1505 2619 per
1519 2587 1684 2618 praesentes
1699 2585 1810 2612 litteras
1824 2592 1880 2611 non
1896 2584 1977 2611 intel-

1235 2627 1298 2663 ligo;
1320 2630 1439 2655 ceterum
1459 2627 1552 2663 plures
1572 2627 1713 2656 mendosas
1728 2627 1857 2656 lectiones
1875 2628 1904 2656 in
1919 2635 1976 2665 seq.

1237 2676 1300 2709 puto
1316 2680 1384 2708 esse,
1401 2680 1468 2709 quas
1486 2672 1596 2700 difficile
1611 2671 1758 2701 emendare
1771 2673 1810 2708 (a.
1826 2673 1874 2707 τ.).

2039 644 2164 671 Seriemquo

1981 670 2038 692 sacti.
