2269 3235
293 261 381 288 Amo.
404 260 471 288 1627

333 429 423 451 ssmiles,
441 428 476 454 qui

295 461 341 475 essi>
356 456 458 475 delirant.

347 852 400 875 Quid
417 858 476 878 piae-

294 880 389 899 §lanilnni
430 885 476 897 vir·

295 908 364 925 nii-ute
377 906 434 924 oliitu
449 912 476 924 ιι-

295 938 345 952 caru
364 933 475 956 generalis.

327 1864 435 1884 (Is-<sisium
453 1863 481 1883 sa-

300 1897 349 1911 vin-e
363 1891 481 1911 Disealcea-

301 1920 375 1938 torum.

519 252 581 286 50ss

493 309 586 341 niodo
607 308 710 351 aliquo
739 316 936 344 concurrere,
958 315 1015 337 nee
1037 305 1225 336 intervenire

493 361 522 393 in
543 362 605 398 itta,
630 372 686 393 nec
711 361 741 392 in
765 359 825 391 illis
849 358 969 390 actibus
986 357 1225 400 capitularibus:

537 416 551 457 ξ
572 416 599 447 (5.
615 415 702 453 ltein,
717 412 798 455 quod
818 411 951 444 vicarius
968 411 1157 453 apostolicus
1175 420 1227 451 ge-

492 467 605 498 neralis
630 466 722 506 eligat
744 465 773 496 in
794 464 928 507 qnalibet
949 462 1109 506 provincia
1131 473 1225 494 unum

492 524 729 563 procuratorem
755 518 932 559 generalem
958 523 988 549 et
1012 521 1147 559 ‹piatuor
1174 515 1228 547 dit·-

491 572 641 610 tinitores,
655 571 692 603 ad
710 582 788 614 quos
806 570 968 613 pertineat,
989 570 1050 601 una
1070 580 1141 601 runi
1158 578 1228 611 pro-

491 630 634 657 curatore
652 624 790 667 generali
810 624 966 656 llomanae.
983 622 1102 662 Curiae,
1117 622 1227 654 electio

491 678 586 710 snturi
611 677 717 710 vicarii
743 677 917 719 generalis,
942 676 993 719 qui
1020 676 1130 709 debeat
1154 675 1229 708 resi-

491 731 564 763 dere
590 731 634 762 vel
660 730 822 762 nominare
854 727 1081 773 praesidentem
1108 728 1138 760 in
1164 739 1229 761 oin-

491 785 583 817 nibus
608 784 773 827 capitulis:

536 840 550 880 ξ
576 837 604 870 7.
630 837 716 877 Item,
742 836 825 879 quod
846 835 869 867 si
893 834 1061 877 eontigerit
1078 835 1228 867 vicarium

492 891 670 932 generalem
701 889 907 933 apostolieum
933 900 969 920 ex
995 888 1053 920 bac
1085 888 1146 921 vita
1171 888 1229 920 mi—

492 954 584 983 grare
609 948 679 975 ante
703 941 948 975 nominationem
978 941 1228 984 provincialium,

493 997 523 1028 in
547 996 600 1028 tali
632 1006 705 1028 casu
734 995 878 1028 succedat
905 995 935 1026 in
960 994 1063 1028 officio
1088 995 1228 1027 eiusdem

492 1049 597 1082 vicarii
622 1049 777 1091 generalis
803 1048 1049 1089 commissarius,
1067 1049 1119 1092 qui
1136 1049 1229 1081 suerit

492 1103 641 1142 Baeticae,
667 1108 697 1135 et
721 1103 751 1134 in
776 1103 859 1135 illius
884 1102 1039 1134 delectum
1066 1113 1228 1135 commen-

491 1156 590 1196 dator,
606 1156 660 1199 qui
677 1160 750 1189 tunc
767 1156 918 1199 temporis
936 1156 1030 1188 suerit
1047 1156 1229 1189 monasterii

492 1211 520 1242 S.
540 1209 693 1243 Barbarae
715 1209 821 1253 oppidi
845 1210 968 1252 Man-iii,
988 1214 1017 1242 et
1034 1220 1071 1243 eo
1088 1220 1150 1243 non
1171 1210 1230 1242 exi-

492 1268 601 1303 stente,
627 1263 864 1296 commendator
889 1263 1073 1296 recollectus
1099 1263 1230 1297 civitatis

492 1316 692 1359 Hispalensis,
710 1321 748 1361 et,
765 1316 796 1348 in
812 1316 968 1348 desectum
986 1316 1055 1349 talis
1072 1327 1231 1349 commen-

493 1370 619 1410 datoris,
629 1370 688 1410 ille,
699 1370 751 1413 qui
761 1369 857 1402 sum'it
868 1370 1049 1402 monasterii
1061 1370 1229 1413 nuncupati

492 1424 529 1456 de
547 1435 601 1456 san
618 1424 718 1456 Lucar
735 1423 771 1455 de
788 1423 994 1456 Barrameda:
1015 1424 1099 1467 quod
1119 1424 1144 1457 si
1161 1424 1231 1457 talis

493 1488 578 1510 mors
602 1477 723 1510 eveniat
746 1478 827 1509 sarta
845 1478 906 1510 iam
931 1477 1146 1510 nominatione
1162 1489 1232 1521 pro-

493 1531 683 1572 vincialium,
703 1536 774 1563 tnnc
794 1530 948 1574 temporis
973 1531 1119 1564 succedat
1140 1531 1170 1563 in
1190 1531 1232 1563 di-

493 1590 542 1617 eto
567 1585 669 1618 ollii-,io
705 1584 810 1617 vicarii
843 1584 999 1627 generalis
1030 1585 1232 1628 provincialis

494 1638 632 1671 eiusdem
666 1638 863 1682 provinciae,
889 1639 977 1671 cuius
1002 1644 1069 1671 erat
1097 1639 1232 1672 vicarius

495 1693 658 1734 generalis,
683 1697 722 1734 et,
748 1703 784 1725 eo
809 1692 983 1732 deficiente,
1007 1692 1140 1725 vicarius
1163 1704 1233 1736 pro-

496 1747 643 1785 vincialis,
669 1750 698 1779 et
723 1746 775 1778 illo
800 1756 862 1778 non
887 1746 1056 1787 existente,
1083 1747 1233 1780 dissinitor

496 1800 653 1843 antiquior
675 1799 813 1831 eiusdem
840 1799 1040 1843 provinciae:

541 1855 555 1897 ,ξ
580 1854 608 1886 8,
635 1854 719 1895 Item,
738 1853 821 1896 quod
842 1853 1123 1886 reverendissimus
1141 1865 1234 1897 genc-

496 1908 569 1940 ralis
589 1912 618 1941 et
635 1913 737 1951 patres
754 1908 961 1951 provinciales
978 1908 1109 1941 Calceati
1123 1919 1235 1942 renun-

497 1961 577 1994 ciant
601 1961 686 1993 omni
712 1961 833 1993 meliori
859 1961 952 1993 modo
977 1961 1015 1993 de
1038 1961 1104 1994 iure
1130 1962 1232 1995 locum

495 2015 627 2047 habente
652 2014 869 2052 iinisdictioni,
887 2015 1042 2058 potestati,
1061 2016 1233 2059 superiori-

496 2068 560 2108 tati,
575 2072 604 2099 et
624 2067 886 2111 praeeminentiae
912 2068 972 2100 illis
997 2070 1235 2111 quomodolibet

497 2121 658 2163 spectanti,
676 2122 722 2153 vel
749 2132 828 2164 quae
851 2121 882 2153 in
903 2122 1043 2153 l'uturum
1064 2123 1236 2165 quomodo-

497 2175 571 2206 libet
595 2174 710 2217 poterit
732 2178 872 2217 spectare
891 2175 937 2207 vel
963 2175 1120 2218 pertinere
1143 2186 1235 2219 super

499 2228 760 2270 reeollectionem,
783 2228 928 2271 illiusque
953 2229 1143 2261 monastmia
1163 2230 1236 2261 utri-

501 2292 596 2324 usque
617 2292 721 2313 sexus:
747 2282 833 2323 Item,
858 2282 941 2325 quod
959 2282 1103 2315 similiter
1120 2293 1236 2315 renun-

501 2334 582 2366 ciant
606 2334 719 2367 actioni
741 2335 965 2367 ii‘iterveniendi
985 2335 1127 2378 capitulis
1146 2346 1238 2378 gene-

502 2388 618 2421 ralibus
643 2392 672 2421 et
696 2388 938 2431 provineiztlibns
963 2389 1237 2429 Discaleeatorum,

504 2442 531 2473 in
553 2442 664 2483 :ptibus
684 2442 787 2473 nullus
804 2442 961 2475 Calceatus
984 2443 1082 2486 possit
1106 2443 1239 2476 interve-

502 2505 579 2533 nire,
590 2505 647 2526 nec
660 2495 752 2527 inodo
766 2495 869 2538 aliquo
884 2507 992 2528 vocem
1006 2496 1137 2529 habere:
1153 2496 1239 2537 Item,

504 2548 586 2589 ‹piod
611 2548 752 2581 similiter
776 2554 881 2591 patres
905 2550 1036 2582 Calceati
1056 2549 1239 2583 renunciant

505 2602 589 2635 omni
613 2603 838 2645 superioritati,
860 2604 1077 2643 iurisdictioni,
1096 2604 1240 2637 electioni

505 2661 535 2689 ct
545 2656 656 2689 actioni
670 2656 904 2699 quomodolibet
919 2658 1167 2701 comptwentibiis
1181 2658 1241 2691 illis

1067 256 1247 281 nULLAnIUM
1270 254 1423 280 ROMANUM

2016 251 2067 280 An.
2079 251 2107 280 C.
2126 252 2196 280 1627

1261 303 1306 335 vel
1326 314 1383 346 pro
1402 307 1543 345 tempore
1563 301 1780 345 competitoris
1797 301 1835 335 ad
1853 302 1995 335 obtinen-

1261 356 1335 388 dum
1360 355 1569 399 praelationes
1594 354 1625 387 in
1650 355 1846 389 monasteriis
1876 355 1999 399 religio-

1262 420 1367 441 sorum
1382 407 1612 441 recollectionis
1628 407 1792 451 utriusque
1809 418 1900 441 sexus
1917 419 1999 442 nunc

1262 466 1291 493 et
1309 472 1366 505 pro
1388 466 1530 504 tempore
1551 460 1766 501 existentibus,
1787 466 1915 505 excepto
1932 472 1999 494 mo-

1262 515 1398 547 nasterio
1425 514 1645 547 inonialiumre
1665 514 1869 547 collectarum
1893 514 2000 558 oppidi

1262 567 1385 609 Mati-iti,
1410 567 1483 611 quia
1507 567 1567 601 l'ioc
1592 566 1817 600 monasterium
1842 567 1935 600 debet
1956 578 2002 600 re-

1263 631 1390 653 manere
1414 621 1471 653 sub
1502 620 1612 654 eadem
1642 620 1832 662 obedientia,
1859 620 1916 653 snb
1940 631 2001 664 qua

1263 673 1356 707 niodo
1381 674 1513 707 militat:

1307 729 1322 771 ξ
1347 728 1374 761 t).
1402 728 1488 769 Item,
1514 728 1598 771 quod
1620 730 1728 772 patres
1753 727 1913 761 recollecti
1936 738 2001 762 non

1263 782 1383 826 possint
1403 782 1548 816 assistere
1573 782 1716 826 capitulis
1737 782 1937 825 generalibus
1953 782 2002 815 vel

1264 835 1509 879 provincialibus
1541 836 1775 876 Calceatorum,
1799 845 1857 868 nec
1886 835 1917 868 in
1941 835 2003 868 illis

1264 889 1379 922 habere
1404 900 1524 931 vocem,
1542 889 1605 922 sive
1622 889 1720 922 active
1737 889 1801 922 sive
1826 889 1959 933 passive,
1974 892 2004 922 et

1264 943 1365 987 quoad
1390 943 1474 977 liunc
1504 943 1670 977 articulum
1702 942 1888 975 renunciant
1918 943 2003 976 omni

1264 996 1377 1030 actioni
1396 1001 1426 1029 et
1443 997 1514 1039 iuri,
1531 1006 1615 1029 nunc
1632 1000 1662 1029 et
1681 1006 1740 1039 pro
1760 1000 1904 1039 tempore
1925 1007 2003 1039 quo-

1265 1051 1435 1084 modolibet
1459 1050 1503 1083 eis
1527 1049 1734 1093 competenti:
1758 1049 1847 1090 Item,
1863 1049 1948 1093 quod
1968 1050 2005 1082 si-

1264 1104 1381 1136 militer
1405 1103 1591 1136 renunciant
1608 1107 1638 1135 et
1653 1101 1799 1137 abdicant
1815 1112 1833 1134 a
1849 1113 1881 1135 se
1898 1112 2005 1146 quam-

1265 1167 1399 1200 cumque
1419 1156 1682 1200 praetensionem,
1700 1156 1865 1196 actionem,
1880 1156 1926 1189 vel
1945 1156 2003 1197 ius,

1264 1221 1343 1254 quae
1365 1220 1448 1243 nunc
1471 1209 1598 1251 habent,
1623 1214 1652 1242 et
1675 1220 1735 1253 pro
1757 1214 1899 1253 tempore
1919 1220 2001 1253 quo-

1264 1264 1437 1297 modolibet
1449 1263 1567 1296 habere
1579 1263 1627 1296 vel
1640 1263 1847 1307 praetendere
1861 1268 2004 1307 possunt,

1264 1318 1302 1350 ad
1320 1317 1504 1350 obtinendas
1527 1316 1737 1361 praelationes
1754 1316 1787 1349 in
1807 1316 2006 1350 monasteriis

1264 1371 1479 1404 Calceatorum
1504 1370 1668 1414 utriusque
1693 1380 1794 1411 sexus,
1819 1370 1880 1403 illis
1900 1371 1948 1404 vel
1972 1370 2007 1402 il-

1266 1425 1324 1457 lius
1348 1424 1518 1468 provinciis
1541 1424 1705 1468 hucusque
1729 1424 1878 1457 annexis:

1310 1479 1324 1522 ξ
1349 1478 1400 1511 to.
1426 1479 1513 1519 Item,
1533 1489 1591 1521 pro
1615 1483 1731 1522 quanto
1752 1477 1933 1511 recollectio
1957 1488 2007 1511 ra·
2057 1482 2155 1503 Vivarius
2170 1488 2205 1508 εο-

1266 1532 1456 1565 tionahiliter
1476 1536 1619 1571 veretur,
1645 1541 1684 1564 ne
1708 1535 1832 1574 tempus
1857 1531 2006 1564 oblivioni
2021 1510 2102 1557 ῗῑῗῗιιιιῐῗι
2117 1510 2207 1565 Ϊῗιῖιιξῖ·

1267 1585 1393 1618 mandet
1416 1590 1462 1618 tot
1484 1584 1637 1617 beneficia
1663 1589 1791 1628 accepta
1814 1595 1832 1617 a
1855 1584 1938 1618 dicta
1962 1596 2008 1618 re·
2022 1562 2207 1611 ffiggffiffliseou-

1266 1640 1382 1682 ligione
1401 1640 1616 1672 Calceatorum
1637 1638 1704 1671 eius
1721 1643 1831 1679 matre,
1852 1639 2007 1682 statuitur,

1267 1695 1351 1738 quod
1374 1693 1510 1727 vicarius
1538 1693 1694 1735 generalis
1718 1693 1904 1726 recollectus
1927 1689 2009 1727 infra

1268 1751 1329 1780 tres
1347 1757 1469 1779 menses
1490 1757 1507 1778 a
1524 1746 1574 1778 die
1595 1756 1669 1778 suae
1686 1745 1848 1778 electionis
1866 1751 2009 1779 teneatur

1268 1801 1352 1833 illam
1372 1799 1853 1844 praesentare'reverendissimo
1870 1799 2009 1842 generali

1268 1854 1402 1895 Ordinis,
1420 1854 1484 1897 qui,
1501 1854 1526 1886 si
1542 1854 1557 1886 s
1557 1854 1637 1886 uerit
1653 1853 1813 1893 canonica,
1833 1853 2009 1886 necessarie

1268 1909 1353 1941 illam
1378 1907 1561 1940 confirmet:
1595 1911 1624 1940 et
1658 1907 1735 1939 haec
1765 1907 1831 1939 sola
1859 1907 2011 1950 praeemi-

1268 1953 1568 1995 nentiareservatur
1588 1960 1851 1993 reverendissimo
1871 1960 2011 2003 generali

1269 2027 1361 2060 super
1387 2015 1656 2048 recollectionem:
1683 2013 1767 2057 quod
1793 2014 1818 2046 si
1842 2014 1947 2047 facere
1966 2024 2013 2046 re-

1269 2073 1363 2110 cuset,
1382 2068 1463 2100 intra
1482 2067 1662 2111 quindecim
1680 2067 1746 2100 dies
1768 2067 1807 2099 ab
1824 2067 1907 2100 illius
1925 2078 2014 2111 prae-

1269 2122 1459 2161 sentatione,
1488 2121 1630 2161 accedat,
1659 2126 1689 2153 et
1712 2131 1877 2153 recursum
1902 2121 2014 2154 babeat

1271 2188 1328 2220 pro
1347 2176 1429 2208 illius
1450 2174 1689 2208 confirmatione
1709 2174 1748 2206 ad
1764 2174 1915 2208 nuncium
1933 2166 2013 2208 ffliae

1270 2229 1448 2262 sanctitatis
1465 2228 1496 2261 in
1513 2228 1619 2270 regnis
1638 2227 1861 2272 Hispaniarum
1879 2239 2014 2262 eommo-

1272 2288 1391 2316 rantem
1407 2293 1413 2315 ε

1316 2337 1330 2380 ξ
1344 2337 1358 2368 ‘l
1371 2336 1394 2368 l.
1413 2336 1500 2378 item,
1519 2336 1558 2369 ob
1575 2336 1762 2379 paucitatem
1776 2336 2011 2379 suffragiorum,
2028 2341 2213 2390 [,„,¹'¹‘⁰5¹0¹5?,1221

1272 2400 1351 2433 quae
1375 2400 1433 2433 pro
1458 2400 1541 2422 nunc
1566 2389 1597 2421 in
1622 2390 1759 2433 capitulo
1792 2389 1931 2432 generali
1960 2399 2013 2422 vo·
2030 2375 2213 2443 iaaissvocuinas

1273 2454 1340 2476 eem
1366 2443 1535 2483 habebunt,
1549 2443 1705 2484 statuitur,
1723 2443 1808 2487 quod
1831 2447 2016 2487 procurato·
2029 2429 2084 2444 amm
2099 2428 2120 2444 δ’

1274 2508 1324 2529 res
1347 2497 1554 2540 provinciales
1582 2497 1810 2541 cuiuscumque
1834 2496 2015 2541 provinciae

1274 2551 1539 2584 lliscalccatorum
1567 2551 1598 2583 in
1623 2551 1776 2584 electione
1793 2551 1900 2584 vicarii
1926 2561 2017 2593 gene-

1275 2604 1348 2637 ralis
1372 2604 1489 2638 liabent
1513 2615 1621 2637 vocem
1647 2606 1790 2647 activam,
1808 2605 1889 2639 sicut
1909 2604 2016 2638 delini-

1275 2664 1359 2692 tores
1384 2658 1509 2702 capituli
1536 2659 1706 2702 generalis:

2025 737 2051 758 Et
2066 737 2111 759 viee
2122 742 2190 758 voi-sa.
