<?xml version="1.0" encoding="UTF-8"?>
<!DOCTYPE html PUBLIC "-//W3C//DTD XHTML 1.0 Transitional//EN"
    "http://www.w3.org/TR/xhtml1/DTD/xhtml1-transitional.dtd">
<html xmlns="http://www.w3.org/1999/xhtml" xml:lang="en" lang="en">
 <head>
  <title>
</title>
<meta http-equiv="Content-Type" content="text/html;charset=utf-8" />
  <meta name='ocr-system' content='tesseract 3.04.00' />
  <meta name='ocr-capabilities' content='ocr_page ocr_carea ocr_par ocr_line ocrx_word'/>
</head>
<body>
  <div class='ocr_page' id='page_1' title='image "./bullarumdiplomat13cath_0631.png"; bbox 0 0 2269 3235; ppageno 0'>
   <div class='ocr_carea' id='block_1_1' title="bbox 124 234 306 263">
    <p class='ocr_par' dir='ltr' id='par_1_1' title="bbox 124 234 306 263">
     <span class='ocr_line' id='line_1_1' title="bbox 124 234 306 263; baseline -0.011 0"><span class='ocrx_word' id='word_1_1' title='bbox 124 235 174 263; x_wconf 79' lang='lat' dir='ltr'>An.</span> <span class='ocrx_word' id='word_1_2' title='bbox 191 234 219 263; x_wconf 90' lang='lat' dir='ltr'>C.</span> <span class='ocrx_word' id='word_1_3' title='bbox 241 234 306 262; x_wconf 74' lang='lat'>1627</span> 
     </span>
    </p>
   </div>
   <div class='ocr_carea' id='block_1_2' title="bbox 121 614 306 745">
    <p class='ocr_par' dir='ltr' id='par_1_2' title="bbox 121 614 306 745">
     <span class='ocr_line' id='line_1_2' title="bbox 161 614 306 640; baseline -0.014 -4"><span class='ocrx_word' id='word_1_4' title='bbox 161 614 306 640; x_wconf 77' lang='lat' dir='ltr'>Christitideli-</span> 
     </span>
     <span class='ocr_line' id='line_1_3' title="bbox 121 641 306 663; baseline -0.011 0"><span class='ocrx_word' id='word_1_5' title='bbox 121 642 161 663; x_wconf 85' lang='lat' dir='ltr'>bus</span> <span class='ocrx_word' id='word_1_6' title='bbox 218 641 306 661; x_wconf 74' lang='lat' dir='ltr'>facultas</span> 
     </span>
     <span class='ocr_line' id='line_1_4' title="bbox 122 667 305 689; baseline -0.011 0"><span class='ocrx_word' id='word_1_7' title='bbox 122 667 246 689; x_wconf 73' lang='lat' dir='ltr'>conceditur</span> <span class='ocrx_word' id='word_1_8' title='bbox 270 668 305 687; x_wconf 88' lang='lat' dir='ltr'>eti·</span> 
     </span>
     <span class='ocr_line' id='line_1_5' title="bbox 123 693 306 720; baseline -0.005 -5"><span class='ocrx_word' id='word_1_9' title='bbox 123 695 184 720; x_wconf 68' lang='lat' dir='ltr'>gandi</span> <span class='ocrx_word' id='word_1_10' title='bbox 199 693 306 714; x_wconf 80' lang='lat' dir='ltr'>consessa-</span> 
     </span>
     <span class='ocr_line' id='line_1_6' title="bbox 122 721 237 745; baseline -0.009 -3"><span class='ocrx_word' id='word_1_11' title='bbox 122 721 182 745; x_wconf 83' lang='lat' dir='ltr'>rium,</span> <span class='ocrx_word' id='word_1_12' title='bbox 197 723 237 741; x_wconf 83' lang='lat' dir='ltr'>etc.</span> 
     </span>
    </p>
   </div>
   <div class='ocr_carea' id='block_1_3' title="bbox 121 1411 307 1571">
    <p class='ocr_par' dir='ltr' id='par_1_3' title="bbox 121 1411 307 1571">
     <span class='ocr_line' id='line_1_7' title="bbox 188 1411 306 1432; baseline 0 -1"><span class='ocrx_word' id='word_1_13' title='bbox 188 1411 306 1432; x_wconf 78' lang='lat' dir='ltr'>lubilaeum</span> 
     </span>
     <span class='ocr_line' id='line_1_8' title="bbox 123 1438 307 1464; baseline -0.011 -5"><span class='ocrx_word' id='word_1_14' title='bbox 123 1443 224 1464; x_wconf 80' lang='lat' dir='ltr'>consequi</span> <span class='ocrx_word' id='word_1_15' title='bbox 247 1438 261 1457; x_wconf 86' lang='lat' dir='ltr'>ii</span> <span class='ocrx_word' id='word_1_16' title='bbox 284 1443 307 1458; x_wconf 80' lang='lat' dir='ltr'>e-</span> 
     </span>
     <span class='ocr_line' id='line_1_9' title="bbox 123 1465 305 1488; baseline -0.005 -3"><span class='ocrx_word' id='word_1_17' title='bbox 123 1465 174 1485; x_wconf 80' lang='lat' dir='ltr'>tiarn</span> <span class='ocrx_word' id='word_1_18' title='bbox 199 1466 305 1488; x_wconf 81' lang='lat' dir='ltr'>possunt,</span> 
     </span>
     <span class='ocr_line' id='line_1_10' title="bbox 122 1491 306 1517; baseline -0.005 -6"><span class='ocrx_word' id='word_1_19' title='bbox 122 1491 158 1517; x_wconf 88' lang='lat' dir='ltr'>qui</span> <span class='ocrx_word' id='word_1_20' title='bbox 186 1491 237 1511; x_wconf 81' lang='lat' dir='ltr'>iilud</span> <span class='ocrx_word' id='word_1_21' title='bbox 264 1491 306 1511; x_wconf 84' lang='lat' dir='ltr'>Ro-</span> 
     </span>
     <span class='ocr_line' id='line_1_11' title="bbox 121 1519 306 1538; baseline 0.005 -1"><span class='ocrx_word' id='word_1_22' title='bbox 121 1523 168 1538; x_wconf 84' lang='lat' dir='ltr'>mae</span> <span class='ocrx_word' id='word_1_23' title='bbox 189 1519 237 1538; x_wconf 82' lang='lat' dir='ltr'>sunt</span> <span class='ocrx_word' id='word_1_24' title='bbox 258 1523 306 1538; x_wconf 87' lang='lat' dir='ltr'>con-</span> 
     </span>
     <span class='ocr_line' id='line_1_12' title="bbox 121 1544 212 1571; baseline 0 -6"><span class='ocrx_word' id='word_1_25' title='bbox 121 1544 212 1571; x_wconf 77' lang='lat' dir='ltr'>sequuti.</span> 
     </span>
    </p>
   </div>
   <div class='ocr_carea' id='block_1_4' title="bbox 121 1677 305 1752">
    <p class='ocr_par' dir='ltr' id='par_1_4' title="bbox 121 1677 305 1752">
     <span class='ocr_line' id='line_1_13' title="bbox 147 1677 304 1698; baseline -0.006 0"><span class='ocrx_word' id='word_1_26' title='bbox 147 1677 206 1698; x_wconf 75' lang='lat' dir='ltr'>Aliae</span> <span class='ocrx_word' id='word_1_27' title='bbox 215 1677 304 1698; x_wconf 79' lang='lat' dir='ltr'>faculta-</span> 
     </span>
     <span class='ocr_line' id='line_1_14' title="bbox 121 1704 305 1729; baseline 0.005 -5"><span class='ocrx_word' id='word_1_28' title='bbox 121 1705 153 1724; x_wconf 85' lang='lat' dir='ltr'>tes</span> <span class='ocrx_word' id='word_1_29' title='bbox 173 1704 305 1729; x_wconf 79' lang='lat' dir='ltr'>patriarchae</span> 
     </span>
     <span class='ocr_line' id='line_1_15' title="bbox 122 1736 243 1752; baseline 0 -1"><span class='ocrx_word' id='word_1_30' title='bbox 122 1736 243 1752; x_wconf 83' lang='lat' dir='ltr'>concessae.</span> 
     </span>
    </p>
   </div>
   <div class='ocr_carea' id='block_1_5' title="bbox 124 2476 307 2525">
    <p class='ocr_par' dir='ltr' id='par_1_5' title="bbox 124 2476 307 2525">
     <span class='ocr_line' id='line_1_16' title="bbox 163 2476 307 2504; baseline 0 -7"><span class='ocrx_word' id='word_1_31' title='bbox 163 2476 307 2504; x_wconf 73' lang='lat' dir='ltr'>&#39;transumptis</span> 
     </span>
     <span class='ocr_line' id='line_1_17' title="bbox 124 2503 268 2525; baseline 0.007 -1"><span class='ocrx_word' id='word_1_32' title='bbox 124 2503 194 2525; x_wconf 81' lang='lat' dir='ltr'>danda</span> <span class='ocrx_word' id='word_1_33' title='bbox 209 2504 268 2525; x_wconf 83' lang='lat' dir='ltr'>tides.</span> 
     </span>
    </p>
   </div>
   <div class='ocr_carea' id='block_1_6' title="bbox 929 230 1222 255">
    <p class='ocr_par' dir='ltr' id='par_1_6' title="bbox 929 230 1222 255">
     <span class='ocr_line' id='line_1_18' title="bbox 929 230 1222 255; baseline 0 -1"><span class='ocrx_word' id='word_1_34' title='bbox 929 231 1070 255; x_wconf 80' lang='lat' dir='ltr'><strong>URBANUS</strong></span> <span class='ocrx_word' id='word_1_35' title='bbox 1095 230 1150 254; x_wconf 87' lang='lat' dir='ltr'>VIII</span> <span class='ocrx_word' id='word_1_36' title='bbox 1174 231 1222 254; x_wconf 72' lang='lat'>1‘1’.</span> 
     </span>
    </p>
   </div>
   <div class='ocr_carea' id='block_1_7' title="bbox 319 279 1064 2675">
    <p class='ocr_par' dir='ltr' id='par_1_7' title="bbox 319 279 1061 591">
     <span class='ocr_line' id='line_1_19' title="bbox 322 279 1059 323; baseline -0.001 -10"><span class='ocrx_word' id='word_1_37' title='bbox 322 280 514 323; x_wconf 81' lang='lat' dir='ltr'>dulgentiam</span> <span class='ocrx_word' id='word_1_38' title='bbox 532 284 562 315; x_wconf 88' lang='lat' dir='ltr'>et</span> <span class='ocrx_word' id='word_1_39' title='bbox 577 280 795 314; x_wconf 81' lang='lat' dir='ltr'>remissionem</span> <span class='ocrx_word' id='word_1_40' title='bbox 820 279 917 313; x_wconf 88' lang='lat' dir='ltr'>semel</span> <span class='ocrx_word' id='word_1_41' title='bbox 941 283 1059 313; x_wconf 88' lang='lat' dir='ltr'>tantum</span> 
     </span>
     <span class='ocr_line' id='line_1_20' title="bbox 321 333 1057 378; baseline -0.004 -11"><span class='ocrx_word' id='word_1_42' title='bbox 321 339 568 377; x_wconf 82' lang='lat' dir='ltr'>consequantur,</span> <span class='ocrx_word' id='word_1_43' title='bbox 594 334 725 378; x_wconf 78' lang='lat' dir='ltr'>perinde</span> <span class='ocrx_word' id='word_1_44' title='bbox 745 344 780 367; x_wconf 88' lang='lat' dir='ltr'>ac</span> <span class='ocrx_word' id='word_1_45' title='bbox 805 333 829 366; x_wconf 90' lang='lat' dir='ltr'>si</span> <span class='ocrx_word' id='word_1_46' title='bbox 853 338 987 377; x_wconf 88' lang='lat' dir='ltr'>quatuor</span> <span class='ocrx_word' id='word_1_47' title='bbox 1004 343 1057 365; x_wconf 88' lang='lat' dir='ltr'>ee-</span> 
     </span>
     <span class='ocr_line' id='line_1_21' title="bbox 321 386 1060 430; baseline -0.003 -10"><span class='ocrx_word' id='word_1_48' title='bbox 321 387 431 421; x_wconf 86' lang='lat' dir='ltr'>clesias</span> <span class='ocrx_word' id='word_1_49' title='bbox 441 388 541 421; x_wconf 85' lang='lat' dir='ltr'>dictae</span> <span class='ocrx_word' id='word_1_50' title='bbox 551 388 651 420; x_wconf 84' lang='lat' dir='ltr'>almae</span> <span class='ocrx_word' id='word_1_51' title='bbox 665 387 758 420; x_wconf 89' lang='lat' dir='ltr'>Urbis</span> <span class='ocrx_word' id='word_1_52' title='bbox 770 398 827 430; x_wconf 93' lang='lat' dir='ltr'>pro</span> <span class='ocrx_word' id='word_1_53' title='bbox 841 386 1060 429; x_wconf 88' lang='lat' dir='ltr'>consequendo</span> 
     </span>
     <span class='ocr_line' id='line_1_22' title="bbox 320 439 1060 474; baseline -0.004 -1"><span class='ocrx_word' id='word_1_54' title='bbox 320 440 455 473; x_wconf 90' lang='lat' dir='ltr'>iubilaeo</span> <span class='ocrx_word' id='word_1_55' title='bbox 479 440 660 474; x_wconf 88' lang='lat' dir='ltr'>huiusmodi</span> <span class='ocrx_word' id='word_1_56' title='bbox 685 440 806 473; x_wconf 86' lang='lat' dir='ltr'>statutis</span> <span class='ocrx_word' id='word_1_57' title='bbox 833 439 872 472; x_wconf 87' lang='lat' dir='ltr'>ad</span> <span class='ocrx_word' id='word_1_58' title='bbox 896 439 927 471; x_wconf 86' lang='lat' dir='ltr'>id</span> <span class='ocrx_word' id='word_1_59' title='bbox 951 439 1060 471; x_wconf 84' lang='lat' dir='ltr'>diebus</span> 
     </span>
     <span class='ocr_line' id='line_1_23' title="bbox 319 492 1061 537; baseline -0.004 -10"><span class='ocrx_word' id='word_1_60' title='bbox 319 495 527 537; x_wconf 69' lang='lat' dir='ltr'>personaliter</span> <span class='ocrx_word' id='word_1_61' title='bbox 544 494 728 535; x_wconf 76' lang='lat' dir='ltr'>visitassent,</span> <span class='ocrx_word' id='word_1_62' title='bbox 754 497 784 527; x_wconf 85' lang='lat' dir='ltr'>et</span> <span class='ocrx_word' id='word_1_63' title='bbox 806 493 866 526; x_wconf 88' lang='lat' dir='ltr'>alia</span> <span class='ocrx_word' id='word_1_64' title='bbox 883 492 921 525; x_wconf 89' lang='lat' dir='ltr'>ad</span> <span class='ocrx_word' id='word_1_65' title='bbox 938 493 998 526; x_wconf 91' lang='grc'>1106</span> <span class='ocrx_word' id='word_1_66' title='bbox 1016 502 1061 524; x_wconf 88' lang='lat' dir='ltr'>re-</span> 
     </span>
     <span class='ocr_line' id='line_1_24' title="bbox 321 547 722 591; baseline 0 -12"><span class='ocrx_word' id='word_1_67' title='bbox 321 547 434 591; x_wconf 89' lang='lat' dir='ltr'>quisita</span> <span class='ocrx_word' id='word_1_68' title='bbox 459 547 722 591; x_wconf 79' lang='lat' dir='ltr'>adimplevissent.</span> 
     </span>
    </p>

    <p class='ocr_par' dir='ltr' id='par_1_8' title="bbox 320 598 1064 1387">
     <span class='ocr_line' id='line_1_25' title="bbox 366 598 1059 643; baseline -0.003 -11"><span class='ocrx_word' id='word_1_69' title='bbox 366 600 381 643; x_wconf 77' lang='lat'><strong>§</strong></span> <span class='ocrx_word' id='word_1_70' title='bbox 398 599 426 632; x_wconf 63' lang='lat'>9..</span> <span class='ocrx_word' id='word_1_71' title='bbox 448 600 486 633; x_wconf 90' lang='lat' dir='ltr'>Et</span> <span class='ocrx_word' id='word_1_72' title='bbox 501 599 539 632; x_wconf 87' lang='lat' dir='ltr'>ad</span> <span class='ocrx_word' id='word_1_73' title='bbox 556 600 640 632; x_wconf 88' lang='lat' dir='ltr'>hunc</span> <span class='ocrx_word' id='word_1_74' title='bbox 657 598 814 640; x_wconf 81' lang='lat' dir='ltr'>effectum,</span> <span class='ocrx_word' id='word_1_75' title='bbox 835 598 913 639; x_wconf 90' lang='lat' dir='ltr'>illis,</span> <span class='ocrx_word' id='word_1_76' title='bbox 930 603 965 630; x_wconf 91' lang='lat' dir='ltr'>ut</span> <span class='ocrx_word' id='word_1_77' title='bbox 986 608 1059 631; x_wconf 88' lang='lat' dir='ltr'>con-</span> 
     </span>
     <span class='ocr_line' id='line_1_26' title="bbox 320 650 1060 697; baseline -0.005 -11"><span class='ocrx_word' id='word_1_78' title='bbox 320 653 488 693; x_wconf 84' lang='lat' dir='ltr'>fessarios,</span> <span class='ocrx_word' id='word_1_79' title='bbox 520 663 599 697; x_wconf 89' lang='lat' dir='ltr'>quos</span> <span class='ocrx_word' id='word_1_80' title='bbox 626 652 709 684; x_wconf 89' lang='lat' dir='ltr'>idem</span> <span class='ocrx_word' id='word_1_81' title='bbox 732 651 910 695; x_wconf 82' lang='lat' dir='ltr'>patriarcha</span> <span class='ocrx_word' id='word_1_82' title='bbox 934 650 1060 683; x_wconf 87' lang='lat' dir='ltr'>iubilaei</span> 
     </span>
     <span class='ocr_line' id='line_1_27' title="bbox 320 703 1058 745; baseline -0.004 -6"><span class='ocrx_word' id='word_1_83' title='bbox 320 705 502 739; x_wconf 90' lang='lat' dir='ltr'>huiusmodi</span> <span class='ocrx_word' id='word_1_84' title='bbox 527 706 620 745; x_wconf 76' lang='lat' dir='ltr'>causa</span> <span class='ocrx_word' id='word_1_85' title='bbox 644 705 677 737; x_wconf 92' lang='lat' dir='ltr'>in</span> <span class='ocrx_word' id='word_1_86' title='bbox 700 704 821 737; x_wconf 89' lang='lat' dir='ltr'>statutis</span> <span class='ocrx_word' id='word_1_87' title='bbox 841 703 981 737; x_wconf 90' lang='lat' dir='ltr'>ecclesiis</span> <span class='ocrx_word' id='word_1_88' title='bbox 1004 714 1058 736; x_wconf 90' lang='lat' dir='ltr'>re-</span> 
     </span>
     <span class='ocr_line' id='line_1_28' title="bbox 322 757 1060 804; baseline -0.005 -11"><span class='ocrx_word' id='word_1_89' title='bbox 322 759 458 804; x_wconf 84' lang='lat' dir='ltr'>spective</span> <span class='ocrx_word' id='word_1_90' title='bbox 482 758 686 803; x_wconf 86' lang='lat' dir='ltr'>deputaverit,</span> <span class='ocrx_word' id='word_1_91' title='bbox 713 758 772 791; x_wconf 91' lang='lat' dir='ltr'>sibi</span> <span class='ocrx_word' id='word_1_92' title='bbox 795 757 912 800; x_wconf 78' lang='lat' dir='ltr'>eligere</span> <span class='ocrx_word' id='word_1_93' title='bbox 929 757 1060 797; x_wconf 83' lang='lat' dir='ltr'>valeant,</span> 
     </span>
     <span class='ocr_line' id='line_1_29' title="bbox 320 810 1061 857; baseline -0.004 -11"><span class='ocrx_word' id='word_1_94' title='bbox 320 813 522 857; x_wconf 85' lang='lat' dir='ltr'>presbyteros</span> <span class='ocrx_word' id='word_1_95' title='bbox 539 812 704 851; x_wconf 88' lang='lat' dir='ltr'>seculares,</span> <span class='ocrx_word' id='word_1_96' title='bbox 722 812 770 843; x_wconf 86' lang='lat' dir='ltr'>vel</span> <span class='ocrx_word' id='word_1_97' title='bbox 787 810 923 844; x_wconf 90' lang='lat' dir='ltr'>cuiusvis</span> <span class='ocrx_word' id='word_1_98' title='bbox 937 810 1061 843; x_wconf 86' lang='lat' dir='ltr'>Ordinis</span> 
     </span>
     <span class='ocr_line' id='line_1_30' title="bbox 321 863 1061 909; baseline -0.005 -10"><span class='ocrx_word' id='word_1_99' title='bbox 321 867 495 909; x_wconf 82' lang='lat' dir='ltr'>regulares,</span> <span class='ocrx_word' id='word_1_100' title='bbox 513 865 576 909; x_wconf 82' lang='lat' dir='ltr'>qui,</span> <span class='ocrx_word' id='word_1_101' title='bbox 598 864 847 898; x_wconf 85' lang='lat' dir='ltr'>confessionibus</span> <span class='ocrx_word' id='word_1_102' title='bbox 865 864 990 897; x_wconf 87' lang='lat' dir='ltr'>illorum</span> <span class='ocrx_word' id='word_1_103' title='bbox 1015 863 1061 895; x_wconf 87' lang='lat' dir='ltr'>di-</span> 
     </span>
     <span class='ocr_line' id='line_1_31' title="bbox 320 918 1063 963; baseline -0.003 -11"><span class='ocrx_word' id='word_1_104' title='bbox 320 920 454 963; x_wconf 81' lang='lat' dir='ltr'>ligenter</span> <span class='ocrx_word' id='word_1_105' title='bbox 478 919 602 959; x_wconf 86' lang='lat' dir='ltr'>auditis,</span> <span class='ocrx_word' id='word_1_106' title='bbox 627 929 680 952; x_wconf 90' lang='lat' dir='ltr'>eos</span> <span class='ocrx_word' id='word_1_107' title='bbox 697 929 733 951; x_wconf 88' lang='lat' dir='ltr'>ac</span> <span class='ocrx_word' id='word_1_108' title='bbox 761 929 871 951; x_wconf 89' lang='lat' dir='ltr'>eorum</span> <span class='ocrx_word' id='word_1_109' title='bbox 890 918 1063 961; x_wconf 79' lang='lat' dir='ltr'>quemlibet</span> 
     </span>
     <span class='ocr_line' id='line_1_32' title="bbox 321 971 1062 1017; baseline -0.004 -11"><span class='ocrx_word' id='word_1_110' title='bbox 321 985 339 1006; x_wconf 90' lang='lat' dir='ltr'>a</span> <span class='ocrx_word' id='word_1_111' title='bbox 363 972 526 1017; x_wconf 80' lang='lat' dir='ltr'>quibusvis</span> <span class='ocrx_word' id='word_1_112' title='bbox 551 972 697 1016; x_wconf 86' lang='lat' dir='ltr'>peccatis,</span> <span class='ocrx_word' id='word_1_113' title='bbox 714 971 908 1014; x_wconf 84' lang='lat' dir='ltr'>criminibus,</span> <span class='ocrx_word' id='word_1_114' title='bbox 934 971 1062 1004; x_wconf 82' lang='lat' dir='ltr'>excessi-</span> 
     </span>
     <span class='ocr_line' id='line_1_33' title="bbox 322 1025 1062 1070; baseline -0.003 -10"><span class='ocrx_word' id='word_1_115' title='bbox 322 1027 381 1060; x_wconf 88' lang='lat' dir='ltr'>bus</span> <span class='ocrx_word' id='word_1_116' title='bbox 405 1032 436 1059; x_wconf 89' lang='lat' dir='ltr'>et</span> <span class='ocrx_word' id='word_1_117' title='bbox 459 1026 602 1067; x_wconf 84' lang='lat' dir='ltr'>delictis,</span> <span class='ocrx_word' id='word_1_118' title='bbox 634 1027 727 1058; x_wconf 89' lang='lat' dir='ltr'>etiam</span> <span class='ocrx_word' id='word_1_119' title='bbox 763 1025 834 1059; x_wconf 85' lang='lat' dir='ltr'>Sedi</span> <span class='ocrx_word' id='word_1_120' title='bbox 865 1026 1062 1070; x_wconf 80' lang='lat' dir='ltr'>Apostolieae</span> 
     </span>
     <span class='ocr_line' id='line_1_34' title="bbox 323 1079 1062 1124; baseline -0.003 -11"><span class='ocrx_word' id='word_1_121' title='bbox 323 1080 500 1120; x_wconf 83' lang='lat' dir='ltr'>reservatis,</span> <span class='ocrx_word' id='word_1_122' title='bbox 515 1091 551 1113; x_wconf 86' lang='lat' dir='ltr'>ac</span> <span class='ocrx_word' id='word_1_123' title='bbox 565 1080 597 1112; x_wconf 90' lang='lat' dir='ltr'>in</span> <span class='ocrx_word' id='word_1_124' title='bbox 614 1080 735 1121; x_wconf 78' lang='lat' dir='ltr'>litteris,</span> <span class='ocrx_word' id='word_1_125' title='bbox 746 1079 867 1124; x_wconf 88' lang='lat' dir='ltr'>quaein</span> <span class='ocrx_word' id='word_1_126' title='bbox 881 1080 930 1112; x_wconf 88' lang='lat' dir='ltr'>die</span> <span class='ocrx_word' id='word_1_127' title='bbox 943 1080 1062 1113; x_wconf 88' lang='lat' dir='ltr'>Coenae</span> 
     </span>
     <span class='ocr_line' id='line_1_35' title="bbox 323 1132 1063 1176; baseline -0.001 -11"><span class='ocrx_word' id='word_1_128' title='bbox 323 1133 447 1166; x_wconf 89' lang='lat' dir='ltr'>Domini</span> <span class='ocrx_word' id='word_1_129' title='bbox 471 1133 533 1176; x_wconf 85' lang='lat' dir='ltr'>legi</span> <span class='ocrx_word' id='word_1_130' title='bbox 551 1137 791 1174; x_wconf 86' lang='lat' dir='ltr'>consueverunt,</span> <span class='ocrx_word' id='word_1_131' title='bbox 811 1132 975 1172; x_wconf 85' lang='lat' dir='ltr'>contentis,</span> <span class='ocrx_word' id='word_1_132' title='bbox 993 1143 1063 1165; x_wconf 87' lang='lat' dir='ltr'>nee-</span> 
     </span>
     <span class='ocr_line' id='line_1_36' title="bbox 321 1185 1062 1229; baseline -0.001 -10"><span class='ocrx_word' id='word_1_133' title='bbox 321 1196 385 1219; x_wconf 89' lang='lat' dir='ltr'>non</span> <span class='ocrx_word' id='word_1_134' title='bbox 410 1186 551 1219; x_wconf 84' lang='lat' dir='ltr'>censuris</span> <span class='ocrx_word' id='word_1_135' title='bbox 575 1191 605 1218; x_wconf 89' lang='lat' dir='ltr'>et</span> <span class='ocrx_word' id='word_1_136' title='bbox 629 1185 739 1229; x_wconf 88' lang='lat' dir='ltr'>poenis</span> <span class='ocrx_word' id='word_1_137' title='bbox 764 1186 1000 1227; x_wconf 75' lang='lat' dir='ltr'>ecclesiasticis,</span> <span class='ocrx_word' id='word_1_138' title='bbox 1025 1186 1062 1218; x_wconf 90' lang='lat' dir='ltr'>ad</span> 
     </span>
     <span class='ocr_line' id='line_1_37' title="bbox 323 1239 1064 1283; baseline 0 -11"><span class='ocrx_word' id='word_1_139' title='bbox 323 1239 469 1272; x_wconf 82' lang='lat' dir='ltr'>effectum</span> <span class='ocrx_word' id='word_1_140' title='bbox 482 1239 580 1283; x_wconf 88' lang='lat' dir='ltr'>ipsius</span> <span class='ocrx_word' id='word_1_141' title='bbox 593 1240 719 1272; x_wconf 90' lang='lat' dir='ltr'>iubilaei</span> <span class='ocrx_word' id='word_1_142' title='bbox 734 1239 989 1282; x_wconf 86' lang='lat' dir='ltr'>consequendum</span> <span class='ocrx_word' id='word_1_143' title='bbox 1001 1244 1064 1272; x_wconf 94' lang='lat' dir='ltr'>tan-</span> 
     </span>
     <span class='ocr_line' id='line_1_38' title="bbox 322 1290 1063 1334; baseline 0 -12"><span class='ocrx_word' id='word_1_144' title='bbox 322 1295 399 1332; x_wconf 85' lang='lat' dir='ltr'>tum,</span> <span class='ocrx_word' id='word_1_145' title='bbox 425 1290 563 1324; x_wconf 77' lang='lat' dir='ltr'>iniuncta</span> <span class='ocrx_word' id='word_1_146' title='bbox 580 1290 624 1323; x_wconf 89' lang='lat' dir='ltr'>eis</span> <span class='ocrx_word' id='word_1_147' title='bbox 638 1290 830 1334; x_wconf 73' lang='lat' dir='ltr'>poenitentia</span> <span class='ocrx_word' id='word_1_148' title='bbox 855 1290 994 1331; x_wconf 86' lang='lat' dir='ltr'>salutari,</span> <span class='ocrx_word' id='word_1_149' title='bbox 1008 1291 1063 1323; x_wconf 81' lang='lat' dir='ltr'>ab·</span> 
     </span>
     <span class='ocr_line' id='line_1_39' title="bbox 321 1344 609 1387; baseline -0.003 -10"><span class='ocrx_word' id='word_1_150' title='bbox 321 1344 443 1377; x_wconf 89' lang='lat' dir='ltr'>solvere</span> <span class='ocrx_word' id='word_1_151' title='bbox 467 1344 609 1387; x_wconf 75' lang='lat' dir='ltr'>possint,</span> 
     </span>
    </p>

    <p class='ocr_par' dir='ltr' id='par_1_9' title="bbox 320 1397 1064 1653">
     <span class='ocr_line' id='line_1_40' title="bbox 367 1397 1064 1441; baseline 0 -11"><span class='ocrx_word' id='word_1_152' title='bbox 367 1398 381 1441; x_wconf 56' lang='grc' dir='ltr'>ᾗ</span> <span class='ocrx_word' id='word_1_153' title='bbox 404 1397 433 1430; x_wconf 81' lang='grc'>4.</span> <span class='ocrx_word' id='word_1_154' title='bbox 460 1398 589 1430; x_wconf 79' lang='lat' dir='ltr'>Necnon</span> <span class='ocrx_word' id='word_1_155' title='bbox 613 1402 644 1430; x_wconf 91' lang='grc'>61</span> <span class='ocrx_word' id='word_1_156' title='bbox 661 1402 694 1429; x_wconf 86' lang='grc'>111</span> <span class='ocrx_word' id='word_1_157' title='bbox 711 1397 766 1438; x_wconf 91' lang='grc'>1111,</span> <span class='ocrx_word' id='word_1_158' title='bbox 784 1397 837 1441; x_wconf 86' lang='lat' dir='ltr'>qui</span> <span class='ocrx_word' id='word_1_159' title='bbox 854 1398 987 1430; x_wconf 86' lang='lat' dir='ltr'>Romam</span> <span class='ocrx_word' id='word_1_160' title='bbox 1004 1398 1064 1431; x_wconf 87' lang='lat' dir='ltr'>for-</span> 
     </span>
     <span class='ocr_line' id='line_1_41' title="bbox 322 1450 1062 1494; baseline 0 -10"><span class='ocrx_word' id='word_1_161' title='bbox 322 1461 377 1484; x_wconf 87' lang='lat' dir='ltr'>san</span> <span class='ocrx_word' id='word_1_162' title='bbox 401 1456 564 1491; x_wconf 75' lang='lat' dir='ltr'>venerunt,</span> <span class='ocrx_word' id='word_1_163' title='bbox 585 1461 619 1484; x_wconf 90' lang='lat' dir='ltr'>ac</span> <span class='ocrx_word' id='word_1_164' title='bbox 640 1450 810 1483; x_wconf 88' lang='lat' dir='ltr'>iubilaeum</span> <span class='ocrx_word' id='word_1_165' title='bbox 828 1451 931 1494; x_wconf 90' lang='lat' dir='ltr'>ipsum</span> <span class='ocrx_word' id='word_1_166' title='bbox 952 1452 1062 1494; x_wconf 86' lang='lat' dir='ltr'>quovis</span> 
     </span>
     <span class='ocr_line' id='line_1_42' title="bbox 321 1503 1062 1548; baseline 0 -11"><span class='ocrx_word' id='word_1_167' title='bbox 321 1504 416 1537; x_wconf 90' lang='lat' dir='ltr'>modo</span> <span class='ocrx_word' id='word_1_168' title='bbox 441 1504 625 1548; x_wconf 85' lang='lat' dir='ltr'>consequuti</span> <span class='ocrx_word' id='word_1_169' title='bbox 650 1510 731 1545; x_wconf 86' lang='lat' dir='ltr'>sunt,</span> <span class='ocrx_word' id='word_1_170' title='bbox 757 1503 860 1536; x_wconf 88' lang='lat' dir='ltr'>denuo</span> <span class='ocrx_word' id='word_1_171' title='bbox 878 1504 971 1536; x_wconf 87' lang='lat' dir='ltr'>etiam</span> <span class='ocrx_word' id='word_1_172' title='bbox 985 1504 1062 1537; x_wconf 92' lang='lat' dir='ltr'>illud</span> 
     </span>
     <span class='ocr_line' id='line_1_43' title="bbox 321 1558 1061 1602; baseline 0 -12"><span class='ocrx_word' id='word_1_173' title='bbox 321 1558 405 1591; x_wconf 81' lang='lat' dir='ltr'>iuxta</span> <span class='ocrx_word' id='word_1_174' title='bbox 426 1563 569 1591; x_wconf 88' lang='lat' dir='ltr'>tenorem</span> <span class='ocrx_word' id='word_1_175' title='bbox 586 1558 802 1602; x_wconf 88' lang='lat' dir='ltr'>praesentium</span> <span class='ocrx_word' id='word_1_176' title='bbox 827 1558 975 1602; x_wconf 87' lang='lat' dir='ltr'>consequi</span> <span class='ocrx_word' id='word_1_177' title='bbox 1008 1569 1061 1591; x_wconf 85' lang='lat' dir='ltr'>va-</span> 
     </span>
     <span class='ocr_line' id='line_1_44' title="bbox 320 1612 662 1653; baseline 0 -8"><span class='ocrx_word' id='word_1_178' title='bbox 320 1613 424 1653; x_wconf 84' lang='lat' dir='ltr'>leant,</span> <span class='ocrx_word' id='word_1_179' title='bbox 449 1612 662 1645; x_wconf 85' lang='lat' dir='ltr'>concedimus.</span> 
     </span>
    </p>

    <p class='ocr_par' dir='ltr' id='par_1_10' title="bbox 320 1665 1063 2448">
     <span class='ocr_line' id='line_1_45' title="bbox 364 1665 1062 1710; baseline 0 -12"><span class='ocrx_word' id='word_1_180' title='bbox 364 1666 379 1709; x_wconf 64' lang='lat' dir='ltr'>g</span> <span class='ocrx_word' id='word_1_181' title='bbox 397 1665 425 1699; x_wconf 86' lang='lat'>5.</span> <span class='ocrx_word' id='word_1_182' title='bbox 441 1666 607 1699; x_wconf 86' lang='lat' dir='ltr'>Praeterea</span> <span class='ocrx_word' id='word_1_183' title='bbox 624 1665 726 1698; x_wconf 90' lang='lat' dir='ltr'>eidem</span> <span class='ocrx_word' id='word_1_184' title='bbox 741 1665 948 1710; x_wconf 76' lang='lat' dir='ltr'>patriarchae,</span> <span class='ocrx_word' id='word_1_185' title='bbox 960 1670 993 1698; x_wconf 88' lang='lat' dir='ltr'>ut</span> <span class='ocrx_word' id='word_1_186' title='bbox 1009 1676 1062 1698; x_wconf 91' lang='lat' dir='ltr'>cu-</span> 
     </span>
     <span class='ocr_line' id='line_1_46' title="bbox 320 1719 1060 1763; baseline 0 -11"><span class='ocrx_word' id='word_1_187' title='bbox 320 1719 417 1753; x_wconf 89' lang='lat' dir='ltr'>iusvis</span> <span class='ocrx_word' id='word_1_188' title='bbox 434 1719 558 1753; x_wconf 88' lang='lat' dir='ltr'>Ordinis</span> <span class='ocrx_word' id='word_1_189' title='bbox 576 1719 775 1760; x_wconf 83' lang='lat' dir='ltr'>monialibus,</span> <span class='ocrx_word' id='word_1_190' title='bbox 790 1725 820 1752; x_wconf 88' lang='lat' dir='ltr'>et</span> <span class='ocrx_word' id='word_1_191' title='bbox 836 1719 1060 1763; x_wconf 85' lang='lat' dir='ltr'>orphanorum,</span> 
     </span>
     <span class='ocr_line' id='line_1_47' title="bbox 321 1772 1063 1816; baseline 0 -11"><span class='ocrx_word' id='word_1_192' title='bbox 321 1773 517 1816; x_wconf 87' lang='lat' dir='ltr'>aliarumque</span> <span class='ocrx_word' id='word_1_193' title='bbox 533 1773 703 1805; x_wconf 86' lang='lat' dir='ltr'>mulierum</span> <span class='ocrx_word' id='word_1_194' title='bbox 728 1772 760 1804; x_wconf 90' lang='lat' dir='ltr'>in</span> <span class='ocrx_word' id='word_1_195' title='bbox 784 1772 944 1805; x_wconf 88' lang='lat' dir='ltr'>communi</span> <span class='ocrx_word' id='word_1_196' title='bbox 962 1772 1063 1805; x_wconf 75' lang='lat' dir='ltr'>viven-</span> 
     </span>
     <span class='ocr_line' id='line_1_48' title="bbox 321 1827 1061 1872; baseline 0 -12"><span class='ocrx_word' id='word_1_197' title='bbox 321 1827 399 1860; x_wconf 87' lang='lat' dir='ltr'>tium</span> <span class='ocrx_word' id='word_1_198' title='bbox 411 1827 717 1870; x_wconf 80' lang='lat' dir='ltr'>congregationibus,</span> <span class='ocrx_word' id='word_1_199' title='bbox 728 1828 766 1860; x_wconf 84' lang='lat' dir='ltr'>ad</span> <span class='ocrx_word' id='word_1_200' title='bbox 780 1828 947 1861; x_wconf 88' lang='lat' dir='ltr'>iubilaeum</span> <span class='ocrx_word' id='word_1_201' title='bbox 958 1828 1061 1872; x_wconf 87' lang='lat' dir='ltr'>ipsum</span> 
     </span>
     <span class='ocr_line' id='line_1_49' title="bbox 321 1879 1060 1915; baseline 0 -2"><span class='ocrx_word' id='word_1_202' title='bbox 321 1879 402 1913; x_wconf 90' lang='lat' dir='ltr'>intra</span> <span class='ocrx_word' id='word_1_203' title='bbox 426 1880 652 1914; x_wconf 87' lang='lat' dir='ltr'>monasterium</span> <span class='ocrx_word' id='word_1_204' title='bbox 681 1881 830 1915; x_wconf 82' lang='lat' dir='ltr'>domosve</span> <span class='ocrx_word' id='word_1_205' title='bbox 855 1892 927 1914; x_wconf 91' lang='lat' dir='ltr'>suas</span> <span class='ocrx_word' id='word_1_206' title='bbox 952 1892 1060 1914; x_wconf 85' lang='lat' dir='ltr'>conse-</span> 
     </span>
     <span class='ocr_line' id='line_1_50' title="bbox 321 1934 1061 1979; baseline 0.001 -13"><span class='ocrx_word' id='word_1_207' title='bbox 321 1934 492 1978; x_wconf 89' lang='lat' dir='ltr'>quendum,</span> <span class='ocrx_word' id='word_1_208' title='bbox 510 1934 713 1977; x_wconf 84' lang='lat' dir='ltr'>conditiones,</span> <span class='ocrx_word' id='word_1_209' title='bbox 735 1935 864 1968; x_wconf 86' lang='lat' dir='ltr'>modum</span> <span class='ocrx_word' id='word_1_210' title='bbox 884 1939 913 1969; x_wconf 89' lang='lat' dir='ltr'>et</span> <span class='ocrx_word' id='word_1_211' title='bbox 939 1940 1061 1979; x_wconf 89' lang='lat' dir='ltr'>tempus</span> 
     </span>
     <span class='ocr_line' id='line_1_51' title="bbox 321 1988 1061 2033; baseline 0.003 -13"><span class='ocrx_word' id='word_1_212' title='bbox 321 1988 539 2032; x_wconf 86' lang='lat' dir='ltr'>praescribere</span> <span class='ocrx_word' id='word_1_213' title='bbox 554 2015 561 2028; x_wconf 87' lang='lat'>,</span> <span class='ocrx_word' id='word_1_214' title='bbox 593 1993 622 2021; x_wconf 87' lang='grc'>61</span> <span class='ocrx_word' id='word_1_215' title='bbox 649 1988 783 2033; x_wconf 88' lang='lat' dir='ltr'>denique</span> <span class='ocrx_word' id='word_1_216' title='bbox 815 1990 845 2022; x_wconf 90' lang='lat' dir='ltr'>in</span> <span class='ocrx_word' id='word_1_217' title='bbox 880 1989 1061 2033; x_wconf 85' lang='lat' dir='ltr'>praemissis</span> 
     </span>
     <span class='ocr_line' id='line_1_52' title="bbox 321 2041 1060 2085; baseline 0.003 -12"><span class='ocrx_word' id='word_1_218' title='bbox 321 2041 467 2074; x_wconf 88' lang='lat' dir='ltr'>omnibus</span> <span class='ocrx_word' id='word_1_219' title='bbox 487 2046 516 2074; x_wconf 90' lang='lat' dir='ltr'>et</span> <span class='ocrx_word' id='word_1_220' title='bbox 541 2041 672 2084; x_wconf 88' lang='lat' dir='ltr'>singulis</span> <span class='ocrx_word' id='word_1_221' title='bbox 693 2042 777 2075; x_wconf 90' lang='lat' dir='ltr'>illius</span> <span class='ocrx_word' id='word_1_222' title='bbox 793 2042 924 2075; x_wconf 89' lang='lat' dir='ltr'>arbitrio</span> <span class='ocrx_word' id='word_1_223' title='bbox 949 2043 1060 2085; x_wconf 80' lang='lat' dir='ltr'>facere,</span> 
     </span>
     <span class='ocr_line' id='line_1_53' title="bbox 321 2094 1062 2140; baseline 0.004 -14"><span class='ocrx_word' id='word_1_224' title='bbox 321 2094 478 2134; x_wconf 86' lang='lat' dir='ltr'>ordinare,</span> <span class='ocrx_word' id='word_1_225' title='bbox 503 2095 680 2138; x_wconf 81' lang='lat' dir='ltr'>providere,</span> <span class='ocrx_word' id='word_1_226' title='bbox 708 2101 737 2128; x_wconf 89' lang='lat' dir='ltr'>et</span> <span class='ocrx_word' id='word_1_227' title='bbox 762 2106 979 2140; x_wconf 88' lang='lat' dir='ltr'>quaecumque</span> <span class='ocrx_word' id='word_1_228' title='bbox 1003 2096 1062 2129; x_wconf 84' lang='lat' dir='ltr'>sibi</span> 
     </span>
     <span class='ocr_line' id='line_1_54' title="bbox 320 2147 1060 2193; baseline 0.005 -14"><span class='ocrx_word' id='word_1_229' title='bbox 320 2147 385 2180; x_wconf 79' lang='lat' dir='ltr'>visa</span> <span class='ocrx_word' id='word_1_230' title='bbox 404 2147 543 2180; x_wconf 88' lang='lat' dir='ltr'>remedia</span> <span class='ocrx_word' id='word_1_231' title='bbox 559 2154 738 2192; x_wconf 88' lang='lat' dir='ltr'>opportuna</span> <span class='ocrx_word' id='word_1_232' title='bbox 760 2149 927 2182; x_wconf 59' lang='grc' dir='ltr'>3111311616ι</span> <span class='ocrx_word' id='word_1_233' title='bbox 954 2150 1060 2193; x_wconf 88' lang='lat' dir='ltr'>possit,</span> 
     </span>
     <span class='ocr_line' id='line_1_55' title="bbox 320 2201 1061 2246; baseline 0.004 -13"><span class='ocrx_word' id='word_1_234' title='bbox 320 2206 414 2245; x_wconf 89' lang='lat' dir='ltr'>prout</span> <span class='ocrx_word' id='word_1_235' title='bbox 431 2201 606 2234; x_wconf 88' lang='lat' dir='ltr'>animarum</span> <span class='ocrx_word' id='word_1_236' title='bbox 625 2202 716 2235; x_wconf 89' lang='lat' dir='ltr'>saluti</span> <span class='ocrx_word' id='word_1_237' title='bbox 737 2203 883 2246; x_wconf 79' lang='lat' dir='ltr'>expedire</span> <span class='ocrx_word' id='word_1_238' title='bbox 904 2203 1061 2237; x_wconf 84' lang='lat' dir='ltr'>iudicave-</span> 
     </span>
     <span class='ocr_line' id='line_1_56' title="bbox 321 2255 1061 2301; baseline 0.004 -14"><span class='ocrx_word' id='word_1_239' title='bbox 321 2255 379 2295; x_wconf 85' lang='lat' dir='ltr'>rit,</span> <span class='ocrx_word' id='word_1_240' title='bbox 404 2255 580 2288; x_wconf 81' lang='lat' dir='ltr'>facultatem</span> <span class='ocrx_word' id='word_1_241' title='bbox 605 2256 776 2289; x_wconf 86' lang='lat' dir='ltr'>tribuimus</span> <span class='ocrx_word' id='word_1_242' title='bbox 801 2260 831 2290; x_wconf 86' lang='lat' dir='ltr'>et</span> <span class='ocrx_word' id='word_1_243' title='bbox 850 2257 1061 2301; x_wconf 84' lang='lat' dir='ltr'>impartimur.</span> 
     </span>
     <span class='ocr_line' id='line_1_57' title="bbox 321 2308 1062 2344; baseline 0.005 -4"><span class='ocrx_word' id='word_1_244' title='bbox 321 2308 538 2342; x_wconf 83' lang='lat' dir='ltr'>Praesentibus</span> <span class='ocrx_word' id='word_1_245' title='bbox 562 2309 601 2342; x_wconf 91' lang='lat' dir='ltr'>ad</span> <span class='ocrx_word' id='word_1_246' title='bbox 624 2314 688 2342; x_wconf 86' lang='lat' dir='ltr'>tres</span> <span class='ocrx_word' id='word_1_247' title='bbox 712 2320 834 2343; x_wconf 90' lang='lat' dir='ltr'>menses</span> <span class='ocrx_word' id='word_1_248' title='bbox 848 2314 966 2344; x_wconf 90' lang='lat' dir='ltr'>tantum</span> <span class='ocrx_word' id='word_1_249' title='bbox 980 2322 997 2343; x_wconf 88' lang='lat' dir='ltr'>a</span> <span class='ocrx_word' id='word_1_250' title='bbox 1013 2311 1062 2344; x_wconf 89' lang='lat' dir='ltr'>die</span> 
     </span>
     <span class='ocr_line' id='line_1_58' title="bbox 321 2361 1062 2408; baseline 0.005 -15"><span class='ocrx_word' id='word_1_251' title='bbox 321 2361 446 2394; x_wconf 89' lang='lat' dir='ltr'>illarum</span> <span class='ocrx_word' id='word_1_252' title='bbox 466 2362 688 2406; x_wconf 88' lang='lat' dir='ltr'>publicationis</span> <span class='ocrx_word' id='word_1_253' title='bbox 701 2364 928 2408; x_wconf 88' lang='lat' dir='ltr'>computandos</span> <span class='ocrx_word' id='word_1_254' title='bbox 942 2369 1062 2398; x_wconf 89' lang='lat' dir='ltr'>tantum</span> 
     </span>
     <span class='ocr_line' id='line_1_59' title="bbox 322 2415 473 2448; baseline 0.007 -1"><span class='ocrx_word' id='word_1_255' title='bbox 322 2415 473 2448; x_wconf 87' lang='lat' dir='ltr'>valituris.</span> 
     </span>
    </p>

    <p class='ocr_par' dir='ltr' id='par_1_11' title="bbox 321 2467 1062 2621">
     <span class='ocr_line' id='line_1_60' title="bbox 366 2467 1062 2516; baseline 0.007 -15"><span class='ocrx_word' id='word_1_256' title='bbox 366 2468 381 2512; x_wconf 63' lang='grc' dir='ltr'>ἓ</span> <span class='ocrx_word' id='word_1_257' title='bbox 402 2467 431 2501; x_wconf 87' lang='grc'>6.</span> <span class='ocrx_word' id='word_1_258' title='bbox 452 2468 603 2502; x_wconf 90' lang='lat' dir='ltr'>Volumus</span> <span class='ocrx_word' id='word_1_259' title='bbox 620 2474 735 2513; x_wconf 79' lang='lat' dir='ltr'>autem,</span> <span class='ocrx_word' id='word_1_260' title='bbox 748 2471 831 2515; x_wconf 90' lang='lat' dir='ltr'>quod</span> <span class='ocrx_word' id='word_1_261' title='bbox 849 2473 1062 2516; x_wconf 85' lang='lat' dir='ltr'>praesentium</span> 
     </span>
     <span class='ocr_line' id='line_1_61' title="bbox 322 2520 1062 2566; baseline 0.007 -14"><span class='ocrx_word' id='word_1_262' title='bbox 322 2520 539 2564; x_wconf 82' lang='lat' dir='ltr'>transumptis,</span> <span class='ocrx_word' id='word_1_263' title='bbox 554 2520 646 2553; x_wconf 87' lang='lat' dir='ltr'>etiam</span> <span class='ocrx_word' id='word_1_264' title='bbox 664 2522 835 2566; x_wconf 73' lang='lat' dir='ltr'>impressis,</span> <span class='ocrx_word' id='word_1_265' title='bbox 855 2533 950 2556; x_wconf 89' lang='lat' dir='ltr'>manu</span> <span class='ocrx_word' id='word_1_266' title='bbox 969 2525 1062 2557; x_wconf 90' lang='lat' dir='ltr'>alicu-</span> 
     </span>
     <span class='ocr_line' id='line_1_62' title="bbox 321 2573 1061 2621; baseline 0.005 -15"><span class='ocrx_word' id='word_1_267' title='bbox 321 2573 370 2607; x_wconf 92' lang='lat' dir='ltr'>ius</span> <span class='ocrx_word' id='word_1_268' title='bbox 392 2573 508 2606; x_wconf 87' lang='lat' dir='ltr'>notarii</span> <span class='ocrx_word' id='word_1_269' title='bbox 531 2574 647 2617; x_wconf 88' lang='lat' dir='ltr'>publici</span> <span class='ocrx_word' id='word_1_270' title='bbox 676 2575 879 2620; x_wconf 89' lang='lat' dir='ltr'>subscriptis,</span> <span class='ocrx_word' id='word_1_271' title='bbox 905 2582 934 2609; x_wconf 87' lang='lat' dir='ltr'>et</span> <span class='ocrx_word' id='word_1_272' title='bbox 958 2577 1061 2621; x_wconf 83' lang='lat' dir='ltr'>sigillo</span> 
     </span>
    </p>

    <p class='ocr_par' dir='ltr' id='par_1_12' title="bbox 357 2635 895 2675">
     <span class='ocr_line' id='line_1_63' title="bbox 357 2635 895 2675; baseline 0.009 -13"><span class='ocrx_word' id='word_1_273' title='bbox 357 2636 369 2662; x_wconf 80' lang='lat'>1</span> <span class='ocrx_word' id='word_1_274' title='bbox 386 2635 456 2663; x_wconf 88' lang='lat' dir='ltr'>Edit.</span> <span class='ocrx_word' id='word_1_275' title='bbox 472 2636 551 2663; x_wconf 84' lang='lat' dir='ltr'>Main.</span> <span class='ocrx_word' id='word_1_276' title='bbox 568 2636 633 2671; x_wconf 84' lang='lat' dir='ltr'>legit</span> <span class='ocrx_word' id='word_1_277' title='bbox 646 2637 779 2666; x_wconf 78' lang='lat' dir='ltr'>adhiberi</span> <span class='ocrx_word' id='word_1_278' title='bbox 795 2640 830 2675; x_wconf 75' lang='lat' dir='ltr'>(R.</span> <span class='ocrx_word' id='word_1_279' title='bbox 847 2640 895 2675; x_wconf 85' lang='grc' dir='ltr'>τ.).</span> 
     </span>
    </p>
   </div>
   <div class='ocr_carea' id='block_1_8' title="bbox 404 2692 1010 2722">
    <p class='ocr_par' dir='ltr' id='par_1_13' title="bbox 404 2692 1010 2722">
     <span class='ocr_line' id='line_1_64' title="bbox 404 2692 1010 2722; baseline 0.003 -3"><span class='ocrx_word' id='word_1_280' title='bbox 404 2692 483 2720; x_wconf 87' lang='lat' dir='ltr'>Bull.</span> <span class='ocrx_word' id='word_1_281' title='bbox 503 2692 588 2720; x_wconf 86' lang='lat' dir='ltr'>Rom.</span> <span class='ocrx_word' id='word_1_282' title='bbox 604 2707 638 2712; x_wconf 98' lang='lat'><strong>—</strong></span> <span class='ocrx_word' id='word_1_283' title='bbox 655 2692 714 2720; x_wconf 78' lang='lat' dir='ltr'>Vol.</span> <span class='ocrx_word' id='word_1_284' title='bbox 735 2693 817 2722; x_wconf 86' lang='lat' dir='ltr'><em>XIII.</em></span> <span class='ocrx_word' id='word_1_285' title='bbox 976 2694 1010 2721; x_wconf 91' lang='lat'>75</span> 
     </span>
    </p>
   </div>
   <div class='ocr_carea' id='block_1_9' title="bbox 1094 219 1836 748">
    <p class='ocr_par' dir='ltr' id='par_1_14' title="bbox 1094 219 1836 524">
     <span class='ocr_line' id='line_1_65' title="bbox 1740 219 1802 251; baseline 0 -1"><span class='ocrx_word' id='word_1_286' title='bbox 1740 219 1802 251; x_wconf 61' lang='lat'>501³,</span> 
     </span>
     <span class='ocr_line' id='line_1_66' title="bbox 1095 277 1836 322; baseline -0.005 -10"><span class='ocrx_word' id='word_1_287' title='bbox 1095 289 1249 322; x_wconf 87' lang='lat' dir='ltr'>personae</span> <span class='ocrx_word' id='word_1_288' title='bbox 1266 278 1297 310; x_wconf 90' lang='lat' dir='ltr'>in</span> <span class='ocrx_word' id='word_1_289' title='bbox 1315 277 1464 321; x_wconf 77' lang='lat' dir='ltr'>dignitate</span> <span class='ocrx_word' id='word_1_290' title='bbox 1485 277 1694 310; x_wconf 59' lang='lat' dir='ltr'>ecclesiastica</span> <span class='ocrx_word' id='word_1_291' title='bbox 1721 277 1836 309; x_wconf 44' lang='lat' dir='ltr'>consti-</span> 
     </span>
     <span class='ocr_line' id='line_1_67' title="bbox 1095 330 1835 374; baseline -0.005 -10"><span class='ocrx_word' id='word_1_292' title='bbox 1095 337 1178 365; x_wconf 87' lang='lat' dir='ltr'>tutae</span> <span class='ocrx_word' id='word_1_293' title='bbox 1198 331 1336 371; x_wconf 85' lang='lat' dir='ltr'>munitis,</span> <span class='ocrx_word' id='word_1_294' title='bbox 1362 331 1468 364; x_wconf 83' lang='lat' dir='ltr'>eadem</span> <span class='ocrx_word' id='word_1_295' title='bbox 1490 342 1620 374; x_wconf 61' lang='lat' dir='ltr'>prorsus¹</span> <span class='ocrx_word' id='word_1_296' title='bbox 1638 330 1715 361; x_wconf 77' lang='lat' dir='ltr'>tides</span> <span class='ocrx_word' id='word_1_297' title='bbox 1734 330 1763 361; x_wconf 85' lang='lat' dir='ltr'>in</span> <span class='ocrx_word' id='word_1_298' title='bbox 1789 330 1835 361; x_wconf 90' lang='lat' dir='ltr'>iu-</span> 
     </span>
     <span class='ocr_line' id='line_1_68' title="bbox 1094 384 1835 428; baseline -0.003 -11"><span class='ocrx_word' id='word_1_299' title='bbox 1094 385 1176 418; x_wconf 87' lang='lat' dir='ltr'>dicio</span> <span class='ocrx_word' id='word_1_300' title='bbox 1206 390 1236 418; x_wconf 88' lang='lat' dir='ltr'>et</span> <span class='ocrx_word' id='word_1_301' title='bbox 1265 389 1350 419; x_wconf 82' lang='lat' dir='ltr'>extra</span> <span class='ocrx_word' id='word_1_302' title='bbox 1376 385 1491 428; x_wconf 79' lang='lat' dir='ltr'>ubique</span> <span class='ocrx_word' id='word_1_303' title='bbox 1519 384 1725 423; x_wconf 67' lang='lat' dir='ltr'>adhibeatur,</span> <span class='ocrx_word' id='word_1_304' title='bbox 1755 394 1835 425; x_wconf 71' lang='lat' dir='ltr'>quac</span> 
     </span>
     <span class='ocr_line' id='line_1_69' title="bbox 1094 436 1833 482; baseline -0.003 -12"><span class='ocrx_word' id='word_1_305' title='bbox 1094 439 1169 482; x_wconf 89' lang='lat' dir='ltr'>ipsis</span> <span class='ocrx_word' id='word_1_306' title='bbox 1193 439 1398 481; x_wconf 79' lang='lat' dir='ltr'>originalibus</span> <span class='ocrx_word' id='word_1_307' title='bbox 1422 438 1534 471; x_wconf 79' lang='lat' dir='ltr'>litteris</span> <span class='ocrx_word' id='word_1_308' title='bbox 1558 438 1783 478; x_wconf 72' lang='lat' dir='ltr'>adhiberetur,</span> <span class='ocrx_word' id='word_1_309' title='bbox 1810 436 1833 468; x_wconf 66' lang='lat' dir='ltr'>si</span> 
     </span>
     <span class='ocr_line' id='line_1_70' title="bbox 1094 491 1602 524; baseline -0.004 0"><span class='ocrx_word' id='word_1_310' title='bbox 1094 492 1196 524; x_wconf 85' lang='lat' dir='ltr'>forent</span> <span class='ocrx_word' id='word_1_311' title='bbox 1209 491 1365 523; x_wconf 80' lang='lat' dir='ltr'>exhibitae</span> <span class='ocrx_word' id='word_1_312' title='bbox 1383 492 1429 523; x_wconf 76' lang='lat' dir='ltr'>vel</span> <span class='ocrx_word' id='word_1_313' title='bbox 1450 497 1602 523; x_wconf 77' lang='lat' dir='ltr'>ostensae.</span> 
     </span>
    </p>

    <p class='ocr_par' dir='ltr' id='par_1_15' title="bbox 1094 544 1835 695">
     <span class='ocr_line' id='line_1_71' title="bbox 1139 544 1834 588; baseline -0.003 -11"><span class='ocrx_word' id='word_1_314' title='bbox 1139 545 1250 577; x_wconf 85' lang='lat' dir='ltr'>Datum</span> <span class='ocrx_word' id='word_1_315' title='bbox 1275 546 1402 585; x_wconf 85' lang='lat' dir='ltr'>Romae,</span> <span class='ocrx_word' id='word_1_316' title='bbox 1427 545 1510 588; x_wconf 84' lang='lat' dir='ltr'>apud</span> <span class='ocrx_word' id='word_1_317' title='bbox 1535 547 1563 577; x_wconf 70' lang='lat' dir='ltr'>S.</span> <span class='ocrx_word' id='word_1_318' title='bbox 1586 545 1712 577; x_wconf 76' lang='lat' dir='ltr'>Mariam</span> <span class='ocrx_word' id='word_1_319' title='bbox 1739 544 1834 577; x_wconf 78' lang='lat' dir='ltr'>Maio-</span> 
     </span>
     <span class='ocr_line' id='line_1_72' title="bbox 1094 598 1835 639; baseline -0.004 -8"><span class='ocrx_word' id='word_1_320' title='bbox 1094 608 1173 638; x_wconf 88' lang='lat' dir='ltr'>rem,</span> <span class='ocrx_word' id='word_1_321' title='bbox 1191 598 1249 631; x_wconf 90' lang='lat' dir='ltr'>sub</span> <span class='ocrx_word' id='word_1_322' title='bbox 1263 599 1378 631; x_wconf 90' lang='lat' dir='ltr'>annulo</span> <span class='ocrx_word' id='word_1_323' title='bbox 1396 598 1572 637; x_wconf 79' lang='lat' dir='ltr'>l&#39;iscatoris,</span> <span class='ocrx_word' id='word_1_324' title='bbox 1590 599 1639 630; x_wconf 80' lang='lat' dir='ltr'>dic</span> <span class='ocrx_word' id='word_1_325' title='bbox 1655 608 1835 639; x_wconf 52' lang='grc'>1111113063-</span> 
     </span>
     <span class='ocr_line' id='line_1_73' title="bbox 1094 652 1833 695; baseline -0.003 -10"><span class='ocrx_word' id='word_1_326' title='bbox 1094 652 1133 685; x_wconf 88' lang='lat' dir='ltr'>sti</span> <span class='ocrx_word' id='word_1_327' title='bbox 1158 662 1321 692; x_wconf 80' lang='lat' dir='ltr'>mncxxvu,</span> <span class='ocrx_word' id='word_1_328' title='bbox 1346 652 1545 695; x_wconf 82' lang='lat' dir='ltr'>pontificatus</span> <span class='ocrx_word' id='word_1_329' title='bbox 1570 653 1668 684; x_wconf 76' lang='lat' dir='ltr'>nostri</span> <span class='ocrx_word' id='word_1_330' title='bbox 1698 663 1780 684; x_wconf 81' lang='grc'>311110</span> <span class='ocrx_word' id='word_1_331' title='bbox 1807 662 1833 683; x_wconf 78' lang='lat' dir='ltr'>v.</span> 
     </span>
    </p>

    <p class='ocr_par' dir='ltr' id='par_1_16' title="bbox 1130 713 1776 748">
     <span class='ocr_line' id='line_1_74' title="bbox 1130 713 1776 748; baseline -0.002 -6"><span class='ocrx_word' id='word_1_332' title='bbox 1130 715 1188 742; x_wconf 81' lang='lat' dir='ltr'>Dat.</span> <span class='ocrx_word' id='word_1_333' title='bbox 1210 714 1253 741; x_wconf 83' lang='lat' dir='ltr'>die</span> <span class='ocrx_word' id='word_1_334' title='bbox 1273 714 1302 741; x_wconf 90' lang='grc'>31</span> <span class='ocrx_word' id='word_1_335' title='bbox 1326 713 1432 748; x_wconf 84' lang='lat' dir='ltr'>augusti</span> <span class='ocrx_word' id='word_1_336' title='bbox 1454 713 1531 746; x_wconf 78' lang='lat'>1627,</span> <span class='ocrx_word' id='word_1_337' title='bbox 1553 713 1647 748; x_wconf 85' lang='lat' dir='ltr'>pontif.</span> <span class='ocrx_word' id='word_1_338' title='bbox 1666 722 1736 740; x_wconf 88' lang='grc'>311110</span> <span class='ocrx_word' id='word_1_339' title='bbox 1753 721 1776 741; x_wconf 77' lang='lat' dir='ltr'>v.</span> 
     </span>
    </p>
   </div>
   <div class='ocr_carea' id='block_1_10' title="bbox 1410 832 1526 880">
    <p class='ocr_par' dir='ltr' id='par_1_17' title="bbox 1410 832 1526 880">
     <span class='ocr_line' id='line_1_75' title="bbox 1410 832 1526 880; baseline -0.009 0"><span class='ocrx_word' id='word_1_340' title='bbox 1410 832 1526 880; x_wconf 74' lang='lat' dir='ltr'>ectix.</span> 
     </span>
    </p>
   </div>
   <div class='ocr_carea' id='block_1_11' title="bbox 1096 929 1838 1391">
    <p class='ocr_par' dir='ltr' id='par_1_18' title="bbox 1096 929 1838 1391">
     <span class='ocr_line' id='line_1_76' title="bbox 1096 929 1836 964; baseline 0 -1"><span class='ocrx_word' id='word_1_341' title='bbox 1096 929 1272 964; x_wconf 77' lang='lat' dir='ltr'>Inclultum</span> <span class='ocrx_word' id='word_1_342' title='bbox 1285 929 1472 963; x_wconf 63' lang='lat' dir='ltr'>celebrandi</span> <span class='ocrx_word' id='word_1_343' title='bbox 1484 931 1618 963; x_wconf 76' lang='lat' dir='ltr'>missam</span> <span class='ocrx_word' id='word_1_344' title='bbox 1632 935 1660 963; x_wconf 81' lang='lat' dir='ltr'>el</span> <span class='ocrx_word' id='word_1_345' title='bbox 1675 930 1836 963; x_wconf 68' lang='lat' dir='ltr'>recitandi</span> 
     </span>
     <span class='ocr_line' id='line_1_77' title="bbox 1141 985 1838 1027; baseline 0 -10"><span class='ocrx_word' id='word_1_346' title='bbox 1141 985 1280 1027; x_wconf 77' lang='lat' dir='ltr'>officium</span> <span class='ocrx_word' id='word_1_347' title='bbox 1305 985 1357 1017; x_wconf 74' lang='lat' dir='ltr'>die</span> <span class='ocrx_word' id='word_1_348' title='bbox 1378 994 1395 1017; x_wconf 88' lang='lat' dir='ltr'>v</span> <span class='ocrx_word' id='word_1_349' title='bbox 1416 985 1578 1027; x_wconf 72' lang='lat' dir='ltr'>februarii</span> <span class='ocrx_word' id='word_1_350' title='bbox 1595 985 1632 1017; x_wconf 81' lang='lat' dir='ltr'>de</span> <span class='ocrx_word' id='word_1_351' title='bbox 1659 985 1838 1026; x_wconf 67' lang='lat' dir='ltr'>viqintilri-</span> 
     </span>
     <span class='ocr_line' id='line_1_78' title="bbox 1142 1038 1838 1081; baseline 0.001 -11"><span class='ocrx_word' id='word_1_352' title='bbox 1142 1038 1199 1070; x_wconf 80' lang='lat' dir='ltr'>bus</span> <span class='ocrx_word' id='word_1_353' title='bbox 1223 1038 1446 1081; x_wconf 75' lang='lat' dir='ltr'>Marlyribus,</span> <span class='ocrx_word' id='word_1_354' title='bbox 1475 1049 1512 1070; x_wconf 64' lang='lat' dir='ltr'>eas</span> <span class='ocrx_word' id='word_1_355' title='bbox 1543 1038 1664 1072; x_wconf 72' lang='lat' dir='ltr'>Ordine</span> <span class='ocrx_word' id='word_1_356' title='bbox 1695 1040 1838 1081; x_wconf 74' lang='lat' dir='ltr'>fratrum</span> 
     </span>
     <span class='ocr_line' id='line_1_79' title="bbox 1141 1091 1838 1125; baseline -0.001 -1"><span class='ocrx_word' id='word_1_357' title='bbox 1141 1092 1309 1124; x_wconf 69' lang='lat' dir='ltr'>minorum</span> <span class='ocrx_word' id='word_1_358' title='bbox 1329 1092 1359 1125; x_wconf 88' lang='lat' dir='ltr'>S.</span> <span class='ocrx_word' id='word_1_359' title='bbox 1378 1091 1408 1124; x_wconf 91' lang='lat' dir='ltr'><em>F</em></span> <span class='ocrx_word' id='word_1_360' title='bbox 1409 1092 1548 1123; x_wconf 71' lang='lat' dir='ltr'>rancis-ci</span> <span class='ocrx_word' id='word_1_361' title='bbox 1568 1092 1604 1124; x_wconf 78' lang='lat' dir='ltr'>dc</span> <span class='ocrx_word' id='word_1_362' title='bbox 1624 1092 1838 1125; x_wconf 72' lang='lat' dir='ltr'>Observunlict</span> 
     </span>
     <span class='ocr_line' id='line_1_80' title="bbox 1137 1145 1838 1188; baseline 0 -11"><span class='ocrx_word' id='word_1_363' title='bbox 1137 1145 1325 1188; x_wconf 73' lang='lat' dir='ltr'>provinciae</span> <span class='ocrx_word' id='word_1_364' title='bbox 1342 1145 1618 1177; x_wconf 72' lang='lat' dir='ltr'>Discalceatorum</span> <span class='ocrx_word' id='word_1_365' title='bbox 1637 1146 1667 1177; x_wconf 82' lang='lat' dir='ltr'><strong><em>S</em></strong></span> <span class='ocrx_word' id='word_1_366' title='bbox 1689 1145 1838 1187; x_wconf 60' lang='lat' dir='ltr'>(Ii-esleriz&#39;</span> 
     </span>
     <span class='ocr_line' id='line_1_81' title="bbox 1140 1198 1838 1242; baseline 0 -12"><span class='ocrx_word' id='word_1_367' title='bbox 1140 1198 1419 1242; x_wconf 73' lang='lat' dir='ltr'>Plzilippinarum</span> <span class='ocrx_word' id='word_1_368' title='bbox 1432 1202 1459 1230; x_wconf 83' lang='lat' dir='ltr'>et</span> <span class='ocrx_word' id='word_1_369' title='bbox 1475 1198 1641 1241; x_wconf 76' lang='lat' dir='ltr'>Ictponiae,</span> <span class='ocrx_word' id='word_1_370' title='bbox 1656 1209 1715 1241; x_wconf 78' lang='lat' dir='ltr'>pro</span> <span class='ocrx_word' id='word_1_371' title='bbox 1727 1199 1838 1241; x_wconf 63' lang='lat' dir='ltr'>fratri-</span> 
     </span>
     <span class='ocr_line' id='line_1_82' title="bbox 1141 1251 1837 1295; baseline 0 -11"><span class='ocrx_word' id='word_1_372' title='bbox 1141 1252 1197 1284; x_wconf 81' lang='lat' dir='ltr'>bus</span> <span class='ocrx_word' id='word_1_373' title='bbox 1221 1252 1301 1285; x_wconf 74' lang='lat' dir='ltr'>dicti</span> <span class='ocrx_word' id='word_1_374' title='bbox 1316 1251 1450 1285; x_wconf 74' lang='lat' dir='ltr'>Ordinis</span> <span class='ocrx_word' id='word_1_375' title='bbox 1475 1252 1595 1295; x_wconf 73' lang='lat' dir='ltr'>ubique</span> <span class='ocrx_word' id='word_1_376' title='bbox 1616 1253 1837 1292; x_wconf 51' lang='lat' dir='ltr'>eximentibus,</span> 
     </span>
     <span class='ocr_line' id='line_1_83' title="bbox 1141 1305 1838 1349; baseline -0.001 -11"><span class='ocrx_word' id='word_1_377' title='bbox 1141 1310 1169 1338; x_wconf 80' lang='grc'>61</span> <span class='ocrx_word' id='word_1_378' title='bbox 1190 1316 1250 1348; x_wconf 76' lang='lat' dir='ltr'>pro</span> <span class='ocrx_word' id='word_1_379' title='bbox 1267 1305 1345 1338; x_wconf 75' lang='lat' dir='ltr'>aliis</span> <span class='ocrx_word' id='word_1_380' title='bbox 1362 1306 1620 1349; x_wconf 77' lang='lat' dir='ltr'>quibuscumque</span> <span class='ocrx_word' id='word_1_381' title='bbox 1644 1306 1838 1338; x_wconf 68' lang='lat' dir='ltr'>itlcmitensis</span> 
     </span>
     <span class='ocr_line' id='line_1_84' title="bbox 1141 1358 1472 1391; baseline 0 0"><span class='ocrx_word' id='word_1_382' title='bbox 1141 1358 1290 1391; x_wconf 74' lang='lat' dir='ltr'>dioecesis</span> <span class='ocrx_word' id='word_1_383' title='bbox 1317 1358 1472 1391; x_wconf 45' lang='lat' dir='ltr'>tantum&amp;</span> 
     </span>
    </p>
   </div>
   <div class='ocr_carea' id='block_1_12' title="bbox 1217 1439 1715 1518">
    <p class='ocr_par' dir='ltr' id='par_1_19' title="bbox 1217 1439 1715 1518">
     <span class='ocr_line' id='line_1_85' title="bbox 1305 1439 1629 1473; baseline 0 -7"><span class='ocrx_word' id='word_1_384' title='bbox 1305 1439 1440 1467; x_wconf 86' lang='lat' dir='ltr'>Urbanus</span> <span class='ocrx_word' id='word_1_385' title='bbox 1457 1440 1536 1473; x_wconf 84' lang='lat' dir='ltr'>Papa</span> <span class='ocrx_word' id='word_1_386' title='bbox 1550 1440 1629 1471; x_wconf 88' lang='lat' dir='ltr'>VIII,</span> 
     </span>
     <span class='ocr_line' id='line_1_86' title="bbox 1217 1484 1715 1518; baseline 0 -8"><span class='ocrx_word' id='word_1_387' title='bbox 1217 1484 1253 1510; x_wconf 84' lang='lat' dir='ltr'>ad</span> <span class='ocrx_word' id='word_1_388' title='bbox 1273 1487 1449 1518; x_wconf 81' lang='lat' dir='ltr'>perpetuam</span> <span class='ocrx_word' id='word_1_389' title='bbox 1469 1485 1513 1511; x_wconf 84' lang='lat' dir='ltr'>rei</span> <span class='ocrx_word' id='word_1_390' title='bbox 1535 1484 1715 1512; x_wconf 86' lang='lat' dir='ltr'>memoriam.</span> 
     </span>
    </p>
   </div>
   <div class='ocr_carea' id='block_1_13' title="bbox 1096 1555 1841 2460">
    <p class='ocr_par' dir='ltr' id='par_1_20' title="bbox 1096 1555 1841 2137">
     <span class='ocr_line' id='line_1_87' title="bbox 1141 1555 1839 1589; baseline 0.001 -2"><span class='ocrx_word' id='word_1_391' title='bbox 1141 1555 1323 1588; x_wconf 79' lang='lat' dir='ltr'>Salvaltoris</span> <span class='ocrx_word' id='word_1_392' title='bbox 1348 1560 1377 1588; x_wconf 89' lang='lat' dir='ltr'>et</span> <span class='ocrx_word' id='word_1_393' title='bbox 1401 1555 1524 1588; x_wconf 89' lang='lat' dir='ltr'>Domini</span> <span class='ocrx_word' id='word_1_394' title='bbox 1544 1556 1644 1588; x_wconf 85' lang='lat' dir='ltr'>nostri</span> <span class='ocrx_word' id='word_1_395' title='bbox 1665 1556 1734 1589; x_wconf 89' lang='grc'>16511</span> <span class='ocrx_word' id='word_1_396' title='bbox 1754 1556 1839 1589; x_wconf 77' lang='lat' dir='ltr'>Clui-</span> 
     </span>
     <span class='ocr_line' id='line_1_88' title="bbox 1097 1608 1839 1653; baseline 0.003 -13"><span class='ocrx_word' id='word_1_397' title='bbox 1097 1608 1156 1649; x_wconf 90' lang='lat' dir='ltr'>sti,</span> <span class='ocrx_word' id='word_1_398' title='bbox 1181 1608 1235 1652; x_wconf 82' lang='lat' dir='ltr'>qui</span> <span class='ocrx_word' id='word_1_399' title='bbox 1269 1608 1384 1641; x_wconf 86' lang='lat' dir='ltr'>milites</span> <span class='ocrx_word' id='word_1_400' title='bbox 1416 1620 1488 1641; x_wconf 92' lang='lat' dir='ltr'>suos</span> <span class='ocrx_word' id='word_1_401' title='bbox 1519 1609 1670 1653; x_wconf 64' lang='lat' dir='ltr'>inclytos,</span> <span class='ocrx_word' id='word_1_402' title='bbox 1702 1621 1839 1653; x_wconf 80' lang='lat' dir='ltr'>quorum</span> 
     </span>
     <span class='ocr_line' id='line_1_89' title="bbox 1097 1662 1839 1706; baseline 0.001 -12"><span class='ocrx_word' id='word_1_403' title='bbox 1097 1672 1183 1694; x_wconf 90' lang='lat' dir='ltr'>mors</span> <span class='ocrx_word' id='word_1_404' title='bbox 1206 1662 1346 1705; x_wconf 88' lang='lat' dir='ltr'>pretiosa</span> <span class='ocrx_word' id='word_1_405' title='bbox 1371 1662 1402 1694; x_wconf 92' lang='lat' dir='ltr'>in</span> <span class='ocrx_word' id='word_1_406' title='bbox 1428 1668 1597 1706; x_wconf 85' lang='lat' dir='ltr'>conspectu</span> <span class='ocrx_word' id='word_1_407' title='bbox 1615 1663 1691 1705; x_wconf 85' lang='lat' dir='ltr'>eius,</span> <span class='ocrx_word' id='word_1_408' title='bbox 1710 1663 1839 1696; x_wconf 88' lang='lat' dir='ltr'>immor-</span> 
     </span>
     <span class='ocr_line' id='line_1_90' title="bbox 1096 1716 1840 1760; baseline 0.001 -12"><span class='ocrx_word' id='word_1_409' title='bbox 1096 1716 1222 1748; x_wconf 84' lang='lat' dir='ltr'>talitatis</span> <span class='ocrx_word' id='word_1_410' title='bbox 1237 1718 1354 1749; x_wconf 73' lang='lat' dir='ltr'>corona</span> <span class='ocrx_word' id='word_1_411' title='bbox 1367 1716 1462 1749; x_wconf 89' lang='lat' dir='ltr'>donat</span> <span class='ocrx_word' id='word_1_412' title='bbox 1476 1716 1507 1748; x_wconf 90' lang='lat' dir='ltr'>in</span> <span class='ocrx_word' id='word_1_413' title='bbox 1520 1716 1623 1758; x_wconf 69' lang='lat' dir='ltr'>caelis,</span> <span class='ocrx_word' id='word_1_414' title='bbox 1639 1717 1720 1749; x_wconf 72' lang='lat' dir='ltr'>vices</span> <span class='ocrx_word' id='word_1_415' title='bbox 1735 1728 1840 1760; x_wconf 85' lang='lat' dir='ltr'>quam-</span> 
     </span>
     <span class='ocr_line' id='line_1_91' title="bbox 1097 1770 1841 1814; baseline 0.001 -12"><span class='ocrx_word' id='word_1_416' title='bbox 1097 1780 1189 1813; x_wconf 89' lang='lat' dir='ltr'>quam</span> <span class='ocrx_word' id='word_1_417' title='bbox 1208 1770 1358 1802; x_wconf 85' lang='lat' dir='ltr'>immeriti</span> <span class='ocrx_word' id='word_1_418' title='bbox 1378 1775 1522 1813; x_wconf 75' lang='lat' dir='ltr'>gerentes</span> <span class='ocrx_word' id='word_1_419' title='bbox 1535 1770 1563 1802; x_wconf 89' lang='lat' dir='ltr'>in</span> <span class='ocrx_word' id='word_1_420' title='bbox 1579 1771 1679 1812; x_wconf 85' lang='lat' dir='ltr'>terris,</span> <span class='ocrx_word' id='word_1_421' title='bbox 1695 1771 1746 1814; x_wconf 88' lang='lat' dir='ltr'>pia</span> <span class='ocrx_word' id='word_1_422' title='bbox 1760 1772 1841 1803; x_wconf 78' lang='lat' dir='ltr'>cliri-</span> 
     </span>
     <span class='ocr_line' id='line_1_92' title="bbox 1097 1823 1841 1868; baseline 0.001 -12"><span class='ocrx_word' id='word_1_423' title='bbox 1097 1823 1277 1856; x_wconf 86' lang='lat' dir='ltr'>stifidelium</span> <span class='ocrx_word' id='word_1_424' title='bbox 1292 1824 1480 1868; x_wconf 85' lang='lat' dir='ltr'>praesertim</span> <span class='ocrx_word' id='word_1_425' title='bbox 1491 1825 1717 1857; x_wconf 83' lang='lat' dir='ltr'>catholicorum</span> <span class='ocrx_word' id='word_1_426' title='bbox 1730 1836 1841 1868; x_wconf 79' lang='lat' dir='ltr'>regum</span> 
     </span>
     <span class='ocr_line' id='line_1_93' title="bbox 1097 1878 1839 1921; baseline 0.003 -12"><span class='ocrx_word' id='word_1_427' title='bbox 1097 1882 1177 1918; x_wconf 81' lang='lat' dir='ltr'>vota,</span> <span class='ocrx_word' id='word_1_428' title='bbox 1201 1888 1260 1921; x_wconf 86' lang='lat' dir='ltr'>per</span> <span class='ocrx_word' id='word_1_429' title='bbox 1277 1888 1356 1921; x_wconf 87' lang='lat' dir='ltr'>quae</span> <span class='ocrx_word' id='word_1_430' title='bbox 1379 1878 1563 1911; x_wconf 88' lang='lat' dir='ltr'>eorumdem</span> <span class='ocrx_word' id='word_1_431' title='bbox 1581 1884 1761 1912; x_wconf 85' lang='lat' dir='ltr'>sauctorum</span> <span class='ocrx_word' id='word_1_432' title='bbox 1781 1879 1839 1911; x_wconf 86' lang='lat' dir='ltr'>ini-</span> 
     </span>
     <span class='ocr_line' id='line_1_94' title="bbox 1096 1931 1840 1975; baseline 0.004 -13"><span class='ocrx_word' id='word_1_433' title='bbox 1096 1931 1187 1963; x_wconf 91' lang='lat' dir='ltr'>litum</span> <span class='ocrx_word' id='word_1_434' title='bbox 1212 1931 1372 1965; x_wconf 86' lang='lat' dir='ltr'>veneratio</span> <span class='ocrx_word' id='word_1_435' title='bbox 1397 1937 1614 1975; x_wconf 83' lang='lat' dir='ltr'>promovetur,</span> <span class='ocrx_word' id='word_1_436' title='bbox 1640 1938 1669 1964; x_wconf 90' lang='lat' dir='ltr'>et</span> <span class='ocrx_word' id='word_1_437' title='bbox 1693 1933 1840 1965; x_wconf 84' lang='lat' dir='ltr'>laudatur</span> 
     </span>
     <span class='ocr_line' id='line_1_95' title="bbox 1096 1984 1840 2026; baseline 0.001 -9"><span class='ocrx_word' id='word_1_438' title='bbox 1096 1984 1247 2018; x_wconf 87' lang='lat' dir='ltr'>Dominus</span> <span class='ocrx_word' id='word_1_439' title='bbox 1271 1985 1303 2017; x_wconf 92' lang='lat' dir='ltr'>in</span> <span class='ocrx_word' id='word_1_440' title='bbox 1328 1985 1442 2018; x_wconf 88' lang='lat' dir='ltr'>sanctis</span> <span class='ocrx_word' id='word_1_441' title='bbox 1466 1986 1540 2026; x_wconf 87' lang='lat' dir='ltr'>suis,</span> <span class='ocrx_word' id='word_1_442' title='bbox 1569 1986 1607 2018; x_wconf 90' lang='lat' dir='ltr'>ad</span> <span class='ocrx_word' id='word_1_443' title='bbox 1632 1986 1840 2018; x_wconf 79' lang='lat' dir='ltr'>exauditionis</span> 
     </span>
     <span class='ocr_line' id='line_1_96' title="bbox 1097 2039 1838 2083; baseline 0.001 -12"><span class='ocrx_word' id='word_1_444' title='bbox 1097 2039 1230 2081; x_wconf 78' lang='lat' dir='ltr'>gratiam</span> <span class='ocrx_word' id='word_1_445' title='bbox 1245 2039 1381 2072; x_wconf 87' lang='lat' dir='ltr'>libenter</span> <span class='ocrx_word' id='word_1_446' title='bbox 1398 2039 1592 2073; x_wconf 86' lang='lat' dir='ltr'>admittimus</span> <span class='ocrx_word' id='word_1_447' title='bbox 1618 2040 1838 2083; x_wconf 68' lang='lat' dir='ltr'>favoribusque</span> 
     </span>
     <span class='ocr_line' id='line_1_97' title="bbox 1097 2093 1728 2137; baseline 0 -12"><span class='ocrx_word' id='word_1_448' title='bbox 1097 2098 1127 2125; x_wconf 89' lang='lat' dir='ltr'>et</span> <span class='ocrx_word' id='word_1_449' title='bbox 1151 2093 1259 2135; x_wconf 85' lang='lat' dir='ltr'>gratiis</span> <span class='ocrx_word' id='word_1_450' title='bbox 1283 2093 1508 2137; x_wconf 88' lang='lat' dir='ltr'>prosequimur</span> <span class='ocrx_word' id='word_1_451' title='bbox 1533 2093 1728 2136; x_wconf 85' lang='lat' dir='ltr'>opportunis.</span> 
     </span>
    </p>

    <p class='ocr_par' dir='ltr' id='par_1_21' title="bbox 1096 2146 1841 2460">
     <span class='ocr_line' id='line_1_98' title="bbox 1141 2146 1838 2190; baseline 0 -12"><span class='ocrx_word' id='word_1_452' title='bbox 1141 2146 1156 2189; x_wconf 64' lang='grc' dir='ltr'><strong>ξ</strong></span> <span class='ocrx_word' id='word_1_453' title='bbox 1181 2146 1209 2178; x_wconf 70' lang='grc'>’1.</span> <span class='ocrx_word' id='word_1_454' title='bbox 1235 2146 1312 2179; x_wconf 88' lang='lat' dir='ltr'>Cum</span> <span class='ocrx_word' id='word_1_455' title='bbox 1338 2147 1463 2190; x_wconf 83' lang='lat' dir='ltr'>itaque,</span> <span class='ocrx_word' id='word_1_456' title='bbox 1489 2146 1567 2179; x_wconf 87' lang='grc'>516111</span> <span class='ocrx_word' id='word_1_457' title='bbox 1600 2147 1731 2179; x_wconf 79' lang='lat' dir='ltr'>dilectus</span> <span class='ocrx_word' id='word_1_458' title='bbox 1756 2146 1838 2179; x_wconf 80' lang='lat' dir='ltr'>sillus</span> 
     </span>
     <span class='ocr_line' id='line_1_99' title="bbox 1097 2200 1840 2243; baseline 0.001 -11"><span class='ocrx_word' id='word_1_459' title='bbox 1097 2200 1208 2232; x_wconf 85' lang='lat' dir='ltr'>Petrus</span> <span class='ocrx_word' id='word_1_460' title='bbox 1233 2200 1379 2243; x_wconf 85' lang='lat' dir='ltr'>Baptista,</span> <span class='ocrx_word' id='word_1_461' title='bbox 1394 2205 1584 2243; x_wconf 87' lang='lat' dir='ltr'>procurator</span> <span class='ocrx_word' id='word_1_462' title='bbox 1601 2200 1733 2233; x_wconf 82' lang='lat' dir='ltr'>fratrum</span> <span class='ocrx_word' id='word_1_463' title='bbox 1753 2200 1840 2233; x_wconf 67' lang='lat' dir='ltr'>[ii-(ti-</span> 
     </span>
     <span class='ocr_line' id='line_1_100' title="bbox 1096 2253 1839 2287; baseline 0 -2"><span class='ocrx_word' id='word_1_464' title='bbox 1096 2253 1143 2285; x_wconf 89' lang='lat' dir='ltr'>nis</span> <span class='ocrx_word' id='word_1_465' title='bbox 1167 2253 1324 2286; x_wconf 89' lang='lat' dir='ltr'>Minorum</span> <span class='ocrx_word' id='word_1_466' title='bbox 1342 2254 1370 2286; x_wconf 83' lang='lat' dir='ltr'>S.</span> <span class='ocrx_word' id='word_1_467' title='bbox 1390 2253 1548 2287; x_wconf 83' lang='lat' dir='ltr'>Francisci</span> <span class='ocrx_word' id='word_1_468' title='bbox 1575 2254 1612 2286; x_wconf 84' lang='grc'>116</span> <span class='ocrx_word' id='word_1_469' title='bbox 1633 2254 1839 2287; x_wconf 69' lang='lat' dir='ltr'>observantia</span> 
     </span>
     <span class='ocr_line' id='line_1_101' title="bbox 1096 2307 1839 2352; baseline 0.001 -12"><span class='ocrx_word' id='word_1_470' title='bbox 1096 2307 1361 2341; x_wconf 87' lang='lat' dir='ltr'>Discalceatorum</span> <span class='ocrx_word' id='word_1_471' title='bbox 1382 2314 1636 2352; x_wconf 87' lang='lat' dir='ltr'>nuncupatorum</span> <span class='ocrx_word' id='word_1_472' title='bbox 1657 2309 1839 2352; x_wconf 69' lang='lat' dir='ltr'>provinciae</span> 
     </span>
     <span class='ocr_line' id='line_1_102' title="bbox 1097 2361 1837 2406; baseline 0.001 -12"><span class='ocrx_word' id='word_1_473' title='bbox 1097 2361 1125 2394; x_wconf 89' lang='lat' dir='ltr'>S.</span> <span class='ocrx_word' id='word_1_474' title='bbox 1157 2362 1301 2405; x_wconf 78' lang='lat' dir='ltr'>Gregorii</span> <span class='ocrx_word' id='word_1_475' title='bbox 1335 2362 1588 2406; x_wconf 87' lang='lat' dir='ltr'>Philippinarum</span> <span class='ocrx_word' id='word_1_476' title='bbox 1620 2368 1649 2394; x_wconf 76' lang='lat' dir='ltr'>ct</span> <span class='ocrx_word' id='word_1_477' title='bbox 1681 2363 1837 2405; x_wconf 76' lang='lat' dir='ltr'>lapouiae,</span> 
     </span>
     <span class='ocr_line' id='line_1_103' title="bbox 1096 2415 1841 2460; baseline 0 -12"><span class='ocrx_word' id='word_1_478' title='bbox 1096 2415 1186 2448; x_wconf 88' lang='lat' dir='ltr'>nobis</span> <span class='ocrx_word' id='word_1_479' title='bbox 1210 2426 1312 2460; x_wconf 89' lang='lat' dir='ltr'>nuper</span> <span class='ocrx_word' id='word_1_480' title='bbox 1335 2416 1449 2460; x_wconf 84' lang='lat' dir='ltr'>exponi</span> <span class='ocrx_word' id='word_1_481' title='bbox 1469 2417 1551 2457; x_wconf 80' lang='lat' dir='ltr'>fecit,</span> <span class='ocrx_word' id='word_1_482' title='bbox 1569 2417 1763 2449; x_wconf 80' lang='lat' dir='ltr'>venerabiles</span> <span class='ocrx_word' id='word_1_483' title='bbox 1780 2417 1841 2449; x_wconf 87' lang='lat' dir='ltr'>fra-</span> 
     </span>
    </p>
   </div>
   <div class='ocr_carea' id='block_1_14' title="bbox 1096 2505 1840 2673">
    <p class='ocr_par' dir='ltr' id='par_1_22' title="bbox 1096 2505 1840 2673">
     <span class='ocr_line' id='line_1_104' title="bbox 1134 2505 1839 2541; baseline 0.003 -10"><span class='ocrx_word' id='word_1_484' title='bbox 1134 2507 1144 2531; x_wconf 88' lang='lat'><strong>1</strong></span> <span class='ocrx_word' id='word_1_485' title='bbox 1162 2505 1208 2532; x_wconf 89' lang='lat' dir='ltr'>Isti</span> <span class='ocrx_word' id='word_1_486' title='bbox 1220 2505 1293 2532; x_wconf 86' lang='lat' dir='ltr'>Beati</span> <span class='ocrx_word' id='word_1_487' title='bbox 1309 2505 1416 2532; x_wconf 84' lang='lat' dir='ltr'>fuerunt</span> <span class='ocrx_word' id='word_1_488' title='bbox 1433 2506 1562 2541; x_wconf 72' lang='lat' dir='ltr'>martyrio</span> <span class='ocrx_word' id='word_1_489' title='bbox 1576 2506 1695 2533; x_wconf 85' lang='lat' dir='ltr'>coronati</span> <span class='ocrx_word' id='word_1_490' title='bbox 1712 2508 1763 2533; x_wconf 73' lang='lat' dir='ltr'>una</span> <span class='ocrx_word' id='word_1_491' title='bbox 1777 2515 1839 2533; x_wconf 89' lang='grc'>611111</span> 
     </span>
     <span class='ocr_line' id='line_1_105' title="bbox 1096 2548 1840 2586; baseline 0.004 -12"><span class='ocrx_word' id='word_1_492' title='bbox 1096 2548 1183 2575; x_wconf 90' lang='lat' dir='ltr'>tribus</span> <span class='ocrx_word' id='word_1_493' title='bbox 1202 2549 1261 2575; x_wconf 82' lang='lat' dir='ltr'>aliis</span> <span class='ocrx_word' id='word_1_494' title='bbox 1282 2557 1296 2576; x_wconf 88' lang='lat' dir='ltr'>e</span> <span class='ocrx_word' id='word_1_495' title='bbox 1312 2550 1445 2576; x_wconf 81' lang='lat' dir='ltr'>Societate</span> <span class='ocrx_word' id='word_1_496' title='bbox 1466 2551 1523 2577; x_wconf 88' lang='lat' dir='ltr'>iesu</span> <span class='ocrx_word' id='word_1_497' title='bbox 1539 2550 1571 2577; x_wconf 90' lang='lat' dir='ltr'>de</span> <span class='ocrx_word' id='word_1_498' title='bbox 1586 2550 1684 2586; x_wconf 86' lang='lat' dir='ltr'>quibus</span> <span class='ocrx_word' id='word_1_499' title='bbox 1700 2550 1779 2577; x_wconf 87' lang='lat' dir='ltr'>etiam</span> <span class='ocrx_word' id='word_1_500' title='bbox 1796 2560 1840 2578; x_wconf 88' lang='lat' dir='ltr'>ce-</span> 
     </span>
     <span class='ocr_line' id='line_1_106' title="bbox 1096 2592 1839 2630; baseline 0.005 -11"><span class='ocrx_word' id='word_1_501' title='bbox 1096 2592 1195 2620; x_wconf 83' lang='lat' dir='ltr'>lebrari</span> <span class='ocrx_word' id='word_1_502' title='bbox 1214 2593 1324 2621; x_wconf 80' lang='lat' dir='ltr'>missam</span> <span class='ocrx_word' id='word_1_503' title='bbox 1343 2603 1422 2630; x_wconf 78' lang='lat' dir='ltr'>posse</span> <span class='ocrx_word' id='word_1_504' title='bbox 1438 2595 1510 2623; x_wconf 89' lang='lat' dir='ltr'>idem</span> <span class='ocrx_word' id='word_1_505' title='bbox 1524 2596 1657 2623; x_wconf 86' lang='lat' dir='ltr'>concessit</span> <span class='ocrx_word' id='word_1_506' title='bbox 1671 2596 1797 2623; x_wconf 82' lang='lat' dir='ltr'>Pontifex</span> <span class='ocrx_word' id='word_1_507' title='bbox 1812 2596 1839 2623; x_wconf 84' lang='lat' dir='ltr'>in</span> 
     </span>
     <span class='ocr_line' id='line_1_107' title="bbox 1096 2636 1263 2673; baseline 0.006 -9"><span class='ocrx_word' id='word_1_508' title='bbox 1096 2636 1187 2664; x_wconf 90' lang='lat' dir='ltr'>Const.</span> <span class='ocrx_word' id='word_1_509' title='bbox 1203 2646 1263 2673; x_wconf 87' lang='lat' dir='ltr'>seq.</span> 
     </span>
    </p>
   </div>
   <div class='ocr_carea' id='block_1_15' title="bbox 1850 228 2031 255">
    <p class='ocr_par' dir='ltr' id='par_1_23' title="bbox 1850 228 2031 255">
     <span class='ocr_line' id='line_1_108' title="bbox 1850 228 2031 255; baseline 0.011 -2"><span class='ocrx_word' id='word_1_510' title='bbox 1850 229 1897 255; x_wconf 69' lang='lat' dir='ltr'>Au.</span> <span class='ocrx_word' id='word_1_511' title='bbox 1915 228 1940 254; x_wconf 68' lang='grc' dir='ltr'>(ἶ,</span> <span class='ocrx_word' id='word_1_512' title='bbox 1968 228 2031 255; x_wconf 65' lang='grc' dir='ltr'>1Γ27</span> 
     </span>
    </p>
   </div>
   <div class='ocr_carea' id='block_1_16' title="bbox 1878 1570 1999 1591">
    <p class='ocr_par' dir='ltr' id='par_1_24' title="bbox 1878 1570 1999 1591">
     <span class='ocr_line' id='line_1_109' title="bbox 1878 1570 1999 1591; baseline 0 -1"><span class='ocrx_word' id='word_1_513' title='bbox 1878 1570 1999 1591; x_wconf 78' lang='lat' dir='ltr'>Exordium.</span> 
     </span>
    </p>
   </div>
   <div class='ocr_carea' id='block_1_17' title="bbox 1854 2159 2040 2286">
    <p class='ocr_par' dir='ltr' id='par_1_25' title="bbox 1854 2159 2040 2286">
     <span class='ocr_line' id='line_1_110' title="bbox 1892 2159 2039 2185; baseline 0 -5"><span class='ocrx_word' id='word_1_514' title='bbox 1892 2159 2039 2185; x_wconf 76' lang='lat' dir='ltr'>Supplicatum</span> 
     </span>
     <span class='ocr_line' id='line_1_111' title="bbox 1855 2186 2040 2206; baseline 0.005 -1"><span class='ocrx_word' id='word_1_515' title='bbox 1855 2186 1890 2205; x_wconf 74' lang='lat' dir='ltr'>t‘utt</span> <span class='ocrx_word' id='word_1_516' title='bbox 1944 2187 2040 2206; x_wconf 68' lang='lat' dir='ltr'>Pontifici</span> 
     </span>
     <span class='ocr_line' id='line_1_112' title="bbox 1855 2213 2040 2237; baseline 0 -5"><span class='ocrx_word' id='word_1_517' title='bbox 1855 2219 1891 2237; x_wconf 76' lang='grc' dir='ltr'>[ιι-0</span> <span class='ocrx_word' id='word_1_518' title='bbox 1924 2213 2040 2235; x_wconf 70' lang='lat' dir='ltr'>facultate,</span> 
     </span>
     <span class='ocr_line' id='line_1_113' title="bbox 1854 2239 2038 2265; baseline 0.016 -8"><span class='ocrx_word' id='word_1_519' title='bbox 1854 2239 1879 2259; x_wconf 70' lang='lat' dir='ltr'>«lc</span> <span class='ocrx_word' id='word_1_520' title='bbox 1901 2245 1941 2265; x_wconf 76' lang='lat' dir='ltr'>qua</span> <span class='ocrx_word' id='word_1_521' title='bbox 1964 2246 1983 2259; x_wconf 82' lang='lat' dir='ltr'>iu</span> <span class='ocrx_word' id='word_1_522' title='bbox 2005 2245 2038 2260; x_wconf 76' lang='lat' dir='ltr'>rn-</span> 
     </span>
     <span class='ocr_line' id='line_1_114' title="bbox 1854 2266 1920 2286; baseline -0.015 0"><span class='ocrx_word' id='word_1_523' title='bbox 1854 2266 1920 2286; x_wconf 68' lang='lat' dir='ltr'>tii-ica.</span> 
     </span>
    </p>
   </div>
  </div>
 </body>
</html>
