2269 3235
112 238 162 266 An.
179 236 208 265 C.
227 235 296 264 1627

129 510 293 533 Protectoribus,

111 544 135 559 ac
160 538 204 558 vice
225 540 294 563 prute-

111 565 163 585 ctori
179 564 294 590 praeductis

112 592 221 612 facultates
236 591 279 612 dat.

129 2108 214 2130 Modum
223 2107 291 2130 ett'or-

108 2141 162 2156 mam
183 2141 291 2161 recipien-

109 2162 182 2182 dorum
203 2162 224 2182 in
246 2162 291 2187 ipso

109 2188 197 2213 collegio
232 2190 291 2214 prae·

109 2215 190 2236 scribit.

924 231 1065 256 URBANUS
1090 231 1146 255 vm
1170 231 1217 255 PP-

307 280 413 316 licebit
437 281 554 325 absque
570 280 710 314 eiusdem
725 279 982 323 Congregationis
999 279 1048 312 vel

308 335 441 369 Romani
474 335 632 368 Pontificis
657 335 806 378 expressa
832 332 970 376 licentia)
995 332 1048 364 de-

308 393 418 432 putare
443 388 563 432 possint
590 392 620 420 et
643 387 782 426 valeant,
807 385 918 418 eadem
942 390 1048 417 aueto-

309 442 401 476 ritate
425 441 644 475 constituimus
667 444 696 472 et
719 449 870 472 creamus.

354 496 369 539 ξ
386 495 415 528 8.
434 495 569 538 lllisque,
589 504 625 527 ac
642 491 881 536 viceprotcctori
897 490 1048 534 praefato,

309 559 367 592 pro
392 548 510 581 salubri
536 547 618 580 illius
643 544 891 583 conservatione,
909 544 1049 576 alumno-

309 612 391 644 rum,
405 601 562 635 bonorum
577 604 607 632 et
624 608 731 632 rerum
749 608 785 630 ac
798 597 913 630 iurium
932 602 1050 640 tempo-

310 654 423 687 ralium
436 657 466 687 et
479 652 686 697 spiritualium
699 650 838 683 eiusdem
849 660 1047 692 oeconomos,

309 708 489 746 advocatos,
502 709 725 749 procuratores
738 704 769 736 in
783 715 820 737 eo
838 703 1006 747 deputandi
1020 708 1049 736 ct

309 759 482 799 amovendi,
493 764 523 792 et
535 758 612 791 alios
623 768 734 791 eorum
748 758 817 790 loco
831 756 1048 797 substituendi,

308 812 516 851 differentias,
542 811 611 844 lites
635 816 665 843 et
689 810 939 852 controversias,
968 810 1049 842 inter

306 875 520 909 quascumque
544 874 706 908 personas,
731 869 793 896 tam
824 864 1025 896 alumnorum
1040 890 1066 904 ,Ι

307 929 402 963 quam
419 918 664 951 ministrantium
691 918 880 952 clericorum
906 921 935 951 et
958 917 1050 949 laico-

307 983 376 1005 rum
395 973 470 1016 (non
486 977 590 1005 tamen
606 972 865 1017 presbyterorum
882 971 980 1015 ipsius
997 970 1050 1003 So-

307 1026 440 1070 cietatis)
454 1031 589 1066 exortas,
615 1026 797 1067 summarie,
820 1025 1005 1069 simpliciter
1020 1028 1049 1058 et

306 1080 345 1113 de
357 1081 452 1123 plano
466 1080 531 1112 sine
543 1079 702 1122 [iguraaut
718 1079 850 1122 strepitu
868 1078 984 1120 iudicii,
998 1088 1049 1121 ap-

305 1134 473 1178 pellatione
493 1143 691 1177 quacumque
715 1134 848 1175 remota,
874 1132 1046 1173 decidendi,

306 1186 484 1228 definiendi,
509 1186 699 1219 terminandi
723 1191 752 1218 et
777 1185 968 1228 exequendi,
993 1190 1050 1217 sta-

307 1244 434 1285 tutaque
451 1246 481 1274 et
503 1240 717 1273 ordinationes
741 1239 936 1283 disciplinam
962 1239 1049 1272 scho-

307 1295 489 1328 lasticorum
517 1297 547 1327 et
577 1293 678 1326 studia
702 1293 904 1326 alumnorum
932 1293 1049 1336 praesa-

307 1353 412 1381 torum
437 1347 668 1387 concernentia,
690 1357 788 1390 aequa
812 1351 915 1379 tamen
940 1350 969 1380 ct
995 1346 1049 1379 lio-

306 1406 403 1443 nesta,
421 1400 581 1444 sacrisque
599 1400 771 1434 canonibus
788 1405 818 1433 et
838 1400 966 1433 Concilii
984 1400 1050 1432 Tri-

306 1455 424 1488 dentini
445 1454 579 1487 decretis
598 1465 662 1488 non
682 1454 899 1498 repugnantia,
916 1453 1048 1486 faciendi

305 1514 337 1542 et
360 1508 524 1549 condendi,
549 1518 657 1551 eaque,
683 1518 754 1540 cum
779 1518 857 1551 opus
882 1508 986 1547 suerit,
1003 1518 1050 1539 re-

307 1562 447 1604 vocandi,
465 1561 651 1594 immutandi
669 1566 698 1594 et
715 1561 906 1604 corrigendi,
926 1561 1047 1604 aliaque

305 1616 344 1649 de
367 1626 449 1649 novo
474 1615 638 1656 condendi,
660 1625 740 1658 quae
764 1620 931 1659 postquam
958 1616 1065 1655 saetas

306 1669 398 1711 edita,
418 1673 573 1710 revocata,
590 1668 764 1709 immutata,
782 1673 812 1701 et
829 1672 970 1702 correcta
986 1669 1049 1701 fue-

306 1723 389 1764 rint,
414 1722 545 1767 perinde
569 1722 743 1755 habeantur
768 1727 797 1755 et
821 1722 1065 1765 observentur„

306 1787 343 1809 ac
366 1776 392 1810 si
416 1776 589 1820 apostolica
613 1776 799 1809 auctoritate
823 1776 994 1820 approbata
1019 1768 1065 1809 et¹

308 1830 494 1864 confirmata
517 1835 629 1870 essent,
646 1835 742 1874 prout
761 1830 814 1862 illa
838 1830 876 1863 ab
901 1830 1047 1863 omnibus

307 1883 382 1917 dicti
399 1884 523 1927 collegii
546 1884 680 1917 alumnis
704 1884 746 1916 ita
770 1884 880 1917 haberi
906 1889 936 1917 et
952 1884 1064 1918 invio-¹

307 1938 444 1971 labiliter
468 1932 628 1971 observari
653 1939 849 1980 mandamus,
869 1939 994 1982 plenam
1018 1942 1047 1973 et

306 1991 450 2033 liberam,
471 1992 655 2025 auctoritate
671 1997 701 2025 et
722 1997 830 2026 tenore
853 1992 1045 2037 praemissis,

307 2046 508 2079 concedimus
532 2046 720 2080 facultatem.

350 2099 365 2143 ἓ
389 2099 418 2133 9.
444 2099 532 2138 Quod
549 2104 655 2132 autem
675 2099 713 2132 ad
733 2099 889 2133 dictorum
907 2100 1046 2135 alumno-

306 2163 378 2185 rum
391 2152 591 2186 admissionis
615 2153 745 2187 modum
762 2159 791 2187 et
808 2154 942 2187 sormam
963 2154 1046 2188 dein-

306 2216 378 2250 ceps
401 2207 579 2240 habendam
603 2207 732 2252 attinet,
761 2213 919 2242 rectorem
949 2220 1041 2253 pres-

305 2259 450 2304 byterum
475 2260 549 2294 dicti
573 2261 697 2305 collegii
722 2272 781 2306 pro
812 2267 956 2307 tempore
980 2263 1044 2296 exi—

306 2319 439 2347 stentem
469 2314 587 2349 librum
622 2316 739 2350 habere
771 2316 802 2350 in
834 2327 896 2361 quo
927 2322 1041 2351 noten-

306 2372 357 2401 tur
380 2368 508 2402 nomina
531 2374 561 2402 et
585 2371 786 2413 cognomina,
812 2381 848 2404 ac
872 2371 991 2415 patriae
1016 2377 1063 2404 et.

304 2426 450 2466 parentes
480 2422 679 2457 alumnorum
708 2424 761 2468 qui
792 2425 986 2471 recipientur
1014 2426 1046 2458 in

305 2475 389 2509 dieto
414 2476 547 2519 collegio
582 2482 611 2510 et
635 2488 671 2511 ex
696 2489 733 2512 eo
766 2478 983 2519 dimittentur,
1008 2489 1045 2513 ex

305 2529 452 2574 dictoque
475 2530 557 2564 libro
592 2531 723 2575 singulis
754 2533 843 2566 annis
867 2533 1044 2576 catalogum

306 2594 417 2617 eorum
446 2584 500 2629 qui
524 2586 642 2628 recepti
659 2587 758 2630 etqui
775 2587 895 2620 dimissi
920 2587 1044 2629 suerint,

306 2647 378 2671 cum
402 2637 451 2670 die
476 2643 506 2670 et
529 2647 636 2671 mense
660 2639 820 2682 ingressus
849 2645 879 2674 et
899 2650 1045 2683 egressus

389 2700 469 2729 Butz.
489 2700 574 2729 Rom.
615 2701 675 2732 Vol.
694 2702 776 2731 XIII.
938 2704 973 2733 70

1083 279 1220 320 illorum,
1241 278 1278 311 ad
1299 278 1443 311 nuntium
1469 276 1643 321 praefatum
1668 277 1824 310 transmit-

1082 337 1157 372 tere,
1176 336 1209 366 ut
1230 333 1295 376 ipse
1312 332 1440 365 nuntius
1465 331 1552 364 illum
1571 331 1671 364 dictae
1691 330 1824 373 Congre-

1082 385 1198 427 gationi
1232 385 1440 417 transmittere
1478 385 1597 429 possit;
1623 384 1707 427 quod
1739 384 1763 415 si
1787 394 1823 416 ex

1082 438 1184 481 aliqua
1208 438 1359 481 peculiari
1386 441 1477 471 causa
1504 438 1617 471 dimitti
1643 437 1822 480 contigerit,

1082 501 1149 522 eam
1175 490 1268 522 etiam
1285 491 1315 522 in
1333 491 1416 523 ‹licto
1441 492 1582 533 catalogo
1607 491 1756 534 exprimi,
1779 490 1824 522 in-

1083 543 1237 585 signiores
1266 555 1341 576 vero
1373 545 1573 577 alumnorum
1610 546 1824 587 praefatoriun

1083 597 1220 630 actiones
1244 596 1276 629 in
1301 597 1410 630 codem
1432 597 1514 629 libro
1532 598 1691 637 :amomi-0,
1709 609 1824 641 easque

1083 661 1139 683 suo
1156 655 1299 694 tempore
1324 650 1425 683 eidem
1450 651 1559 683 nuntio
1584 651 1772 693 significare,
1791 656 1823 684 ut

1083 704 1202 747 pariter
1225 704 1263 736 de
1288 703 1348 736 illis
1373 703 1516 736 eamdem
1540 704 1821 745 Congregationem

1083 756 1251 790 certiorem
1275 757 1376 789 faeere
1402 756 1499 788 valeat
1515 782 1522 795 ,
1550 766 1626 799 quas
1651 756 1688 787 ad
1712 766 1769 789 nos
1793 761 1824 789 ct

1083 821 1280 844 successores
1314 814 1439 843 nostros
1465 810 1622 842 Romanos
1658 809 1823 842 Pontifices

1082 876 1141 908 pro
1167 870 1308 908 tempore
1326 864 1494 897 existentes
1511 874 1566 907 per
1586 863 1728 896 eamdem
1749 863 1824 896 Con-

1082 918 1296 961 gregationem
1315 918 1430 951 deferri
1454 918 1608 959 volumus,
1626 923 1659 950 ut
1684 928 1755 950 cum
1776 928 1824 950 oc-

1082 972 1166 1005 casio
1191 972 1308 1012 tulerit,
1328 971 1471 1016 praemio
1496 971 1756 1010 cohonestentur;

1127 1026 1142 1068 g
1166 1025 1218 1058 ¹10.
1239 1027 1282 1058 Ac
1300 1026 1434 1069 denique
1451 1025 1547 1057 alium
1568 1025 1694 1064 librum,
1711 1024 1742 1056 in
1759 1035 1821 1068 quo

1082 1079 1144 1111 dati
1163 1082 1192 1113 et
1211 1079 1331 1123 accepti
1356 1079 1492 1112 rationes
1513 1078 1751 1121 diligentissime
1773 1077 1822 1110 de-

1083 1133 1215 1176 scriptae
1240 1133 1321 1173 sint,
1351 1132 1486 1177 illaeque
1515 1132 1646 1174 singulis
1670 1131 1759 1164 annis
1783 1131 1821 1163 ad

1083 1187 1186 1220 minus
1211 1187 1312 1219 eidem
1333 1187 1442 1219 nuntio
1460 1187 1641 1226 reddantur,
1660 1191 1688 1219 et
1709 1187 1739 1218 in
1756 1186 1822 1219 eius

1083 1240 1227 1274 manibus
1251 1240 1447 1283 relinquatur
1471 1240 1590 1281 solium,
1611 1241 1704 1282 vulgo
1728 1241 1824 1273 bilan-

1083 1295 1166 1328 cium
1190 1300 1427 1337 nuncupatum,
1453 1293 1483 1326 in
1508 1305 1570 1337 quo
1601 1285 1739 1337 provisio
1764 1294 1824 1326 col-

1082 1349 1166 1392 legii,
1184 1354 1214 1382 et
1237 1349 1307 1389 alia,
1328 1359 1406 1392 quae
1427 1348 1522 1392 ipsius
1544 1348 1668 1391 collegii
1693 1348 1741 1380 x'el
1761 1348 1824 1380 alu-

1082 1413 1229 1436 mnorum
1261 1403 1380 1436 ratione
1416 1403 1595 1446 acceperit,
1621 1407 1651 1435 et
1676 1413 1712 1435 ea
1743 1413 1823 1446 quae

1083 1457 1136 1489 illo
1161 1467 1242 1489 anno
1267 1467 1324 1500 pro
1349 1456 1446 1500 ipsius
1480 1456 1605 1499 collegii
1629 1460 1658 1490 et
1683 1457 1824 1489 alumno-

1083 1521 1153 1543 rum
1175 1511 1398 1544 sustentatione
1423 1510 1621 1554 impenderit,
1642 1503 1746 1543 notata
1763 1510 1824 1543 exi-

1082 1568 1172 1604 stant,
1189 1568 1224 1596 ut
1240 1563 1385 1596 similiter
1400 1563 1438 1597 ab
1456 1563 1566 1596 eodem
1584 1564 1693 1597 nuntio
1711 1564 1748 1596 ad
1770 1565 1823 1597 Ur-

1081 1618 1152 1650 bem
1177 1618 1258 1651 mitti
1282 1617 1390 1661 possit,
1415 1617 1508 1650 etiam
1533 1618 1663 1657 liabere3
1689 1618 1713 1651 si
1738 1619 1823 1662 quod

1081 1676 1187 1704 autem
1212 1671 1250 1703 de
1274 1672 1339 1704 tota
1364 1673 1489 1703 summa
1514 1671 1673 1714 pensionis
1699 1672 1823 1704 Pontifi-

1082 1725 1157 1765 ciae,
1175 1724 1305 1758 redditis
1332 1724 1518 1765 rationibus,
1537 1725 1703 1768 supererit,
1725 1725 1755 1757 id
1776 1726 1823 1758 vel

1082 1778 1113 1810 in
1137 1778 1205 1811 aliis
1229 1777 1364 1810 alumnis
1389 1778 1565 1819 evocandis,
1594 1778 1641 1811 vel
1666 1778 1697 1810 in
1720 1789 1825 1811 neces-

1082 1832 1171 1865 sariis
1200 1832 1288 1865 libris
1321 1832 1481 1873 emendis,
1512 1833 1561 1865 vel
1592 1832 1625 1864 in
1656 1833 1823 1866 vestiendis

1081 1887 1216 1919 alumnis
1240 1886 1449 1928 dimittendis,
1475 1887 1523 1919 vel
1549 1886 1642 1919 etiam
1667 1886 1699 1919 in
1724 1887 1824 1920 reddi-

1081 1941 1164 1973 tibus
1189 1940 1351 1984 augendis,
1369 1945 1422 1973 aut
1439 1940 1470 1973 in
1487 1940 1554 1972 aliis
1571 1940 1695 1983 collegii
1720 1951 1824 1974 neces-

1080 1995 1234 2036 sitatibus,
1259 1995 1389 2028 arbitrio
1414 1995 1514 2027 nuntii
1539 1999 1569 2028 et
1593 1995 1822 2039 archiepiscopi

1079 2049 1246 2092 Pragensis
1270 2049 1501 2093 praefatorum,
1528 2048 1667 2092 impendi
1692 2048 1821 2089 debere,

1079 2102 1188 2136 eadem
1205 2102 1390 2135 auctoritate
1405 2101 1569 2134 statuimus
1584 2107 1613 2134 et
1630 2101 1820 2135 ordinamus.

1123 2157 1137 2200 ἓ
1159 2156 1206 2189 ll.
1221 2156 1259 2190 Ut
1272 2167 1346 2189 vero
1360 2156 1453 2188 huius
1467 2156 1589 2198 collegii
1608 2156 1735 2197 alumni,
1750 2161 1821 2200 post

1078 2210 1191 2253 longos
1216 2209 1402 2249 studiorum,
1419 2209 1466 2242 vel
1484 2214 1668 2252 coeptorum
1685 2210 1733 2242 vel
1750 2220 1822 2242 con-

1079 2268 1319 2304 summatorum,
1334 2263 1466 2305 labores,
1486 2263 1694 2307 expeditiores
1712 2268 1741 2295 et
1761 2264 1821 2296 ala-

1079 2318 1197 2351 criores
1222 2317 1260 2350 ad
1292 2317 1541 2350 succurrendum
1573 2317 1692 2361 patriae
1717 2328 1821 2351 neces-

1079 2372 1220 2405 sitatibus
1244 2371 1426 2413 reddantur,
1451 2371 1568 2404 eisdem
1597 2371 1750 2412 alumnis,
1775 2377 1820 2412 ut,

1079 2437 1150 2460 cum
1168 2427 1242 2460 solis
1256 2426 1369 2459 litteris
1390 2425 1651 2459 testimonialibus
1670 2425 1742 2460 dicti
1760 2426 1821 2460 col-

1079 2480 1152 2524 legii
1176 2480 1308 2513 rectoris
1333 2490 1392 2523 pro
1417 2482 1560 2523 tempore
1585 2479 1744 2513 existentis
1773 2491 1821 2513 ar-

1079 2535 1282 2579 chiepiscopo
1301 2532 1450 2576 Pragensi
1468 2533 1646 2576 offerendis,
1663 2533 1702 2566 ab
1720 2544 1819 2578 eoque

1078 2587 1332 2629 subscribendis,
1358 2598 1394 2619 ac
1419 2586 1484 2620 eius
1515 2586 1618 2629 sigillo
1643 2587 1820 2621 muniendis

1079 2642 1151 2687 (nisi
1171 2642 1250 2676 sorte
1267 2640 1385 2675 alumni
1400 2640 1531 2685 praefati
1548 2651 1621 2674 suos
1637 2640 1819 2675 Ordinarios

1726 220 1789 254 553
1836 229 1885 256 An.
1903 228 1930 256 C.
1951 228 2020 256 1627

1877 1038 1965 1064 Aliziqne
1982 1039 2021 1059 cir-

1837 1070 1861 1084 ca
1888 1065 2022 1085 aduniri-tra·

1838 1094 1914 1111 tionem
1954 1092 2021 1112 lion-i-

1838 1125 1881 1138 rum
1918 1121 2021 1144 tempora·

1838 1146 1886 1165 lium
1917 1152 1960 1166 seri
1967 1146 2022 1167 auda

1837 1175 1918 1194 statuit.

1905 2166 2020 2191 privilegia

1836 2193 1925 2213 alumnis
1945 2194 2021 2218 elargi-

1837 2222 1869 2240 tur
1878 2222 1897 2239 υἱ
1907 2225 2020 2245 praeeipue

1836 2252 1908 2266 sacros
1935 2246 2020 2266 ordines

1836 2273 1974 2299 suscipiendi.
