2269 3235
122 275 172 302 An.
193 274 222 301 C.
241 273 307 300 1624

321 321 544 363 subiectarum,
571 333 624 355 seu
650 323 786 356 cuiusvis
811 323 986 366 cappellae,
1016 324 1061 355 vel

320 375 461 416 oratorii,
476 387 596 410 necnon
613 377 886 416 monasteriorum,
908 381 969 409 tam
985 376 1064 409 viro-

320 439 391 469 rum
412 440 505 472 quam
532 431 710 469 mulierum,
727 430 937 474 prioratuum,
957 430 1064 463 domo-

320 492 390 513 rum
409 487 438 514 et
451 482 604 524 locorum,
618 483 806 516 secularium
823 493 876 515 seu
895 482 1064 514 cuiuslibet

321 534 455 575 Ordinis,
469 536 561 569 etiam
581 536 831 577 lllendicantium,
848 536 1064 579 congregatio-

319 589 378 629 nis,
397 589 535 630 militiae,
553 595 605 622 aut
629 589 761 623 instituti
785 590 991 632 regularium,
1011 595 1081 622 anim

319 640 522 684 hospitalium
538 641 630 673 etiam
649 646 880 684 exemplorum,
898 640 1063 684 nobisque,

320 699 350 726 et
376 694 573 738 Apostolicae
598 694 668 727 Sedi
701 694 881 727 immediate
906 694 1063 727 subiecto-

319 758 402 788 rum,
416 758 590 791 eorumque
607 747 827 791 capitulorum,
841 753 1063 789 conventuum,

320 801 571 842 universitatum,
589 802 807 845 collegiorum,
826 802 1064 835 confraternita-

320 860 397 896 tum,
425 855 829 896 archiconfraternitatum,
855 855 948 888 etiam
972 855 1065 888 laico-

317 919 401 950 rum,
419 909 512 945 etiam
537 909 623 942 nullo
647 909 709 943 alio
734 909 861 953 speciali
886 915 994 943 nostro
1015 920 1064 942 ex-

316 968 441 1006 pectato
466 962 576 996 ordine
611 963 660 996 vel
695 963 863 1003 mandato,
892 968 945 996 aut
969 961 1062 995 etiam

318 1015 471 1059 requisito
497 1027 663 1056 consensu,
681 1017 728 1049 vel
747 1016 884 1057 lieentia,
898 1021 928 1049 et
952 1016 1013 1056 illa,
1034 1021 1064 1049 et

318 1069 478 1113 quaelibet
502 1070 629 1103 illorum
654 1070 809 1111 visitandi,
831 1081 867 1103 ac
887 1070 918 1102 in
935 1070 1062 1103 illorum

318 1128 443 1164 statum,
469 1124 618 1165 sormam,
643 1124 784 1167 regulas,
809 1123 958 1163 instituta,
983 1124 1064 1167 regi-

318 1187 402 1218 men,
427 1182 551 1217 statuta,
569 1177 822 1217 eonsuetudines,
839 1177 1007 1220 vitamque,
1024 1177 1064 1209 ri-

317 1235 378 1271 tus,
396 1241 511 1270 mores,
528 1230 737 1274 disciplinam,
755 1230 930 1263 doctrinam
949 1236 979 1263 et
999 1230 1063 1263 ido-

317 1283 466 1316 neitatem
485 1283 680 1326 singularum
698 1294 918 1327 personarum,
937 1283 1063 1316 coniun-

317 1336 391 1369 ctim
416 1337 464 1369 vel
489 1336 624 1378 divisim,
642 1341 672 1369 et
696 1342 758 1369 tam
786 1337 816 1368 in
841 1337 943 1379 capite
968 1347 1062 1380 quam

316 1389 348 1422 in
366 1390 528 1432 membris,
542 1400 666 1423 necnon
679 1389 763 1426 circa
777 1389 916 1422 divinum
932 1390 1061 1430 cultum,

317 1443 500 1486 religiosam
517 1443 722 1484 functionem,
743 1443 948 1476 eeclesiarum
973 1443 1063 1476 deco-

317 1507 402 1538 rem,
430 1497 590 1530 fructuum
617 1502 647 1529 et
674 1497 859 1531 introituum
882 1496 1061 1540 dispositio-

316 1561 399 1591 nem,
411 1552 590 1594 regularem
604 1550 836 1593 religiosorum,
845 1555 907 1583 tam
920 1551 1060 1583 virorum

316 1615 411 1647 quam
425 1604 606 1644 mulierum,
614 1603 856 1643 observantiam,
867 1603 987 1647 aliaque
998 1614 1062 1636 om-

317 1658 368 1690 nia
393 1664 423 1691 et
447 1658 571 1701 singula
595 1658 633 1691 ad
659 1663 763 1691 actum
788 1657 968 1691 huiusmodi
992 1657 1062 1690 visi-

316 1711 442 1744 tationis
473 1711 771 1755 quomodocumque
802 1711 973 1755 spectantia
996 1711 1061 1744 dili-

317 1770 428 1807 genter
452 1765 652 1809 inquirendi,
682 1771 712 1799 et
736 1766 774 1799 ad
798 1766 882 1799 hunc
914 1765 1059 1798 effectum

317 1829 534 1863 quaecumque
563 1819 690 1852 illorum
715 1819 869 1860 archivia,
893 1819 1062 1852 bibliothe-

317 1882 368 1905 cas
392 1873 559 1913 librorum,
577 1883 719 1916 quaeque
733 1873 765 1905 in
783 1873 843 1905 illis
860 1873 1061 1906 continentur

317 1926 505 1959 documenta
518 1930 547 1960 et
560 1926 768 1960 instrumenta
784 1927 974 1966 authentica,
988 1926 1062 1958 scri-

316 1984 444 2023 pturas,
468 1980 566 2014 libros
596 1980 754 2013 rationum
778 1980 840 2013 dati
866 1986 895 2013 et
919 1980 1060 2024 accepti,

318 2039 466 2078 computa
490 2039 520 2067 et
545 2034 710 2067 ratiocinia
733 2034 954 2078 perlustrandi,
974 2044 1062 2078 prae-

318 2087 426 2120 sertim
453 2099 528 2121 vero
553 2099 658 2121 sacras
683 2088 849 2132 reliquias,
876 2093 922 2129 et,
948 2087 1062 2131 quibus

317 2141 406 2185 ipsae
443 2152 550 2174 sacrae
581 2141 733 2185 reliquiae
759 2152 882 2174 necnon
919 2146 1060 2174 sanctum

318 2195 533 2229 Eucharistiae
558 2201 789 2228 sacramentum
811 2200 841 2228 et
865 2206 915 2228 res
939 2195 977 2227 ad
1002 2195 1062 2227 alia

319 2248 529 2282 ecclesiastica
554 2254 750 2281 sacramenta
774 2248 967 2292 pertinentes
991 2259 1062 2281 con-

318 2301 468 2342 tinentur,
486 2313 575 2335 sacra
599 2314 681 2343 vasa,
706 2303 822 2343 tliecaS,
847 2303 1060 2344 tabernacula⁷

319 2364 442 2387 necnon
465 2355 658 2397 indumenta,
683 2361 868 2389 ornamenta
892 2361 922 2389 et
946 2356 1061 2389 instru-

320 2412 434 2448 menta,
452 2410 596 2443 utensilia
620 2415 651 2443 et
675 2410 900 2455 supellectilem
919 2404 1080 2443 ecclesia-¹

320 2463 429 2495 sticam
447 2469 477 2495 et
493 2465 663 2507 pretiosam
682 2456 850 2508 diligenter
867 2464 1061 2508 inspiciendi,

320 2520 350 2548 et
373 2515 411 2548 ad
443 2517 604 2560 praedicta
636 2518 812 2550 exhibenda
846 2528 1062 2562 quascumque

319 2579 471 2612 personas
485 2570 627 2612 cogendi,
642 2571 861 2615 compellendi,
876 2582 912 2604 ac
930 2571 959 2603 in
977 2581 1063 2614 prac-

320 2623 423 2656 missis
433 2624 581 2656 omnibus
591 2627 620 2657 et
630 2624 761 2670 singulis
774 2625 984 2669 quacumque¹
998 2635 1064 2657 cor-

356 2687 365 2713 1
387 2686 482 2721 Aptius
499 2687 634 2721 tegeretur
650 2695 847 2722 quaecumque
862 2689 899 2721 (R.
916 2687 964 2720 Τ.)ὲ

946 276 1087 298 ramnus
1114 277 1168 299 vm
1193 277 1240 300 PF.

1742 268 1799 301 tat

1097 325 1245 364 rectione,
1271 324 1498 365 emendatione,
1517 325 1738 358 reformatione
1765 326 1839 358 inili-

1097 388 1171 419 gere
1195 378 1406 421 cognoveritis
1429 378 1619 421 corrigendi,
1641 379 1839 420 ememlandi,

1097 442 1326 474 processusque
1339 432 1533 465 necessarios
1546 433 1682 476 desuper
1696 433 1840 473 laciendi,

1097 488 1127 514 et
1151 483 1242 515 nobis
1267 485 1433 525 referendi,
1452 497 1506 518 seu
1525 486 1608 518 iuxta
1626 486 1840 519 ordinationes

1097 542 1219 569 nostras
1237 537 1266 569 in
1286 537 1332 569 liis
1349 543 1525 581 opportune
1543 540 1737 582 providendi,
1752 551 1840 572 man-

1097 589 1177 629 data,
1198 590 1334 630 decreta,
1352 596 1467 623 statuta
1491 596 1520 625 et
1545 593 1757 626 ordinationes
1775 605 1841 626 exe-

1097 640 1240 684 quutioni
1255 641 1474 682 demandandi,
1485 647 1512 674 et
1529 644 1679 675 custodiri
1694 650 1720 676 et
1737 645 1841 677 obser-

1098 694 1163 726 vari
1189 694 1415 738 praecipiendi,
1441 695 1632 739 demumque
1657 698 1760 729 omnia
1781 698 1839 730 alia

1098 752 1128 779 et
1144 747 1278 790 singula,
1292 759 1371 791 quae
1388 749 1567 782 huiusmodi
1590 750 1773 784 visitationis
1790 762 1840 784 ne-

1098 800 1229 842 gotium,
1240 801 1423 834 ulteriorem
1434 812 1649 845 progressum,
1662 805 1841 846 exequutio-

1097 864 1180 894 nem,
1197 859 1227 887 et
1247 854 1278 886 in
1295 856 1331 886 ea
1352 855 1441 895 sacta,
1465 859 1494 888 et
1518 855 1659 888 facienda
1684 856 1840 899 mandata,

1097 907 1233 947 decreta,
1248 911 1362 941 statuta
1379 913 1407 941 et
1422 909 1634 942 ordinationes
1648 916 1842 943 concernunt

1098 967 1128 994 et
1152 966 1363 1003 concernent,
1389 973 1444 996 seu
1471 963 1510 996 ad
1539 974 1574 996 ea
1603 965 1842 1007 quomodolibet

1098 1021 1237 1059 spectant
1263 1021 1293 1049 et
1317 1017 1512 1061 spectabunt,
1537 1018 1680 1059 faciendi,
1701 1020 1840 1062 gerendi,

1101 1071 1285 1113 exequendi,
1306 1071 1474 1105 mandandi
1500 1072 1729 1114 et'orclinandi,

1141 1123 1198 1166 gt).
1213 1124 1538 1169 Contradictoresquc,
1556 1129 1586 1159 et
1603 1127 1691 1159 vobis
1705 1128 1735 1159 in
1750 1138 1844 1171 prae-.,

1098 1177 1202 1211 missis
1222 1178 1438 1211 inobedientes
1454 1183 1484 1211 et
1497 1179 1648 1220 rebelles,
1669 1180 1776 1223 eisque
1789 1192 1840 1213 au-

1098 1230 1217 1271 xilium,
1239 1231 1406 1264 consilium
1420 1232 1468 1264 vel
1485 1233 1635 1273 savorem,
1653 1234 1780 1277 publice
1794 1235 1837 1267 vel

1096 1284 1229 1324 occulte,
1239 1284 1357 1318 directe
1368 1285 1416 1317 vel
1428 1285 1591 1327 indirecte,
1604 1287 1841 1330 quomodolibet

1096 1343 1312 1381 praestantes,
1337 1350 1394 1382 per
1418 1340 1656 1383 suspensionis,
1686 1352 1722 1373 ac
1746 1341 1838 1374 etiam

1096 1391 1280 1434 privationis
1305 1392 1535 1426 beneficiorum
1553 1400 1583 1426 et
1596 1394 1774 1427 officiorum
1790 1406 1836 1427 ec-

1096 1445 1356 1485 clesiasticorum,
1382 1456 1417 1478 ac
1441 1457 1591 1479 censuras
1609 1451 1638 1481 et
1654 1458 1771 1491 poenas
1789 1459 1840 1481 ec-

1096 1498 1285 1531 clesiasticas
1302 1504 1332 1531 et
1349 1501 1551 1543 temporales,
1569 1501 1663 1533 etiam
1685 1502 1841 1546 mancipa-

1096 1551 1189 1584 tionis
1214 1553 1360 1593 carceris,
1378 1553 1501 1596 aliaque
1518 1558 1694 1597 opportuna
1709 1555 1787 1587 iuris
1811 1560 1840 1587 et

1096 1606 1165 1637 sacti
1179 1606 1329 1646 remedia,
1340 1607 1551 1650 appellatione
1561 1608 1746 1652 liiostposita,
1759 1620 1841 1641 com-

1096 1659 1256 1702 pescendi,
1269 1659 1484 1703 auxiliumque
1502 1660 1621 1693 brachii
1640 1662 1800 1702 secularis,
1816 1662 1840 1694 si

1095 1723 1173 1756 opus
1184 1713 1288 1754 fuerit,
1297 1713 1472 1754 invocandi,
1483 1715 1619 1757 plenam,
1629 1715 1772 1755 liberam,
1780 1727 1841 1748 am-

1094 1766 1178 1809 plam
1193 1771 1224 1799 et
1236 1766 1417 1800 universam
1432 1767 1602 1800 tribuimus
1616 1772 1814 1812 potestatem.

1138 1820 1153 1863 §
1177 1819 1228 1852 (10.
1254 1820 1435 1854 Mandantes
1455 1826 1625 1865 propterea
1649 1822 1795 1855 omnibus
1812 1829 1842 1855 et

1095 1872 1245 1916 singulis,
1279 1873 1317 1906 ad
1346 1885 1427 1918 quos
1459 1879 1579 1918 spectat
1607 1880 1637 1908 et
1669 1876 1840 1919 spectabit,

1095 1938 1294 1970 quacumque
1307 1927 1469 1971 dignitate,
1479 1929 1675 1969 auctoritate,
1688 1934 1842 1973 potestate

1095 1986 1125 2013 et
1148 1981 1398 2024 praeeminentia
1423 1982 1627 2024 fulgentibus,
1648 1988 1682 2015 ut
1699 1983 1789 2016 vobis
1813 1987 1843 2017 et

1095 2034 1225 2066 cuilibet
1237 2039 1378 2067 vestrum
1400 2035 1430 2067 in
1448 2035 1631 2078 praemissis
1648 2036 1795 2069 omnibus
1812 2041 1843 2068 et

1095 2088 1227 2130 singulis
1242 2092 1388 2132 prompte
1402 2094 1532 2132 pareant
1551 2093 1580 2122 et
1595 2089 1752 2127 obediant,
1770 2090 1843 2123 alio-

1095 2142 1171 2185 quin
1192 2143 1362 2175 sententias
1380 2153 1435 2175 seu
1452 2153 1580 2186 poenas,
1597 2153 1675 2186 quas
1693 2143 1752 2175 rite
1765 2144 1842 2176 tule-

1097 2195 1164 2227 ritis
1189 2206 1244 2228 seu
1260 2195 1432 2228 statueritis
1450 2195 1481 2227 in
1500 2196 1642 2236 rebelles,
1655 2201 1737 2228 ratas
1751 2197 1843 2229 liabe-

1096 2249 1210 2289 bimus,
1228 2253 1258 2282 et
1274 2249 1426 2281 faciemus
1443 2254 1572 2282 auctore
1594 2250 1725 2282 Domino
1742 2261 1842 2293 usque

1096 2303 1134 2335 ad
1152 2303 1397 2336 satisfactionem
1416 2303 1605 2346 condignam
1620 2303 1841 2336 inviolabiliter

1097 2356 1269 2389 observari.

1141 2411 1156 2454 ἓ
1181 2411 1232 2443 tl.
1258 2411 1327 2443 Non
1349 2410 1546 2443 obstantibus
1566 2410 1842 2444 constitutionibus
1857 2418 2038 2439 Coun-wisnona.

1097 2469 1126 2497 et
1151 2464 1402 2497 ordinationibus
1427 2463 1618 2507 apostolicis,
1637 2468 1729 2506 atque
1746 2465 1842 2497 eccle-

1097 2518 1226 2558 siarum,
1243 2517 1521 2557 1‘nonasteriorum,
1549 2517 1764 2560 hospitalium,
1789 2528 1841 2550 or—

1097 2570 1217 2611 dinum,
1244 2570 1536 2612 congregationum,
1555 2569 1749 2611 militiarum,
1772 2582 1842 2603 eon-

1098 2623 1328 2656 t'raternitatum
1347 2628 1377 2655 et
1393 2623 1528 2656 aliorum
1555 2623 1679 2666 piorum
1699 2624 1841 2657 lororum

1099 2676 1279 2710 huiusmodi
1290 2676 1397 2713 (stiam
1406 2676 1594 2717 iuramento,
1602 2677 1842 2710 confirmatione

1853 279 1901 304 Λιι.
1923 280 1949 305 (2.
1970 280 2037 306 1524

1869 1141 2039 1162 Catili-adiutores

1855 1174 1939 1194 quoque
1964 1172 1984 1187 el.
2008 1175 2039 1189 re-

1856 1196 1919 1214 lullv-
1955 1201 2040 1221 coulpe-

1855 1228 1935 1242 scendi.

1883 1833 1930 1854 Elati
1940 1834 1967 1854 lat
1980 1840 2040 1859 prae-

1856 1860 1901 1881 liari
1939 1861 2039 1881 obedien-

1857 1891 1905 1907 tmm
1918 1888 1979 1907 «lieux
1991 1889 2040 1907 visi-

1857 1914 1967 1934 tatoribus.
