2269 3235
226 303 275 328 An.
297 301 325 328 c.
344 300 411 328 1624
456 290 521 324 ⁶268

253 1158 410 1186 Berlingerio‚a

227 1187 340 1208 francisco
350 1186 411 1206 Urbi-

227 1215 246 1234 ni
276 1214 329 1233 dure
357 1214 410 1233 illius

227 1242 316 1260 ducatus
337 1240 410 1264 autu-r-

228 1270 301 1286 natore
335 1267 410 1287 consti-

227 1297 278 1314 tuto.

765 346 819 379 CV.

428 428 616 464 Commissio
650 427 854 469 Berlinqerio
868 454 875 467 ,
904 426 1047 469 episcopo
1082 426 1162 458 olim

468 480 684 519 Ariminensi,
694 479 841 521 qenerali
853 480 950 512 totius
959 479 1095 512 ducatus
1108 479 1163 512 Ur-

469 534 548 572 bim',
571 532 678 576 quoad
697 532 765 564 dux
781 532 908 572 vioeeril,
925 531 964 565 ab
981 532 1050 575 ipso
1068 532 1163 575 depu-

470 591 534 619 tato
547 586 767 630 qubematori,
783 590 829 627 ut,
844 586 1005 618 eveniente
1021 586 1163 618 eiusdem

469 640 559 672 ducis
580 640 679 680 obitu,
698 640 928 683 possessionem
953 639 1048 671 illius
1068 638 1163 672 (luca-

470 697 530 733 tus,
551 693 721 725 civz‘tatmn
734 696 763 725 et
777 692 1011 732 dominiorum,
1032 692 1163 724 nomine

467 749 598 778 sanctae
621 745 713 779 Sedis
730 750 759 778 et
786 746 937 779 Gamerae
960 744 1163 788 Apostolicae

467 799 693 842 apprehendat
703 798 722 831 ¹.

547 879 716 908 Venerabili
735 878 823 906 fratri
844 878 1038 913 Berlinqerio,

579 924 717 958 episcopo
733 924 802 950 olim
817 922 1007 955 Ariminensi,

627 977 762 1003 Urbanus
783 976 861 1009 Papa
881 975 957 1002 vm.

644 1037 831 1065 Venerabilis
846 1038 950 1071 frater,

461 1083 591 1110 satutem
611 1085 643 1109 et
662 1082 860 1116 apostolicam
878 1081 1128 1110 benedictionem.

470 1144 485 1187 ἓ,
501 1144 530 1176 l.
545 1143 621 1176 Cum
635 1142 766 1176 dilectus
778 1143 861 1176 filius
877 1142 991 1176 nobilis
1007 1143 1056 1176 vir
1072 1143 1166 1176 Fran-

426 1197 527 1230 ciscus
551 1196 646 1230 Maria
670 1196 780 1230 Urbini
805 1197 884 1238 dux,
908 1197 1038 1241 provide
1066 1198 1166 1231 consi-

426 1251 548 1292 derans,
574 1250 720 1283 ducatum
746 1250 865 1290 Urbini,
882 1261 1004 1283 necnon
1025 1251 1165 1285 civitates

426 1302 669 1346 senogalliensis
679 1308 708 1336 et
722 1303 1056 1343 Pisau1·e11sis,necnon
1067 1304 1164 1336 sancti

426 1356 537 1389 Leonis
554 1367 625 1390 cum
643 1362 727 1390 terra
744 1362 775 1389 et
790 1367 862 1390 arce
886 1357 999 1399 Maioli,
1018 1362 1047 1389 et
1066 1361 1164 1391 totum

426 1409 547 1443 Statum
571 1411 889 1451 ttiontisferetranum,
914 1410 1037 1454 aliaque
1063 1410 1164 1443 domi-

425 1463 486 1506 nia,
504 1464 652 1505 civitates,
665 1464 790 1508 oppida,
808 1469 919 1504 castra,
937 1470 1046 1505 terras,
1067 1474 1165 1503 arces,

403 1512 407 1518 ’
426 1517 672 1561 propugnacula,
698 1528 752 1550 seu
772 1518 928 1557 fortalitia,
943 1522 973 1550 et
990 1518 1058 1562 loca
1075 1528 1166 1561 quae—

427 1581 573 1614 cumque,
585 1571 678 1603 etiam
693 1570 820 1614 speciali
835 1572 906 1604 nota
920 1576 950 1603 et
962 1571 1165 1615 expressione
1182 1575 1183 1581 ¹

427 1624 532 1666 digna,
550 1624 581 1656 in
598 1629 628 1656 et
645 1624 702 1656 sub
719 1624 806 1657 Statu
822 1623 896 1657 dicti
912 1624 1043 1657 ducatus
1056 1624 1165 1658 Urbini

427 1677 465 1709 ad
489 1687 638 1720 praesens
662 1673 897 1720 quomodolibet
923 1678 1165 1721 comprehensa,

427 1730 494 1763 eius
507 1731 758 1763 antecessoribus
773 1730 891 1763 dudum
905 1742 921 1763 a
932 1732 1079 1764 Romanis
1088 1732 1165 1765 Pou-

428 1784 564 1816 tificibus
588 1784 884 1827 praedecessoribus
909 1785 1025 1818 nostris
1050 1784 1081 1816 in
1106 1785 1166 1817 feu-

427 1836 501 1869 dum
527 1837 597 1869 data
613 1842 644 1869 et
663 1847 822 1876 concessa,
847 1847 902 1869 seu
926 1837 1001 1869 alias
1020 1848 1077 1880 per
1094 1847 1165 1869 eum

428 1889 664 1933 quomodolibet
682 1900 836 1933 possessa,
853 1900 910 1933 per
930 1889 1052 1923 obitum
1074 1900 1166 1922 suum

428 1943 494 1975 sine
517 1942 624 1975 liberis
648 1947 678 1975 et
706 1942 968 1976 descendentibus
1001 1942 1166 1982 masculis,

428 1996 576 2039 legitimis
592 2001 622 2029 et
638 1996 843 2037 naturalibus,
853 1996 892 2030 ob
906 1996 1020 2029 lineam
1034 1997 1166 2036 finitam,

429 2061 501 2083 cum
521 2051 668 2084 omnibus
692 2061 803 2084 eorum
823 2051 1002 2092 territoriis,
1022 2051 1168 2084 districti-

428 2104 497 2143 bus,
514 2103 792 2145 iurisdictionibus,
817 2104 978 2145 membris,
996 2104 1118 2138 iuribus
1139 2109 1169 2139 et

429 2156 625 2200 pertinentiis
648 2157 804 2190 universis
822 2157 965 2201 (excepto
988 2158 1096 2192 Castro
1114 2160 1168 2194 Po-

430 2210 471 2243 dii
496 2210 727 2252 Hibernorum,
752 2216 783 2244 et
806 2211 875 2244 aliis
899 2211 990 2245 bonis
1014 2222 1078 2245 non
1102 2213 1168 2247 seu—

430 2263 552 2297 dalibus
571 2275 672 2308 neque
699 2264 999 2299 iurisdictionalibus
1023 2266 1169 2300 relaxatis

431 2323 460 2350 et
477 2318 643 2351 reservatis
668 2318 836 2351 Francisco
861 2318 975 2352 Mariae
992 2319 1063 2353 duci
1084 2331 1170 2364 prae-

431 2372 531 2413 dicto,
557 2372 686 2416 eiusque
710 2372 899 2406 haeredibus
929 2379 959 2407 et
984 2376 1170 2408 successori-

432 2426 489 2459 bus
503 2426 533 2458 in
547 2427 755 2460 instrumento
769 2427 956 2460 concordiae
970 2428 1027 2461 sub
1045 2428 1094 2461 die
1108 2439 1170 2462 xxx
1185 2440 1186 2443 ¹

432 2480 538 2523 aprilis
551 2480 693 2524 proxime
707 2480 867 2524 praeteriti
885 2481 1068 2525 celebrato),
1082 2492 1170 2525 aper-

434 2538 470 2567 ta.
483 2544 518 2566 ac
542 2534 579 2565 ad
596 2544 653 2566 nos
671 2539 701 2567 et
721 2535 894 2567 Romanam
919 2535 1102 2575 Ecclesiam,
1121 2535 1170 2568 Se—

432 2588 564 2631 demque
591 2594 619 2620 ct
643 2588 804 2621 Cameram
832 2588 1043 2632 Apostolicam
1067 2599 1170 2621 rever-

432 2651 504 2673 sura
529 2646 555 2674 et
582 2641 726 2674 devoluta
751 2642 810 2684 iri,
844 2652 875 2674 se
901 2653 974 2675 vcro
1005 2647 1169 2685 provectae

469 2705 477 2730 1
502 2701 540 2730 Ex
561 2702 666 2738 Regest.
689 2703 715 2730 in
735 2706 839 2731 Secret.
862 2704 936 2731 Brex.

1005 296 1182 321 BULLARIUM
1207 296 1360 320 ROMANUM

1951 295 2001 324 An.
2025 294 2052 323 C.
2072 294 2137 323 1624

1196 345 1257 377 iam
1283 344 1371 377 etatis
1395 344 1538 383 existere,
1560 351 1683 375 necnon
1707 342 1936 376 mensurabiles

1196 397 1261 431 dies
1282 408 1365 438 suos,
1381 396 1616 441 humanamque
1633 395 1727 429 vitam
1747 395 1778 428 in
1797 396 1934 439 imagine

1197 455 1469 495 pertranseuntem
1484 450 1541 484 sibi
1560 450 1600 483 ob
1617 449 1725 483 oculos
1742 460 1934 493 proponens,

1196 509 1230 537 ut
1246 505 1329 537 curis
1345 504 1476 548 aliisque
1494 502 1725 547 impedimentis
1742 503 1935 536 secularibus

1197 558 1326 600 solutus,
1337 557 1375 590 de
1386 557 1559 590 substantia
1573 558 1639 597 sua,
1647 566 1726 600 quae
1739 555 1823 599 apud
1838 555 1934 588 Deum

1197 615 1259 652 est,
1285 611 1380 644 tutius
1412 610 1611 654 adipiscenda
1641 609 1782 643 solidiori
1807 609 1937 642 medita-

1197 664 1327 705 tionum,
1345 665 1533 707 piorumque
1551 674 1684 707 operum
1702 662 1869 696 excercitio
1887 673 1937 695 co-

1197 718 1297 761 gitare
1317 718 1426 759 valeat,
1450 722 1479 752 te
1504 718 1724 759 universalem,
1743 716 1846 761 quoad
1871 715 1937 759 ipse

1197 771 1319 812 vixerit,
1345 771 1488 811 ducatus,
1509 776 1538 804 et
1562 772 1698 805 aliorum
1722 770 1936 803 dominiorum

1196 824 1428 867 praedictorum
1442 825 1686 868 gubernatorem
1699 824 1737 856 ad
1751 824 1936 857 electionem

1197 882 1337 909 nostram
1362 876 1559 920 deputaverit
1568 889 1574 917 ;

1242 929 1257 972 ἓ
1280 929 1310 962 2.
1335 930 1408 970 Nos,
1421 929 1463 962 si¹
1481 929 1612 964 durante
1632 930 1854 972 gubernatoris
1879 930 1937 963 hu·
1952 940 2138 988 miefflurfficgss

1198 981 1334 1015 iusmodi
1352 993 1484 1016 munere
1501 983 1648 1016 eumdem
1661 983 1864 1016 Franciscum
1878 984 1938 1017 Ma·
1951 994 2023 1041 {33:¹¹⁶
2039 994 2137 1041 3133AE

1171 1064 1173 1066 .
1198 1035 1277 1068 riam
1306 1035 1419 1068 ducem
1444 1036 1482 1068 ab
1510 1036 1657 1069 humanis
1684 1036 1836 1069 decedere
1862 1047 1937 1070 con·
1952 1046 2137 1076 ducatusposses-

1952 1079 2033 1094 cionem
2052 1073 2137 1095 nomine

1198 1088 1314 1131 tigerit,
1331 1088 1419 1129 nihil,
1437 1088 1521 1132 quod
1538 1088 1576 1121 ad
1593 1089 1733 1122 muneris
1753 1089 1852 1122 nostri
1867 1099 1938 1133 par·
1952 1099 1976 1120 s.
1986 1100 2049 1121 Sedis
2061 1105 2138 1127 appre-

1198 1146 1245 1174 tes
1269 1152 1329 1185 pro
1352 1147 1535 1175 nostrorum
1552 1147 1582 1175 et
1598 1142 1690 1175 huius
1710 1146 1834 1176 sanctae
1850 1142 1938 1175 Sedis
1952 1125 2044 1152 'uma'

1198 1195 1395 1239 Apostolicae
1434 1195 1561 1230 ditionis
1599 1196 1782 1241 temporalis
1821 1196 1937 1230 iurium

1199 1249 1445 1290 conservatione,
1462 1260 1681 1294 prosperoque
1705 1250 1846 1292 ducatus,
1867 1250 1939 1283 civi-

1200 1306 1315 1343 tatum,
1340 1313 1376 1335 ac
1400 1302 1524 1344 Status,
1556 1313 1678 1336 necnon
1703 1303 1916 1337 dominiorum
1931 1331 1938 1343 ,

1199 1354 1375 1396 civitatum,
1399 1356 1600 1400 oppidorum,
1626 1361 1795 1397 terrarum,
1822 1362 1939 1391 castro-

1199 1420 1268 1442 rum
1284 1437 1291 1450 ,
1326 1410 1641 1453 propugnaculorum
1655 1437 1663 1451 ,
1694 1410 1917 1443 sortalltiorum
1931 1438 1938 1451 ,

1199 1463 1396 1506 aliorumque
1414 1463 1557 1496 locorum
1578 1463 1760 1496 huiusmodi
1778 1469 1869 1505 statu,
1886 1475 1940 1507 gu-

1199 1516 1320 1557 bernio,
1345 1522 1437 1560 atque
1462 1516 1616 1560 regimine
1641 1522 1768 1560 spectat,
1793 1521 1936 1561 praeter-

1199 1570 1322 1603 mittere
1346 1570 1494 1611 volentes,
1520 1581 1555 1603 ac
1580 1570 1618 1603 de
1643 1570 1795 1613 singulari
1820 1571 1937 1604 frater-

1199 1623 1303 1655 nitatis
1322 1628 1392 1655 tuae
1414 1622 1485 1663 fide,
1500 1623 1652 1663 doctrina,
1667 1623 1855 1666 integritate,
1876 1617 1947 1657 diu->

1181 1708 1183 1717 ,
1199 1687 1258 1720 quc
1273 1677 1410 1720 spectata
1424 1676 1456 1708 in
1469 1676 1663 1722 gravissimis
1683 1667 1780 1710 rebus
1794 1678 1940 1720 gerendis

1199 1730 1365 1774 prudentia
1395 1730 1567 1773 plurimum
1594 1731 1625 1762 in
1650 1731 1784 1764 Domino
1813 1731 1938 1772 confisi,

1200 1788 1287 1816 motu
1310 1783 1451 1827 proprio,
1476 1794 1538 1816 nou
1563 1784 1601 1816 ad
1626 1787 1710 1817 tuam
1740 1784 1787 1817 vel
1811 1784 1940 1818 alterius

1200 1847 1258 1880 pro
1276 1842 1304 1869 te
1322 1837 1413 1870 nobis
1433 1848 1530 1881 super
1554 1837 1613 1870 hoc
1638 1837 1759 1870 oblatae
1781 1838 1940 1881 petitionis

1200 1889 1390 1930 instantiam,
1416 1890 1469 1922 sed
1494 1901 1530 1923 ex
1555 1892 1641 1924 certa
1665 1891 1795 1924 scientia
1815 1902 1851 1924 ac
1875 1902 1941 1924 ma-

1201 1946 1271 1977 tura
1296 1943 1523 1978 deliberatione
1547 1944 1673 1984 nostris
1690 1945 1791 1988 deque
1816 1950 1943 1989 aposto-

1200 1996 1278 2029 licae
1297 1997 1459 2040 potestatis
1478 1997 1681 2041 plenitudine,
1699 1997 1755 2030 tibi
1772 2008 1830 2041 per
1850 2008 1940 2041 prae-

1201 2054 1304 2083 sentes
1321 2050 1546 2083 committimus
1560 2057 1590 2083 et
1604 2050 1798 2091 mandamus,
1811 2056 1854 2092 ut,
1868 2061 1941 2084 eve-

1183 2105 1314 2150 ¹niente,
1334 2104 1408 2138 dum
1426 2105 1646 2147 gubernatoris
1671 2105 1851 2138 huiusmodi
1872 2116 1941 2138 mu-

1200 2168 1276 2191 nere
1310 2158 1469 2201 fungeris,
1506 2159 1605 2203 ipsius
1638 2158 1796 2192 Francisci
1827 2158 1941 2192 Mariae

1201 2211 1289 2244 ducis
1309 2211 1406 2252 obitu,
1427 2212 1636 2256 corporalem,
1657 2212 1775 2244 realem
1793 2217 1823 2245 et
1839 2217 1942 2245 actua·
1986 2234 1991 2239 -

1201 2266 1262 2298 lem
1283 2264 1514 2309 possessionem
1539 2264 1680 2307 ducatus,
1698 2264 1868 2306 civitatum,
1886 2265 1941 2299 do-

1202 2319 1382 2359 miniorum,
1400 2318 1601 2362 oppidorum,
1622 2324 1790 2360 terrarum,
1808 2325 1838 2352 et
1860 2319 1943 2354 loco—

1202 2384 1272 2406 rum
1296 2371 1549 2416 praedictorum,
1571 2383 1745 2416 eorumque
1771 2373 1943 2407 territorio-

1203 2437 1284 2467 rum,
1308 2425 1516 2466 districtuum,
1542 2426 1805 2467 iurisdictionum,
1829 2432 1943 2460 castro-

1203 2491 1284 2521 rum,
1295 2479 1528 2520 fortalitiorum,
1541 2479 1604 2512 sixe
1619 2480 1942 2523 propugnaculorum‚

1203 2533 1439 2574 membrorum,
1465 2533 1747 2577 pertinentiarum,
1772 2538 1803 2566 et
1826 2533 1942 2566 iurium

1203 2597 1488 2630 quorumcumque,
1507 2592 1624 2627 nostro,
1645 2592 1673 2619 ct
1700 2586 1866 2627 Ecclesiae,
1892 2585 1944 2619 Se-

1203 2641 1313 2685 disque
1333 2646 1363 2674 et
1383 2641 1531 2674 Gamerae
1552 2641 1784 2685 praedictorum
1805 2640 1942 2681 nominc,

1243 2706 1249 2731 t
1271 2705 1412 2741 Perper-am
1429 2704 1493 2732 edit.
1510 2704 1592 2732 Main.
1610 2704 1673 2740 legit
1687 2704 1724 2732 sic
1738 2705 1774 2739 (n.
1787 2705 1834 2738 T.).
