2269 3235
94 272 144 299 An.
162 271 189 298 C.
211 271 279 298 1624

115 492 223 514 clausula<
239 497 276 517 pro

94 520 188 540 eiusdem
203 519 276 539 indulti

94 547 191 567 munitate
210 552 275 572 appu-

93 576 130 594 1111,

134 1078 226 1103 nerogat
243 1076 278 1097 ob·

95 1105 206 1126 stantibus.

129 2087 227 2108 Urbanus
242 2087 280 2107 mi-

97 2115 163 2135 litiam
184 2114 281 2135 ctu-isua-

98 2147 145 2161 nam
174 2147 279 2166 nuncupa-

99 2169 140 2189 tam
156 2170 260 2188 erexerat.

897 270 1039 293 unnauus

293 323 414 352 vertere
432 318 529 351 libere
543 324 573 352 et
589 319 673 352 licite
686 319 816 360 valeant,
831 317 913 350 dicta
927 321 1031 350 aucto-

292 371 392 412 ritate,
409 376 518 405 tenore
537 372 762 416 praesentium,
780 370 980 404 concedimus
1001 375 1029 402 ct

291 425 500 468 indulgemus.

335 479 350 522 ἓ
373 478 402 511 3.
420 479 627 512 Decernentcs
646 481 824 521 praesentes
841 477 960 510 litteras
979 486 1028 508 va-

292 531 380 572 lidas,
404 531 513 564 firmas
537 536 567 564 et
591 530 732 563 efficaces
755 529 890 562 existere
910 534 939 562 et
963 530 1029 562 sore

292 595 426 628 suosque
444 583 600 628 plenarios
614 586 643 616 et
660 582 799 625 integros
815 582 944 614 effectus
961 592 1027 615 sor-

293 637 344 670 tiri
368 642 399 671 et
422 637 581 677 obtinere,
609 647 644 669 ac
675 635 792 669 eisdem
824 635 974 668 militibus
998 635 1029 668 in

291 691 437 724 omnibus
461 694 490 724 et
512 700 569 734 per
592 689 698 722 omnia
721 689 902 733 plenissime
922 688 1030 721 suffra-

291 744 373 787 gari3
399 744 505 788 sicque
528 753 584 787 per
603 753 820 786 quoscumque
840 742 957 775 iudices
982 753 1029 776 or-

291 797 429 830 dinarios
464 800 494 829 et
524 796 683 839 delegatos
698 823 705 836 ,
739 795 831 828 etiam
863 806 1029 828 causarum

292 851 398 895 palatii
416 849 579 894 apostolici
599 849 769 890 auditores,
783 849 914 883 iudicari
934 855 965 883 et
981 849 1030 882 dc-

291 904 375 938 finiri
399 904 524 945 debere,
542 914 577 936 ac
594 903 719 936 irritum
737 908 766 936 et
784 903 884 944 inane,
899 903 923 936 si
941 914 1030 936 secus

292 969 386 1003 super
409 958 458 991 his
482 968 499 990 a
518 968 688 1002 quoquam,
709 957 817 1001 quavis
835 957 1030 998 auctoritate,

293 1012 427 1046 scienter
437 1012 484 1045 vel
498 1011 690 1055 ignoranter,
699 1011 865 1054 eontigerit
876 1011 1029 1045 attentari.

337 1065 352 1108 ἓ
373 1064 402 1097 4.
427 1066 496 1098 Non
520 1064 717 1098 obstantibus
742 1064 903 1108 quibusvis
921 1064 1032 1097 eonsti-

293 1118 466 1152 tutionibus
486 1122 515 1152 et
531 1118 782 1152 ordinationibus
794 1118 983 1162 apostolicis,
997 1129 1031 1151 ac

293 1171 361 1204 aliis
385 1171 533 1204 omnibus
557 1176 587 1204 et
611 1171 751 1214 singulis,
777 1181 856 1214 quae
878 1170 908 1203 in
933 1181 1029 1215 prae-

292 1225 382 1258 dictis
407 1224 517 1257 litteris
542 1224 698 1258 voluimus
721 1234 784 1257 non
816 1224 956 1264 obstare,
985 1234 1031 1256 ce-

292 1278 429 1321 terisque
452 1277 619 1311 contrariis
643 1277 904 1321 quibuscumque.

335 1331 447 1364 Datum
468 1331 596 1370 Romae,
618 1330 701 1373 apud
715 1330 743 1363 S.
756 1330 892 1370 Petrum,
910 1330 967 1362 sub
983 1340 1033 1362 an-

291 1383 365 1416 nulo
375 1383 554 1423 Piscatoris,
568 1382 618 1415 die
630 1393 706 1416 xxm
720 1383 868 1415 februarii
881 1392 1032 1423 uncxxlv,

292 1435 493 1479 pontificatus
509 1435 610 1468 nostri
627 1446 709 1469 anno
727 1446 746 1468 1.

328 1497 386 1525 Dat.
405 1497 448 1525 die
462 1498 496 1525 23
511 1497 644 1525 februarii
662 1498 739 1530 1624,
760 1498 854 1533 pontis.
871 1506 915 1525 an.
931 1505 949 1526 1.

588 1642 745 1675 XXXVIII.

294 1723 493 1765 Prohibitz'o,
520 1734 562 1757 ne>
583 1724 658 1767 quis
683 1723 831 1757 habitam
856 1728 884 1757 et
909 1734 1032 1757 crucem

338 1780 477 1809 assertae
505 1776 678 1809 cuiusdam
701 1776 844 1809 militiae
872 1777 1031 1810 christia-

338 1840 409 1870 nae,
437 1830 477 1863 ab
494 1830 519 1864 A
524 1830 680 1874 postolicct
696 1829 775 1863 Sede
792 1840 858 1862 non
878 1830 1034 1873 app'roba-

340 1887 400 1922 tae,
426 1881 580 1926 deferaffi.

496 1963 633 1990 Urbanus
654 1963 733 1997 Papa
753 1964 830 1996 vm,

441 2008 477 2035 ad
489 2008 630 2035 futuram
650 2008 695 2035 rei
711 2008 893 2043 memoriam.

340 2079 396 2123 §I
414 2079 530 2122 Nuper,
551 2078 832 2122 supplicationibus
849 2079 1034 2113 dilectorum

295 2132 434 2165 filiorum
445 2131 599 2165 nobilium
610 2131 749 2165 virorum
759 2132 947 2165 Ferdinandi
957 2133 1037 2166 Man-

296 2190 367 2218 tuae
383 2195 419 2218 ac
435 2185 537 2219 Caroli
554 2184 754 2218 Nivernensis
770 2185 885 2218 ducum
913 2196 1035 2219 necnon

297 2239 430 2283 Adolphi
448 2239 571 2272 comitis
585 2238 622 2271 de
638 2239 750 2273 Althan
766 2240 857 2272 nobis
874 2240 1036 2273 humiliter

267 2334 270 2337 y
296 2292 450 2336 porrectis
480 2292 640 2333 inclinati,
665 2303 759 2325 unam
784 2293 925 2326 militiam
951 2294 1035 2327 chri-

297 2345 428 2378 stianam
452 2351 674 2390 nuncupatam,
692 2346 749 2379 sub
770 2347 865 2380 certis
889 2347 984 2381 modo
1007 2353 1035 2380 et

296 2399 398 2432 forma
422 2403 496 2432 tunc
520 2400 686 2442 expressis,
711 2401 882 2444 apostolica
903 2401 1036 2434 auctori-

297 2455 358 2486 tate
383 2451 539 2485 ereximus
564 2456 594 2486 et
617 2453 827 2495 instituimus,
859 2454 966 2498 illique
992 2455 1034 2488 sic

297 2509 418 2539 erectae
450 2510 480 2538 et
511 2505 669 2539 institutae
699 2507 821 2540 diversa
849 2508 1053 2552 privileg-ias

297 2559 413 2602 gratias
430 2564 460 2592 et
476 2558 595 2592 indulta
617 2561 839 2603 concessimus,
857 2562 980 2606 aliaque
996 2562 1036 2595 se-

336 2676 344 2702 1
363 2675 401 2703 Ex
416 2675 523 2711 Regest.
540 2674 566 2702 in
580 2674 681 2703 Secret.
697 2675 773 2703 Brev.

1073 270 1127 293 vm
1152 270 1198 293 ee.
1712 260 1772 294 119

1063 317 1173 358 cimus,
1187 317 1352 351 statuimus
1373 321 1402 350 ct
1419 316 1643 357 ordinavimus,
1662 322 1756 360 prout
1773 317 1804 349 in

1064 371 1178 404 nostris
1204 371 1341 415 desuper
1359 372 1417 404 suh
1434 371 1564 415 plumbo
1581 371 1736 415 expeditis
1760 371 1805 404 lit-

1065 424 1157 464 teris,
1185 436 1319 468 quarum
1350 430 1476 458 tenores
1505 425 1723 471 praesentibus
1747 436 1804 468 pro

1064 477 1219 520 expressis
1245 477 1353 510 haberi
1380 479 1538 519 volumus,
1564 477 1686 522 plenius
1711 478 1805 511 conti-

1064 534 1164 562 netur.

1108 583 1123 626 ἓ
1147 582 1176 615 02.
1201 583 1278 616 Cum
1303 588 1418 623 autem,
1436 584 1515 617 sicut
1539 584 1740 628 accepimus,¹
1761 595 1805 617 as·
1846 597 1954 616 somma-s
1970 602 2003 615 xe-

1064 640 1146 668 serta
1171 635 1323 679 quaedam
1349 636 1459 669 militia
1483 637 1520 669 de
1537 637 1618 670 sacto
1636 637 1806 670 christiana
1821 627 2003 669 {tlaijsslssffiinlss

1064 689 1168 721 forsan
1192 694 1306 729 erecta,
1327 689 1399 722 licet
1419 700 1435 721 a
1456 689 1533 723 Sede
1551 690 1731 733 Apostolica
1752 691 1806 723 mi·
1820 675 2003 723 iltiltss'“{?t².1¹‚'31

1063 742 1148 775 nime
1164 743 1340 786 approbata
1368 742 1471 783 fuerit,
1489 742 1631 775 nonnulli
1651 743 1807 777 nillilomi-
1821 735 1872 779 iffi'sa,
1903 730 2002 749 mmm*

1063 806 1122 828 nus
1143 796 1285 828 habitum
1318 799 1455 830 assertae
1484 795 1624 828 eiusdem
1655 796 1806 837 militiae,

1064 848 1249 882 auctoritate
1274 850 1423 893 propria,
1449 849 1653 893 susceperint,
1668 854 1698 882 et
1722 849 1807 882 illius

1064 912 1191 934 crucem
1209 902 1290 935 collo
1304 912 1474 946 appensam
1492 912 1528 935 ae
1556 901 1667 946 pannis
1683 901 1806 934 affixam

1065 955 1255 998 gestaverint
1278 955 1315 988 de
1339 956 1430 996 sacto,
1448 960 1478 988 et
1503 955 1607 989 forsan
1633 955 1728 989 etiam
1752 966 1806 998 ge-

1065 1012 1161 1042 stent:

1110 1063 1125 1105 ἓ
1148 1062 1177 1095 3.
1196 1062 1267 1104 Nos,
1282 1062 1475 1106 praemissis,
1493 1068 1645 1106 quantum
1662 1074 1734 1096 cum
1751 1063 1807 1097 Do-

1067 1115 1152 1149 mino
1173 1126 1352 1159 possumus,
1370 1116 1498 1149 obviare
1515 1117 1665 1157 volentes,
1683 1116 1720 1150 de
1738 1127 1808 1151 con-

1066 1169 1136 1202 silio
1160 1170 1386 1203 nonnullorum
1416 1170 1644 1204 venerabilium
1673 1171 1807 1204 fratrum

1066 1227 1248 1256 nostrorum
1273 1223 1301 1256 S.
1328 1224 1362 1257 R.
1388 1223 1420 1256 E.
1446 1224 1668 1265 cardinalium,
1693 1225 1808 1268 quibus

1066 1275 1234 1318 negocium
1260 1276 1441 1309 huiusmodi
1465 1276 1705 1310 examinandum
1726 1288 1809 1311 com-

1067 1328 1221 1368 misimus,
1235 1329 1381 1362 omnibus
1399 1334 1429 1362 et
1445 1330 1586 1372 singulis,
1601 1330 1654 1374 qui
1671 1336 1809 1363 assertae

1067 1381 1248 1414 huiusmodi
1274 1382 1404 1415 militiae
1427 1393 1490 1415 non
1514 1383 1705 1427 approbatae
1727 1384 1811 1417 habi-

1067 1440 1133 1467 turn
1158 1439 1188 1467 et
1212 1446 1340 1468 crucem
1365 1442 1581 1480 susceperunt,
1603 1437 1756 1480 illumque
1781 1442 1811 1470 et

1068 1488 1152 1520 illam
1178 1488 1216 1520 ad
1241 1499 1390 1532 praesens
1416 1489 1575 1531 deserunt,
1601 1490 1658 1522 sub
1688 1501 1810 1524 excom-

1069 1542 1289 1575 municationis
1314 1543 1392 1575 latae
1418 1543 1587 1576 sententiae
1614 1549 1643 1576 et
1667 1543 1810 1587 indigna-

1069 1596 1162 1628 tionis
1185 1601 1312 1629 nostrae
1337 1600 1366 1628 et
1391 1596 1459 1628 aliis
1484 1596 1605 1629 arbitrii
1621 1597 1720 1630 nostri
1738 1608 1810 1641 poe-

1068 1648 1126 1689 nis,
1140 1659 1196 1692 per
1215 1654 1397 1693 praesentes
1414 1650 1626 1694 praecipimus
1641 1654 1670 1684 et
1687 1651 1811 1684 manda-

1069 1713 1156 1743 mus,
1181 1707 1231 1743 ut,
1257 1703 1363 1735 habita
1393 1704 1576 1736 earumdem
1597 1705 1810 1749 praesentium

1068 1756 1190 1797 notitia,
1215 1756 1298 1790 illico
1324 1757 1465 1789 habitum
1483 1762 1513 1790 et
1530 1769 1657 1791 crucem
1674 1764 1811 1792 assertae

1070 1809 1200 1842 militiae
1225 1820 1287 1843 non
1307 1810 1498 1854 approbatae
1515 1811 1696 1845 huiusmodi
1714 1812 1812 1856 depo-

1069 1868 1154 1903 nant,
1179 1873 1236 1895 nec
1261 1864 1398 1907 amplius
1415 1875 1577 1898 assumere
1605 1865 1668 1898 sive
1689 1871 1811 1909 gestare

1070 1917 1205 1949 audeant
1228 1927 1283 1950 seu
1307 1923 1517 1961 praesumant.

1115 1970 1130 2014 g
1153 1969 1183 2002 4.
1209 1970 1333 2003 Eisdem
1358 1975 1464 2004 tamen
1487 1971 1700 2015 permittimus
1720 1975 1812 2016 atque

1070 2023 1281 2066 indulgemus,
1306 2029 1340 2057 ut
1363 2024 1504 2057 habitum
1522 2035 1579 2068 per
1603 2025 1715 2058 fratres
1735 2026 1813 2059 rnili-

1070 2083 1116 2110 tes
1140 2077 1269 2110 militiae
1294 2077 1482 2110 christianae
1507 2088 1524 2110 a
1548 2078 1650 2119 nobis,
1668 2084 1701 2111 ut
1724 2090 1813 2123 prae-

1071 2131 1191 2172 fertur,
1216 2136 1338 2164 erectae
1363 2131 1479 2174 gestari
1511 2132 1656 2173 solitum,
1682 2133 1812 2166 servatis

1071 2186 1146 2218 alias
1164 2186 1261 2230 ipsius
1279 2186 1407 2218 militiae
1432 2186 1706 2220 constitutionibus
1726 2198 1743 2220 a
1760 2198 1812 2221 no-

1070 2240 1117 2273 bis
1135 2240 1229 2272 etiam
1249 2239 1441 2283 approbatiS,
1463 2239 1633 2283 suscipere,
1651 2245 1680 2273 et
1696 2241 1812 2284 profes-

1070 2294 1191 2327 sionem
1217 2304 1274 2337 per
1294 2293 1420 2326 eosdem
1439 2293 1537 2327 emitti
1555 2298 1735 2326 consuetam
1753 2304 1810 2327 suo

1071 2353 1214 2391 tempore
1239 2357 1386 2391 expresse
1407 2347 1550 2380 emittere
1567 2347 1665 2380 libere
1683 2352 1712 2380 et
1728 2347 1812 2380 licite

1072 2401 1200 2433 valeant.

1115 2455 1129 2498 g
1154 2453 1182 2486 5.
1216 2453 1367 2492 Quocirca
1400 2453 1630 2486 venerabilibus
1661 2453 1811 2489 fratribus

1069 2507 1266 2552 patriarchis,
1292 2506 1550 2551 archiepiscopis,
1577 2507 1745 2551 episcopiS‚
1763 2519 1812 2542 ce-

1819 270 1868 295 An.
1886 270 1912 296 C.
1935 269 2001 296 1624

1869 1076 1890 1096 ld
1907 1081 2005 1102 expresze

1823 1105 1887 1123 vetat.

1853 1983 1877 2003 Et
1894 1982 2009 2008 permittit,

1826 2011 1848 2029 ut
1864 2012 1948 2029 erectae
1964 2015 1976 2029 a
1988 2015 2009 2029 <e

1827 2037 1913 2056 militiae
1925 2036 2010 2056 inscribi

1827 2068 1874 2088 quis
1891 2062 1964 2088 possit.

1863 2462 2010 2489 Exequutoros

1826 2489 1929 2515 designat.

1107 2589 1115 2614 1
1132 2588 1196 2615 Heio
1207 2587 1328 2614 delemus
1340 2595 1433 2614 vocem
1446 2587 1521 2621 licet,
1534 2596 1603 2624 quae
1619 2592 1711 2624 postea
1722 2589 1812 2625 sequi-

1069 2635 1128 2665 tur;
1153 2637 1271 2659 ceterum
1292 2632 1411 2667 syntaxis
1433 2631 1561 2659 mendosa
1579 2632 1810 2667 deprehenditur;

1068 2677 1157 2704 forsan
1173 2676 1314 2715 legendum
1330 2678 1439 2704 asserta
1456 2680 1584 2713 quadam
1600 2678 1705 2706 militia
1721 2679 1808 2712 (ΕΛΖ).
