2269 3235
103 256 156 284 An.
172 254 201 284 C.
221 253 288 282 1628

906 252 1049 276 URBANUS
1082 252 1138 276 VIII
1162 253 1209 276 1³1³.

299 300 591 343 locumtenentibus,
609 301 646 334 ad
664 310 721 334 nos
741 301 853 334 harum
872 300 951 333 serie
968 310 1037 333 avo-

300 365 417 395 camus,
442 354 573 399 illasquc
603 354 727 398 penitus
752 359 782 387 et
806 353 933 387 omnino
957 364 1033 396 sup-

299 408 466 453 primimus
483 412 512 442 et
528 408 757 451 extinguimus3
780 417 901 440 necnon
918 406 1035 439 eisdem

299 462 477 496 Crescentio
501 466 532 495 et
555 461 684 502 Adamo,
707 461 838 504 aliisque
858 459 1036 503 praedictis,

299 521 487 559 perpetuum
505 515 638 558 desuper
655 513 812 547 silentium
836 512 1036 556 imponimus.

344 570 360 613 ἓ
384 568 434 601 13.
456 569 596 612 Insuper,
616 578 674 611 pro
692 566 804 599 maiori
824 565 1039 609 archipresby-

301 622 359 656 teri
387 633 423 655 ac
447 621 573 666 capituli
605 625 635 653 et
658 619 883 653 canonicorum
916 618 1038 662 praedi-

301 680 424 709 ctorum
449 675 578 715 cautela,
596 673 727 716 iuraque
747 672 869 705 iuribus
886 671 1038 711 addendo,

300 728 436 772 plateam
456 726 660 771 praedictam,
677 735 761 758 nunc
778 728 805 758 et
823 734 881 768 pro
898 729 1039 767 tempore

301 781 504 820 existentem,
529 779 630 812 eidem
656 778 821 818 ecclesiae,
850 778 986 821 capitulo
1010 781 1038 810 et

301 833 457 866 canonicis
490 832 692 866 concedimus
717 836 747 864 et
769 836 922 875 perpetuo
946 831 1041 864 dona-

299 897 379 927 mus,
407 886 518 919 relicto
542 885 710 919 domorum
736 895 792 918 seu
815 885 1038 928 apothecarum

300 939 418 972 eisdem
447 940 568 982 plateae
598 938 807 971 adiacentium
831 938 966 971 dominis
992 938 1039 970 vel

300 992 462 1035 inquilinis
475 992 572 1025 trium
590 991 750 1025 dumtaxat
762 991 940 1035 palmorum
955 996 1040 1024 extra

300 1045 411 1079 domos
438 1046 486 1079 vel
511 1046 678 1090 apothecas
710 1045 890 1079 huiusmodi
920 1045 1040 1089 spatio,

301 1098 404 1142 quoad
430 1110 521 1132 usum
549 1103 667 1133 tantum
700 1110 758 1142 pro
788 1098 946 1132 mercibus
977 1098 1041 1131 sire

301 1151 370 1185 aliis
394 1152 489 1185 rebus
513 1153 657 1197 ipsorum
681 1153 883 1186 dominorum
916 1163 970 1186 seu
998 1153 1043 1185 in-

301 1206 494 1249 quilinorum
518 1211 649 1248 tantum,
679 1217 758 1250 quae
782 1212 888 1239 tamen
912 1206 944 1238 in
968 1206 1042 1249 ipsis

302 1259 449 1292 domibus
466 1259 513 1292 vel
530 1260 692 1303 apothecis
716 1259 903 1300 venduntur,
932 1263 961 1293 et
979 1269 1042 1292 non

302 1312 386 1354 alias,
404 1323 507 1356 neque
523 1313 561 1345 ad
582 1313 678 1345 alium
703 1323 805 1353 usum,
822 1313 881 1345 nisi
898 1313 935 1345 de
951 1313 1044 1345 licen-

302 1365 345 1398 tia
363 1367 511 1409 expressa
535 1365 676 1409 ipsorum
698 1366 975 1410 archipresbyteri,
994 1376 1043 1399 ca-

301 1418 490 1452 nonicorum
515 1423 543 1452 et
577 1419 706 1462 capituli
737 1419 769 1452 in
799 1420 923 1463 scriptis
953 1420 1043 1453 titulo

302 1471 467 1505 locationis
491 1471 670 1505 obtinenda.

348 1526 363 1569 ἓ
387 1525 439 1557 114.
465 1525 601 1558 L‘lterius
625 1525 791 1558 domorum
821 1529 851 1559 et
874 1525 1043 1568 apotheca-

304 1589 375 1611 rum
399 1579 584 1612 huiusmodi
619 1578 775 1620 dominis,
800 1588 923 1612 necnon
948 1579 1044 1621 magi-

303 1632 375 1666 stris
392 1632 525 1673 viarum,
543 1632 660 1665 et'aliis
685 1631 870 1665 officialibus
895 1642 1044 1675 quocum-

303 1696 364 1729 que
387 1685 516 1719 nomine
539 1686 736 1729 nuncupatis,
756 1695 876 1718 necnon
903 1685 1043 1718 eiusdem

304 1744 428 1773 sanctae
460 1739 619 1772 Romanae
656 1739 812 1772 Ecclesiae
848 1739 1042 1779 camerario,

305 1792 479 1836 ceterisque
503 1792 771 1836 quibuscumque,
796 1792 835 1824 ad
859 1803 938 1836 quos
962 1802 1044 1825 nunc

305 1845 543 1889 quomodolibet
567 1849 694 1890 spectat,
712 1850 742 1878 et
764 1851 919 1889 perpetuo
945 1846 975 1878 in
1002 1847 1045 1879 su·

305 1905 411 1932 turum
437 1900 610 1944 spectabit,
640 1910 679 1933 ne
711 1900 1044 1944 archipresbyterum,

306 1953 473 1986 canonicos
496 1964 532 1986 ac
557 1953 727 1997 capitulum
748 1953 929 1986 huiusmodi
950 1964 1045 1997 super

305 2006 470 2039 universae
495 2006 591 2050 ipsius
622 2006 741 2050 plateae
770 2002 919 2039 dominio‘
940 2011 970 2039 et
1000 2007 1045 2039 sa-

305 2059 473 2093 cultatibus
497 2059 667 2104 praedictis
686 2060 849 2103 impedire,
867 2060 1043 2102 molestare,

305 2113 352 2146 vel
376 2113 584 2157 perturbare,
609 2118 662 2145 aut
686 2113 717 2145 in
742 2113 886 2146 domibus
915 2118 945 2146 ct
974 2124 1046 2157 apo-

306 2166 403 2201 thecis
428 2171 458 2199 et
482 2166 550 2200 aliis
570 2166 682 2200 sitibus
702 2166 803 2199 cidem
827 2167 949 2210 plateae
965 2167 1046 2199 adia-

307 2220 450 2253 centibus
475 2219 682 2253 circumcirca
706 2220 788 2253 insra
813 2220 958 2253 centum¹
975 2231 1046 2253 can-

306 2283 419 2306 narum
443 2274 597 2317 spatium,
623 2273 726 2317 quoad
750 2273 873 2317 pisces,
903 2274 1044 2316 tellinas,

307 2326 483 2370 gambaros,
495 2327 544 2360 vel
557 2327 684 2371 squillas
698 2327 868 2369 dumtaxat,
882 2338 938 2360 nec
953 2328 1044 2361 etiam

308 2381 340 2414 in
363 2380 472 2413 eadem
492 2381 603 2424 platea,
628 2385 658 2415 et
682 2381 841 2425 apothecis
866 2382 975 2414 vicinis
999 2394 1048 2415 su-

307 2444 364 2478 per
396 2433 479 2467 dicta
502 2434 607 2478 platea
631 2434 912 2478 respondentibus,
937 2446 1046 2469 carnes

309 2487 535 2530 cuiuscumque
559 2488 692 2530 generis,
713 2488 798 2521 vivas
822 2488 871 2521 vel
895 2494 1046 2530 mortuas,

307 2539 403 2573 etiam
427 2540 544 2574 haedos
568 2545 598 2574 et
621 2551 718 2584 agnos
743 2545 772 2576 et
795 2541 880 2584 alias,
902 2552 959 2575 nec
984 2543 1046 2575 fru-

343 2611 354 2637 1
373 2609 428 2638 Nisi
442 2619 520 2640 error
533 2611 581 2646 sit;
596 2619 658 2640 nam
671 2620 753 2648 supra
766 2613 909 2649 legebatur
920 2614 1047 2648 quinque

306 2658 343 2692 (a.
360 2654 409 2691 T.).

1070 305 1138 333 ctus
1163 300 1387 344 cuiuscumque
1412 300 1546 343 generis,
1564 300 1650 333 olera
1670 305 1700 332 et
1717 300 1810 333 ssores

1071 353 1217 390 vendere,
1243 359 1293 386 aut
1321 355 1484 386 murellum
1510 354 1557 386 vet
1584 354 1738 386 lanienam
1760 354 1810 385 ha-

1071 406 1155 446 bcrc,
1175 406 1291 449 absque
1317 409 1465 450 cxprsssa
1487 406 1750 450 archipresbyteri
1775 417 1811 439 ac

1072 459 1294 491 canonicorum
1321 465 1351 491 ‹1t
1375 460 1501 502 capituli
1528 459 1760 503 praedictorum
1778 459 1812 492 li-

1071 512 1184 551 ccntizi,
1208 512 1344 544 audeant
1368 524 1422 545 seu
1447 518 1658 555 praesumant,
1683 514 1741 545 sub
1770 513 1812 545 in-

1071 564 1260 607 dignationis
1276 570 1401 597 nostrac
1419 571 1448 597 ct,
1462 576 1677 599 successorum
1694 571 1812 600 nostro-

1072 627 1160 656 rum,
1186 622 1216 649 et
1240 617 1308 649 aliis
1332 618 1453 649 arbitrii
1478 619 1576 651 nostri
1602 624 1631 651 ct
1655 630 1813 652 successo-

1072 680 1142 702 rum
1174 670 1409 713 pracdictorum
1445 671 1578 714 poenis,
1608 677 1637 704 ct
1668 672 1699 704 in
1724 672 1813 705 dictis

1072 723 1146 756 Sixti
1168 723 1190 755 V
1220 723 1472 766 praedecessoris
1498 724 1609 757 litteris
1634 725 1759 758 inssictis
1784 731 1813 758 et

1073 776 1281 818 comminatis,
1304 776 1520 810 interdicimus
1544 783 1574 810 ct
1598 779 1812 821 prohibemus.

1117 830 1132 873 ἓ,
1157 830 1208 863 «15,
1234 831 1385 863 Volumus
1411 841 1535 874 quoque
1567 832 1745 874 praedictos
1769 843 1815 865 ar-

1073 883 1355 928 chipresbyterum,
1369 884 1535 917 canonicos
1549 889 1578 918 et
1592 885 1762 928 capitulum
1777 886 1814 918 ad

1074 937 1277 970 resectionem
1303 937 1457 978 selciatae,
1475 943 1538 970 tam
1564 938 1683 982 plateae
1715 949 1815 981 usque

1075 991 1112 1023 ad
1126 992 1261 1034 parietes
1273 992 1439 1024 domorum
1455 996 1484 1026 et
1496 993 1721 1036 apothecarum
1736 993 1815 1026 adia-

1075 1045 1221 1086 centium,
1248 1056 1342 1088 quam
1368 1046 1489 1078 viarum
1515 1046 1547 1078 in
1571 1046 1731 1089 praedicta
1749 1047 1815 1090 pla-

1076 1101 1124 1131 tea
1148 1100 1417 1143 respondentium,
1443 1111 1502 1144 pro
1527 1100 1689 1133 latitudine
1706 1106 1736 1133 et
1753 1101 1816 1134 lon-

1075 1152 1215 1195 gitudine
1240 1153 1340 1186 dictae
1365 1154 1486 1197 plateae
1511 1159 1642 1193 tantum,
1662 1154 1761 1187 teneri
1786 1160 1815 1187 et

1075 1211 1228 1249 perpetuo
1253 1207 1408 1249 obligatos
1436 1218 1514 1248 esse,
1539 1218 1574 1240 ac
1599 1208 1638 1240 ad
1662 1208 1746 1240 illam
1771 1208 1814 1241 sa-

1076 1259 1216 1292 ciendam
1242 1260 1313 1302 cogi
1337 1271 1439 1304 posse.

1121 1312 1143 1355 §‚
1160 1311 1211 1345 116.
1242 1313 1450 1347 Decernentes
1486 1320 1667 1357 praesentes
1699 1315 1817 1350 litteras

1076 1364 1162 1397 nullo
1187 1375 1338 1408 umquam
1363 1371 1507 1409 tempore
1533 1367 1569 1399 de
1595 1367 1816 1411 subreptionis,

1076 1419 1125 1450 vel
1149 1419 1365 1462 obreptionis,
1391 1430 1447 1453 seu
1471 1421 1620 1454 nullitatis
1645 1422 1719 1455 vitio
1734 1449 1741 1463 ,
1766 1428 1818 1455 aut

1077 1472 1258 1505 intentionis
1289 1479 1435 1514 nostrae,
1461 1475 1509 1507 vel
1535 1475 1595 1507 alio
1619 1486 1818 1520 quocumque

1077 1525 1208 1566 defectu,
1234 1526 1325 1558 etiam
1352 1537 1388 1560 ex
1414 1537 1460 1568 eo,
1482 1527 1565 1570 quod
1590 1538 1720 1570 causae,
1748 1540 1820 1572 pro-

1077 1584 1147 1622 pter
1171 1590 1248 1622 quas
1272 1580 1342 1612 illae
1369 1586 1572 1620 emanarunt,
1601 1592 1765 1624 expressae
1790 1588 1819 1616 et

1078 1632 1285 1673 iustit'icatae,
1303 1633 1440 1676 dictique
1465 1634 1662 1667 Crescenlius
1687 1640 1716 1668 et
1740 1635 1819 1668 Ada-

1078 1696 1157 1725 mus,
1179 1690 1208 1720 ct
1228 1686 1279 1718 alii
1305 1687 1495 1730 quicumque
1521 1687 1552 1719 in
1576 1688 1757 1731 praemissis
1778 1689 1820 1721 in-

1077 1745 1195 1772 teresse
1209 1739 1427 1780 11abentes,xet
1441 1741 1557 1773 habere
1571 1742 1820 1784 praetendentes,

1078 1793 1115 1825 ad
1130 1793 1190 1826 hoc
1204 1793 1304 1827 vocati
1317 1799 1345 1826 et
1359 1794 1456 1826 auditi
1473 1805 1535 1827 non
1549 1795 1680 1836 fuerint,
1695 1797 1742 1828 vel
1761 1797 1821 1830 alia

1078 1847 1187 1890 quavis
1207 1847 1245 1880 de
1263 1850 1357 1880 causa
1382 1849 1581 1891 quantumvis
1606 1849 1820 1893 privilegiata,

1078 1900 1191 1941 notari,
1218 1901 1408 1944 impugnari,
1439 1901 1624 1943 invalidari,
1644 1904 1821 1944 retractari,

1080 1953 1236 1993 rescindi,
1265 1954 1414 1998 infringi,
1445 1955 1595 1995 limitari,
1625 1956 1821 1998 modificari,

1079 2006 1250 2049 immutari,
1276 2007 1428 2047 revocari,
1454 2008 1620 2049 annullari,
1645 2009 1676 2041 in
1701 2010 1749 2042 ius
1774 2011 1820 2043 vel

1079 2060 1326 2092 controversiam
1350 2061 1502 2101 revocari,
1522 2062 1560 2094 ad
1578 2062 1728 2095 terminos
1745 2063 1822 2096 iuris

1079 2113 1196 2155 reduci,
1223 2118 1275 2147 aut
1299 2114 1448 2147 adversus
1473 2115 1540 2147 illas
1565 2115 1771 2149 restitutionis
1790 2117 1822 2149 in

1079 2166 1248 2210 integrum,
1274 2167 1457 2211 aperitionis
1483 2169 1556 2210 oris,
1575 2174 1627 2201 aut
1651 2170 1823 2212 quodcum-

1079 2232 1140 2264 que
1165 2221 1247 2253 aliud
1274 2222 1392 2264 gratiae
1417 2222 1464 2255 vel
1486 2222 1619 2255 iustitiae
1644 2224 1821 2257 remedium

1080 2275 1262 2318 impetrari,
1288 2286 1359 2315 seu,
1385 2276 1478 2308 etiam
1504 2282 1611 2316 motu,
1638 2277 1767 2310 scientia
1793 2283 1822 2311 et

1079 2329 1241 2373 potcstatis
1265 2329 1461 2373 plenitudine
1486 2330 1650 2371 similibus,
1676 2331 1820 2372 concedi,

1080 2389 1133 2415 aut
1157 2383 1257 2416 dictos
1282 2383 1495 2416 Crescentium
1521 2389 1550 2416 et
1575 2384 1740 2426 Adamum,
1765 2396 1821 2418 seu

1081 2436 1262 2480 quempiam
1287 2436 1394 2477 alium,
1420 2437 1464 2469 sic
1489 2437 1656 2480 impetrato
1677 2438 1725 2470 vel
1746 2448 1820 2471 con-

1081 2499 1169 2522 cesso
1194 2489 1259 2530 uti,
1289 2500 1343 2522 seu
1368 2500 1401 2522 se
1425 2490 1531 2522 iuvare
1546 2517 1553 2530 ,
1573 2490 1606 2522 in
1629 2490 1746 2523 iudicio
1772 2492 1820 2524 vel

1081 2547 1179 2583 extra,
1197 2543 1374 2575 nullatenus
1390 2553 1492 2586 posse,
1509 2553 1610 2586 neque
1630 2543 1714 2587 ipsas
1732 2554 1821 2587 prae-

1082 2600 1183 2627 sentes
1219 2595 1276 2627 sub
1308 2595 1559 2639 quibuscumque
1592 2596 1743 2628 similium
1772 2597 1819 2629 vel

1081 2648 1279 2682 dissimilium
1294 2649 1466 2693 gratiarum
1480 2649 1741 2694 revocationibus,
1754 2661 1821 2684 sus-

1715 241 1778 276 639
1824 252 1874 280 An.
1891 252 1918 280 c.
1938 251 2006 280 1628

1845 1351 1847 1353 ι
1859 1324 1970 1345 Decretum
1990 1331 2016 1345 ir-

1832 1354 1904 1372 rituns.
