2269 3235
143 253 191 280 ΑΒ.
209 251 237 279 C.
257 250 328 279 1624

195 473 224 493 De
240 472 325 493 fratrum

140 504 234 520 numero.

162 1003 287 1029 Superiores
297 1008 322 1024 ne

139 1031 200 1051 alitur
209 1029 322 1051 declarent.

158 1430 188 1451 Dc
197 1429 321 1456 privilegiis,

163 1535 194 1556 De
209 1535 273 1556 socio.

164 1908 193 1929 De
202 1908 308 1929 clausura.

955 248 1097 274 URBANUS
1122 248 1179 272 vm
1203 248 1251 272 Pl‘.

339 297 431 343 pituli
454 298 668 340 describatur,
692 299 731 332 ad
754 298 831 339 hoc,
856 302 904 339 ut,
929 297 968 330 ad
992 307 1085 330 omne

341 352 522 385 mandatum
539 356 682 387 nostrum
700 352 747 386 vel
764 351 851 386 Sedis
875 351 1084 395 Apostolicae,

342 406 474 439 Romam
502 406 668 439 transmitti
692 405 801 450 possit.

385 459 400 502 ἓ
424 458 475 491 14.
502 459 535 491 111
559 467 752 502 unoquoque
776 459 931 490 conventu
949 456 1083 490 fratrum

340 511 366 545 is
391 515 511 546 tantum
535 512 681 555 deinceps
698 510 917 551 constituatur,
939 514 967 542 et
986 509 1084 553 impo-

340 569 460 600 sterum
484 565 657 599 retineatur
680 573 850 603 numerus,
875 563 928 606 qui
953 573 989 595 cx
1014 562 1084 596 red-

340 618 457 651 ditibus
474 618 558 651 illius
574 616 721 661 propriis,
739 617 787 649 vel
807 626 844 649 ex
861 615 1083 649 communibus

339 671 507 711 consuetis,
532 671 579 704 vel
604 669 697 703 etiam
721 669 921 712 singulorum
946 669 1082 702 eleemo-

339 724 432 768 synis,
447 723 553 756 aliisve
566 722 817 766 quibuscumque
831 722 1081 763 obventionibus,

340 776 371 809 in
395 785 577 817 commune,
600 780 634 808 ut
657 776 849 820 praefertur,
875 774 1082 815 conserendis,

339 829 505 863 commode
527 829 628 873 possit
652 828 830 861 sustentari:
850 828 990 861 redditus
1007 839 1082 861 vero

339 888 370 916 et
393 882 571 927 supradicta
596 882 701 916 omnia
718 882 750 914 in
768 882 926 915 communi
952 882 1021 915 1000
1046 894 1082 916 30

339 938 406 969 tuto
431 935 599 979 diligenter
623 939 833 969 asserventur.

383 988 468 1033 515.
495 989 719 1033 Superioribus
744 994 864 1029 autem,
890 1000 928 1022 ne
953 989 1082 1023 Concilii

338 1042 514 1075 Tridentini
535 1047 588 1075 aut
604 1043 681 1076 haec
701 1048 810 1076 nostra
834 1043 960 1076 decreta
984 1044 1083 1076 decla-

338 1105 419 1135 rare,
437 1095 636 1139 interpretari
661 1100 714 1128 aut
734 1096 874 1129 relaxare
897 1097 962 1129 ullo
987 1096 1081 1129 modo

336 1148 466 1192 possint,
492 1149 620 1181 omnino
642 1148 858 1181 interdicimus
883 1154 913 1182 et
936 1149 1082 1192 prohibe-

337 1212 429 1234 mus:
455 1202 660 1235 decernentes
686 1201 833 1242 irritum,
858 1206 915 1234 etc.
948 1202 979 1235 Si
1011 1203 1082 1245 quis

337 1259 441 1287 autern
467 1260 576 1287 contra
600 1254 850 1298 praesumpserit
867 1258 1029 1295 attentare,
1056 1256 1081 1288 is

337 1317 374 1339 eo
398 1306 468 1350 ipso
492 1307 577 1339 omni
602 1307 703 1349 gradu
727 1307 896 1352 officioque
920 1308 1080 1351 privatus,

337 1365 367 1392 et
390 1360 428 1393 ad
453 1371 489 1393 ea
512 1365 667 1404 perpetuo
692 1360 840 1393 inhabilis
865 1361 984 1394 existat.

380 1414 396 1457 ξ
420 1413 472 1446 16.
496 1414 618 1455 Ν111135,
638 1413 698 1446 11151
723 1418 792 1446 actu
817 1414 901 1456 legat
923 1415 970 1447 vel
995 1425 1081 1458 prae-

336 1466 427 1508 dicet,
438 1467 543 1510 aliquo
556 1467 604 1499 sui
621 1466 738 1509 gradus
756 1467 923 1510 privilegio
936 1468 1079 1510 gaudeat.

380 1521 396 1564 ἓ
419 1520 471 1553 17.
497 1520 528 1553 Si
553 1520 646 1554 alicui
671 1530 706 1552 ex
724 1521 901 1553 necessaria
919 1523 1013 1554 causa
1031 1532 1081 1565 ge-

335 1574 452 1608 neralis
475 1573 592 1607 iudicio
616 1573 780 1618 probanda
798 1573 902 1607 socius
918 1584 954 1606 ex
969 1575 1079 1608 eodem

335 1627 472 1668 Ordine,
503 1627 557 1671 qui
582 1626 627 1659 illi
652 1626 830 1667 ministret,
861 1627 1079 1661 concedendus

336 1680 414 1721 erit,
439 1680 465 1713 is
489 1679 548 1713 nisi
573 1679 909 1724 vigesimumquintum
934 1686 1006 1724 agat
1029 1689 1080 1714 an-

335 1743 422 1774 num,
447 1737 478 1766 et
501 1732 556 1777 qui
581 1733 742 1766 communi
768 1733 895 1767 servitio
919 1734 959 1767 sit
983 1734 1080 1778 depu-

335 1791 427 1828 tatus,
442 1796 506 1820 non
520 1786 721 1827 concedatur,
735 1791 775 1829 et,
789 1786 814 1819 si
828 1787 994 1820 commode
1010 1788 1078 1821 fieri

335 1844 447 1884 potest,
471 1840 511 1873 sit
534 1840 633 1873 laicus
654 1850 833 1873 conversus.

381 1893 396 1937 ᾗ
420 1892 471 1926 18.
497 1893 536 1927 Ut
559 1893 662 1926 omnis
687 1894 908 1927 scandalorum
934 1900 964 1927 et
988 1905 1079 1938 vaga-

336 1948 430 1981 tionis
447 1947 572 1982 occasio
591 1948 730 1988 tollatur,
748 1954 920 1981 conventus
933 1949 1078 1982 clausura

335 2007 488 2046 perpetuo
502 2012 538 2035 30
555 2001 721 2045 diligenter
735 2008 891 2035 servetur:
910 2009 1078 2047 propterea

335 2067 352 2089 a
373 2056 537 2100 superiore
557 2055 671 2089 ianitor
695 2056 913 2097 constituatur,
933 2057 986 2100 qui
1012 2057 1078 2090 dili—

336 2110 441 2153 gentia
453 2120 490 2143 30
503 2120 628 2142 morum
647 2110 826 2152 integritate
843 2110 978 2143 maxime
995 2121 1078 2144 com-
1094 2138 1095 2144 ,

336 2163 518 2196 mendetur:
537 2163 563 2196 is
580 2163 690 2196 ianuae
707 2163 931 2197 custodiendae
952 2175 1078 2208 semper
1093 2198 1095 2207 ,

336 2216 468 2257 assistat,
486 2227 625 2262 eamque
649 2216 768 2249 nemini
792 2217 925 2249 fratrum
945 2218 1076 2263 aperiat,
1093 2242 1095 2251 <

336 2269 396 2302 nisi
410 2269 531 2303 socium
541 2275 571 2303 et
581 2270 713 2303 exeundi
728 2270 884 2303 licentiam
896 2271 1075 2304 obtinuerit.
1093 2285 1095 2309 ς

381 2324 396 2367 ἓ
419 2323 470 2357 19.
495 2324 605 2357 Ν31135
622 2335 640 2357 3
657 2329 813 2358 conventu
830 2324 938 2368 egredi
954 2325 1076 2366 audeat,

337 2377 396 2410 nisi
421 2387 458 2410 ex
483 2379 587 2418 031153,
613 2383 643 2410 61
668 2389 740 2411 03111
765 2378 861 2419 50010,
886 2379 1077 2423 licentiaque

337 2430 468 2473 singulis
482 2430 601 2464 vicibus
618 2431 794 2476 impetrata,
809 2443 844 2465 30
857 2433 1077 2467 benedictione

337 2485 464 2528 accepta
488 2494 505 2517 a
529 2484 703 2528 superiore,
727 2486 780 2529 qui
805 2496 869 2519 non
892 2486 983 2519 aliter
1007 2497 1075 2520 eam

337 2537 498 2578 concedat,
522 2537 582 2570 nisi
607 2539 700 2571 causa
722 2539 868 2582 probata,
894 2539 1077 2584 sociumque

337 2591 460 2625 exituro
477 2591 635 2634 adiungat,
650 2602 714 2626 non
730 2593 864 2636 petentis
881 2598 1004 2636 rogatu,
1022 2594 1077 2627 sed

338 2645 472 2679 arbitrio
496 2655 563 2686 suo,
580 2655 682 2688 neque
706 2646 851 2679 eumdem
876 2647 1008 2690 saepius.
1026 2647 1075 2680 Li-

422 2708 502 2737 Bull.
523 2708 607 2736 Rom.
649 2708 708 2737 Vol.
729 2708 809 2736 XIII.
973 2710 1006 2736 27

1119 296 1238 330 centiae
1263 305 1337 330 vero
1357 295 1519 339 generales
1543 294 1676 329 exeundi
1691 295 1770 328 nulli
1789 306 1858 328 om-

1118 351 1192 383 nino
1213 350 1434 384 concedantur.

1162 404 1177 446 §
1197 403 1249 436 020.
1264 403 1541 437 Contravenientes
1557 407 1660 436 autem
1673 403 1776 446 1100113
1789 412 1858 445 gra-

1118 456 1147 489 vi
1164 456 1258 489 etiam
1283 457 1419 490 carceris
1439 457 1477 489 ad
1497 455 1670 500 superioris
1690 455 1856 489 arbitrium

1116 510 1310 553 plectantur:
1333 510 1474 542 eamdem
1492 511 1585 543 etiam
1603 509 1717 543 ianitor
1736 509 1856 550 subeat,

1117 563 1152 605 si,
1178 563 1288 605 sciens,
1314 563 1448 595 exeundi
1473 564 1650 596 facultatem
1676 562 1793 596 feeerit.

1161 616 1176 659 ἓ
1200 615 1252 648 21.
1278 616 1355 650 Cum
1387 620 1491 648 autem
1517 616 1587 659 quis
1612 616 1643 648 in
1667 620 1856 650 conventum

1117 669 1297 709 revertitur,
1318 668 1515 712 superiorem
1541 668 1654 701 iterum
1679 668 1786 709 adibit,
1806 668 1857 701 be-

1116 721 1326 755 nedictionem
1351 726 1548 765 recepturus,
1566 721 1619 765 qui
1636 732 1653 753 a
1670 722 1755 754 socio
1772 721 1858 754 itine-

1116 776 1160 808 ris
1183 775 1348 816 rationem,
1373 780 1403 808 et
1426 775 1501 819 quid
1521 775 1566 808 rei
1591 779 1695 807 actum
1717 775 1770 815 sit,
1791 774 1858 807 dili-

1116 834 1227 872 genter
1246 828 1416 873 perquirat.

1161 883 1175 926 g
1199 882 1251 915 22.
1277 883 1386 916 Nullos
1403 883 1515 915 fratres
1536 883 1667 915 Romam
1684 881 1790 914 venire
1811 891 1858 914 su-

1115 937 1258 979 periores
1282 936 1475 980 permittant,
1491 936 1551 969 nisi
1576 936 1664 979 prius
1681 945 1699 968 a
1718 935 1858 978 generali

1115 989 1163 1021 vel
1180 994 1360 1033 protectore
1377 989 1537 1023 dumtaxat
1552 988 1709 1021 licentiam
1731 988 1763 1021 in
1780 988 1858 1022 scri-

1116 1042 1177 1085 ptis
1202 1042 1450 1086 impffi'averint.

1160 1095 1174 1137 ξ
1198 1094 1250 1127 923.
1276 1095 1306 1128 Si
1327 1095 1397 1138 quis
1414 1099 1518 1127 autem
1536 1095 1602 1128 sine
1619 1095 1802 1129 huiusmodi
1818 1096 1860 1129 sa-

1115 1148 1229 1180 cultate
1246 1149 1378 1181 Romam
1395 1148 1502 1181 venire
1519 1149 1761 1192 praesumperit,
1781 1160 1858 1183 voce

1115 1201 1215 1236 activa
1233 1205 1263 1234 et
1278 1201 1402 1245 passiva
1427 1201 1555 1235 biennio
1580 1202 1719 1245 privatus
1736 1202 1857 1243 existat,

1115 1254 1276 1287 subiturus
1308 1254 1402 1286 etiam
1427 1254 1503 1287 alias
1528 1255 1681 1288 arbitratu
1713 1256 1856 1299 superio-

1114 1317 1186 1338 rum
1204 1306 1391 1349 inssigendas
1408 1318 1536 1351 poenas.
1555 1308 1639 1346 Quae
1656 1308 1730 1340 item
1751 1309 1858 1342 omnia

1115 1360 1264 1393 adversus
1289 1371 1352 1401 eos,
1372 1361 1425 1404 qui
1450 1361 1648 1405 supradictos
1671 1361 1858 1395 admiserint

1114 1419 1145 1446 et
1160 1414 1350 1457 receperint,
1367 1414 1434 1447 sine
1456 1415 1521 1448 ulla
1536 1415 1734 1459 exemptione
1750 1415 1856 1449 locum

1115 1467 1259 1500 habeant.

1158 1522 1173 1565 ξ,
1197 1521 1248 1554 ⁶24.
1275 1521 1395 1555 Habeat
1419 1522 1566 1566 superior
1591 1523 1721 1564 clavem,
1746 1523 1788 1556 ita
1812 1523 1856 1556 sa-

1113 1573 1295 1616 brefactam,
1319 1580 1354 1608 ut
1378 1587 1450 1609 cum
1476 1576 1534 1609 sibi
1559 1576 1736 1618 videbitur,
1761 1577 1855 1611 cellas

1113 1638 1222 1661 omnes
1237 1639 1381 1661 reserare
1394 1629 1510 1673 possit:
1525 1634 1555 1662 et
1568 1634 1738 1673 propterea
1750 1630 1855 1664 nullus

1113 1681 1235 1723 cellam,
1249 1682 1343 1715 etiam
1360 1687 1466 1723 noctu,
1480 1683 1522 1715 ita
1536 1683 1669 1726 claudat,
1687 1684 1763 1727 quin
1777 1694 1855 1717 sem-

1113 1745 1171 1779 per
1195 1746 1213 1767 3
1237 1735 1403 1779 superiore
1428 1736 1527 1779 possit
1549 1736 1676 1780 aperiri.

1157 1789 1171 1832 ξ
1196 1788 1247 1821 ⁶25.
1273 1789 1307 1821 In
1331 1789 1435 1822 11161110
1466 1789 1644 1823 dormitorii
1675 1794 1772 1823 totam
1797 1801 1853 1824 no-

1113 1847 1193 1875 ctem
1214 1843 1334 1886 lampas
1359 1843 1522 1876 colluceat.

1156 1897 1171 1940 §
1188 1896 1239 1938 ⁶26„
1253 1897 1373 1937 Nullus,
1386 1897 1481 1929 etiam
1498 1897 1653 1940 superior,
1671 1897 1775 1938 cellas,
1790 1897 1854 1931 sive

1112 1950 1143 1982 111
1168 1951 1323 1991 01335110,
1349 1950 1413 1983 sive
1437 1950 1511 1983 alibi
1541 1956 1701 1995 separatas
1725 1961 1743 1984 a
1767 1961 1853 1984 com—

1112 2004 1199 2037 muni
1217 2004 1405 2037 dormitorio
1423 2004 1547 2045 habeat,
1565 2004 1620 2037 sed
1637 2005 1854 2048 unusquisque

1111 2058 1205 2090 unica
1230 2058 1320 2098 06113,
1338 2057 1467 2090 63110111’
1485 2068 1556 2090 cum
1582 2058 1694 2091 ceteris
1717 2058 1852 2091 aliorum

1111 2111 1245 2144 fratrum
1274 2111 1457 2151 coniuncta,
1482 2111 1573 2143 nudis
1598 2111 1727 2144 omnino
1750 2112 1854 2155 parie-

1112 2165 1204 2206 tibus,
1229 2176 1264 2198 30
1289 2166 1369 2198 lecto
1394 2170 1424 2197 et
1448 2166 1556 2198 mensa
1582 2165 1764 2207 humilibus,
1786 2166 1855 2199 uni-

1111 2218 1267 2261 formique
1285 2218 1482 2262 supellectili,
1495 2222 1529 2251 ut
1546 2218 1734 2261 praefertur,
1747 2229 1854 2262 quem-

1111 2272 1281 2304 admodum
1306 2271 1472 2314 religiosos
1493 2271 1592 2312 decet,
1613 2276 1778 2304 contentus
1803 2272 1851 2305 sit.

1112 2326 1211 2359 Possit
1234 2330 1339 2358 tamen
1364 2325 1520 2368 generalis
1540 2325 1632 2358 alicui
1650 2316 1690 2357 'ex
1711 2326 1854 2369 superio-

1111 2379 1198 2412 ribus
1223 2384 1445 2419 conventuum,
1471 2378 1496 2411 si
1521 2389 1631 2411 corum
1657 2378 1798 2411 muneris
1823 2383 1853 2412 et

1111 2433 1205 2466 officii
1228 2433 1445 2466 necessitatem
1464 2432 1495 2464 id
1512 2432 1639 2474 exigere
1659 2433 1852 2475 cognoverit,

1111 2488 1241 2520 alteram
1266 2486 1359 2520 etiam
1384 2486 1495 2518 cellam
1521 2485 1703 2518 concedere.

1155 2541 1170 2584 ξ
1193 2540 1245 2573 27.
1270 2540 1381 2580 Cellae,
1406 2539 1489 2572 sivae
1515 2538 1684 2580 aediculae,
1701 2548 1782 2583 quae
1799 2550 1852 2573 ex-

1111 2598 1158 2628 tra
1182 2593 1405 2627 dormitorium
1430 2593 1598 2637 separatim
1623 2598 1704 2634 sunt,
1725 2593 1762 2626 ad
1783 2593 1851 2627 offi-

1759 236 1824 272 209
1869 248 1919 276 An.
1936 247 1964 275 0.
1986 247 2056 276 1024

1920 894 2008 915 nomam
2026 895 2056 916 ire

1873 921 2001 946 prohibitum
2011 922 2056 943 sino

1873 948 1966 969 licentia.

1906 1534 1936 1555 De
1955 1535 2055 1556 cellarum

1871 1563 1909 1591 et·
1937 1562 2054 1583 dormitorii

1870 1590 1961 1609 13110110.

1144 2658 1158 2684 1
1176 2655 1270 2692 Aptius
1284 2655 1310 2682 111
1324 2655 1384 2683 1000
1400 2655 1498 2691 parali.
1514 2658 1555 2683 est
1569 2656 1726 2691 eademque
1741 2656 1779 2691 (11.
1795 2655 1832 2690 Τ).
1882 2675 1886 2677 >
