2269 3235
235 245 281 272 An.
300 244 327 271 C.
352 244 423 273 1627,
465 234 528 267 550
1005 237 1183 263 nummum
1206 235 1359 261 normann
1945 232 1995 260 An.
2015 232 2045 261 G.
2067 231 2133 260 ¹627

431 291 499 324 t'atis
529 289 717 328 censum-iis,
742 288 848 320 aliisi-e
873 287 910 318 ab
937 287 1010 329 ipsis
1041 297 1165 318 causam
1200 285 1347 318 omnibus
1371 283 1431 315 illis
1461 291 1540 325 quae
1563 280 1667 315 Sixtus
1686 286 1717 314 et.
1734 281 1885 322 Clemens,
1903 291 1938 314 ae

431 356 488 389 pro
504 349 642 387 tempore
657 339 1168 386 ‹punnmffililwtliabentilnis,un-
1201 338 1314 371 l‘aulus
1343 336 1602 381 praedecessores
1632 334 1762 379 praefati
1786 334 1817 367 in
1847 334 1938 368 dietis

431 410 524 441 quam
552 397 685 430 tribuant
714 396 742 427 in
761 393 987 437 prm-imlieium
1006 393 1105 425 dietae
1123 402 1169 425 ca-
1201 402 1310 424 eorum
1336 390 1447 423 litteris
1472 390 1638 422 voluerunt
1653 398 1716 422 non
1733 388 1869 429 obstare,
1889 399 1940 422 ce-

432 462 556 491 merae,
590 460 668 492 quae
698 448 813 480 eisdem
847 446 1018 479 rensnariis
1043 451 1073 479 et
1101 445 1168 478 aliis
1204 444 1340 487 terisque
1364 442 1530 476 contrariis
1555 442 1816 486 quibuscumque.

431 503 577 547 praetatis
609 513 733 545 semper
764 501 823 534 erit
851 500 1053 544 praet'eremla
1069 527 1076 540 ,
1105 499 1168 532 sive
1246 498 1261 540 ξ
1286 496 1336 529 Μ.
1363 496 1401 529 Ut
1417 501 1521 529 autem
1540 499 1720 540 praesentes
1736 493 1882 528 omnibus
1899 493 1941 526 in·
1981 505 2099 527 ruinicatio
2118 504 2139 525 sn

432 560 513 589 emat
530 556 566 588 ad
585 556 729 587 etl'eetum
756 554 920 594 retinendi,
938 553 1001 586 sire
1020 553 1098 585 intra
1115 562 1169 584 an-
1203 555 1378 593 noteseant,
1404 550 1566 591 volumus,
1591 554 1621 582 et
1644 548 1815 593 apostoliea
1838 550 1942 581 aueto—
1956 533 2012 585 ἓξὲξ
2022 531 2139 580 ἕέἒὲῗῖιῑι’.“”

433 620 506 641 nuni
532 620 549 641 a
574 609 623 641 die
649 608 816 652 emptionis
841 606 1086 651 computandum
1105 605 1169 638 eui-

1204 605 1293 638 ritate
1310 604 1520 644 decernimus,
1537 603 1621 647 quod
1638 603 1708 635 illae
1728 602 1760 634 in
1779 600 1876 634 valvis
1895 610 1944 633 ec-

433 663 508 695 libet.
532 663 620 695 alteri
650 673 715 695 rem
750 662 912 695 emendam
938 660 1091 693 vendendi
1123 659 1170 692 rel
1204 659 1316 691 elesiae
1336 657 1553 691 Lateranensis
1569 661 1599 689 et
1619 655 1765 688 basilicae
1789 653 1944 698 Principis

434 716 581 759 cedendi)
607 715 804 748 extendinms
828 721 853 747 et
881 715 1078 758 ampliamus.
1205 713 1426 756 Apostolorum
1444 711 1482 744 de
1497 710 1588 752 Urbe,
1602 719 1725 743 necnon
1738 708 1769 741 in
1782 708 1849 741 acie
1866 717 1946 741 eam-

262 783 358 814 earn-„u
375 782 418 802 su-
479 769 494 812 ξ
522 769 569 801 ll.
596 769 707 812 Sieque
733 775 762 801 et
786 779 849 801 non
873 768 962 800 aliter
980 768 1010 799 in
1028 767 1172 800 omnibus
1206 766 1236 809 pi
1262 767 1372 799 Florae
1388 765 1590 809 publicentur
1610 770 1640 797 et
1658 764 1835 806 affigantur,
1856 771 1946 805 quae,

236 811 283 830 Μ’·
435 827 465 853 et
496 822 627 865 singulis
662 822 845 865 praemissis
876 832 932 864 per
957 829 1173 863 quoscumque
1206 824 1372 862 postquam
1387 819 1431 852 sie
1451 819 1560 851 affixae
1577 822 1607 850 et
1626 817 1804 860 publicatae
1820 815 1947 855 suerint,

436 875 553 909 iudices
569 875 745 909 ordinarios
761 880 786 907 et
803 875 962 916 delegatos
978 878 1004 906 et
1025 873 1173 905 commis·
1207 882 1422 915 quoscumque
1441 876 1502 904 tam
1520 871 1551 904 in
1568 872 1709 904 Romana
1724 869 1817 903 Curia
1836 873 1866 901 et
1885 867 1949 901 Sta-

435 928 534 961 sari0s
552 934 581 961 et
598 929 691 961 etiam
709 938 851 960 eauierae
869 927 1025 970 praefatae
1042 926 1174 959 clericos

1208 930 1240 957 tu
1258 926 1410 968 praefato,
1424 935 1518 968 quam
1531 928 1619 956 extra
1632 934 1685 956 eos
1698 923 1865 956 existentes
1881 931 1949 965 per-

436 981 659 1025 praesidentes,
674 991 795 1014 necnon
806 990 971 1013 eansarum
987 978 1094 1022 palatii
1104 989 1175 1022 apo-

1210 979 1280 1012 inde
1305 979 1447 1021 obligent
1469 983 1499 1011 et
1522 982 1652 1018 aretent,
1673 987 1708 1009 ac
1728 976 1754 1008 si
1778 975 1949 1018 unicuique

436 1034 536 1067 stoliei
561 1034 730 1075 auditores,
748 1045 784 1067 ae
801 1038 924 1066 sanetae
950 1034 1107 1065 Romanae
1124 1032 1176 1064 Ee·
1209 1042 1321 1065 eorum
1342 1030 1529 1065 nominatim
1551 1035 1581 1064 et
1604 1029 1811 1074 personaliter
1828 1027 1950 1061 intima-

437 1088 548 1120 rlesiae
573 1087 756 1128 cardinales,
785 1087 879 1119 etiam
903 1085 1126 1125 camerarium,
1146 1089 1175 1117 et

1210 1091 1258 1118 tae
1283 1085 1424 1118 fuissent⁴

437 1141 475 1172 de
500 1141 595 1173 latere
622 1141 759 1183 legatos,
784 1140 915 1172 iudicari
939 1142 969 1172 et
992 1138 1116 1171 definiri
1141 1148 1176 1170 ae
1255 1140 1270 1182 g
1294 1139 1345 1172 45.
1366 1139 1410 1178 Qu
1436 1147 1517 1181 aque
1543 1148 1652 1171 earum
1677 1135 1840 1180 exemplis,
1857 1135 1949 1168 etiam
2000 1143 2063 1165 rides
2078 1142 2150 1164 danda

439 1194 638 1237 interpretari
663 1194 788 1234 debere,
807 1193 929 1225 sublata
951 1192 995 1225 eis
1016 1197 1045 1225 et
1066 1202 1176 1225 eorum

1211 1192 1383 1236 impressis,
1409 1201 1504 1224 manu
1523 1190 1637 1224 notarii
1657 1189 1784 1234 publici,
1802 1193 1832 1222 et
1848 1187 1951 1231 sigillo
1965 1172 2109 1197 mmmmm

439 1248 566 1281 cuilibet
589 1248 697 1291 quavis
722 1247 812 1279 aliter
838 1246 996 1279 iudicandi
1021 1250 1051 1278 et
1074 1246 1175 1277 inter·
1212 1245 1342 1278 alieuius
1358 1255 1512 1289 personae
1529 1243 1725 1287 indignitate
1742 1241 1953 1276 ecclesiastica

439 1301 582 1345 pretandi
607 1301 751 1333 facultate
777 1304 806 1334 et
830 1299 1026 1340 auctoritate,
1051 1309 1086 1332 ae
1111 1298 1179 1331 irri-
1212 1299 1398 1332 constitutae
1422 1298 1562 1340 munitis,
1588 1297 1696 1330 eadem
1722 1306 1853 1340 prorsus
1876 1294 1954 1327 fides

440 1360 506 1387 tum
532 1359 562 1386 et
586 1354 687 1394 inane,
713 1354 738 1386 si
763 1364 853 1386 secus
878 1363 974 1396 super
998 1352 1046 1385 his
1067 1363 1084 1384 a
1101 1362 1179 1395 quo-

1213 1353 1407 1393 adhibeatur,
1423 1362 1502 1395 quae
1516 1350 1657 1396 ipsismet
1668 1349 1887 1394 praesentibus
1900 1347 1954 1380 ad-

441 1407 663 1451 quam,quavis
679 1407 874 1447 auctoritate,
890 1406 1024 1439 scienter
1038 1405 1085 1438 vel
1096 1405 1181 1448 igno·
1213 1407 1385 1448 biberetur,
1404 1406 1429 1439 si
1446 1411 1550 1439 essent
1565 1405 1722 1438 exhibitae
1736 1404 1785 1437 vel
1802 1407 1953 1436 ostensae.

442 1466 558 1502 ranter,
582 1461 749 1503 eontigerit
774 1460 928 1493 attentari.

1259 1461 1273 1504 ἓ
1297 1459 1349 1493 16.
1370 1459 1452 1493 Nulli
1477 1470 1553 1502 ergo
1578 1458 1708 1492 omnino
1727 1457 1893 1490 hominum
1916 1455 1954 1488 li-
1983 1463 2155 1512 ⁰1⁶⁰¹⁰i⁹mpti⁰'

271 1525 427 1562 inueniam]-
488 1516 502 1558 ξ
530 1515 577 1547 12.
604 1514 805 1557 lniungentes
823 1520 852 1546 et
868 1513 1051 1546 mandantes
1068 1512 1099 1545 in
1116 1512 1180 1545 vir·
1216 1519 1284 1547 ceat
1309 1514 1388 1546 lianc
1407 1513 1554 1557 paginam
1575 1510 1822 1556 approbationis,
1839 1508 1955 1543 confir·
1970 1496 2017 1512 ⁸³⁹
2033 1496 2045 1512 ἢ
2063 1495 2112 1515 “¹⁰⁸

244 1552 427 1600 “diivissi'iiixinliiissie
444 1574 507 1601 tute
525 1574 649 1601 sanetae
674 1567 880 1607 obedientiae,
898 1578 933 1600 ae
950 1567 1007 1599 sub
1020 1567 1122 1609 poena
1140 1566 1182 1598 in·
1217 1567 1372 1607 mationis⁷
1398 1565 1625 1607 innovationis,
1651 1562 1881 1602 declarationis,
1906 1573 1959 1595 ex-

444 1622 632 1665 diguationis
656 1627 792 1662 nostrae,
818 1621 938 1654 eisdem
962 1619 1084 1662 legatis,
1105 1619 1183 1652 viee·
1217 1620 1377 1662 tensionis,
1399 1618 1618 1663 ampliationis,
1643 1616 1856 1656 iniunctionis,
1873 1625 1959 1648 man-

444 1675 569 1718 legatis,
595 1675 871 1718 gubernatorilms,
896 1674 989 1707 etiam
1013 1673 1123 1712 Urbis,
1148 1683 1183 1705 ae
1217 1674 1290 1713 dati,
1308 1673 1486 1713 voluntatis,
1507 1677 1537 1705 et
1558 1671 1759 1704 decretorum
1775 1673 1958 1703 nostrorum

445 1729 609 1769 iudicibus,
628 1739 710 1761 nune
730 1734 760 1761 et
784 1739 841 1771 pro
865 1733 1006 1770 tempore.
1024 1726 1054 1758 in
1073 1726 1183 1758 eadem
1218 1726 1401 1769 infringere,
1422 1726 1470 1758 vel
1494 1725 1521 1758 ei
1538 1736 1615 1758 ausu
1640 1723 1810 1757 temerario
1834 1725 1959 1756 contra-

444 1783 526 1816 Urbe
540 1788 570 1815 et
583 1788 648 1815 toto
662 1783 749 1815 Statu
762 1788 870 1814 nostro
885 1780 1102 1814 Ecclesiastieo
1119 1779 1183 1812 exi·
1219 1780 1274 1812 ire.
1289 1780 1321 1813 Si
1342 1780 1411 1823 quis
1428 1783 1532 1811 autem
1554 1779 1614 1811 hoe
1634 1782 1786 1810 attentare
1801 1785 1961 1820 praesuin-

445 1836 608 1877 stentibus,
625 1841 655 1868 et
671 1836 799 1869 cuilibet
815 1845 937 1874 eorum,
953 1838 988 1866 ut
1004 1838 1185 1877 praesentes
1219 1833 1317 1878 pserit
1330 1860 1337 1874 ,
1363 1827 1619 1875 'indignationem
1651 1829 1876 1874 omnipotentis
1907 1827 1962 1861 Dei

444 1894 577 1929 nostras,
595 1894 625 1921 et
642 1889 672 1920 in
689 1889 732 1921 eis
749 1892 893 1921 eontenta
911 1897 1138 1931 quaecumque,
1154 1886 1187 1918 in
1221 1898 1256 1920 ae
1280 1888 1445 1919 beatorum
1471 1886 1554 1918 Petri
1579 1890 1609 1917 et
1633 1884 1720 1917 Pauli
1744 1883 1962 1927 apostolorum

446 1943 529 1976 Urbe
558 1953 593 1975 ae
625 1942 711 1975 Statu
740 1941 889 1985 praefatis
914 1941 952 1972 ab
985 1940 1134 1973 omnibus
1158 1944 1188 1972 et
1222 1941 1288 1974 eius
1313 1951 1346 1973 se
1370 1939 1492 1973 noverit
1516 1939 1729 1972 incursurum.

448 1996 589 2039 singulis,
607 1995 645 2028 ad
663 2006 741 2038 quos
759 1993 997 2038 quomodolibet
1017 1998 1135 2037 spectat
1159 1998 1189 2026 et
1266 1995 1377 2028 Datum
1392 1995 1519 2033 Romae,
1530 1992 1612 2036 apud
1623 1992 1651 2025 S.
1663 1991 1791 2024 Mariam
1803 1990 1963 2030 Maiorem,

448 2049 480 2081 in
500 2050 639 2081 futurum
661 2048 822 2092 spectabit,
848 2052 1003 2090 perpetuo
1028 2045 1189 2079 observari
1223 2058 1304 2081 anno
1332 2046 1557 2081 incarnationis
1586 2045 1767 2078 Dominieae
1792 2052 1963 2083 MDCXXVH,

450 2103 599 2135 mandent
617 2108 647 2135 et
664 2103 785 2144 saciant,
801 2107 828 2134 et
849 2112 907 2145 pro
925 2101 1066 2134 omnium
1085 2105 1115 2133 et
1132 2100 1190 2132 sin-
1225 2102 1366 2135 kalendis
1386 2101 1472 2142 iunii,
1488 2100 1689 2144 pontificatus
1710 2098 1810 2131 nostri
1827 2107 1908 2131 anno
1922 2106 1964 2129 lv.

452 2159 598 2201 gulorum
624 2157 870 2201 praemissorum
896 2155 1065 2188 inviolabili
1086 2155 1191 2188 obser·
1263 2164 1319 2191 Dat,
1336 2164 1379 2191 die
1397 2164 1408 2190 1
1425 2163 1485 2190 iulii
1501 2162 1577 2198 1527,
1594 2161 1690 2198 pontif,
1706 2168 1775 2189 anno
1790 2167 1826 2188 ιν,

452 2212 575 2245 vatione
593 2217 702 2244 eontra
720 2210 945 2251 inobedientes,
964 2215 993 2242 et
1009 2209 1190 2252 praemissis

453 2265 484 2297 in
508 2264 613 2308 aliquo
638 2264 923 2302 contravenientes,
949 2268 978 2295 et
1001 2262 1089 2302 alios,
1114 2272 1192 2305 quos

454 2329 531 2361 opus
548 2318 617 2358 erit,
635 2317 781 2350 omnibus
802 2317 879 2349 iuris
900 2321 929 2349 et
949 2316 1020 2349 sacti
1045 2315 1193 2348 remediis

455 2371 641 2415 opportunis
655 2371 836 2415 procedant,
850 2370 935 2403 omni
952 2373 981 2403 et
997 2380 1195 2413 quacumque

456 2425 663 2467 appellatione
687 2426 818 2457 remota.

1270 2262 1365 2296 Anno
1383 2273 1403 2295 α
1420 2261 1592 2295 nativitate
1615 2255 1751 2294 Domini
1770 2261 1874 2294 nostri
1893 2260 1969 2294 Iesu

1229 2316 1352 2351 Christi
1365 2325 1530 2355 nnaxxvln
1541 2315 1718 2348 indictione
1727 2314 1818 2355 x,die
1837 2325 1908 2348 vero
1924 2323 1968 2348 xx

1229 2370 1347 2403 mensis
1363 2370 1462 2409 iunii,
1479 2369 1696 2411 Pontificatus
1712 2368 1921 2402 sanctissimi
1934 2368 1969 2400 in

1231 2424 1357 2458 Christo
1374 2424 1487 2457 Patris
1507 2427 1535 2456 et
1555 2423 1690 2456 Domini
1714 2423 1819 2456 nostri
1843 2421 1970 2455 domini

260 2483 441 2536 rogffljfflgfde-
502 2485 516 2520 :⁸3
536 2478 586 2509 ist».
601 2478 667 2510 Non
680 2477 874 2510 obstantibus
892 2477 1031 2521 praefata
1044 2477 1089 2509 Pii
1107 2477 1131 2509 V
1147 2487 1197 2509 su-
1232 2478 1358 2510 Urbcmi
1382 2476 1497 2510 dirimi
1518 2476 1725 2520 providentia
1742 2477 1855 2519 Papae
1877 2474 1970 2515 VIII,

459 2542 514 2572 per
539 2531 679 2564 treandis
704 2531 859 2573 censibus,
885 2536 913 2563 et
938 2532 1047 2564 nostra
1072 2530 1109 2562 de
1133 2540 1197 2563 non
1230 2541 1316 2563 amm
1342 2531 1411 2564 eius
1429 2541 1471 2571 lv,
1491 2530 1717 2573 retroscriptae
1742 2529 1869 2563 litterae
1892 2539 1968 2572 apo-

460 2585 595 2617 tuttvndo
621 2585 687 2617 iure
713 2585 865 2627 quaesito,
888 2584 1019 2627 aliisque
1043 2583 1194 2616 eonstitu-
1229 2585 1360 2618 stolicae
1384 2584 1504 2628 affioeae
1520 2587 1549 2617 et
1570 2583 1758 2628 publicatae
1781 2583 1915 2626 fuerunt
1932 2583 1970 2615 in

461 2638 595 2672 tionibus
620 2643 649 2671 et
673 2638 922 2672 ordinationilnis
947 2637 1135 2682 apostolicis,
1164 2648 1199 2671 ae
1234 2638 1334 2672 valvis
1359 2638 1572 2672 basilicarem
1595 2637 1701 2672 sancti
1718 2637 1854 2671 Ioannis
1878 2635 1973 2670 Lace-
