2269 3235
112 269 165 296 An.
181 268 210 296 C.
233 267 300 296 1624

310 314 468 348 aientibus
492 320 522 348 ct
546 314 813 355 interessentibus,
839 313 1051 357 quandocum-

312 379 372 413 que
396 368 534 413 episcopi
566 373 596 401 ct
625 368 675 401 alii
707 366 884 411 superiores
909 365 1050 409 praelati,

313 426 343 456 et
366 422 394 455 S
414 423 447 455 R.
466 423 498 455 Ε.
520 421 693 456 cardinales
719 420 760 453 ibi
784 424 964 463 praesentes
987 429 1050 451 non

314 475 390 516 sint,
415 476 587 509 solemnem
618 473 867 508 benedictionem
897 472 1051 515 impertiri

169 541 195 562 Et
211 540 299 571 subinde
314 528 412 572 possit
443 533 474 562 et
503 525 738 566 consueverit¹;
767 535 902 568 cumque
926 525 957 557 in
982 535 1052 557 con-

117 569 303 598 Congregationcm

117 598 260 624 rituum-eum
281 601 301 614 in

117 627 250 648 POSSUSSIODG
259 627 302 641 ma-

118 647 259 669 nutenendum
270 653 301 668 es·

118 681 140 696 se
156 675 257 696 decrerit.

316 646 388 668 rum
420 635 449 669 S.
474 635 509 668 R.
534 635 566 667 E.
592 633 797 667 cardinalium
830 643 925 676 super
957 632 1053 665 sacris

318 689 429 722 ritibus
453 693 483 721 et
506 687 712 721 caeremoniis
736 686 969 730 deputatorum,
986 695 1054 718 exa-

316 741 441 775 minatis
464 741 637 785 privilegiis
662 740 867 784 supradictis,
891 739 1053 773 decretum

317 796 413 828 semel
446 799 538 837 atque
567 794 682 827 iterum
712 794 829 835 suerit,
858 793 1054 837 praedictum

316 847 459 880 abbatem
477 847 657 890 generalem
675 847 933 890 Congregationis
957 847 1057 880 Caele-

316 900 470 934 stinorum
494 911 552 944 pro
576 906 719 945 tempore
744 901 927 935 existentem
953 901 983 933 in
1007 912 1058 944 pa-

317 953 406 986 cifica
426 954 626 997 possessione
650 954 792 987 omnium
812 959 842 987 et
859 954 1056 997 singulorum

315 1007 565 1051 praemissorum
579 1008 845 1041 manutenendum
864 1019 941 1048 esse;
958 1008 1059 1041 illum-

317 1070 377 1103 que
394 1070 411 1093 a
427 1061 538 1104 quovis
558 1061 706 1105 episcopo
722 1062 770 1094 vel
793 1061 959 1095 Ordinario
979 1062 1059 1094 loco-

317 1124 400 1154 rum,
421 1119 473 1147 aut
497 1125 608 1148 eorum
633 1115 768 1155 vicariis,
787 1119 817 1147 et
839 1115 908 1147 aliis
931 1115 1060 1158 quibus-

318 1177 454 1212 cumque
477 1168 632 1212 personis,
652 1178 746 1212 super
766 1168 948 1212 praemissis
965 1169 1061 1201 mole-

318 1222 404 1262 stari,
428 1222 619 1265 perturbari,
637 1222 685 1255 vel
706 1222 873 1265 inquietari
891 1232 953 1255 non
969 1232 1060 1265 posse

318 1274 513 1308 declaratum
539 1275 648 1315 fuerit,
674 1280 703 1308 et
727 1286 817 1316 eum,
843 1275 923 1308 sicut
952 1275 1059 1308 cadem

319 1328 473 1372 expositio
498 1328 720 1371 subiungebat,
739 1329 807 1372 ipse
831 1329 938 1362 Celsus
956 1329 1060 1369 abbas,

318 1392 377 1425 pro
401 1382 512 1415 maiori
545 1383 729 1416 eorumdem
758 1383 959 1416 decretorum
990 1383 1063 1415 vali—

320 1435 431 1476 ditate,
456 1435 562 1479 cupiat
586 1436 639 1468 illa
663 1436 912 1469 confirmationis
937 1441 1062 1480 aposto-

320 1489 398 1522 licae
422 1489 540 1522 robore
565 1490 772 1523 communiri:

367 1542 382 1586 ξ
406 1542 435 1575 ΕΞ.
461 1543 534 1583 Nos,
552 1542 635 1575 illius
659 1543 800 1576 honestis
824 1543 904 1575 votis
928 1542 1063 1585 benigne

323 1600 505 1636 annuentes,
523 1606 558 1628 ae
575 1596 678 1640 ipsum
696 1596 820 1629 Celsum
837 1596 981 1628 abbatem
999 1606 1065 1639 spc-

163 1553 220 1575 Haec
237 1554 307 1575 omnia

124 1582 233 1602 confirmat
254 1582 307 1601 Pau-

123 1609 155 1629 lus
170 1608 229 1635 Papa
246 1608 269 1628 V.

324 1756 540 1800 suspensionis
564 1761 594 1789 et
619 1756 786 1797 interdicti,
812 1756 944 1799 aliisque
969 1756 1065 1788 cccle-

325 1809 457 1843 siasticis
483 1810 658 1851 sententiis,
684 1810 824 1843 censuris
854 1815 883 1842 et
908 1809 1027 1853 poenis,
1050 1821 1066 1842 a

326 1863 394 1896 iure
418 1863 466 1896 vel
483 1864 521 1897 ab
545 1865 684 1905 homine,
703 1864 812 1907 quavis
833 1864 997 1897 occasione
1019 1864 1066 1895 vel

327 1917 420 1949 eausa
445 1917 534 1957 latis,
559 1917 585 1949 si
609 1917 723 1960 quibus
751 1917 990 1960 quomodolibet
1014 1917 1068 1949 in—

327 2023 488 2058 dumtaxat
505 2025 772 2068 consequendum,
789 2026 902 2058 harum
920 2025 1002 2058 serie
1020 2025 1070 2057 ab·

327 2078 482 2112 solventes
515 2082 544 2112 et
575 2078 755 2112 absolutum
786 2079 852 2112 sore
888 2082 1068 2118 censentes,

329 2131 612 2175 supplicationibus
644 2132 710 2165 eius
740 2132 867 2166 nomine
892 2142 986 2175 super
1010 2132 1070 2165 hoe

330 2185 420 2218 nobis
433 2185 596 2219 humiliter
609 2186 765 2229 porrectis
778 2186 928 2226 inclinati,
945 2185 1071 2219 decreta

330 2237 471 2272 eiusdem
494 2240 763 2283 Congregationis,
787 2240 971 2273 auctoritate
996 2250 1071 2284 apo-

332 2292 452 2333 stolica,
468 2298 578 2326 tenore
601 2293 824 2337 praesentium,
850 2294 1073 2327 confirmantes
1089 2308 1090 2313 ¹

332 2348 361 2378 et
385 2345 605 2389 approbantes,
624 2347 709 2380 iuxta
726 2347 852 2379 illorum
879 2346 991 2380 seriem
1017 2357 1073 2390 per

332 2398 457 2431 easdem
481 2405 663 2442 praesentes
686 2399 886 2433 decernimus
915 2405 945 2432 et
974 2399 1075 2432 decla-

332 2462 461 2493 ramus,
490 2452 686 2496 praedictum
722 2454 845 2487 Celsum
885 2453 1092 2487 modernum*

333 2506 479 2539 abbatem
512 2506 770 2549 Congregationis
805 2507 1074 2547 Caelestinorum,

334 2560 464 2604 eiusque
490 2571 705 2601 successoreS,
729 2565 828 2595 stante
853 2561 981 2605 antiqua
1006 2571 1076 2604 pos-

371 2632 381 2658 1
400 2629 468 2659 Male
483 2631 548 2660 edit.
565 2631 645 2659 Main.
663 2631 746 2660 habet
758 2633 869 2667 possint
886 2636 911 2660 ct
926 2641 1077 2660 consueve-

334 2677 397 2706 rint
412 2679 450 2711 (a.
467 2677 516 2712 T.).

316 582 498 625 greg-atione
522 579 747 614 venerabilium
772 580 905 612 fratrum
930 583 1069 611 nostro-¹

919 264 1060 290 URBANUS
1084 265 1140 288 VIII
1164 265 1212 288 PI’.

1730 250 1793 283 197

1084 313 1222 345 sessione
1243 310 1315 345 dicti
1341 309 1460 343 abbatis
1492 314 1522 342 ct
1545 307 1823 352 praedecessorum

1084 364 1241 408 praedicta
1258 363 1390 397 faciendi
1407 368 1437 396 et
1454 361 1630 402 exercendi,
1648 360 1678 393 in
1695 359 1824 404 pacifica

1084 417 1280 460 possessione
1298 416 1438 449 omnium
1465 421 1495 449 et
1519 414 1715 458 singulorum
1739 423 1826 457 prae-

1085 470 1253 503 missorum
1279 469 1556 505 manutenendum,
1574 479 1609 502 ac
1627 472 1827 501 manutenen-

1085 523 1141 557 dos
1159 534 1237 564 esse,
1254 534 1311 556 nec
1337 523 1406 555 illos
1427 528 1479 555 aut
1504 522 1682 565 quempiam
1700 521 1826 553 illorum

1085 589 1103 609 a
1119 577 1229 620 quovis
1254 577 1412 620 episcopo,
1424 576 1471 608 xcl
1489 576 1655 608 (lrdinario
1673 571 1827 614 lo'corum,

1087 636 1138 663 aut
1163 641 1274 664 corum
1305 629 1437 669 vicariis,
1463 634 1493 661 et
1525 629 1593 660 aliis
1625 628 1829 671 quibuscum-

1088 695 1148 728 que
1172 683 1333 728 pcrsonis,
1360 683 1496 726 desuper
1527 682 1637 725 quovis
1668 685 1829 725 praetextu

1088 738 1264 778 molestari,
1289 737 1471 782 perturbari
1496 737 1544 769 vel
1569 735 1735 779 inquietari
1760 736 1830 768 nul-

1088 792 1209 824 latenus
1233 801 1342 835 posse,

1134 844 1201 888 {3
1232 845 1345 888 Sicque
1377 855 1434 888 per
1465 852 1683 887 quoscumque
1714 841 1832 874 iudices

1090 899 1268 932 ordinarios
1292 904 1322 932 et
1346 898 1521 942 delegatOS,
1547 897 1640 930 etiam
1665 906 1832 929 causarum

1091 953 1197 997 palatii
1233 952 1397 997 apostolici
1430 951 1610 991 auditores,
1636 950 1766 983 iudicari
1803 954 1834 982 ct

1092 1006 1216 1039 definiri
1240 1006 1365 1047 debere,
1383 1006 1572 1048 irritumque
1590 1009 1620 1037 et
1643 1003 1734 1036 inane
1750 1003 1834 1046 quic-

1092 1060 1168 1105 quid
1192 1070 1282 1093 secus
1303 1070 1398 1104 super
1423 1059 1472 1092 his
1495 1069 1513 1091 a
1537 1068 1706 1102 quoquam,
1725 1056 1834 1101 quavis

1092 1113 1288 1154 auctoritate,
1314 1113 1449 1146 scienter
1474 1112 1521 1145 vel
1545 1112 1738 1155 ignoranter,
1763 1120 1836 1143 con-

1093 1166 1199 1209 tigerit
1223 1166 1380 1199 attentari.

1139 1220 1153 1263 S,
1177 1220 1207 1252 4.
1232 1219 1384 1258 Quocirca
1402 1218 1523 1252 dilectis
1540 1217 1612 1251 siliis
1629 1227 1713 1250 nunc
1730 1220 1759 1250 et
1776 1227 1835 1260 pro

1095 1277 1237 1317 tempore
1262 1272 1467 1305 existentibus
1492 1271 1646 1304 eiusmodi
1662 1270 1838 1313 Congrega-

1096 1326 1190 1359 tionis
1221 1326 1305 1370 apud
1334 1336 1393 1358 nos
1428 1329 1458 1359 et
1489 1324 1700 1369 Apostolieam
1725 1323 1836 1356 Sedem

1096 1381 1268 1424 protectori
1300 1386 1330 1414 et
1367 1391 1534 1413 causarum
1564 1379 1671 1412 curiae
1695 1387 1838 1410 camerac

1096 1435 1286 1478 apostolicae
1307 1434 1446 1477 generali
1468 1433 1603 1466 auditori
1624 1443 1680 1476 per
1696 1442 1840 1476 praescn-

1097 1494 1142 1520 tes
1167 1488 1395 1521 committimus
1415 1492 1445 1520 ct
1469 1486 1665 1526 mandamus,
1686 1490 1839 1529 quatenus

1098 1542 1155 1586 ipsi
1181 1542 1229 1574 vel
1253 1542 1332 1574 alter
1356 1552 1468 1574 eorum
1492 1546 1674 1584 praesentes
1702 1539 1839 1579 litteras,

1081 1601 1127 1646 ,et
1152 1595 1184 1628 in
1213 1595 1257 1628 eis
1290 1598 1435 1628 contenta
1467 1604 1703 1638 quaecumque,
1728 1593 1781 1625 ubi
1811 1597 1841 1625 et

324 1649 454 1682 cialibus
470 1650 629 1683 favoribus
654 1655 684 1683 et
708 1650 817 1693 gratiis
841 1649 990 1693 prosequi
1016 1648 1223 1700 x'o-][1iia11do
1248 1659 1326 1692 opus
1351 1648 1455 1688 suerit,
1473 1653 1503 1680 ct
1524 1647 1647 1691 quoties
1670 1657 1728 1690 pro
1753 1651 1842 1690 parte

324 1703 433 1744 lentes,
451 1709 481 1736 et
504 1714 521 1736 a
542 1703 704 1747 quibusvis
721 1703 1064 1743 excommunicationis,
1100 1702 1173 1736 dicti
1198 1702 1277 1735 Celsi
1302 1701 1446 1734 moderni
1472 1705 1524 1733 aut
1542 1711 1599 1744 pro
1618 1705 1761 1743 tempore
1778 1699 1842 1731 exi-

1083 1782 1084 1786 ,
1101 1756 1209 1789 stentis
1229 1755 1351 1787 abbatis
1369 1754 1525 1798 generalis
1549 1754 1649 1786 dictae
1674 1763 1844 1796 congrega-

1102 1810 1193 1843 tionis
1217 1809 1334 1842 suerint
1359 1808 1511 1852 requisiti,
1537 1807 1719 1841 solemniter
1735 1806 1841 1850 publi-

1101 1868 1217 1903 cantes,
1232 1874 1267 1895 ac
1281 1862 1339 1906 ipsi
1354 1861 1459 1895 abbati
1473 1862 1505 1894 in
1515 1861 1696 1906 praemissis
1711 1860 1844 1893 efficacis

1085 1917 1292 1950 ¹defensionis
1316 1916 1475 1960 praesidio
1507 1915 1708 1954 assistentes,
1732 1914 1846 1946 saciant

325 1970 459 2004 nodatus
483 1971 595 2011 existit,
620 1971 659 2004 ad
682 1971 830 2004 effectum
854 1971 1086 2015 praesentium

1103 1970 1287 2004 auctoritate
1307 1971 1415 2002 nostra
1436 1969 1525 2002 illum
1549 1968 1733 2002 eorumdem
1759 1978 1847 2011 prae-

1104 2024 1272 2057 missorum
1290 2023 1405 2056 effectu
1421 2023 1552 2066 pacifice
1570 2022 1631 2054 frui
1649 2027 1678 2054 et
1695 2021 1844 2064 gaudere;

1103 2088 1166 2111 non
1190 2077 1408 2121 permittentes
1442 2077 1530 2109 illum
1555 2075 1690 2119 desuper
1720 2086 1737 2107 a
1767 2085 1845 2118 quo-

1104 2142 1199 2175 quam
1212 2131 1321 2175 quavis
1338 2130 1523 2163 auctoritate
1545 2128 1782 2173 quomodolibet
1799 2127 1847 2160 in-

1105 2185 1208 2218 debite
1225 2185 1385 2218 molestari
1395 2195 1403 2224 3
1421 2183 1668 2217 contradictores
1681 2192 1848 2226 quoscum-

1105 2249 1166 2283 que
1183 2249 1240 2282 per
1257 2248 1406 2271 censuras
1432 2240 1462 2270 et
1477 2246 1595 2280 poenas
1611 2235 1847 2274 ecclesiasticas,

1106 2292 1228 2336 aliaque
1253 2294 1430 2335 opportuna
1451 2290 1528 2323 iuris
1553 2295 1582 2322 et
1606 2289 1678 2322 sacti
1698 2287 1847 2327 remedia,

1107 2347 1317 2390 appellatione
1343 2344 1528 2389 postposita,
1549 2342 1789 2387 compescendo,
1806 2341 1849 2373 iu-

1108 2403 1217 2433 vocato
1242 2399 1335 2431 etiam
1363 2398 1401 2430 ad
1425 2398 1496 2437 hoc,
1518 2396 1542 2429 si
1568 2407 1647 2440 opus
1671 2395 1774 2436 suerit,
1799 2405 1849 2428 au-

1109 2453 1183 2486 xilio
1200 2452 1322 2486 brachii
1340 2451 1500 2484 secularis.

1154 2508 1168 2549 ξ
1193 2506 1221 2539 5.
1238 2507 1306 2540 Non
1325 2504 1522 2538 obstantibus
1539 2504 1637 2537 selicis
1661 2503 1850 2537 recordatio-

1108 2560 1156 2592 nis
1168 2559 1316 2592 Bonifacii
1334 2559 1434 2602 Papae
1456 2558 1531 2598 VIII,
1549 2557 1643 2590 etiam
1668 2557 1851 2601 praedeces-

1110 2613 1190 2646 soris
1204 2613 1314 2653 nostri,
1325 2612 1363 2645 de
1380 2613 1453 2653 una,
1467 2615 1496 2645 et
1512 2611 1543 2644 in
1561 2611 1694 2645 coneilio
1711 2611 1849 2655 generali

1110 2667 1191 2700 edita
1223 2666 1259 2699 dc
1292 2666 1414 2699 duabus
1439 2665 1545 2707 (lictis,
1571 2665 1741 2699 dummodo
1770 2665 1850 2697 ultra

1840 259 1888 286 An.
1905 258 1933 285 C.
1953 258 2020 285 1024

1874 851 1992 873 Ctausulae.

1889 1226 2034 1252 exequutores

1852 1254 1955 1278 designat.

1935 2509 2048 2533 nerogaun

1865 2540 2025 2558 contrariorum.
