2269 3235
214 266 262 292 Λιι.
284 264 312 293 C.
333 264 400 292 1625

281 646 396 672 I'Jditasquu

213 679 250 698 pru
276 679 320 693 etus
344 679 396 697 regi-

214 706 268 719 nuno
284 700 375 725 regulas.

240 1124 327 1148 Quinam
345 1123 397 1144 roci-

213 1154 304 1177 piantur.

243 1973 272 1994 De
288 1973 377 1999 pietate.

412 318 533 347 scentes
546 313 679 348 nationis
696 312 920 346 Maronitarum
937 312 968 343 in
985 311 1154 344 christiana

412 366 525 409 pietate
557 371 586 398 ct
611 366 671 397 tide
703 365 825 397 sincera
860 364 1077 404 instruantur,
1097 374 1155 408 per

412 419 487 451 alias
504 424 627 451 nostras
646 419 676 450 in
694 417 789 450 simili
806 418 907 450 forma
932 417 1037 450 llrevis
1062 427 1155 461 cxpe-

412 472 491 505 ditas
516 472 653 511 litteras,
678 472 735 504 sub
762 471 855 504 certis
880 471 973 505 modo
999 475 1029 504 et
1054 471 1155 504 forma

414 531 487 558 tunc
512 525 677 568 expressis,
698 524 870 568 apostolica
890 524 1074 559 auctoritate
1091 534 1155 558 erc-

412 578 552 611 xerimus
577 582 607 611 et
631 577 875 618 institue1·imus;

456 632 471 674 ἓ
500 631 529 663 a.
563 631 613 673 Iit,
635 631 714 664 sicut
740 631 928 675 accepimus,
960 640 1017 674 pro
1050 630 1153 672 felici,

412 695 626 728 prosperoque
645 685 770 728 collegii
798 685 988 726 huiusmodi,
1009 685 1154 728 illiusque

413 738 614 771 alumnorum
645 749 700 772 seu
725 738 916 771 scholarium
947 738 1101 781 regimine
1125 743 1155 771 et

412 792 567 835 gubernio
592 793 759 825 nonnullae
779 792 907 835 regulae
928 801 984 824 seu
1008 791 1154 825 constitu-

413 845 513 878 tiones
530 845 630 878 cditae
647 845 772 885 suerint,
790 844 906 878 tenoris
924 843 1153 887 subsequentis,

415 898 572 932 videlicet:

412 978 555 1022 Reyulae
571 977 788 1012 observandae
804 976 842 1010 ab
859 976 1007 1010 almmn's
1024 976 1154 1020 collegyii

643 1031 763 1064 Montis
788 1029 917 1064 Libani.

456 1110 476 1143 Ι.
504 1110 652 1144 Intraturi
670 1110 702 1143 in
719 1109 888 1153 collegium
904 1108 942 1141 ad
959 1108 1043 1142 hunc
1059 1108 1154 1141 finem

412 1175 449 1197 ex
463 1163 557 1197 variis
570 1163 704 1198 Orientis
721 1162 875 1207 partibus,
889 1162 1007 1195 scilicet
1019 1172 1036 1195 e
1052 1162 1155 1195 Monte

412 1217 538 1258 Libano,
555 1215 740 1257 Palaestina,
755 1215 843 1259 Syria
857 1220 887 1248 et
899 1215 1010 1259 Cypro,
1025 1214 1155 1258 aliisque

413 1271 557 1314 partibus
581 1269 790 1309 vocabuntur,
807 1274 841 1301 ut
865 1268 1034 1301 virtutibus
1048 1273 1077 1301 et
1093 1268 1156 1312 pie-

413 1324 467 1357 tati
492 1334 528 1356 ac
556 1323 733 1356 litterarum
764 1321 875 1355 studiis
907 1332 1036 1365 operam
1061 1320 1155 1361 dent,

412 1383 446 1410 ut
461 1387 525 1411 non
541 1377 643 1410 solum
667 1375 844 1415 Maronitas,
862 1375 915 1408 sed
932 1375 1034 1408 omnis
1051 1374 1156 1408 Orien-

414 1431 454 1463 tis
478 1430 620 1463 nationes
644 1429 705 1462 side
731 1428 884 1462 catholica
901 1438 936 1461 ac
957 1428 1072 1471 pietate
1092 1427 1156 1460 Deo

415 1488 606 1527 cooperante
632 1482 756 1515 erudire
780 1481 910 1526 possint.

457 1537 516 1577 Qui
541 1536 758 1570 educabuntur
783 1535 815 1568 in
837 1535 899 1567 hoc
924 1533 1067 1577 collegio,
1084 1544 1158 1578 pau-

414 1601 507 1635 peres
527 1591 612 1623 bona
630 1589 733 1622 indole
751 1599 787 1621 ac
804 1588 931 1631 ingenio
949 1597 1015 1620 esse
1033 1586 1156 1627 debent,

414 1648 444 1677 et
467 1654 503 1676 ea
528 1643 646 1681 emnia,
661 1652 741 1685 quae
766 1646 837 1674 suut
861 1640 1038 1673 necessaria
1062 1639 1101 1672 ad
1118 1640 1158 1672 vi·

414 1702 510 1736 ctum,
535 1695 682 1728 vestitum
707 1698 736 1728 ct
753 1693 900 1735 studium,
917 1693 977 1725 illis
1003 1692 1158 1726 ministra-

414 1749 534 1782 buntur
559 1748 656 1791 gratis
673 1753 702 1780 et
722 1747 776 1780 Dei
801 1756 926 1786 amore,
943 1745 1066 1779 nobiles
1082 1756 1157 1778 vero

415 1808 446 1835 ct
469 1802 580 1834 divites
605 1801 701 1846 recipi
720 1800 840 1844 possint
856 1800 887 1832 in
909 1799 992 1832 dicto
1013 1798 1157 1842 collegio,

416 1855 469 1888 sed
494 1854 608 1888 debent
632 1854 762 1894 solvere,
789 1862 867 1896 quac
893 1857 964 1885 sunt
980 1851 1158 1885 necessaria

415 1907 453 1940 ad
478 1908 594 1940 victum
619 1912 649 1940 et
673 1906 818 1939 vestitum
843 1910 974 1937 tantum.

460 1961 495 1993 II.
514 1960 623 1993 Statim
640 1965 673 1993 ut
690 1959 841 2003 recipitur
857 1958 1002 1991 alumnus
1019 1957 1051 1990 in
1068 1958 1159 1991 colle-

415 2014 477 2057 gio,
494 2013 664 2047 tradendus
688 2018 735 2046 est
759 2013 827 2046 viro
847 2011 969 2057 optimo
987 2017 1016 2045 et
1032 2011 1159 2045 timora-

415 2074 463 2101 tae
482 2067 701 2108 conscientiae,
721 2071 756 2099 ut
772 2067 861 2099 illum
880 2076 930 2099 res
947 2065 985 2098 ad
998 2066 1158 2099 conscien-

415 2123 489 2155 tiam
507 2121 699 2166 pertinentes
716 2120 854 2161 edoceat,
868 2125 902 2152 ut
921 2119 1157 2163 quamprimum

416 2175 557 2209 omnium
595 2185 725 2208 suorum
760 2178 962 2217 peccatorum
995 2173 1159 2206 confessio—

415 2239 487 2262 nem
511 2229 677 2271 integram,
699 2227 933 2271 perfectamque
957 2225 1051 2259 alicui
1075 2236 1093 2258 a
1113 2237 1159 2259 re-

416 2287 502 2315 ctore
526 2281 650 2323 collegii
681 2280 844 2323 designato
877 2278 1032 2312 sacerdoti
1056 2278 1157 2312 saciat.

459 2335 508 2368 III.
522 2335 699 2368 Teneantur
716 2343 826 2367 omnes
843 2333 985 2376 quolibet
1002 2343 1109 2366 mense
1124 2343 1159 2366 ac

414 2389 524 2421 diebus
555 2387 640 2420 festis
671 2386 899 2420 celebrioribus
931 2385 1158 2420 consessionem

415 2452 449 2474 ae
467 2440 723 2474 communionem
739 2440 841 2472 facere
865 2438 1037 2472 secundum
1057 2438 1160 2472 lauda—

415 2495 511 2527 bilem
535 2493 760 2527 Maronitarum
785 2503 878 2526 usum
892 2492 1012 2536 ,idque
1035 2493 1158 2525 summa

419 2548 596 2581 reverentia
616 2552 708 2591 atque
733 2546 906 2588 modestia,
928 2556 1008 2591 quae
1032 2545 1071 2579 ad
1096 2551 1159 2579 tan-

417 2607 484 2634 tum
502 2605 733 2633 sacramentum
757 2600 939 2643 requiritur.

460 2654 506 2687 IV.
532 2654 667 2697 Singulis
692 2653 802 2687 diebus
827 2663 936 2688 omnes
961 2653 1053 2688 simul
1081 2652 1156 2687 mis-

1000 263 1180 288 BULLARIUM
1203 262 1358 288 ROMANUM

1189 321 1254 344 sam
1278 311 1414 352 audiant,
1428 315 1458 344 et
1481 311 1513 344 in
1530 311 1756 346 celebrioribus
1779 312 1928 347 solemni-

1190 365 1302 399 tatibus
1330 365 1502 398 secundum
1530 365 1721 398 laudabilem
1753 366 1924 399 Maronita-

1190 428 1260 451 rum
1281 417 1539 452 consuetudinem
1564 418 1677 451 missae
1710 429 1782 451 cum
1813 419 1928 463 pietate

1189 482 1225 504 ac
1250 470 1417 505 devotione
1442 470 1634 512 inservient,
1653 475 1749 515 prout
1773 471 1928 514 superiori

1189 525 1349 568 placuerit.
1365 524 1503 567 Singulis
1519 524 1639 564 diebus,
1654 523 1705 567 qui
1724 523 1787 568 apti
1804 524 1929 565 suerint,

1189 578 1321 611 recitent
1340 577 1478 611 officium
1499 577 1592 610 simul
1613 587 1684 610 cum
1705 577 1929 612 sacerdotibus:

1189 631 1242 675 qui
1260 641 1336 664 vero
1360 640 1423 664 non
1439 630 1555 663 suerint
1571 630 1686 670 idonei,
1705 640 1756 663 eas
1773 629 1930 663 orationes

1189 683 1330 724 recitent,
1355 694 1432 728 quas
1457 683 1603 728 superior
1626 683 1675 716 vel
1701 683 1850 726 magister
1869 683 1930 716 illis

1189 737 1403 780 assignaverit.

1233 790 1265 822 V.
1302 790 1381 823 Ante
1405 790 1546 824 cubitum
1577 799 1686 824 omnes
1716 789 1849 823 recitent
1883 790 1930 822 vel

1188 842 1312 876 litanias
1334 843 1383 875 vel
1408 842 1483 876 alias
1507 853 1628 887 preces,
1648 848 1744 887 prout
1772 843 1931 887 superiori

1188 895 1352 938 placuerit,
1372 895 1454 929 facto
1478 900 1584 928 tamen
1608 896 1697 929 brevi
1722 896 1931 929 conscientiae

1189 947 1341 980 examine.

1234 1000 1279 1033 VI.
1305 999 1443 1043 Singulis
1467 1000 1579 1033 diebus
1603 1000 1720 1034 festivis
1739 1001 1875 1034 habeant
1894 1001 1933 1034 si-

1189 1052 1254 1085 mul
1271 1052 1356 1096 piam
1373 1053 1663 1096 congregationem,
1678 1053 1709 1085 in
1722 1063 1783 1097 qua
1796 1064 1829 1086 se
1847 1064 1933 1086 exer-

1189 1111 1279 1138 ceant
1302 1106 1334 1138 in
1359 1106 1584 1147 concionando,
1609 1106 1642 1139 in
1665 1106 1786 1139 actibus
1810 1106 1936 1139 humili-

1189 1160 1259 1194 tatis
1273 1159 1468 1201 exhibendis,
1482 1164 1511 1193 et
1536 1160 1650 1193 Christi
1675 1170 1802 1193 crucem
1819 1159 1850 1193 in
1868 1170 1935 1193 cor-

1190 1223 1268 1257 pore
1287 1213 1436 1256 gerendo.

1234 1266 1294 1299 Vll.
1321 1265 1352 1299 Si
1369 1266 1422 1310 qui
1446 1276 1521 1299 vero
1538 1276 1555 1299 a
1573 1266 1738 1310 superiore
1754 1266 1934 1300 iudicabun-

1191 1324 1241 1352 tur
1258 1319 1320 1364 apti
1337 1329 1405 1352 esse
1421 1319 1460 1352 ad
1480 1319 1732 1353 concionandum
1750 1324 1780 1354 et
1799 1321 1933 1353 verbum

1190 1373 1330 1406 divinum
1355 1373 1634 1416 disseminandum,
1660 1378 1846 1415 teneantur,
1872 1385 1934 1418 quo

1191 1427 1325 1460 voluerit
1354 1427 1516 1471 superior,
1550 1427 1596 1461 ire
1624 1427 1662 1460 ad
1686 1428 1933 1472 praedicandum

1193 1482 1238 1514 vel
1264 1481 1553 1515 cathechizandum.

1236 1535 1310 1567 VIII.
1337 1534 1367 1567 Si
1400 1545 1474 1568 vero
1506 1534 1567 1567 illis
1598 1537 1721 1578 tempus
1753 1535 1930 1578 supererit,

1191 1587 1301 1620 diebus
1325 1587 1442 1621 festivis
1466 1588 1571 1630 legant
1598 1587 1666 1631 pios
1696 1598 1731 1620 ac
1764 1597 1869 1621 sacros
1893 1588 1930 1620 li-

1191 1640 1275 1682 bros,
1293 1640 1368 1673 etin
1392 1640 1453 1673 illis
1476 1640 1598 1684 pietatis
1623 1640 1772 1684 operibus
1790 1651 1822 1673 se
1847 1651 1933 1674 exer-

1192 1698 1290 1726 ceant.

1236 1748 1284 1780 IX.
1299 1747 1403 1780 Semel
1416 1746 1447 1779 in
1460 1746 1659 1780 hebdomada
1673 1746 1851 1780 sacerdotes
1864 1747 1935 1780 mis-

1194 1811 1259 1833 sam
1275 1805 1304 1833 et
1321 1800 1459 1833 officium
1477 1810 1536 1843 pro
1553 1799 1603 1833 SS.
1622 1800 1655 1833 D.
1671 1801 1705 1833 N.
1720 1800 1845 1833 Urbano
1858 1801 1934 1841 wll,

1192 1857 1221 1887 ct
1246 1854 1336 1886 sacra
1373 1853 1621 1896 Congregatione
1656 1853 1694 1886 de
1729 1853 1935 1896 Propaganda

1192 1907 1267 1940 Fide
1292 1907 1467 1940 celebrent:
1493 1907 1545 1939 alii
1568 1917 1644 1940 vero
1669 1906 1799 1950 singulis
1823 1906 1934 1939 diebus

1193 1960 1312 2004 aliquas
1328 1970 1437 2004 preces
1454 1970 1514 2003 pro
1530 1960 1700 2004 praedictis
1715 1959 1934 1993 fundatoribus

1193 2025 1228 2048 ac
1251 2014 1506 2048 benefactoribus
1530 2014 1672 2048 recitent.

1235 2068 1270 2101 X.
1296 2067 1410 2101 Omnes
1434 2072 1581 2100 tenentur
1594 2067 1832 2110 grammaticam
1853 2067 1934 2100 chal-

1193 2120 1300 2153 daeam
1315 2120 1446 2161 discere,
1463 2130 1586 2154 necnon
1601 2120 1775 2153 arabicam:
1788 2120 1841 2163 qui
1858 2130 1932 2153 vero

1193 2173 1329 2217 aptiores
1361 2173 1409 2206 vel
1433 2173 1552 2216 optimo
1576 2173 1702 2215 ingenio
1727 2172 1843 2216 reperti
1867 2173 1933 2205 sue-

1192 2227 1264 2267 rint,
1279 2226 1517 2270 grammaticam
1542 2226 1668 2259 latinam
1686 2225 1833 2268 ediscant,
1851 2236 1934 2267 nam,

1194 2281 1219 2313 si
1244 2280 1399 2324 superiori
1432 2279 1505 2312 dicti
1530 2279 1654 2322 collegii
1678 2279 1856 2320 videbitur,
1881 2279 1934 2323 qui

1194 2334 1274 2366 hanc
1309 2332 1549 2376 grammaticam
1582 2333 1711 2365 latinam
1742 2332 1843 2365 edocti
1868 2333 1935 2366 sue-

1193 2387 1277 2428 rint,
1309 2388 1440 2421 Romam
1473 2396 1572 2430 usque
1596 2387 1758 2420 mittentur
1781 2386 1818 2419 ad
1838 2385 1936 2430 philo-

1194 2440 1322 2484 sophiae
1355 2445 1385 2473 et
1418 2439 1595 2482 theologiae
1627 2439 1728 2472 studia
1753 2438 1934 2472 discendum

1194 2498 1324 2526 tantum.

1237 2547 1285 2580 XI.
1311 2546 1368 2586 Qui
1393 2556 1467 2580 vero
1491 2550 1649 2590 poterunt,
1671 2551 1701 2580 et
1724 2545 1870 2590 superior
1886 2546 1934 2579 iu-

1193 2599 1353 2642 dicaverit,
1379 2604 1442 2632 tam
1467 2609 1613 2642 graecam
1638 2604 1668 2632 et
1690 2603 1822 2641 turcam,
1839 2609 1933 2643 quam

1190 2653 1348 2699 persicam
1361 2658 1391 2687 et
1403 2652 1478 2687 alias
1495 2651 1628 2688 Orientis
1644 2652 1766 2697 linguas
1780 2651 1928 2695 ediscant,

1934 264 1987 293 An.
2007 264 2037 294 G.
2057 264 2126 293 1625

1975 2076 2005 2097 De
2020 2075 2103 2097 studiis.
