2269 3235
221 256 268 282 An.
286 256 315 283 c.
339 256 405 283 ¹023
452 245 493 279 813

290 955 403 981 lleputatio

219 985 376 1008 exequuturum.

235 1699 348 1723 Dei-ugano
357 1703 404 1718 con-

219 1726 340 1746 trau-iorum.

418 305 482 337 rios
499 310 529 337 et
546 304 684 347 integros
701 304 830 336 effecius
844 304 948 336 sortiri
963 309 992 336 ct
1005 304 1157 346 obtinere,

418 363 448 390 et
468 358 506 390 ab
526 358 670 391 omnibus
695 362 725 390 et
750 357 891 399 singulis,
911 367 990 400 quos
1015 357 1065 390 illa
1082 368 1159 401 quo-

418 410 590 443 modolibet
621 414 816 443 concernunt
851 415 881 442 ct
911 416 1103 443 concernent
1127 411 1157 443 in

417 465 568 503 futurum,
595 463 818 496 inviolabiliter
841 463 1002 497 observari
1027 464 1157 505 debere,

416 516 522 559 sicque
547 521 577 549 et
600 526 662 549 non
687 515 777 549 aliter
803 517 833 549 in
858 518 1040 561 praemissis
1060 517 1159 551 omni-

416 569 474 603 bus
498 574 528 601 et
552 569 684 612 singulis
713 580 769 614 per
793 580 1010 616 quoscumque
1040 570 1158 604 iudices

416 622 592 656 ordinarios
621 628 651 656 et
676 623 845 666 delegatos,
873 624 966 656 etiam
991 634 1158 657 causarum

415 676 520 719 palatii
545 676 709 720 apostolici
735 676 911 717 auditores,
936 677 1052 721 ubique
1078 677 1158 710 iudi-

416 729 480 762 cari
494 734 524 762 et
537 729 661 762 definiri
678 729 805 771 debere,
819 741 855 763 ac
872 730 996 764 irritum
1014 736 1044 763 et
1068 731 1159 763 inane

416 783 568 827 quidquid
602 795 692 817 secus
723 794 818 828 super
849 784 898 817 his
930 796 948 817 a
977 795 1158 828 quoquam,

417 836 526 880 quavis
542 837 737 878 auctoritate,
751 838 885 870 scienter
902 838 949 870 vel
967 838 1159 881 ignoranter,

418 889 585 932 contigerit
609 890 763 923 attentari.

462 943 519 986 §le
534 944 685 982 Quocirca
698 943 866 976 Franciseo
880 947 910 975 ct
922 942 1079 976 Ludovico
1097 953 1161 975 ear—

417 996 574 1029 dinalibus
597 996 764 1040 praedictis
789 1007 847 1040 per
870 1001 1051 1040 praesentes
1071 1007 1160 1029 com-

417 1050 570 1082 mittimus
588 1054 618 1082 et
635 1049 830 1090 mandamus,
848 1054 1002 1093 quatenus
1024 1049 1094 1093 ipsi,
1112 1049 1159 1082 vel

416 1102 496 1135 alter
519 1113 640 1143 eorum,
657 1113 714 1147 per
735 1113 778 1145 se,
797 1103 844 1136 vel
868 1103 975 1144 alium,
993 1113 1048 1136 seu
1072 1103 1160 1144 alios,

416 1161 596 1199 praesentes
616 1156 746 1196 litteras
764 1161 794 1189 et
815 1156 846 1188 in
870 1156 915 1189 eis
941 1161 1086 1190 contenta
1106 1157 1161 1190 liu-

417 1209 564 1251 iusmodi,
577 1209 632 1242 ubi
649 1215 679 1243 et
693 1210 818 1254 quando
836 1221 914 1254 opus
931 1210 1034 1251 fuerit,
1048 1210 1161 1243 faciant

416 1263 602 1296 auctoritate
625 1264 733 1296 nostra
758 1263 797 1296 ab
821 1264 967 1297 omnibus
982 1291 989 1305 ,
1014 1263 1052 1296 ad
1081 1274 1160 1308 quos

416 1321 555 1361 spectat,
580 1317 803 1350 inviolabiliter
831 1317 1003 1351 observari.
1029 1318 1160 1351 Contra-

416 1370 552 1404 dictores
572 1371 728 1414 quoslibet
749 1376 780 1404 et
803 1371 948 1412 rebelles,
966 1376 996 1404 et
1012 1372 1162 1415 praemis-

416 1424 459 1456 sis
482 1434 545 1457 non
570 1429 726 1467 parentes,
751 1434 808 1468 per
832 1435 981 1458 censuras
998 1430 1028 1458 et
1044 1435 1161 1469 poenas

416 1478 657 1519 ecclesiasticas,
681 1479 804 1522 aliaque
828 1482 1006 1523 opportuna
1030 1479 1107 1512 iuris
1132 1484 1161 1512 et

416 1530 488 1564 facti
500 1531 649 1571 remedia,
660 1532 870 1575 appellatione
882 1532 1068 1576 postposita,
1080 1543 1162 1566 com-

417 1584 584 1628 pescendo,
605 1584 748 1618 invocato
768 1585 862 1618 etiam
886 1585 924 1617 ad
950 1586 1020 1626 hoe,
1038 1585 1063 1618 si
1081 1596 1162 1629 opus

419 1637 522 1678 fuerit,
547 1638 662 1672 auxilio
686 1638 809 1671 brachii
834 1639 994 1672 secularis.

464 1691 479 1734 ἓ
495 1691 524 1724 5.
538 1692 605 1725 Non
623 1692 817 1725 obstantibus
833 1692 980 1725 omnibus
997 1693 1068 1733 illis,
1082 1703 1161 1736 quae

420 1744 522 1778 dietus
541 1745 713 1788 Gregorius
733 1746 958 1789 praedecessor
982 1746 1013 1778 in
1036 1746 1162 1790 praein-

419 1799 511 1831 sertis
541 1799 654 1831 litteris
682 1800 863 1833 huiusmodi
889 1800 987 1833 voluit
1015 1810 1078 1833 non
1106 1800 1162 1833 ob-

419 1856 511 1891 stare,
525 1852 701 1896 ceterisque
718 1853 885 1885 contrariis
899 1852 1160 1897 quibuscumque.

462 1904 574 1937 Datum
588 1905 715 1945 Romae,
733 1905 815 1949 apud
833 1906 861 1938 S.
880 1906 1018 1947 Petrum,
1037 1906 1094 1939 sub
1112 1917 1163 1939 an-

417 1958 493 1991 nulo
507 1958 685 1998 piscatoris,
699 1958 749 1991 die
760 1969 801 1991 xx
816 1959 993 1992 decembris
1007 1969 1161 2001 nxncxxnr,

418 2011 619 2055 pontificatus
635 2012 735 2045 nostri
755 2022 837 2046 anno
854 2023 873 2045 1.

454 2073 516 2101 Dat.
532 2074 575 2101 die
590 2073 625 2101 20
640 2074 793 2102 decembris
815 2074 892 2109 1623,
914 2075 1008 2111 pontif.
1026 2084 1069 2103 an.
1087 2082 1104 2103 1.

752 2209 827 2242 XIX.

421 2278 614 2321 Privileyia,
639 2278 781 2319 indulta,
801 2279 930 2323 qratiae
946 2283 974 2312 et
994 2280 1165 2323 eoeemptio-

465 2342 520 2365 nes
543 2342 601 2375 pro
623 2332 794 2376 dapiferis,
820 2333 880 2377 qui
900 2333 1059 2376 pontifici,
1080 2338 1160 2367 cete-

466 2387 577 2429 risque
600 2386 632 2420 S.
653 2387 691 2420 R.
712 2386 748 2419 E.
770 2386 998 2420 cardinalibus
1023 2387 1059 2420 in
1083 2398 1161 2420 con-

466 2438 551 2472 clavi
574 2439 804 2473 inservierunt.

458 2528 469 2553 1
498 2527 599 2554 similia
623 2527 762 2563 privilegia
785 2529 883 2555 collata
909 2528 1080 2556 conclavistis
1106 2529 1165 2557 vide

422 2579 503 2606 supra
517 2571 545 2597 in
560 2571 649 2599 Const.
665 2579 683 2598 u
698 2571 819 2607 Gregorii
830 2573 878 2599 XV
890 2576 954 2600 tom.
966 2579 1013 2607 xii,
1030 2581 1091 2609 pag.
1103 2573 1164 2601 492.

423 2615 482 2642 Atia
502 2623 564 2643 vero
585 2615 736 2643 videbimus
759 2618 854 2651 postea
876 2616 1005 2652 dapiferis
1028 2618 1127 2645 collata
1151 2626 1167 2645 a

423 2659 560 2688 Clemente
576 2660 606 2696 X,
626 2660 719 2689 Innoe.
736 2661 783 2696 XI,
800 2662 886 2689 Clem.
907 2661 964 2697 XII,
981 2665 1033 2690 etc.

1010 256 1189 281 BULLAan
1213 256 1367 282 Romnum

1403 307 1539 334 Urbanus
1559 305 1721 340 Episcopus

1369 358 1475 378 servus
1507 358 1661 378 servorum
1693 351 1756 386 Dei,

1317 396 1353 422 ad
1373 399 1548 430 perpetuam
1568 396 1613 422 rei
1633 396 1812 424 memoriam.

1236 466 1395 499 Romanus
1420 466 1570 506 Pontifex,
1589 465 1626 498 ad
1644 476 1737 509 quem
1762 466 1933 509 gratiarum

1192 519 1335 552 omnium
1363 520 1544 552 distributio
1572 524 1691 564 spectat
1721 524 1752 552 et
1779 519 1934 563 pertinet,

1192 572 1389 615 singulorum
1416 572 1528 605 merita
1560 578 1590 605 et
1619 571 1810 616 probitatem
1834 574 1935 616 aequa

1193 626 1281 658 lance
1306 625 1525 669 perpendens,
1550 635 1701 669 personas
1729 624 1796 657 illas
1819 624 1934 668 potiori

1193 679 1298 711 favore
1323 679 1486 719 attollere,
1512 679 1685 722 maiorique
1716 678 1936 722 praerogativa

1193 731 1345 764 decorare
1362 732 1533 772 consuevit,
1551 742 1627 776 quas
1644 732 1704 764 sibi
1722 737 1752 764 et
1768 731 1839 764 Sedi
1855 732 1936 775 Apo-

1194 784 1321 817 stolicae
1352 784 1577 828 obsequiosas,
1603 789 1633 817 ct
1660 785 1691 817 in
1720 784 1883 818 laboribus
1907 789 1938 817 et

1194 837 1308 880 vigiliis
1331 848 1389 881 pro
1410 837 1519 870 eadem
1540 837 1619 871 Sede
1643 837 1831 871 sufferendis
1851 837 1938 870 inde-

1194 891 1299 931 fessas,
1313 896 1343 923 et
1358 891 1502 934 pluribus
1515 891 1677 933 cognoscit
1689 891 1811 924 meritis
1826 890 1935 923 iuvari.

1239 944 1254 986 ἓ
1277 944 1307 976 ’1.
1333 944 1412 977 Hinc
1436 950 1482 977 est
1505 945 1589 988 quod
1613 955 1681 986 nos,
1701 945 1840 978 volentes
1864 944 1938 977 dile-

1194 1001 1261 1029 ctos
1280 996 1373 1037 filios,
1391 1001 1545 1038 nostrum,
1565 997 1640 1030 dum
1657 997 1866 1032 cardinalatus
1882 998 1937 1031 lio-

1194 1059 1272 1083 nore
1285 1050 1505 1092 fungebamur,
1518 1053 1548 1083 et
1561 1050 1787 1083 venerabilium
1804 1052 1937 1084 fratrum

1194 1107 1375 1136 nostrorum
1394 1107 1519 1136 sanctae
1532 1103 1690 1136 Romanae
1705 1103 1859 1136 Ecclesiae
1873 1115 1938 1137 car-

1195 1156 1346 1189 dinalium
1372 1156 1547 1200 dapiferos,
1573 1156 1626 1200 qui
1651 1156 1743 1189 nobis
1768 1161 1797 1189 et
1821 1156 1938 1189 eisdem

1195 1210 1406 1243 cardinalibus
1431 1210 1462 1242 in
1487 1210 1638 1251 conclavi,
1663 1210 1694 1242 in
1718 1221 1781 1255 quo
1805 1220 1873 1251 nos,
1893 1210 1938 1243 di-

1195 1263 1265 1296 vina
1289 1264 1410 1296 favente
1430 1263 1606 1304 clementia,
1623 1263 1661 1296 ad
1683 1263 1797 1296 summi
1817 1269 1941 1307 aposto-

1195 1317 1274 1350 latus
1287 1317 1407 1361 apicem
1425 1318 1577 1361 assumpti
1594 1317 1721 1358 fuimus,
1734 1317 1940 1351 existentibus

1194 1371 1414 1412 inservierunt,
1435 1371 1552 1415 quique
1576 1372 1613 1404 ea
1637 1371 1676 1404 de
1700 1372 1793 1404 causa
1815 1371 1939 1404 labores

1195 1429 1225 1457 et
1247 1424 1448 1457 incommoda
1471 1425 1563 1468 plura
1579 1424 1752 1465 subierunt,
1770 1424 1875 1457 habita
1892 1434 1938 1456 ra-

1196 1477 1279 1510 tione
1303 1476 1548 1521 obsequiorum,
1573 1477 1751 1518 favoribus,
1775 1477 1885 1520 gratiis
1909 1483 1939 1509 et

1948 259 1994 285 An.
2012 259 2041 286 C.
2064 257 2132 287 ¹623

1977 479 2116 502 Prooemium.

1983 956 2065 977 Causae
2088 962 2138 977 con-

1951 984 2052 1003 cessionis
2067 983 2140 1003 liuius-

1952 1010 2007 1030 modi
2018 1010 2139 1036 privilegio-

1952 1043 2003 1057 rum.

1194 1531 1369 1575 privilegiis
1385 1541 1443 1575 pro
1461 1531 1613 1575 cuiusque
1630 1531 1752 1564 meritis
1770 1531 1938 1570 honorare;
1962 1567 1964 1569 ,

1239 1585 1254 1628 ἓ
1273 1584 1302 1617 02.
1323 1585 1367 1618 Ac
1391 1585 1517 1618 eosdem
1543 1584 1748 1617 conclavistas
1772 1589 1803 1617 et
1826 1595 1937 1617 eorum

1195 1638 1335 1681 singulos
1358 1649 1376 1671 a
1400 1638 1562 1681 quibusvis
1584 1637 1938 1676 excommunicationis,

1195 1691 1408 1735 suspensionis
1432 1697 1462 1725 et
1485 1691 1655 1732 interdicti,
1680 1691 1812 1735 aliisque
1837 1691 1938 1724 eccle-

1196 1745 1329 1778 siasticis
1353 1745 1533 1787 sententiis,
1558 1745 1699 1778 censuris
1724 1749 1754 1777 et
1777 1744 1897 1788 poenis,
1923 1755 1939 1776 a

1196 1799 1265 1832 iure
1299 1799 1347 1831 vel
1379 1799 1417 1831 ab
1452 1798 1602 1839 homine,
1633 1798 1743 1842 quavis
1775 1797 1940 1831 occasione

1197 1853 1244 1885 vel
1269 1854 1363 1885 causa
1391 1852 1482 1894 latis,
1508 1852 1533 1885 si
1558 1851 1673 1896 quibus
1701 1851 1940 1896 quomodolibet

1196 1905 1335 1939 innodati
1353 1905 1497 1946 existunt,
1511 1905 1549 1938 ad
1563 1905 1709 1938 effectum
1726 1905 1940 1949 praesentium

1195 1959 1356 1992 dumtaxat
1375 1958 1644 2003 consequendum,
1660 1959 1773 1991 harum
1791 1958 1872 1992 serie
1889 1959 1941 1991 ab-

1195 2013 1350 2046 solventes
1364 2018 1394 2046 et
1406 2013 1566 2046 absolutos
1582 2013 1649 2045 fore
1661 2017 1835 2053 censentes;
1851 2018 1940 2045 motu

1196 2066 1338 2110 proprio,
1354 2077 1418 2100 non
1435 2066 1473 2099 ad
1491 2066 1632 2110 ipsorum
1649 2066 1873 2109 dapiferorum,
1891 2065 1939 2097 vel

1196 2120 1324 2152 alterius
1340 2131 1399 2163 pro
1424 2120 1498 2163 ipsis
1514 2120 1605 2153 nobis
1625 2129 1721 2163 super
1737 2119 1798 2152 hoc
1814 2118 1939 2152 oblatae

1195 2172 1354 2216 petitionis
1382 2173 1578 2213 instantiam,
1603 2172 1658 2205 sed
1683 2183 1719 2205 ex
1744 2174 1830 2205 mera
1860 2172 1938 2205 libe-

1197 2226 1333 2267 ralitate,
1358 2227 1507 2269 certaque
1532 2226 1660 2260 scientia
1684 2226 1817 2267 nostris,
1841 2236 1877 2259 ac
1901 2225 1939 2258 de

1197 2279 1388 2323 apostolicae
1404 2279 1566 2323 potestatis
1590 2279 1793 2323 plenitudine,
1811 2278 1939 2312 eosdem

1197 2332 1368 2376 dapiferos,
1386 2338 1415 2365 ct
1432 2343 1543 2365 eorum
1561 2332 1711 2376 singulos,
1728 2332 1759 2365 in
1776 2343 1878 2374 veros,
1899 2333 1942 2365 in-

1197 2385 1355 2420 dubitatos
1369 2391 1399 2418 et
1411 2396 1474 2419 non
1487 2386 1577 2419 fictos
1591 2386 1759 2419 familiares
1775 2386 1941 2419 continuos

1198 2440 1426 2473 commensales
1445 2444 1581 2481 nostros,
1599 2444 1628 2472 et
1653 2450 1716 2481 eos,
1742 2439 1796 2484 qui
1820 2450 1857 2473 ex
1880 2440 1941 2473 illis

1199 2493 1305 2526 clerici
1330 2493 1477 2535 existunt,
1495 2504 1549 2527 seu
1574 2493 1703 2526 militiae
1728 2493 1866 2527 clericali
1890 2493 1942 2526 ad-

1199 2546 1294 2579 scribi
1319 2546 1512 2588 desiderant,
1537 2558 1678 2591 quosque
1702 2550 1766 2581 tres
1789 2557 1826 2580 ex
1849 2556 1941 2590 prae-

1200 2599 1291 2633 dictis
1308 2600 1529 2642 cardinalibuS,
1547 2601 1579 2633 in
1599 2601 1741 2645 quolibet
1765 2601 1875 2634 ordine
1891 2610 1942 2632 an-

1201 2654 1363 2698 tiquiores,
1380 2654 1491 2698 gradu,
1508 2655 1670 2689 nobilitate
1686 2660 1717 2688 et
1737 2654 1805 2688 aliis
1821 2654 1942 2687 meritis

1981 1593 2076 1620 Dapiferi
2094 1599 2139 1614 cre-

1954 1623 2015 1641 antur
2028 1626 2092 1644 ciies,
2102 1626 2139 1640 uo-

1954 1648 2022 1671 hites,
2050 1647 2139 1667 comites

1955 1675 2098 1694 lateranenses
2133 1688 2138 1697 ,

1954 1701 2031 1720 notarii
2051 1702 2139 1725 aposto-

1955 1728 1996 1747 tici.
