2269 3235
304 255 352 281 Αη.
369 254 398 281 C.
419 254 486 282 1627

535 244 597 278 5028

502 302 533 335 ni
557 302 785 345 l‘outitirispro
801 306 944 343 ternpore
969 299 1137 342 existentis,
1159 300 1243 344 quod

503 356 540 388 ad
566 356 662 398 ipsius
681 354 808 387 ltomani
834 353 992 386 l‘ontiticis
1015 358 1044 385 et
1062 353 1149 386 Sedis
1166 354 1244 397 Apo-

502 409 627 441 stolieae
639 407 867 451 beneplacitum
885 406 1013 439 concedi
1027 412 1241 448 consueverat,

503 461 679 499 amovisset,
694 461 875 503 dictumque
890 459 1027 492 officium
1043 460 1134 492 ctiam
1146 470 1243 503 quon-

501 515 571 546 dam
596 514 711 546 ltidaco
730 514 843 554 ltruno,
865 513 979 546 clerieo
997 513 1165 555 coniugato
1186 514 1243 547 uo-

501 577 603 605 mano,
630 566 682 608 qui
707 577 765 609 pro
790 566 890 610 ipsius
916 566 960 599 l‘ii
988 567 1241 610 praedecessoris

500 619 739 652 necessitatibus
757 620 957 653 sublevandis
971 631 1128 653 summam
1145 620 1243 652 mille-

500 672 744 715 quingeutorum
775 673 960 706 ducatorum
998 674 1065 706 auri
1101 673 1132 706 in
1164 683 1241 706 auro

501 726 671 768 obtulerat,
697 726 735 758 ad
756 726 895 759 eiusdem
920 727 1026 759 Didaci
1051 727 1144 759 vitam
1172 737 1242 759 con-

501 779 644 813 cessisset
673 783 703 813 ct
733 780 938 822 assignasset,
963 780 1149 812 recolendae
1175 790 1240 812 me-

443 847 485 866 .oe
502 833 620 865 moriae
637 833 740 865 sixtus
757 833 840 876 Papa
855 834 886 873 V,
901 833 1044 865 similiter
1061 833 1242 876 praedeces-

400 881 486 921 '{.1‘‹'..''C';ff
501 897 553 919 sor
570 891 686 926 noster,
697 886 930 918 concessionem
950 889 979 919 ct
998 886 1240 928 assignationem

360 936 370 947 ”
390 934 458 948 (Μ’
501 940 539 973 de
563 940 646 972 dicto
664 939 767 972 officio
785 939 886 971 eidem
906 939 1032 979 Ilidaco,
1050 944 1083 971 ut
1102 939 1240 982 praeser-

355 2069 414 2093 Quod
430 2068 484 2089 idem

302 2096 345 2120 agit
360 2097 435 2116 Paulus
446 2097 484 2116 Pa·

293 2122 329 2147 'pa
345 2123 369 2144 V.

502 999 561 1033 tur,
577 995 673 1026 saetas
692 994 762 1036 (etsi
787 993 817 1025 in
838 993 881 1025 eis
908 996 1081 1033 caveretur,
1099 1003 1154 1025 seu
1171 1002 1242 1025 con-

500 1048 664 1080 cederetur
697 1057 864 1090 expresse,
894 1046 978 1090 quod
1010 1047 1076 1089 ipse
1107 1046 1241 1079 Didacus

500 1101 538 1133 ab
563 1100 666 1133 ossicio
691 1100 880 1141 huiusmodi,
907 1111 962 1132 scu
979 1100 1062 1132 illius
1080 1100 1238 1142 exercitio,

500 1153 608 1197 quavis
625 1153 744 1185 ratione
766 1153 813 1185 vel
831 1154 924 1185 causa
954 1153 1070 1185 invitus
1089 1152 1239 1192 amoveri,

498 1208 545 1240 vel
578 1207 656 1239 alius
689 1207 754 1239 sine
783 1206 850 1239 eius
881 1217 1035 1239 consensu
1066 1206 1105 1239 ad
1137 1206 1238 1249 ipsum

499 1261 637 1294 officium
652 1260 770 1292 assumi
784 1270 846 1292 non
857 1261 985 1303 posset),
1000 1259 1145 1301 irritanti,
1160 1259 1240 1291 aliis-

498 1325 557 1357 que
582 1313 716 1345 decretis
736 1313 872 1357 desuper
889 1313 1049 1357 appositis,
1067 1312 1239 1356 apostoliea

498 1366 706 1406 auctoritate,
732 1366 863 1398 cassavit
894 1366 1018 1409 penitus
1050 1371 1080 1398 et
1111 1365 1239 1398 omnino

498 1420 674 1461 revocavit,
701 1424 730 1452 et
756 1420 787 1452 in
811 1420 972 1463 praedicta
997 1419 1117 1451 datarizi
1140 1429 1238 1451 unum

499 1475 635 1508 officium
662 1474 810 1517 praefecti
835 1478 1057 1517 computorum
1082 1483 1240 1516 nuncupa-

498 1533 564 1560 tum
582 1531 781 1571 perpetuum,
801 1531 831 1559 et
853 1527 928 1559 alias
946 1526 1042 1559 instar
1061 1531 1239 1559 ceterorum

498 1581 597 1624 ipsius
621 1579 759 1612 datariae
792 1584 821 1612 ct
853 1580 1012 1612 Romanae
1041 1579 1152 1612 Curiae
1176 1579 1241 1611 ossi-

499 1634 631 1676 ciorum,
646 1633 745 1666 erexit
761 1638 790 1665 et
806 1633 949 1674 instituit,
965 1632 1104 1675 illudque
1122 1632 1240 1675 pariter

499 1687 657 1731 quondam
689 1687 853 1719 Timotheo
878 1686 1036 1725 Ximenez‚
1057 1685 1152 1718 etiam
1181 1679 1239 1718 cle-

499 1742 565 1775 rico
590 1741 757 1783 coniugato
783 1741 934 1781 Romano,
952 1740 1005 1783 qui
1026 1739 1066 1772 ob
1090 1744 1239 1781 urgentes

500 1796 716 1836 necessitates,
742 1794 856 1838 quibus
882 1799 955 1826 tunc
980 1793 1132 1837 temporis
1156 1793 1238 1825 idem

500 1850 603 1883 Sixtus
617 1848 840 1892 praedecessor
852 1848 1065 1891 premebatur,
1083 1857 1238 1879 summam

500 1903 638 1946 quinque
663 1901 796 1933 millium
823 1905 985 1933 scutorum
1010 1900 1161 1933 similium
1186 1910 1240 1932 no-

500 1955 584 1988 mine
616 1955 709 1999 pretii
740 1954 812 1988 dicti
844 1953 938 1987 ossicii
969 1954 1089 1986 solvere
1112 1954 1236 1997 promi-

500 2013 602 2049 serat,

544 2062 559 2106 g
575 2062 605 2094 2.
623 2062 669 2101 Et,
683 2061 795 2094 deinde
811 2060 920 2094 eodem
938 2059 1125 2093 Thimotheo
1145 2060 1239 2092 rebus

499 2115 644 2148 humanis
662 2120 818 2158 exempto,
837 2115 947 2147 similis
965 2115 1138 2148 memoriae
1162 2115 1240 2147 Pau-

499 2170 547 2202 lus
562 2170 645 2213 Papa
663 2171 693 2209 V,
713 2170 805 2203 etiam
822 2170 1047 2213 praedecessor
1064 2172 1180 2209 noster,
1198 2169 1241 2201 di-

499 2228 583 2256 ctum
609 2223 746 2256 officium
772 2234 829 2266 per
854 2223 952 2267 ipsius
977 2222 1154 2255 Thimoihei
1175 2222 1240 2255 obi-

498 2280 564 2310 tum
589 2287 702 2309 vacans
727 2277 840 2310 dilecto
865 2277 930 2310 filio
956 2277 1092 2310 Ilenrico
1121 2277 1239 2309 Fiscnsi

499 2332 614 2365 clerieo
639 2331 803 2364 Leodiensi
835 2342 893 2374 pro
925 2331 1026 2375 pretio
1061 2336 1091 2364 et
1114 2331 1240 2364 nomine

498 2385 590 2428 pretii
623 2385 779 2417 sexdecim
811 2384 945 2417 millium
977 2389 1139 2417 scutorum
1172 2395 1239 2417 mo-

501 2444 587 2471 netae
614 2449 762 2471 romanae
777 2466 784 2479 ,
814 2439 851 2471 ad
883 2449 995 2472 eorum
1019 2443 1049 2471 et
1073 2438 1239 2471 cuiuslibet

499 2491 640 2534 ipsorum
662 2492 755 2524 vitam
777 2492 957 2535 respective,
972 2496 1195 2525 concesserunt
1210 2497 1239 2524 et

501 2544 706 2587 assignarunt,
722 2546 778 2577 sub
792 2546 886 2578 certis
901 2546 994 2579 modo
1008 2551 1037 2578 et
1051 2546 1152 2579 forma
1166 2550 1238 2578 tunc

501 2598 666 2640 expressis,
691 2603 719 2630 et
745 2599 839 2638 alias,
856 2604 951 2642 prout
975 2599 1007 2631 in
1031 2598 1163 2632 diversis
1188 2609 1239 2632 eo-

500 2649 645 2683 rumdem
675 2651 954 2695 praedecessorum
987 2657 1131 2686 motuum
1161 2663 1237 2697 pro-

1084 252 1263 276 BULLARIUM
1287 252 1440 276 ROMANUM

1277 300 1420 344 priorum
1435 299 1553 334 cedulis
1570 310 1664 334 manu
1684 302 1867 335 eorumdem
1882 301 2012 347 praede-

1276 363 1437 387 eessorum
1463 354 1592 396 signatis
1616 354 1739 397 plenius
1764 355 1950 389 continetur.

1321 408 1335 450 ,ξ
1351 406 1380 440 3.
1396 408 1467 449 Nos⁷
1482 407 1619 441 officium
1637 407 1810 451 rcceptoris
1823 408 2012 450 reddituum,

1276 466 1484 503 proventuum
1510 465 1540 493 et
1563 460 1768 504 pecuniarum
1794 461 1930 495 datariae
1955 472 2013 495 no-

1276 518 1358 547 strae
1397 514 1578 547 huiusmodi
1618 514 1657 547 ad
1695 515 1892 558 primaevum
1930 515 2014 549 illius

1276 572 1409 608 statum,
1426 572 1635 611 naturamque
1665 567 1703 601 de
1733 572 1838 601 cetero
1862 578 1918 612 per
1942 579 2014 612 per-

1276 630 1384 653 sonam
1406 620 1443 652 ad
1475 623 1620 654 nostrum
1646 625 1675 653 et
1691 621 1823 653 Romani
1855 621 2013 655 Pontificis

1276 685 1334 717 pro
1354 678 1496 717 tempore
1510 674 1669 706 existentis
1686 679 1798 706 nutum
1815 674 2014 707 amovibilem

1275 727 1485 760 exercendum
1510 727 1619 760 reduci
1648 732 1795 771 oportere
1827 727 1858 760 in
1882 728 2014 761 Domino

1276 780 1457 821 iudicantes,
1474 791 1597 814 necnon
1610 791 1883 825 quarumcumque
1900 781 2015 814 littera-

1276 844 1345 866 rum
1364 834 1408 866 Pii
1428 834 1461 875 V,
1479 834 1555 868 Sixti
1571 834 1593 867 V
1611 839 1642 867 et
1659 834 1744 867 Pauli
1762 834 1871 867 itidem
1890 835 1912 868 V
1929 845 2016 878 prae-

1275 887 1475 920 decessorum
1500 888 1734 931 praedictorum
1766 888 1902 932 desuper
1925 899 2016 932 expc-

1275 939 1433 981 ditarum,
1459 940 1663 983 omniumque
1695 945 1725 973 et
1756 940 1952 983 singulorum
1983 942 2015 974 in

1276 992 1319 1025 eis
1337 992 1575 1036 quomodolibet
1589 997 1809 1035 contentorum
1829 994 1968 1027 veriores
1985 1000 2015 1027 et

1276 1051 1357 1079 totos
1382 1051 1518 1086 tenores,
1535 1046 1667 1090 perinde
1691 1056 1726 1079 ac
1751 1046 1777 1079 si
1800 1046 1838 1079 de
1862 1048 1960 1080 verbo
1977 1049 2015 1081 ad

1276 1099 1417 1140 verbum,
1442 1099 1520 1132 nihil
1540 1099 1665 1143 penitus
1686 1099 1802 1133 omisso
1820 1104 1849 1132 et
1866 1101 1966 1133 forma
1983 1101 2015 1134 in

1276 1153 1335 1185 illis
1361 1152 1475 1185 tradita
1500 1153 1673 1192 observata,
1688 1153 1902 1187 insererentur
1919 1159 1949 1186 et
1965 1165 2016 1187 ex-

1274 1206 1509 1250 primerentur,
1537 1206 1755 1250 praesentibus
1786 1218 1845 1250 pro
1870 1208 1961 1251 plene
1985 1213 2015 1241 et

1274 1260 1465 1298 sufficienter
1493 1260 1650 1303 expressis
1670 1271 1705 1293 ac
1725 1260 1763 1293 de
1780 1261 1877 1293 verbo
1895 1261 1933 1293 ad
1950 1272 2016 1294 ver-

1274 1314 1349 1346 bum
1375 1312 1500 1345 insertis
1525 1312 1685 1353 habentes,
1704 1313 1792 1347 iustis
1817 1318 1847 1346 et
1867 1314 2014 1356 gravibus

1274 1367 1311 1399 de
1336 1366 1438 1399 causis
1462 1366 1601 1398 animum
1632 1370 1774 1399 nostrum
1807 1366 2014 1408 u‘ioventihus,

1274 1423 1361 1453 motu
1389 1419 1518 1463 proprio
1543 1424 1573 1451 et
1589 1430 1625 1452 ex
1650 1421 1736 1452 certa
1756 1419 1884 1452 scientia
1900 1430 1936 1452 ae
1954 1430 2016 1452 nia-

1275 1474 1345 1505 tura
1369 1472 1597 1505 deliberatione
1617 1472 1742 1512 nostris,
1767 1473 1868 1516 deque
1892 1478 2016 1516 aposto-

1274 1526 1351 1559 licae
1369 1526 1531 1570 potestatis
1552 1525 1756 1569 plenitudine,
1778 1526 1968 1559 erectionem
1986 1531 2016 1559 et

1274 1580 1500 1613 institutionem
1525 1579 1600 1612 dicti
1624 1579 1718 1613 ossicii
1747 1580 1897 1623 praefecti
1922 1591 2016 1614 com-

1273 1638 1422 1676 putorum
1435 1633 1465 1666 in
1477 1633 1597 1667 dataria
1609 1643 1666 1676 per
1681 1633 1780 1665 dictos
1795 1633 1913 1666 Sixtum
1928 1644 2016 1677 prae-

1274 1687 1481 1727 decessorem,
1500 1686 1703 1730 eiusdemque
1723 1686 1817 1719 officii
1842 1688 2016 1721 concessio-

1273 1751 1345 1773 nem
1363 1745 1393 1773 et
1409 1740 1654 1783 assignationem
1679 1740 1781 1772 eidem
1806 1740 1942 1774 Ilenrico
1959 1752 2016 1785 per

1274 1795 1404 1827 Paulum
1425 1794 1694 1838 praedecessores,
1711 1797 1745 1827 ut
1770 1794 1958 1837 praefertur,
1976 1795 2016 1827 fa-

1274 1852 1349 1888 ctas,
1374 1852 1404 1880 et
1428 1857 1643 1890 quascumque
1667 1846 1786 1879 litteras
1811 1847 2014 1891 apostolicas,

1274 1901 1299 1933 si
1319 1911 1398 1944 quae
1422 1900 1558 1944 desuper
1576 1899 1736 1944 expeditae
1757 1905 1837 1942 sunt,
1856 1911 1927 1933 cum
1949 1912 2016 1934 om-

1273 1955 1365 1987 nibus
1383 1958 1412 1988 et
1427 1953 1558 1996 singulis
1576 1953 1606 1985 in
1624 1953 1668 1987 eis
1685 1953 1839 1986 contentis
1857 1954 2013 1998 clausulis,

1274 2008 1417 2048 decretis,
1447 2006 1654 2050 cautionibus,
1678 2006 1952 2050 promissionibus,
1973 2007 2016 2041 in-

1274 2061 1368 2094 dultis
1393 2067 1423 2094 et
1447 2061 1608 2105 quibusvis
1641 2061 1709 2093 aliis
1740 2061 2014 2104 dispositionibus,

1274 2120 1383 2148 tenore
1402 2115 1626 2159 praesentium,
1643 2115 1735 2147 salvis
1753 2114 1853 2147 eidem
1878 2115 2014 2148 Henrico

1275 2169 1396 2201 iuribus
1420 2169 1555 2201 habendi
1581 2173 1611 2201 et
1636 2168 1846 2212 consequendi
1876 2169 2015 2213 pretium

1274 2223 1465 2263 huiusmodi,
1482 2228 1637 2267 perpetuo
1662 2223 1888 2267 supprimimus
1912 2228 1942 2256 et
1967 2234 2015 2257 ex-

1275 2277 1456 2320 tinguimus,
1473 2287 1509 2309 ac
1533 2277 1706 2320 respective
1730 2287 1925 2318 revocamuS,
1951 2288 2015 2310 cas-

1274 2341 1389 2371 samus,
1412 2330 1620 2370 annullamus,
1645 2330 1815 2372 irritamus‚
1831 2331 2015 2375 viribusque

1274 2389 1304 2417 et
1329 2384 1441 2416 effectu
1465 2394 1661 2416 evacuamus,

1318 2438 1332 2481 ξ
1356 2437 1386 2470 4.
1407 2437 1594 2481 Dietumque
1619 2437 1792 2481 receptoris
1817 2438 1955 2471 officium
1982 2438 2012 2471 in

1273 2490 1451 2534 pristinum,
1468 2494 1497 2524 et
1512 2490 1542 2523 in
1556 2501 1639 2531 eum,
1657 2502 1730 2534 quo,
1743 2496 1908 2534 antequam
1926 2502 2012 2535 prae-

1273 2544 1346 2578 dicti
1371 2544 1415 2576 Pii
1440 2544 1694 2588 praedecessoris
1714 2544 1824 2578 cedula
1841 2550 2011 2586 emanaret,

1272 2598 1509 2642 quomodolibet
1525 2603 1601 2639 erat,
1623 2603 1747 2639 statum,
1764 2599 1796 2630 in
1816 2598 1963 2632 omnibus
1981 2603 2011 2631 et

1271 2663 1329 2697 per
1345 2652 1451 2686 omnia
1475 2652 1679 2697 restituimus,
1696 2653 1878 2697 reponimus
1899 2656 1928 2687 et
1943 2653 2009 2697 ple-

2026 253 2077 283 An.
2093 254 2123 284 G.
2143 254 2210 284 1627

2055 423 2151 445 Urbanus
2163 429 2212 450 sup·

2027 453 2105 477 pruutt.

2072 2448 2168 2470 Officium
2185 2454 2212 2470 ue

2027 2476 2143 2501 recepturis
2156 2482 2179 2496 ar
2197 2476 2212 2496 i-

2028 2504 2068 2522 (ruo
2104 2502 2212 2523 Pontificis

2027 2529 2149 2551 removendi
2156 2530 2214 2552 resti·

2027 2558 2074 2578 tuit.
