2269 3235
94 234 143 261 An.
161 234 190 260 (2.
210 233 276 261 1023

114 454 216 475 Mirm-uta
227 459 277 474 non·

95 482 150 502 nuna
160 482 186 502 ab
202 488 227 502 eo
241 487 277 507 pa-

94 511 149 529 trata
164 511 211 535 post
225 514 278 529 mor-

95 538 142 556 mm

903 229 1045 252 vannus

1073 229 1126 253 vm
1152 230 1198 251 rr.
1736 216 1770 248 sit

291 279 422 323 integris
446 278 538 312 etiam
562 278 726 319 intestinis,
747 280 945 321 compertum
971 276 1033 309 fue-
1067 281 1124 320 rat,
1142 282 1175 309 ut
1195 276 1233 308 ad
1259 275 1421 308 eeclesiam
1441 274 1507 307 eius
1526 273 1721 314 visitandam,
1739 284 1810 306 ocu-

291 336 355 365 rat:
381 336 527 365 manante
550 330 643 366 etiam
660 340 696 364 ex
714 339 810 374 parvo
834 328 953 362 inssicto
970 330 1034 361 vul-

291 381 370 418 nere*
389 385 508 419 recenti
532 394 654 418 cruore.

335 439 402 479 Quo
432 444 598 483 tempore,
631 448 702 471 cum
734 436 848 470 mulier
879 435 1032 479 quaedam

292 491 405 525 affectu
422 491 596 525 devotionis
615 490 751 532 incitata,
769 489 872 533 specie
893 489 1034 522 osculan-

292 545 342 587 tis,
366 544 455 589 pedis
479 544 622 588 digitum,
645 548 680 577 ut
703 543 793 577 illum
817 542 1032 583 abscinderet,

292 609 403 632 morsu
423 597 689 643 apprehendisset,
714 596 816 631 statim
844 596 970 640 sanguis
994 596 1034 629 es-

292 651 433 685 ssuxerat.
459 650 519 684 Sed
535 650 685 684 Altissimi
709 649 887 693 benignitas
903 659 966 682 non
983 649 1032 682 his

291 706 386 740 modo
410 704 606 739 mirabilibus
623 705 771 738 Sanctum
795 714 887 736 suum
912 703 943 736 in
962 713 1033 736 con-

291 763 399 803 spectu
415 758 556 793 omnium
572 758 765 803 populorum
790 756 1030 790 mirificaverat:

290 812 344 846 sed
364 811 449 846 omni
470 817 613 856 tempore
630 810 769 854 ingentia
785 810 966 854 praestabat
982 810 1033 843 be-

289 864 401 899 neficia
424 864 484 906 his,
507 864 562 909 qui
586 864 654 897 eius
677 863 936 897 intercessionem
959 863 1033 897 fide-

290 919 362 952 liter
385 918 610 963 implorabant:
635 923 671 951 ut
693 918 840 962 plurimis
863 917 1031 961 exemplis,

291 972 478 1017 praesertim
494 982 569 1006 vero
585 971 666 1005 infra
682 971 819 1013 insertis,
833 971 1031 1004 manifestum

292 1032 368 1061 erat.

337 1081 417 1113 Puer
433 1079 560 1124 quidam
578 1079 660 1114 Goae
677 1083 778 1120 natus,
792 1078 845 1123 qui
862 1082 1032 1123 utrumque

292 1133 405 1177 pedem
429 1144 446 1166 a
469 1133 628 1166 nativitate
648 1132 725 1165 adeo
749 1132 872 1165 aridum
891 1137 920 1164 et
940 1142 1033 1165 crura

294 1186 375 1220 sicca
388 1186 531 1227 habehat,
547 1190 580 1218 ut
599 1185 660 1218 illis
676 1195 739 1218 non
756 1189 861 1228 posset
877 1184 1032 1225 insistere,

294 1239 346 1272 sed
371 1238 515 1272 manibus
539 1243 663 1282 reptare
688 1243 873 1280 cogeretur3
890 1237 928 1270 ad
945 1238 1032 1271 Servi

292 1292 347 1325 Dei
371 1292 572 1336 sepulchrum
590 1291 629 1324 ab
649 1290 826 1324 educatrice
850 1291 1031 1335 perductus⁷

293 1344 423 1387 singulis
447 1354 560 1377 novem
586 1344 695 1377 diebus
719 1344 843 1377 visitare
873 1348 1031 1378 statuerat.

292 1398 430 1442 Cumque
454 1401 559 1431 votum
584 1397 718 1441 cepisset
741 1397 923 1441 adimplere,
941 1398 1031 1430 tertia

292 1452 353 1485 iam
377 1451 437 1493 die,
462 1462 523 1495 qua
547 1452 751 1495 sepulchrum
776 1451 929 1492 visitabat,
954 1462 1033 1495 puer

291 1505 324 1537 in
347 1503 414 1538 eius
437 1503 560 1547 gremio
584 1504 730 1545 existens,
747 1509 876 1548 repente
896 1504 1032 1537 ferream

292 1557 450 1602 sepulchri
469 1562 587 1590 cratem
608 1557 752 1590 manibus
782 1557 1031 1601 apprehendens,

292 1610 356 1644 suis
379 1616 462 1644 stare
486 1610 620 1655 pedibus
651 1615 681 1644 et
711 1611 873 1644 ambulare
906 1616 1033 1656 ceperat

291 1669 322 1698 et
337 1663 441 1698 statim
457 1664 586 1698 omnino
610 1674 703 1698 sanus
728 1668 885 1699 evaserat:
904 1671 934 1698 et
950 1666 1033 1698 intra

291 1728 403 1753 novem
419 1717 495 1759 dies,
511 1728 590 1762 quos
613 1718 811 1762 promiserat,
829 1729 921 1752 crura
938 1729 1032 1752 carne

291 1771 409 1816 repleta
431 1771 568 1806 fuerant:
593 1775 623 1806 et
647 1771 691 1805 sic
720 1782 845 1817 semper
869 1772 974 1805 valens
1003 1778 1033 1806 et

291 1835 384 1858 sanus
407 1824 519 1859 deinde
543 1825 670 1860 vixerat.

334 1879 480 1923 Cottatae‚
494 1880 598 1914 Indiae
615 1880 774 1914 orientalis
789 1881 923 1922 civitate,
942 1881 1032 1914 unius

291 1933 408 1967 mensis
423 1933 524 1967 infans
539 1939 683 1968 mortuus
709 1934 747 1968 ad
771 1935 967 1979 sepulturam
982 1935 1033 1968 de-

290 1987 371 2020 latus
395 1992 471 2021 erat.
497 1988 653 2022 Voverant
683 1988 788 2032 itaque
818 2000 889 2022 cum
913 1989 1031 2032 ingenti

291 2041 352 2075 fide
374 2046 531 2086 parentes,
552 2052 585 2075 se
608 2042 731 2086 insigne
755 2042 884 2083 donum,
905 2043 929 2075 si
953 2054 1033 2087 puer

290 2094 454 2135 reviveret,
479 2095 647 2139 sepulchro
669 2095 756 2129 Servi
780 2096 834 2129 Dei
860 2095 1031 2137 oblaturos,

291 2159 326 2182 ac
349 2148 506 2182 Francisci
530 2159 646 2183 nornen
674 2149 700 2183 ei
733 2141 946 2194 imposituros.
972 2150 1031 2183 Re-

290 2207 384 2246 pente
407 2202 507 2236 infans
532 2203 655 2247 aperire
679 2204 804 2244 oculos,
821 2204 960 2245 brachia,
981 2215 1033 2248 pe·

292 2255 408 2300 desque
438 2267 587 2298 movere,
618 2267 654 2290 ac
685 2257 792 2300 vagire
818 2263 963 2301 ceperat:
996 2269 1031 2291 ac

292 2309 385 2352 paulo
407 2314 488 2354 post,
511 2320 574 2344 non
598 2310 702 2344 vivum
722 2311 826 2351 modo,
847 2311 901 2344 scd
921 2316 951 2344 ct
968 2322 1032 2345 om-

293 2363 367 2397 nino
391 2374 510 2406 sanum,
530 2369 623 2409 atque
647 2365 837 2398 incolumem
862 2365 962 2399 silium
987 2377 1032 2400 rc-

293 2420 457 2460 ceperunt:
473 2417 664 2463 redditisque
689 2430 760 2452 cum
781 2419 899 2462 ingenti
917 2419 1031 2463 gaudio

292 2469 382 2511 votis,
406 2475 469 2503 tam
493 2471 613 2514 insigne
637 2472 825 2506 miraculum
852 2484 909 2517 per
935 2478 1030 2507 totam

292 2523 378 2556 illam
401 2524 564 2567 regionem
587 2525 794 2569 divulgarant.

335 2577 367 2610 In
393 2577 503 2610 eadem
528 2578 606 2612 urbe
629 2590 722 2614 caeco
750 2579 873 2613 cuidam
901 2581 1032 2614 Sanctus

291 2640 349 2674 per
368 2630 504 2674 quietem
529 2637 728 2675 apparuerat:
747 2644 880 2676 eumque
905 2644 1048 2677 monue-¹

379 2693 458 2720 Ball.
479 2694 560 2721 Rom.
582 2709 616 2714 —-
634 2694 691 2722 Vol.
712 2695 793 2722 XIII.
955 2696 971 2721 6

1066 329 1170 362 lorum
1188 329 1294 361 lumen
1315 328 1356 360 ibi
1382 332 1579 371 recepturus,
1596 337 1729 370 pergere
1746 337 1809 359 non

1067 382 1216 415 differret.
1232 382 1381 414 Paruerat
1398 380 1533 413 fideliter
1551 381 1660 413 11001οι
1675 391 1720 419 ae,
1734 380 1808 411 dum

1066 446 1123 479 per
1148 445 1260 468 novem
1285 434 1352 467 dies
1372 439 1442 466 ante
1464 433 1620 467 Francisci
1640 433 1809 476 imaginem

1067 488 1185 528 orabat,
1210 491 1350 531 repente,
1374 487 1515 519 discussa
1543 486 1628 519 omni
1653 486 1810 518 caecitatis

1067 541 1211 584 caligine,
1234 545 1358 573 sanatus
1383 545 1449 572 erat
1473 546 1500 572 et
1526 540 1663 583 perfecte
1681 538 1808 572 viderat.

1110 595 1190 634 Quin
1214 594 1306 627 etiam
1332 594 1477 638 leprosus
1502 594 1629 637 quidam
1651 593 1681 626 in
1699 593 1809 626 eodem

1066 649 1135 683 loco
1160 650 1275 692 magna
1292 648 1408 681 fiducia
1432 647 1469 680 ad
1487 648 1590 681 Sancti
1616 647 1811 680 intercessio-

1065 712 1137 735 nem
1156 702 1355 745 confugerat:
1373 701 1566 745 proprioque
1583 711 1726 744 corpore,
1741 701 1810 733 oleo

1066 756 1229 801 lampadis,
1245 765 1324 799 quac
1340 754 1379 787 ad
1396 755 1464 788 eius
1483 753 1653 797 imaginem
1671 754 1809 795 ardebat,

1065 814 1230 854 peruncto,
1246 808 1320 841 dum
1345 812 1523 852 prostratus
1543 807 1662 847 orabat,
1682 813 1812 851 repente

1066 874 1084 896 a
1107 863 1197 907 lepra
1225 861 1411 903 mundatus,
1436 866 1529 905 atque
1560 859 1689 893 omnino
1718 870 1810 893 sanus

1066 916 1195 950 effectus
1219 919 1294 950 erat.

1111 969 1261 1002 Eamdem
1290 968 1439 1001 virtutem
1472 972 1602 1012 experta
1627 972 1694 1001 erat
1717 967 1812 1000 Fran-

1067 1022 1149 1057 cisca
1181 1021 1345 1062 Rebelles,
1378 1031 1458 1066 quae
1489 1032 1505 1054 a
1538 1021 1638 1054 multo
1668 1027 1812 1065 tempore

1067 1076 1229 1120 sanguinis
1268 1075 1387 1109 fluxum
1424 1086 1460 1108 ac
1500 1075 1617 1108 ventris
1653 1080 1811 1107 tumorem

1067 1140 1139 1162 cum
1164 1129 1283 1172 ingenti
1307 1128 1417 1162 dolore
1438 1128 1625 1172 patiebatur.
1646 1128 1811 1171 Lampadis

1067 1184 1150 1216 enim
1168 1187 1238 1217 ante
1263 1183 1329 1216 eius
1353 1183 1524 1225 imaginem
1543 1182 1707 1226 pendentis
1724 1182 1812 1215 iden-

1066 1237 1163 1270 tidem
1188 1247 1220 1269 se
1245 1236 1314 1270 oleo
1342 1246 1463 1279 ungens
1479 1263 1487 1277 ,
1512 1236 1615 1268 statim
1644 1235 1721 1268 adeo
1745 1246 1813 1279 per-

1066 1290 1144 1323 fecte
1157 1290 1369 1330 convaluerat,
1383 1295 1417 1322 ut
1433 1289 1535 1322 nullas
1551 1288 1687 1332 amplius
1701 1298 1811 1321 eorum

1067 1343 1253 1376 morborum
1280 1342 1426 1375 sensisset
1451 1342 1610 1385 reliquias.

1110 1396 1305 1439 Frequenter
1319 1395 1402 1428 enim
1420 1395 1588 1436 acciderat,
1601 1399 1635 1427 ut
1652 1394 1811 1438 lampades

1066 1449 1103 1481 ad
1120 1449 1263 1482 eamdem
1281 1449 1367 1482 Servi
1385 1449 1439 1482 Dei
1457 1448 1627 1491 imaginem
1644 1442 1811 1492 appensae,

1065 1505 1147 1547 aqua
1172 1507 1291 1537 tantum
1319 1502 1485 1535 benedicta
1511 1502 1630 1543 infusa,
1656 1501 1740 1534 haud
1765 1512 1811 1535 sc-

1066 1569 1137 1599 cuS,
1162 1568 1197 1591 ac
1223 1558 1248 1591 si
1274 1558 1343 1591 oleo
1370 1557 1480 1601 plenae
1505 1561 1624 1596 essent,
1650 1556 1811 1593 arderent,

1065 1612 1280 1655 lucerentque:
1293 1609 1490 1654 stupentibus
1508 1609 1601 1641 etiam
1620 1608 1811 1649 infidelibus,

1065 1675 1145 1709 quos
1164 1664 1203 1697 ad
1220 1668 1322 1698 tantae
1339 1663 1385 1697 rei
1410 1663 1600 1696 miraculum
1618 1662 1812 1706 conspicien-

1065 1718 1151 1759 dum,
1176 1728 1239 1751 non
1263 1717 1329 1751 sine
1350 1727 1465 1760 magno
1482 1716 1555 1749 fidei
1572 1721 1697 1749 nostrae
1714 1716 1813 1749 incre-

1065 1776 1182 1814 mento,
1208 1771 1369 1806 christiani
1395 1770 1574 1804 invitabant.

1110 1826 1187 1861 Cum
1210 1826 1328 1859 frustra
1344 1834 1455 1858 omnes
1471 1823 1611 1857 medicae
1636 1823 1712 1857 artis
1736 1833 1812 1868 opes

1066 1884 1213 1925 expertus
1237 1885 1319 1913 esset
1334 1878 1543 1914 Gundisalvus
1559 1877 1756 1911 Coccinensis
1774 1878 1813 1910 ei-

1066 1934 1168 1967 vitatis
1192 1933 1305 1974 incola,
1323 1937 1357 1966 ut
1374 1932 1547 1965 inveterato
1564 1931 1669 1964 cancri
1688 1931 1812 1972 morbo,

1066 1988 1119 2032 qui
1134 1992 1244 2032 pectus
1262 1987 1329 2021 eius
1345 1986 1478 2020 assiduis
1491 1985 1654 2019 doloribus
1671 1984 1811 2026 vexabat,

1066 2042 1262 2082 mederetur;
1288 2041 1326 2074 ad
1351 2041 1489 2074 divinam
1514 2050 1605 2084 opem
1631 2049 1811 2080 conversus,

1066 2095 1292 2140 omnipotentis
1326 2095 1381 2129 Dei
1414 2093 1687 2134 miscricordiam,
1713 2098 1748 2126 ut
1779 2104 1811 2126 se

1066 2150 1147 2183 beati
1182 2150 1339 2183 Francisci
1372 2149 1493 2182 meritis
1525 2158 1637 2181 sanum
1673 2148 1810 2188 faceret,

1067 2203 1300 2248 imploraverat.
1326 2202 1498 2246 Imaginem
1522 2201 1620 2244 igitur
1644 2200 1721 2241 eius,
1739 2211 1811 2234 aere

1066 2267 1230 2298 excusam,
1255 2256 1353 2290 ulceri
1378 2255 1610 2300 applicaverat:
1636 2254 1810 2299 eodemque

1067 2315 1227 2345 momento
1251 2311 1289 2344 ab
1314 2311 1400 2344 omni
1425 2310 1517 2354 plaga
1545 2308 1712 2342 incolumis
1744 2319 1811 2342 eva-

1066 2370 1159 2397 serat.

1109 2417 1255 2450 Eiusdem
1282 2416 1370 2449 urbis
1394 2415 1469 2449 civis
1494 2415 1677 2448 Emmanuel
1703 2415 1810 2449 Rodri-

1065 2482 1142 2515 guez
1163 2471 1259 2515 pedes
1284 2471 1418 2503 habebat
1445 2470 1604 2503 ulceribus
1629 2470 1750 2514 plenos,
1774 2481 1809 2504 ae

1065 2526 1105 2559 ob
1125 2536 1296 2559 nervorum
1317 2524 1565 2559 contractionem
1582 2525 1659 2558 adeo
1680 2525 1808 2565 debiles,

1065 2585 1099 2613 ut
1116 2580 1177 2612 illis
1194 2579 1339 2612 insistere
1354 2589 1417 2612 non
1435 2579 1568 2612 valeret:
1587 2579 1702 2623 quibus
1718 2578 1808 2612 malis

1064 2633 1167 2675 gravis
1192 2637 1224 2665 et
1254 2633 1432 2676 periculosa
1468 2633 1644 2677 dysenteria
1668 2643 1807 2667 accesse-

1825 227 1877 251 110.
1894 225 1922 251 (Σ.
1942 226 2009 252 tofis
