<?xml version="1.0" encoding="UTF-8"?>
<!DOCTYPE html PUBLIC "-//W3C//DTD XHTML 1.0 Transitional//EN"
    "http://www.w3.org/TR/xhtml1/DTD/xhtml1-transitional.dtd">
<html xmlns="http://www.w3.org/1999/xhtml" xml:lang="en" lang="en">
 <head>
  <title>
</title>
<meta http-equiv="Content-Type" content="text/html;charset=utf-8" />
  <meta name='ocr-system' content='tesseract 3.04.00' />
  <meta name='ocr-capabilities' content='ocr_page ocr_carea ocr_par ocr_line ocrx_word'/>
</head>
<body>
  <div class='ocr_page' id='page_1' title='image "./bullarumdiplomat13cath_0385.png"; bbox 0 0 2269 3235; ppageno 0'>
   <div class='ocr_carea' id='block_1_1' title="bbox 134 244 320 273">
    <p class='ocr_par' dir='ltr' id='par_1_1' title="bbox 134 244 320 273">
     <span class='ocr_line' id='line_1_1' title="bbox 134 244 320 273; baseline -0.005 0"><span class='ocrx_word' id='word_1_1' title='bbox 134 246 186 273; x_wconf 80' lang='lat' dir='ltr'>An.</span> <span class='ocrx_word' id='word_1_2' title='bbox 202 245 230 272; x_wconf 88' lang='lat' dir='ltr'>C.</span> <span class='ocrx_word' id='word_1_3' title='bbox 251 244 320 272; x_wconf 76' lang='lat'>1625</span> 
     </span>
    </p>
   </div>
   <div class='ocr_carea' id='block_1_2' title="bbox 140 1206 322 1254">
    <p class='ocr_par' dir='ltr' id='par_1_2' title="bbox 140 1206 322 1254">
     <span class='ocr_line' id='line_1_2' title="bbox 172 1206 322 1227; baseline -0.027 0"><span class='ocrx_word' id='word_1_4' title='bbox 172 1206 210 1227; x_wconf 71' lang='lat' dir='ltr'>Atii</span> <span class='ocrx_word' id='word_1_5' title='bbox 235 1209 322 1225; x_wconf 76' lang='lat' dir='ltr'>concor·</span> 
     </span>
     <span class='ocr_line' id='line_1_3' title="bbox 140 1231 293 1254; baseline -0.02 0"><span class='ocrx_word' id='word_1_6' title='bbox 140 1233 188 1254; x_wconf 75' lang='lat' dir='ltr'>diae</span> <span class='ocrx_word' id='word_1_7' title='bbox 203 1231 293 1253; x_wconf 68' lang='lat' dir='ltr'>articuli.</span> 
     </span>
    </p>
   </div>
   <div class='ocr_carea' id='block_1_3' title="bbox 943 242 1240 267">
    <p class='ocr_par' dir='ltr' id='par_1_3' title="bbox 943 242 1240 267">
     <span class='ocr_line' id='line_1_4' title="bbox 943 242 1240 267; baseline -0.003 -1"><span class='ocrx_word' id='word_1_8' title='bbox 943 243 1085 267; x_wconf 76' lang='lat' dir='ltr'><strong>URBANUS</strong></span> <span class='ocrx_word' id='word_1_9' title='bbox 1111 242 1167 265; x_wconf 83' lang='lat' dir='ltr'>VIII</span> <span class='ocrx_word' id='word_1_10' title='bbox 1191 242 1240 266; x_wconf 78' lang='lat' dir='ltr'>Pr.</span> 
     </span>
    </p>
   </div>
   <div class='ocr_carea' id='block_1_4' title="bbox 332 290 1073 546">
    <p class='ocr_par' dir='ltr' id='par_1_4' title="bbox 332 290 1067 388">
     <span class='ocr_line' id='line_1_5' title="bbox 332 290 1067 334; baseline -0.004 -10"><span class='ocrx_word' id='word_1_11' title='bbox 332 290 428 324; x_wconf 89' lang='lat' dir='ltr'>trium</span> <span class='ocrx_word' id='word_1_12' title='bbox 453 291 603 332; x_wconf 88' lang='lat' dir='ltr'>millium,</span> <span class='ocrx_word' id='word_1_13' title='bbox 628 291 903 334; x_wconf 86' lang='lat' dir='ltr'>octingentorum,</span> <span class='ocrx_word' id='word_1_14' title='bbox 931 290 1067 333; x_wconf 87' lang='lat' dir='ltr'>quadra-</span> 
     </span>
     <span class='ocr_line' id='line_1_6' title="bbox 333 344 839 388; baseline 0 -12"><span class='ocrx_word' id='word_1_15' title='bbox 333 344 418 387; x_wconf 83' lang='lat' dir='ltr'>ginta</span> <span class='ocrx_word' id='word_1_16' title='bbox 434 344 527 376; x_wconf 90' lang='lat' dir='ltr'>unius</span> <span class='ocrx_word' id='word_1_17' title='bbox 553 344 822 388; x_wconf 88' lang='lat' dir='ltr'>morapetinorum</span> <span class='ocrx_word' id='word_1_18' title='bbox 832 355 839 383; x_wconf 87' lang='lat'>;</span> 
     </span>
    </p>

    <p class='ocr_par' dir='ltr' id='par_1_5' title="bbox 333 395 1073 546">
     <span class='ocr_line' id='line_1_7' title="bbox 377 395 1073 438; baseline -0.004 -9"><span class='ocrx_word' id='word_1_19' title='bbox 377 396 509 429; x_wconf 81' lang='lat' dir='ltr'>Abbatia</span> <span class='ocrx_word' id='word_1_20' title='bbox 533 397 571 429; x_wconf 88' lang='lat' dir='ltr'>de</span> <span class='ocrx_word' id='word_1_21' title='bbox 598 397 691 438; x_wconf 86' lang='lat' dir='ltr'>Baza,</span> <span class='ocrx_word' id='word_1_22' title='bbox 717 401 841 429; x_wconf 84' lang='lat' dir='ltr'>centum</span> <span class='ocrx_word' id='word_1_23' title='bbox 868 401 899 428; x_wconf 91' lang='lat' dir='ltr'>et</span> <span class='ocrx_word' id='word_1_24' title='bbox 923 395 1073 438; x_wconf 83' lang='lat' dir='ltr'>quinqua-</span> 
     </span>
     <span class='ocr_line' id='line_1_8' title="bbox 333 447 1072 492; baseline -0.005 -10"><span class='ocrx_word' id='word_1_25' title='bbox 333 449 418 492; x_wconf 86' lang='lat' dir='ltr'>ginta</span> <span class='ocrx_word' id='word_1_26' title='bbox 431 455 502 482; x_wconf 90' lang='lat' dir='ltr'>octo</span> <span class='ocrx_word' id='word_1_27' title='bbox 516 450 659 490; x_wconf 89' lang='lat' dir='ltr'>millium,</span> <span class='ocrx_word' id='word_1_28' title='bbox 675 454 798 482; x_wconf 89' lang='lat' dir='ltr'>centum</span> <span class='ocrx_word' id='word_1_29' title='bbox 814 447 923 491; x_wconf 80' lang='lat' dir='ltr'>viginti</span> <span class='ocrx_word' id='word_1_30' title='bbox 937 452 966 480; x_wconf 88' lang='lat' dir='ltr'>et</span> <span class='ocrx_word' id='word_1_31' title='bbox 982 448 1072 479; x_wconf 87' lang='lat' dir='ltr'>nnius</span> 
     </span>
     <span class='ocr_line' id='line_1_9' title="bbox 333 502 622 546; baseline 0 -12"><span class='ocrx_word' id='word_1_32' title='bbox 333 502 603 546; x_wconf 89' lang='lat' dir='ltr'>morapetinorum</span> <span class='ocrx_word' id='word_1_33' title='bbox 616 513 622 542; x_wconf 90' lang='lat'>;</span> 
     </span>
    </p>
   </div>
   <div class='ocr_carea' id='block_1_5' title="bbox 377 553 1092 595">
    <p class='ocr_par' dir='ltr' id='par_1_6' title="bbox 377 553 1092 595">
     <span class='ocr_line' id='line_1_10' title="bbox 377 553 1092 595; baseline -0.004 -7"><span class='ocrx_word' id='word_1_34' title='bbox 377 555 488 588; x_wconf 81' lang='lat' dir='ltr'>Milites</span> <span class='ocrx_word' id='word_1_35' title='bbox 509 555 638 588; x_wconf 86' lang='lat' dir='ltr'>militiae</span> <span class='ocrx_word' id='word_1_36' title='bbox 663 554 691 587; x_wconf 82' lang='lat' dir='ltr'>S.</span> <span class='ocrx_word' id='word_1_37' title='bbox 709 554 822 595; x_wconf 89' lang='lat' dir='ltr'>lacobi,</span> <span class='ocrx_word' id='word_1_38' title='bbox 848 554 984 586; x_wconf 89' lang='lat' dir='ltr'>duorum</span> <span class='ocrx_word' id='word_1_39' title='bbox 1008 553 1092 586; x_wconf 41' lang='lat' dir='ltr'>mil-1</span> 
     </span>
    </p>
   </div>
   <div class='ocr_carea' id='block_1_6' title="bbox 334 606 1079 1173">
    <p class='ocr_par' dir='ltr' id='par_1_7' title="bbox 334 606 1076 760">
     <span class='ocr_line' id='line_1_11' title="bbox 334 606 1074 651; baseline -0.004 -9"><span class='ocrx_word' id='word_1_40' title='bbox 334 609 464 649; x_wconf 87' lang='lat' dir='ltr'>lionum,</span> <span class='ocrx_word' id='word_1_41' title='bbox 484 606 753 651; x_wconf 73' lang='lat' dir='ltr'>&#39;noningentorum</span> <span class='ocrx_word' id='word_1_42' title='bbox 778 614 808 640; x_wconf 90' lang='lat' dir='ltr'>et</span> <span class='ocrx_word' id='word_1_43' title='bbox 832 608 977 640; x_wconf 76' lang='lat' dir='ltr'>undecim</span> <span class='ocrx_word' id='word_1_44' title='bbox 1003 607 1074 639; x_wconf 91' lang='lat' dir='ltr'>mil-</span> 
     </span>
     <span class='ocr_line' id='line_1_12' title="bbox 334 662 1076 705; baseline -0.004 -8"><span class='ocrx_word' id='word_1_45' title='bbox 334 665 421 704; x_wconf 86' lang='lat' dir='ltr'>lium,</span> <span class='ocrx_word' id='word_1_46' title='bbox 439 669 657 697; x_wconf 80' lang='lat' dir='ltr'>sexcentorum</span> <span class='ocrx_word' id='word_1_47' title='bbox 671 673 707 696; x_wconf 88' lang='lat' dir='ltr'>ac</span> <span class='ocrx_word' id='word_1_48' title='bbox 720 662 849 705; x_wconf 84' lang='lat' dir='ltr'>triginta</span> <span class='ocrx_word' id='word_1_49' title='bbox 862 667 998 705; x_wconf 88' lang='lat' dir='ltr'>quatuor</span> <span class='ocrx_word' id='word_1_50' title='bbox 1012 672 1076 694; x_wconf 91' lang='lat' dir='ltr'>mo-</span> 
     </span>
     <span class='ocr_line' id='line_1_13' title="bbox 335 717 588 760; baseline 0 -11"><span class='ocrx_word' id='word_1_51' title='bbox 335 717 588 760; x_wconf 75' lang='lat' dir='ltr'>rapentinorum,</span> 
     </span>
    </p>

    <p class='ocr_par' dir='ltr' id='par_1_8' title="bbox 335 768 1078 971">
     <span class='ocr_line' id='line_1_14' title="bbox 379 768 1076 809; baseline -0.003 -7"><span class='ocrx_word' id='word_1_52' title='bbox 379 770 488 802; x_wconf 82' lang='lat' dir='ltr'>Milites</span> <span class='ocrx_word' id='word_1_53' title='bbox 512 769 641 802; x_wconf 90' lang='lat' dir='ltr'>militiae</span> <span class='ocrx_word' id='word_1_54' title='bbox 669 769 707 802; x_wconf 91' lang='lat' dir='ltr'>de</span> <span class='ocrx_word' id='word_1_55' title='bbox 735 769 914 809; x_wconf 77' lang='lat' dir='ltr'>Calatrava,</span> <span class='ocrx_word' id='word_1_56' title='bbox 940 768 1076 801; x_wconf 91' lang='lat' dir='ltr'>duorum</span> 
     </span>
     <span class='ocr_line' id='line_1_15' title="bbox 335 821 1075 864; baseline -0.003 -10"><span class='ocrx_word' id='word_1_57' title='bbox 335 822 533 862; x_wconf 90' lang='lat' dir='ltr'>millionum,</span> <span class='ocrx_word' id='word_1_58' title='bbox 559 827 684 854; x_wconf 85' lang='lat' dir='ltr'>centum</span> <span class='ocrx_word' id='word_1_59' title='bbox 718 827 747 854; x_wconf 90' lang='lat' dir='ltr'>et</span> <span class='ocrx_word' id='word_1_60' title='bbox 776 821 956 864; x_wconf 85' lang='lat' dir='ltr'>octuaginta</span> <span class='ocrx_word' id='word_1_61' title='bbox 980 821 1075 853; x_wconf 85' lang='lat' dir='ltr'>trium</span> 
     </span>
     <span class='ocr_line' id='line_1_16' title="bbox 335 874 1078 918; baseline -0.003 -11"><span class='ocrx_word' id='word_1_62' title='bbox 335 875 478 916; x_wconf 89' lang='lat' dir='ltr'>millium⁷</span> <span class='ocrx_word' id='word_1_63' title='bbox 495 875 767 918; x_wconf 86' lang='lat' dir='ltr'>septingentorum</span> <span class='ocrx_word' id='word_1_64' title='bbox 785 880 815 907; x_wconf 88' lang='lat' dir='ltr'>et</span> <span class='ocrx_word' id='word_1_65' title='bbox 830 874 1078 917; x_wconf 70' lang='lat' dir='ltr'>vigintiquatuor</span> 
     </span>
     <span class='ocr_line' id='line_1_17' title="bbox 335 928 623 971; baseline 0 -11"><span class='ocrx_word' id='word_1_66' title='bbox 335 928 604 971; x_wconf 84' lang='lat' dir='ltr'>morapetinorum</span> <span class='ocrx_word' id='word_1_67' title='bbox 617 939 623 967; x_wconf 89' lang='grc'>;</span> 
     </span>
    </p>

    <p class='ocr_par' dir='ltr' id='par_1_9' title="bbox 336 980 1079 1173">
     <span class='ocr_line' id='line_1_18' title="bbox 379 980 1079 1021; baseline -0.003 -8"><span class='ocrx_word' id='word_1_68' title='bbox 379 981 491 1014; x_wconf 87' lang='lat' dir='ltr'>Milites</span> <span class='ocrx_word' id='word_1_69' title='bbox 508 981 637 1014; x_wconf 90' lang='lat' dir='ltr'>militiae</span> <span class='ocrx_word' id='word_1_70' title='bbox 655 981 693 1014; x_wconf 91' lang='lat' dir='ltr'>de</span> <span class='ocrx_word' id='word_1_71' title='bbox 711 982 884 1021; x_wconf 73' lang='lat' dir='ltr'>Alcantara,</span> <span class='ocrx_word' id='word_1_72' title='bbox 902 981 994 1013; x_wconf 87' lang='lat' dir='ltr'>unius</span> <span class='ocrx_word' id='word_1_73' title='bbox 1013 980 1079 1012; x_wconf 94' lang='lat' dir='ltr'>mil—</span> 
     </span>
     <span class='ocr_line' id='line_1_19' title="bbox 337 1033 1078 1077; baseline -0.003 -11"><span class='ocrx_word' id='word_1_74' title='bbox 337 1034 439 1074; x_wconf 90' lang='lat' dir='ltr'>lionis,</span> <span class='ocrx_word' id='word_1_75' title='bbox 464 1034 732 1077; x_wconf 77' lang='lat' dir='ltr'>noningentorum</span> <span class='ocrx_word' id='word_1_76' title='bbox 758 1040 787 1067; x_wconf 88' lang='lat' dir='ltr'>et</span> <span class='ocrx_word' id='word_1_77' title='bbox 812 1034 906 1066; x_wconf 89' lang='lat' dir='ltr'>trium</span> <span class='ocrx_word' id='word_1_78' title='bbox 933 1033 1078 1073; x_wconf 90' lang='lat' dir='ltr'>millium,</span> 
     </span>
     <span class='ocr_line' id='line_1_20' title="bbox 336 1086 1079 1130; baseline -0.001 -11"><span class='ocrx_word' id='word_1_79' title='bbox 336 1087 606 1130; x_wconf 88' lang='lat' dir='ltr'>septingentorum</span> <span class='ocrx_word' id='word_1_80' title='bbox 632 1093 662 1120; x_wconf 84' lang='lat' dir='ltr'>et</span> <span class='ocrx_word' id='word_1_81' title='bbox 686 1087 883 1130; x_wconf 86' lang='lat' dir='ltr'>septuaginta</span> <span class='ocrx_word' id='word_1_82' title='bbox 908 1086 1079 1130; x_wconf 74' lang='lat' dir='ltr'>moi-apeti-</span> 
     </span>
     <span class='ocr_line' id='line_1_21' title="bbox 336 1150 468 1173; baseline 0 0"><span class='ocrx_word' id='word_1_83' title='bbox 336 1150 468 1173; x_wconf 85' lang='lat' dir='ltr'>norum:</span> 
     </span>
    </p>
   </div>
   <div class='ocr_carea' id='block_1_7' title="bbox 382 1193 1097 1238">
    <p class='ocr_par' dir='ltr' id='par_1_10' title="bbox 382 1193 1097 1238">
     <span class='ocr_line' id='line_1_22' title="bbox 382 1193 1097 1238; baseline -0.003 -11"><span class='ocrx_word' id='word_1_84' title='bbox 382 1195 522 1237; x_wconf 78' lang='lat' dir='ltr'>Insuper,</span> <span class='ocrx_word' id='word_1_85' title='bbox 540 1195 624 1238; x_wconf 90' lang='lat' dir='ltr'>quod</span> <span class='ocrx_word' id='word_1_86' title='bbox 643 1195 754 1238; x_wconf 89' lang='lat' dir='ltr'>aliquis</span> <span class='ocrx_word' id='word_1_87' title='bbox 775 1194 813 1227; x_wconf 88' lang='lat' dir='ltr'>de</span> <span class='ocrx_word' id='word_1_88' title='bbox 830 1193 1079 1238; x_wconf 67' lang='lat' dir='ltr'>comprehensis,</span> <span class='ocrx_word' id='word_1_89' title='bbox 1096 1228 1097 1231; x_wconf 11' lang='grc' dir='ltr'><strong>Ἴ</strong></span> 
     </span>
    </p>
   </div>
   <div class='ocr_carea' id='block_1_8' title="bbox 337 1247 1089 2250">
    <p class='ocr_par' dir='ltr' id='par_1_11' title="bbox 337 1247 1088 2197">
     <span class='ocr_line' id='line_1_23' title="bbox 337 1247 1080 1291; baseline -0.001 -11"><span class='ocrx_word' id='word_1_90' title='bbox 337 1247 369 1280; x_wconf 93' lang='lat' dir='ltr'>in</span> <span class='ocrx_word' id='word_1_91' title='bbox 392 1247 552 1291; x_wconf 75' lang='lat' dir='ltr'>praedicta</span> <span class='ocrx_word' id='word_1_92' title='bbox 578 1247 780 1280; x_wconf 73' lang='lat' dir='ltr'>concessione</span> <span class='ocrx_word' id='word_1_93' title='bbox 798 1253 828 1280; x_wconf 89' lang='lat' dir='ltr'>et</span> <span class='ocrx_word' id='word_1_94' title='bbox 844 1247 1080 1291; x_wconf 73' lang='lat' dir='ltr'>prorogatione,</span> 
     </span>
     <span class='ocr_line' id='line_1_24' title="bbox 338 1300 1080 1344; baseline -0.001 -11"><span class='ocrx_word' id='word_1_95' title='bbox 338 1300 474 1333; x_wconf 80' lang='lat' dir='ltr'>cuiusvis</span> <span class='ocrx_word' id='word_1_96' title='bbox 498 1300 658 1343; x_wconf 85' lang='lat' dir='ltr'>dignitatis</span> <span class='ocrx_word' id='word_1_97' title='bbox 678 1305 708 1333; x_wconf 91' lang='lat' dir='ltr'>et</span> <span class='ocrx_word' id='word_1_98' title='bbox 729 1300 1004 1344; x_wconf 87' lang='lat' dir='ltr'>praeeminentiae,</span> <span class='ocrx_word' id='word_1_99' title='bbox 1029 1310 1080 1332; x_wconf 89' lang='lat' dir='ltr'>or-</span> 
     </span>
     <span class='ocr_line' id='line_1_25' title="bbox 338 1352 1080 1396; baseline -0.001 -11"><span class='ocrx_word' id='word_1_100' title='bbox 338 1353 419 1386; x_wconf 88' lang='lat' dir='ltr'>dinis</span> <span class='ocrx_word' id='word_1_101' title='bbox 432 1358 462 1385; x_wconf 92' lang='lat' dir='ltr'>et</span> <span class='ocrx_word' id='word_1_102' title='bbox 475 1353 638 1396; x_wconf 81' lang='lat' dir='ltr'>religionis</span> <span class='ocrx_word' id='word_1_103' title='bbox 655 1353 775 1393; x_wconf 78' lang='lat' dir='ltr'>existat,</span> <span class='ocrx_word' id='word_1_104' title='bbox 790 1363 852 1386; x_wconf 95' lang='lat' dir='ltr'>non</span> <span class='ocrx_word' id='word_1_105' title='bbox 866 1352 1080 1392; x_wconf 82' lang='lat' dir='ltr'>eximeretur¹,</span> 
     </span>
     <span class='ocr_line' id='line_1_26' title="bbox 338 1406 1082 1450; baseline -0.001 -11"><span class='ocrx_word' id='word_1_106' title='bbox 338 1416 440 1449; x_wconf 90' lang='lat' dir='ltr'>neque</span> <span class='ocrx_word' id='word_1_107' title='bbox 461 1411 624 1450; x_wconf 75' lang='lat' dir='ltr'>exemptus</span> <span class='ocrx_word' id='word_1_108' title='bbox 644 1406 739 1439; x_wconf 85' lang='lat' dir='ltr'>fuisse</span> <span class='ocrx_word' id='word_1_109' title='bbox 757 1406 936 1439; x_wconf 77' lang='lat' dir='ltr'>censebitur</span> <span class='ocrx_word' id='word_1_110' title='bbox 960 1417 977 1438; x_wconf 90' lang='lat' dir='ltr'>a</span> <span class='ocrx_word' id='word_1_111' title='bbox 1002 1406 1082 1438; x_wconf 82' lang='lat' dir='ltr'>solu-</span> 
     </span>
     <span class='ocr_line' id='line_1_27' title="bbox 339 1459 1083 1502; baseline -0.001 -10"><span class='ocrx_word' id='word_1_112' title='bbox 339 1460 424 1492; x_wconf 90' lang='lat' dir='ltr'>tione</span> <span class='ocrx_word' id='word_1_113' title='bbox 448 1465 534 1492; x_wconf 86' lang='lat' dir='ltr'>ratae</span> <span class='ocrx_word' id='word_1_114' title='bbox 558 1460 647 1492; x_wconf 93' lang='lat' dir='ltr'>illum</span> <span class='ocrx_word' id='word_1_115' title='bbox 667 1460 822 1502; x_wconf 88' lang='lat' dir='ltr'>tangentis</span> <span class='ocrx_word' id='word_1_116' title='bbox 846 1460 1002 1493; x_wconf 80' lang='lat' dir='ltr'>dictorum</span> <span class='ocrx_word' id='word_1_117' title='bbox 1028 1459 1083 1491; x_wconf 92' lang='lat' dir='ltr'>du-</span> 
     </span>
     <span class='ocr_line' id='line_1_28' title="bbox 340 1512 1081 1557; baseline -0.001 -12"><span class='ocrx_word' id='word_1_118' title='bbox 340 1518 504 1546; x_wconf 87' lang='lat' dir='ltr'>centorum</span> <span class='ocrx_word' id='word_1_119' title='bbox 530 1518 559 1545; x_wconf 91' lang='lat' dir='ltr'>et</span> <span class='ocrx_word' id='word_1_120' title='bbox 583 1513 812 1557; x_wconf 76' lang='lat' dir='ltr'>quinquaginta</span> <span class='ocrx_word' id='word_1_121' title='bbox 836 1513 969 1545; x_wconf 87' lang='lat' dir='ltr'>millium</span> <span class='ocrx_word' id='word_1_122' title='bbox 987 1512 1081 1544; x_wconf 80' lang='lat' dir='ltr'>duca-</span> 
     </span>
     <span class='ocr_line' id='line_1_29' title="bbox 340 1566 1083 1610; baseline -0.001 -11"><span class='ocrx_word' id='word_1_123' title='bbox 340 1572 445 1599; x_wconf 82' lang='lat' dir='ltr'>torum</span> <span class='ocrx_word' id='word_1_124' title='bbox 470 1567 610 1610; x_wconf 86' lang='lat' dir='ltr'>quolibet</span> <span class='ocrx_word' id='word_1_125' title='bbox 629 1577 710 1599; x_wconf 92' lang='lat' dir='ltr'>anno</span> <span class='ocrx_word' id='word_1_126' title='bbox 730 1566 821 1599; x_wconf 85' lang='lat' dir='ltr'>dictis</span> <span class='ocrx_word' id='word_1_127' title='bbox 842 1567 980 1610; x_wconf 89' lang='lat' dir='ltr'>quinque</span> <span class='ocrx_word' id='word_1_128' title='bbox 994 1566 1083 1598; x_wconf 90' lang='lat' dir='ltr'>annis</span> 
     </span>
     <span class='ocr_line' id='line_1_30' title="bbox 341 1620 1083 1663; baseline -0.001 -11"><span class='ocrx_word' id='word_1_129' title='bbox 341 1620 542 1659; x_wconf 83' lang='lat' dir='ltr'>durantibus;</span> <span class='ocrx_word' id='word_1_130' title='bbox 557 1625 587 1653; x_wconf 89' lang='lat' dir='ltr'>et</span> <span class='ocrx_word' id='word_1_131' title='bbox 601 1620 695 1663; x_wconf 87' lang='lat' dir='ltr'>quod,</span> <span class='ocrx_word' id='word_1_132' title='bbox 711 1620 735 1652; x_wconf 89' lang='lat' dir='ltr'>si</span> <span class='ocrx_word' id='word_1_133' title='bbox 753 1630 809 1663; x_wconf 86' lang='lat' dir='ltr'>per</span> <span class='ocrx_word' id='word_1_134' title='bbox 822 1630 879 1652; x_wconf 91' lang='lat' dir='ltr'>nos</span> <span class='ocrx_word' id='word_1_135' title='bbox 896 1625 949 1652; x_wconf 89' lang='lat' dir='ltr'>aut</span> <span class='ocrx_word' id='word_1_136' title='bbox 965 1620 1083 1652; x_wconf 79' lang='lat' dir='ltr'>(lictum</span> 
     </span>
     <span class='ocr_line' id='line_1_31' title="bbox 341 1673 1083 1717; baseline -0.001 -12"><span class='ocrx_word' id='word_1_137' title='bbox 341 1673 521 1717; x_wconf 90' lang='lat' dir='ltr'>Philippum</span> <span class='ocrx_word' id='word_1_138' title='bbox 550 1683 658 1715; x_wconf 85' lang='lat' dir='ltr'>regem</span> <span class='ocrx_word' id='word_1_139' title='bbox 679 1673 791 1716; x_wconf 83' lang='lat' dir='ltr'>aliquis</span> <span class='ocrx_word' id='word_1_140' title='bbox 815 1676 978 1715; x_wconf 79' lang='lat' dir='ltr'>exemptus</span> <span class='ocrx_word' id='word_1_141' title='bbox 1003 1677 1083 1704; x_wconf 84' lang='lat' dir='ltr'>esset</span> 
     </span>
     <span class='ocr_line' id='line_1_32' title="bbox 342 1725 1084 1769; baseline -0.003 -10"><span class='ocrx_word' id='word_1_142' title='bbox 342 1731 394 1759; x_wconf 86' lang='lat' dir='ltr'>aut</span> <span class='ocrx_word' id='word_1_143' title='bbox 410 1727 610 1766; x_wconf 78' lang='lat' dir='ltr'>eximeretur,</span> <span class='ocrx_word' id='word_1_144' title='bbox 628 1736 665 1759; x_wconf 78' lang='lat' dir='ltr'>ex</span> <span class='ocrx_word' id='word_1_145' title='bbox 685 1726 775 1758; x_wconf 88' lang='lat' dir='ltr'>dictis</span> <span class='ocrx_word' id='word_1_146' title='bbox 795 1726 940 1769; x_wconf 87' lang='lat' dir='ltr'>personis</span> <span class='ocrx_word' id='word_1_147' title='bbox 961 1726 1007 1758; x_wconf 71' lang='lat' dir='ltr'>vel</span> <span class='ocrx_word' id='word_1_148' title='bbox 1029 1725 1084 1757; x_wconf 91' lang='lat' dir='ltr'>mi—</span> 
     </span>
     <span class='ocr_line' id='line_1_33' title="bbox 342 1779 1083 1823; baseline -0.001 -11"><span class='ocrx_word' id='word_1_149' title='bbox 342 1780 426 1821; x_wconf 85' lang='lat' dir='ltr'>litiis,</span> <span class='ocrx_word' id='word_1_150' title='bbox 444 1780 624 1820; x_wconf 84' lang='lat' dir='ltr'>ordinibus,</span> <span class='ocrx_word' id='word_1_151' title='bbox 649 1785 700 1812; x_wconf 85' lang='lat' dir='ltr'>ant</span> <span class='ocrx_word' id='word_1_152' title='bbox 726 1780 834 1823; x_wconf 77' lang='lat' dir='ltr'>quavis</span> <span class='ocrx_word' id='word_1_153' title='bbox 854 1779 913 1811; x_wconf 78' lang='lat' dir='ltr'>alia</span> <span class='ocrx_word' id='word_1_154' title='bbox 933 1779 1083 1821; x_wconf 74' lang='lat' dir='ltr'>dignitate</span> 
     </span>
     <span class='ocr_line' id='line_1_34' title="bbox 343 1833 1084 1876; baseline -0.001 -10"><span class='ocrx_word' id='word_1_155' title='bbox 343 1833 558 1876; x_wconf 82' lang='lat' dir='ltr'>fulgentibus,</span> <span class='ocrx_word' id='word_1_156' title='bbox 589 1834 633 1866; x_wconf 87' lang='lat' dir='ltr'>sic</span> <span class='ocrx_word' id='word_1_157' title='bbox 661 1833 908 1876; x_wconf 87' lang='lat' dir='ltr'>comprehensus</span> <span class='ocrx_word' id='word_1_158' title='bbox 943 1833 975 1865; x_wconf 95' lang='lat' dir='ltr'>in</span> <span class='ocrx_word' id='word_1_159' title='bbox 1003 1833 1084 1865; x_wconf 81' lang='lat' dir='ltr'>dicta</span> 
     </span>
     <span class='ocr_line' id='line_1_35' title="bbox 345 1886 1085 1930; baseline -0.001 -11"><span class='ocrx_word' id='word_1_160' title='bbox 345 1887 546 1920; x_wconf 85' lang='lat' dir='ltr'>concessione</span> <span class='ocrx_word' id='word_1_161' title='bbox 571 1893 601 1919; x_wconf 91' lang='lat' dir='ltr'>et</span> <span class='ocrx_word' id='word_1_162' title='bbox 623 1887 868 1930; x_wconf 72' lang='lat' dir='ltr'>prorogatione,</span> <span class='ocrx_word' id='word_1_163' title='bbox 901 1886 984 1919; x_wconf 90' lang='lat' dir='ltr'>idem</span> <span class='ocrx_word' id='word_1_164' title='bbox 1014 1886 1085 1918; x_wconf 83' lang='lat' dir='ltr'>Phi-</span> 
     </span>
     <span class='ocr_line' id='line_1_36' title="bbox 345 1939 1084 1983; baseline 0 -12"><span class='ocrx_word' id='word_1_165' title='bbox 345 1940 451 1983; x_wconf 83' lang='lat' dir='ltr'>lippus</span> <span class='ocrx_word' id='word_1_166' title='bbox 475 1950 530 1973; x_wconf 79' lang='lat' dir='ltr'>rex</span> <span class='ocrx_word' id='word_1_167' title='bbox 553 1939 622 1972; x_wconf 85' lang='lat' dir='ltr'>fieri</span> <span class='ocrx_word' id='word_1_168' title='bbox 648 1940 774 1973; x_wconf 89' lang='lat' dir='ltr'>mandet</span> <span class='ocrx_word' id='word_1_169' title='bbox 804 1940 940 1983; x_wconf 83' lang='lat' dir='ltr'>desuper</span> <span class='ocrx_word' id='word_1_170' title='bbox 972 1939 1084 1972; x_wconf 83' lang='lat' dir='ltr'>iustam</span> 
     </span>
     <span class='ocr_line' id='line_1_37' title="bbox 344 1993 1085 2036; baseline -0.001 -10"><span class='ocrx_word' id='word_1_171' title='bbox 344 1994 558 2033; x_wconf 81' lang='lat' dir='ltr'>resectionem,</span> <span class='ocrx_word' id='word_1_172' title='bbox 583 1993 762 2036; x_wconf 90' lang='lat' dir='ltr'>recipiendo</span> <span class='ocrx_word' id='word_1_173' title='bbox 787 1993 825 2026; x_wconf 87' lang='lat' dir='ltr'>ab</span> <span class='ocrx_word' id='word_1_174' title='bbox 847 1994 923 2036; x_wconf 85' lang='lat' dir='ltr'>ipsis</span> <span class='ocrx_word' id='word_1_175' title='bbox 945 1993 1085 2026; x_wconf 87' lang='lat' dir='ltr'>ecclesiis</span> 
     </span>
     <span class='ocr_line' id='line_1_38' title="bbox 346 2046 1086 2089; baseline 0 -11"><span class='ocrx_word' id='word_1_176' title='bbox 346 2046 384 2078; x_wconf 87' lang='lat' dir='ltr'>ad</span> <span class='ocrx_word' id='word_1_177' title='bbox 406 2056 497 2079; x_wconf 89' lang='lat' dir='ltr'>suum</span> <span class='ocrx_word' id='word_1_178' title='bbox 522 2050 713 2089; x_wconf 83' lang='lat' dir='ltr'>computum,</span> <span class='ocrx_word' id='word_1_179' title='bbox 740 2046 920 2079; x_wconf 84' lang='lat' dir='ltr'>del&#39;alcando</span> <span class='ocrx_word' id='word_1_180' title='bbox 939 2057 974 2078; x_wconf 82' lang='lat' dir='ltr'>ex</span> <span class='ocrx_word' id='word_1_181' title='bbox 995 2046 1086 2078; x_wconf 88' lang='lat' dir='ltr'>dictis</span> 
     </span>
     <span class='ocr_line' id='line_1_39' title="bbox 346 2098 1088 2143; baseline -0.001 -11"><span class='ocrx_word' id='word_1_182' title='bbox 346 2099 489 2132; x_wconf 87' lang='lat' dir='ltr'>ducentis</span> <span class='ocrx_word' id='word_1_183' title='bbox 506 2104 535 2132; x_wconf 91' lang='lat' dir='ltr'>et</span> <span class='ocrx_word' id='word_1_184' title='bbox 552 2099 777 2143; x_wconf 81' lang='lat' dir='ltr'>quinquaginta</span> <span class='ocrx_word' id='word_1_185' title='bbox 795 2099 879 2131; x_wconf 90' lang='lat' dir='ltr'>mille</span> <span class='ocrx_word' id='word_1_186' title='bbox 904 2098 1024 2132; x_wconf 82' lang='lat' dir='ltr'>ducatis</span> <span class='ocrx_word' id='word_1_187' title='bbox 1041 2109 1088 2131; x_wconf 92' lang='lat' dir='ltr'>ra-</span> 
     </span>
     <span class='ocr_line' id='line_1_40' title="bbox 347 2153 1086 2197; baseline -0.001 -12"><span class='ocrx_word' id='word_1_188' title='bbox 347 2158 409 2185; x_wconf 86' lang='lat' dir='ltr'>tam</span> <span class='ocrx_word' id='word_1_189' title='bbox 428 2154 502 2186; x_wconf 84' lang='lat' dir='ltr'>tales</span> <span class='ocrx_word' id='word_1_190' title='bbox 519 2164 670 2197; x_wconf 81' lang='lat' dir='ltr'>personas</span> <span class='ocrx_word' id='word_1_191' title='bbox 690 2154 738 2186; x_wconf 74' lang='lat' dir='ltr'>vel</span> <span class='ocrx_word' id='word_1_192' title='bbox 759 2153 873 2186; x_wconf 82' lang='lat' dir='ltr'>milites</span> <span class='ocrx_word' id='word_1_193' title='bbox 890 2158 1086 2195; x_wconf 79' lang='lat' dir='ltr'>tangentem:</span> 
     </span>
    </p>

    <p class='ocr_par' dir='ltr' id='par_1_12' title="bbox 391 2206 1089 2250">
     <span class='ocr_line' id='line_1_41' title="bbox 391 2206 1089 2250; baseline -0.001 -11"><span class='ocrx_word' id='word_1_194' title='bbox 391 2206 519 2247; x_wconf 80' lang='lat' dir='ltr'>Rursus,</span> <span class='ocrx_word' id='word_1_195' title='bbox 541 2207 625 2250; x_wconf 89' lang='lat' dir='ltr'>quod</span> <span class='ocrx_word' id='word_1_196' title='bbox 642 2206 799 2250; x_wconf 86' lang='lat' dir='ltr'>quaelibet</span> <span class='ocrx_word' id='word_1_197' title='bbox 818 2216 972 2250; x_wconf 85' lang='lat' dir='ltr'>personae</span> <span class='ocrx_word' id='word_1_198' title='bbox 989 2206 1089 2239; x_wconf 89' lang='lat' dir='ltr'>euius-</span> 
     </span>
    </p>
   </div>
   <div class='ocr_carea' id='block_1_9' title="bbox 351 2259 1106 2304">
    <p class='ocr_par' dir='ltr' id='par_1_13' title="bbox 351 2259 1106 2304">
     <span class='ocr_line' id='line_1_42' title="bbox 351 2259 1106 2304; baseline 0.001 -14"><span class='ocrx_word' id='word_1_199' title='bbox 351 2268 483 2301; x_wconf 87' lang='lat' dir='ltr'>cumque</span> <span class='ocrx_word' id='word_1_200' title='bbox 507 2259 666 2301; x_wconf 87' lang='lat' dir='ltr'>dignitatis</span> <span class='ocrx_word' id='word_1_201' title='bbox 695 2265 724 2293; x_wconf 89' lang='lat' dir='ltr'>et</span> <span class='ocrx_word' id='word_1_202' title='bbox 752 2260 910 2304; x_wconf 82' lang='lat' dir='ltr'>qualitatis</span> <span class='ocrx_word' id='word_1_203' title='bbox 936 2260 1106 2299; x_wconf 76' lang='lat' dir='ltr'>existant,&#39;</span> 
     </span>
    </p>
   </div>
   <div class='ocr_carea' id='block_1_10' title="bbox 352 2312 1088 2357">
    <p class='ocr_par' dir='ltr' id='par_1_14' title="bbox 352 2312 1088 2357">
     <span class='ocr_line' id='line_1_43' title="bbox 352 2312 1088 2357; baseline 0.003 -15"><span class='ocrx_word' id='word_1_204' title='bbox 352 2320 430 2353; x_wconf 89' lang='lat' dir='ltr'>quae</span> <span class='ocrx_word' id='word_1_205' title='bbox 453 2312 629 2355; x_wconf 88' lang='lat' dir='ltr'>percipiunt</span> <span class='ocrx_word' id='word_1_206' title='bbox 654 2318 683 2345; x_wconf 91' lang='lat' dir='ltr'>et</span> <span class='ocrx_word' id='word_1_207' title='bbox 706 2313 882 2357; x_wconf 79' lang='lat' dir='ltr'>percipient</span> <span class='ocrx_word' id='word_1_208' title='bbox 906 2312 1088 2356; x_wconf 86' lang='lat' dir='ltr'>pensiones,</span> 
     </span>
    </p>
   </div>
   <div class='ocr_carea' id='block_1_11' title="bbox 352 2365 1108 2408">
    <p class='ocr_par' dir='ltr' id='par_1_15' title="bbox 352 2365 1108 2408">
     <span class='ocr_line' id='line_1_44' title="bbox 352 2365 1108 2408; baseline 0.001 -12"><span class='ocrx_word' id='word_1_209' title='bbox 352 2365 576 2407; x_wconf 86' lang='lat' dir='ltr'>comprehendi</span> <span class='ocrx_word' id='word_1_210' title='bbox 598 2365 750 2408; x_wconf 76' lang='lat' dir='ltr'>debeant,</span> <span class='ocrx_word' id='word_1_211' title='bbox 781 2366 820 2398; x_wconf 92' lang='lat' dir='ltr'>ad</span> <span class='ocrx_word' id='word_1_212' title='bbox 844 2366 990 2399; x_wconf 78' lang='lat' dir='ltr'>effectum</span> <span class='ocrx_word' id='word_1_213' title='bbox 1016 2367 1108 2398; x_wconf 66' lang='lat' dir='ltr'>eon-²</span> 
     </span>
    </p>
   </div>
   <div class='ocr_carea' id='block_1_12' title="bbox 352 2417 1092 2624">
    <p class='ocr_par' dir='ltr' id='par_1_16' title="bbox 352 2417 1092 2624">
     <span class='ocr_line' id='line_1_45' title="bbox 352 2417 1089 2452; baseline 0.001 -3"><span class='ocrx_word' id='word_1_214' title='bbox 352 2417 510 2450; x_wconf 89' lang='lat' dir='ltr'>tribuendi</span> <span class='ocrx_word' id='word_1_215' title='bbox 543 2418 581 2450; x_wconf 90' lang='lat' dir='ltr'>ad</span> <span class='ocrx_word' id='word_1_216' title='bbox 612 2419 709 2452; x_wconf 88' lang='lat' dir='ltr'>instar</span> <span class='ocrx_word' id='word_1_217' title='bbox 740 2420 874 2452; x_wconf 90' lang='lat' dir='ltr'>aliorum</span> <span class='ocrx_word' id='word_1_218' title='bbox 908 2419 1089 2452; x_wconf 86' lang='lat' dir='ltr'>reddituum</span> 
     </span>
     <span class='ocr_line' id='line_1_46' title="bbox 353 2470 1091 2511; baseline 0.001 -9"><span class='ocrx_word' id='word_1_219' title='bbox 353 2470 572 2511; x_wconf 91' lang='lat' dir='ltr'>decimalium,</span> <span class='ocrx_word' id='word_1_220' title='bbox 595 2471 628 2503; x_wconf 91' lang='lat' dir='ltr'>in</span> <span class='ocrx_word' id='word_1_221' title='bbox 651 2472 801 2505; x_wconf 79' lang='lat' dir='ltr'>divisione</span> <span class='ocrx_word' id='word_1_222' title='bbox 827 2472 1009 2505; x_wconf 86' lang='lat' dir='ltr'>huiusmodi</span> <span class='ocrx_word' id='word_1_223' title='bbox 1034 2472 1091 2504; x_wconf 78' lang='lat' dir='ltr'>du-</span> 
     </span>
     <span class='ocr_line' id='line_1_47' title="bbox 354 2525 1092 2569; baseline 0.004 -14"><span class='ocrx_word' id='word_1_224' title='bbox 354 2529 518 2557; x_wconf 90' lang='lat' dir='ltr'>centorum</span> <span class='ocrx_word' id='word_1_225' title='bbox 543 2529 573 2556; x_wconf 87' lang='lat' dir='ltr'>et</span> <span class='ocrx_word' id='word_1_226' title='bbox 597 2525 822 2569; x_wconf 77' lang='lat' dir='ltr'>quinquaginta</span> <span class='ocrx_word' id='word_1_227' title='bbox 845 2526 979 2558; x_wconf 90' lang='lat' dir='ltr'>millium</span> <span class='ocrx_word' id='word_1_228' title='bbox 1000 2525 1092 2558; x_wconf 92' lang='lat' dir='ltr'>duca-</span> 
     </span>
     <span class='ocr_line' id='line_1_48' title="bbox 354 2578 1092 2624; baseline 0.003 -15"><span class='ocrx_word' id='word_1_229' title='bbox 354 2583 469 2618; x_wconf 85' lang='lat' dir='ltr'>torum,</span> <span class='ocrx_word' id='word_1_230' title='bbox 487 2588 550 2612; x_wconf 91' lang='lat' dir='ltr'>non</span> <span class='ocrx_word' id='word_1_231' title='bbox 565 2578 704 2612; x_wconf 88' lang='lat' dir='ltr'>obstante</span> <span class='ocrx_word' id='word_1_232' title='bbox 728 2590 926 2624; x_wconf 87' lang='lat' dir='ltr'>quacumque</span> <span class='ocrx_word' id='word_1_233' title='bbox 943 2579 1092 2621; x_wconf 77' lang='lat' dir='ltr'>clausula,</span> 
     </span>
    </p>
   </div>
   <div class='ocr_carea' id='block_1_13' title="bbox 393 2640 1092 2677">
    <p class='ocr_par' dir='ltr' id='par_1_17' title="bbox 393 2640 1092 2677">
     <span class='ocr_line' id='line_1_49' title="bbox 393 2640 1092 2677; baseline 0 -10"><span class='ocrx_word' id='word_1_234' title='bbox 393 2643 402 2667; x_wconf 91' lang='lat'><strong>1</strong></span> <span class='ocrx_word' id='word_1_235' title='bbox 416 2640 512 2676; x_wconf 82' lang='lat' dir='ltr'>Aptius</span> <span class='ocrx_word' id='word_1_236' title='bbox 523 2641 549 2668; x_wconf 90' lang='lat' dir='ltr'>in</span> <span class='ocrx_word' id='word_1_237' title='bbox 560 2641 611 2669; x_wconf 88' lang='lat' dir='ltr'>loc.</span> <span class='ocrx_word' id='word_1_238' title='bbox 625 2641 717 2677; x_wconf 43' lang='lat' dir='ltr'>paralli</span> <span class='ocrx_word' id='word_1_239' title='bbox 732 2641 776 2669; x_wconf 84' lang='lat' dir='ltr'>cit..</span> <span class='ocrx_word' id='word_1_240' title='bbox 788 2643 842 2677; x_wconf 79' lang='lat' dir='ltr'>leg.</span> <span class='ocrx_word' id='word_1_241' title='bbox 856 2642 1036 2675; x_wconf 56' lang='lat' dir='ltr'>ecclmelurtfl</span> <span class='ocrx_word' id='word_1_242' title='bbox 1048 2642 1092 2676; x_wconf 89' lang='grc' dir='ltr'>τ.).</span> 
     </span>
    </p>
   </div>
   <div class='ocr_carea' id='block_1_14' title="bbox 1088 301 1112 2671">
    <p class='ocr_par' dir='ltr' id='par_1_18' title="bbox 1088 301 1112 2671">
     <span class='ocr_line' id='line_1_50' title="bbox 1088 301 1112 2671; baseline 0 0"><span class='ocrx_word' id='word_1_243' title='bbox 1088 301 1112 2671; x_wconf 95' lang='lat' dir='ltr'> </span> 
     </span>
    </p>
   </div>
   <div class='ocr_carea' id='block_1_15' title="bbox 1105 285 1853 964">
    <p class='ocr_par' dir='ltr' id='par_1_19' title="bbox 1105 285 1847 427">
     <span class='ocr_line' id='line_1_51' title="bbox 1105 285 1846 332; baseline -0.004 -11"><span class='ocrx_word' id='word_1_244' title='bbox 1105 289 1324 332; x_wconf 68' lang='lat' dir='ltr'>exemptione,</span> <span class='ocrx_word' id='word_1_245' title='bbox 1348 287 1577 331; x_wconf 75' lang='lat' dir='ltr'>praerogativa,</span> <span class='ocrx_word' id='word_1_246' title='bbox 1602 290 1655 320; x_wconf 88' lang='lat' dir='ltr'>aut</span> <span class='ocrx_word' id='word_1_247' title='bbox 1678 285 1846 318; x_wconf 87' lang='lat' dir='ltr'>donatione</span> 
     </span>
     <span class='ocr_line' id='line_1_52' title="bbox 1107 340 1847 384; baseline -0.004 -10"><span class='ocrx_word' id='word_1_248' title='bbox 1107 347 1136 374; x_wconf 84' lang='lat' dir='ltr'>et</span> <span class='ocrx_word' id='word_1_249' title='bbox 1155 342 1358 384; x_wconf 81' lang='lat' dir='ltr'>obligatione,</span> <span class='ocrx_word' id='word_1_250' title='bbox 1377 341 1469 374; x_wconf 85' lang='lat' dir='ltr'>etiam</span> <span class='ocrx_word' id='word_1_251' title='bbox 1490 340 1520 373; x_wconf 93' lang='lat' dir='ltr'>in</span> <span class='ocrx_word' id='word_1_252' title='bbox 1538 341 1639 373; x_wconf 72' lang='lat' dir='ltr'>forma</span> <span class='ocrx_word' id='word_1_253' title='bbox 1657 349 1799 372; x_wconf 84' lang='lat' dir='ltr'>camerae</span> <span class='ocrx_word' id='word_1_254' title='bbox 1817 344 1847 371; x_wconf 91' lang='lat' dir='ltr'>et</span> 
     </span>
     <span class='ocr_line' id='line_1_53' title="bbox 1107 393 1508 427; baseline -0.002 -1"><span class='ocrx_word' id='word_1_255' title='bbox 1107 395 1138 426; x_wconf 93' lang='lat' dir='ltr'>in</span> <span class='ocrx_word' id='word_1_256' title='bbox 1163 395 1210 426; x_wconf 80' lang='lat' dir='ltr'>sui</span> <span class='ocrx_word' id='word_1_257' title='bbox 1236 396 1373 427; x_wconf 78' lang='lat' dir='ltr'>savorem</span> <span class='ocrx_word' id='word_1_258' title='bbox 1399 393 1508 426; x_wconf 86' lang='lat' dir='ltr'>sactis:</span> 
     </span>
    </p>

    <p class='ocr_par' dir='ltr' id='par_1_20' title="bbox 1109 445 1853 964">
     <span class='ocr_line' id='line_1_54' title="bbox 1151 445 1847 490; baseline 0 -13"><span class='ocrx_word' id='word_1_259' title='bbox 1151 448 1303 490; x_wconf 78' lang='lat' dir='ltr'>Quodque</span> <span class='ocrx_word' id='word_1_260' title='bbox 1327 447 1467 480; x_wconf 84' lang='lat' dir='ltr'>decimae</span> <span class='ocrx_word' id='word_1_261' title='bbox 1484 452 1514 479; x_wconf 91' lang='lat' dir='ltr'>et</span> <span class='ocrx_word' id='word_1_262' title='bbox 1530 447 1649 486; x_wconf 80' lang='lat' dir='ltr'>tertiae,</span> <span class='ocrx_word' id='word_1_263' title='bbox 1667 456 1745 490; x_wconf 91' lang='lat' dir='ltr'>quas</span> <span class='ocrx_word' id='word_1_264' title='bbox 1764 445 1847 478; x_wconf 88' lang='lat' dir='ltr'>idem</span> 
     </span>
     <span class='ocr_line' id='line_1_55' title="bbox 1110 499 1848 542; baseline -0.003 -11"><span class='ocrx_word' id='word_1_265' title='bbox 1110 499 1273 542; x_wconf 76' lang='lat' dir='ltr'>Philippus</span> <span class='ocrx_word' id='word_1_266' title='bbox 1299 510 1351 531; x_wconf 85' lang='lat' dir='ltr'>rex</span> <span class='ocrx_word' id='word_1_267' title='bbox 1376 499 1490 539; x_wconf 87' lang='lat' dir='ltr'>habet,</span> <span class='ocrx_word' id='word_1_268' title='bbox 1521 499 1614 531; x_wconf 87' lang='lat' dir='ltr'>etiam</span> <span class='ocrx_word' id='word_1_269' title='bbox 1648 508 1848 542; x_wconf 86' lang='lat' dir='ltr'>quocumque</span> 
     </span>
     <span class='ocr_line' id='line_1_56' title="bbox 1109 551 1850 595; baseline -0.003 -11"><span class='ocrx_word' id='word_1_270' title='bbox 1109 552 1203 585; x_wconf 90' lang='lat' dir='ltr'>modo</span> <span class='ocrx_word' id='word_1_271' title='bbox 1227 552 1375 595; x_wconf 85' lang='lat' dir='ltr'>possidet,</span> <span class='ocrx_word' id='word_1_272' title='bbox 1400 553 1446 584; x_wconf 70' lang='lat' dir='ltr'>vel</span> <span class='ocrx_word' id='word_1_273' title='bbox 1471 552 1546 583; x_wconf 77' lang='lat' dir='ltr'>alias</span> <span class='ocrx_word' id='word_1_274' title='bbox 1566 551 1704 584; x_wconf 76' lang='lat' dir='ltr'>vendidit</span> <span class='ocrx_word' id='word_1_275' title='bbox 1721 557 1773 584; x_wconf 89' lang='lat' dir='ltr'>aut</span> <span class='ocrx_word' id='word_1_276' title='bbox 1794 551 1850 583; x_wconf 90' lang='lat' dir='ltr'>im-</span> 
     </span>
     <span class='ocr_line' id='line_1_57' title="bbox 1109 604 1849 648; baseline -0.001 -11"><span class='ocrx_word' id='word_1_277' title='bbox 1109 605 1287 648; x_wconf 82' lang='lat' dir='ltr'>pignoravit</span> <span class='ocrx_word' id='word_1_278' title='bbox 1319 615 1391 637; x_wconf 87' lang='lat' dir='ltr'>eum</span> <span class='ocrx_word' id='word_1_279' title='bbox 1416 605 1568 637; x_wconf 83' lang='lat' dir='ltr'>evictione</span> <span class='ocrx_word' id='word_1_280' title='bbox 1592 611 1623 637; x_wconf 87' lang='lat' dir='ltr'>et</span> <span class='ocrx_word' id='word_1_281' title='bbox 1654 604 1849 637; x_wconf 87' lang='lat' dir='ltr'>immunitate</span> 
     </span>
     <span class='ocr_line' id='line_1_58' title="bbox 1110 657 1850 700; baseline -0.001 -10"><span class='ocrx_word' id='word_1_282' title='bbox 1110 669 1145 691; x_wconf 89' lang='lat' dir='ltr'>ac</span> <span class='ocrx_word' id='word_1_283' title='bbox 1169 657 1380 691; x_wconf 83' lang='lat' dir='ltr'>declaratione</span> <span class='ocrx_word' id='word_1_284' title='bbox 1404 657 1488 700; x_wconf 89' lang='lat' dir='ltr'>quod</span> <span class='ocrx_word' id='word_1_285' title='bbox 1506 657 1566 690; x_wconf 86' lang='lat' dir='ltr'>sint</span> <span class='ocrx_word' id='word_1_286' title='bbox 1583 663 1613 690; x_wconf 88' lang='lat' dir='ltr'>ct</span> <span class='ocrx_word' id='word_1_287' title='bbox 1630 668 1697 690; x_wconf 80' lang='lat' dir='ltr'>esse</span> <span class='ocrx_word' id='word_1_288' title='bbox 1717 657 1850 690; x_wconf 86' lang='lat' dir='ltr'>debeant</span> 
     </span>
     <span class='ocr_line' id='line_1_59' title="bbox 1111 710 1851 753; baseline 0 -10"><span class='ocrx_word' id='word_1_289' title='bbox 1111 711 1228 744; x_wconf 85' lang='lat' dir='ltr'>liberae</span> <span class='ocrx_word' id='word_1_290' title='bbox 1245 722 1262 743; x_wconf 91' lang='lat' dir='ltr'>a</span> <span class='ocrx_word' id='word_1_291' title='bbox 1279 710 1432 743; x_wconf 76' lang='lat' dir='ltr'>divisione</span> <span class='ocrx_word' id='word_1_292' title='bbox 1457 715 1486 743; x_wconf 92' lang='lat' dir='ltr'>et</span> <span class='ocrx_word' id='word_1_293' title='bbox 1511 710 1651 742; x_wconf 86' lang='lat' dir='ltr'>subsidio</span> <span class='ocrx_word' id='word_1_294' title='bbox 1669 716 1698 742; x_wconf 88' lang='lat' dir='ltr'>et</span> <span class='ocrx_word' id='word_1_295' title='bbox 1715 710 1851 753; x_wconf 86' lang='lat' dir='ltr'>qualibet</span> 
     </span>
     <span class='ocr_line' id='line_1_60' title="bbox 1111 763 1853 807; baseline -0.001 -11"><span class='ocrx_word' id='word_1_296' title='bbox 1111 764 1170 796; x_wconf 76' lang='lat' dir='ltr'>alia</span> <span class='ocrx_word' id='word_1_297' title='bbox 1194 763 1395 807; x_wconf 85' lang='lat' dir='ltr'>impositione</span> <span class='ocrx_word' id='word_1_298' title='bbox 1420 763 1604 807; x_wconf 72' lang='lat' dir='ltr'>apostolica,</span> <span class='ocrx_word' id='word_1_299' title='bbox 1619 773 1781 795; x_wconf 81' lang='lat' dir='ltr'>remanere</span> <span class='ocrx_word' id='word_1_300' title='bbox 1801 763 1853 795; x_wconf 91' lang='lat' dir='ltr'>de-</span> 
     </span>
     <span class='ocr_line' id='line_1_61' title="bbox 1111 815 1852 859; baseline -0.004 -9"><span class='ocrx_word' id='word_1_301' title='bbox 1111 818 1203 850; x_wconf 90' lang='lat' dir='ltr'>beant</span> <span class='ocrx_word' id='word_1_302' title='bbox 1221 818 1340 849; x_wconf 88' lang='lat' dir='ltr'>liberae</span> <span class='ocrx_word' id='word_1_303' title='bbox 1366 822 1395 849; x_wconf 89' lang='lat' dir='ltr'>et</span> <span class='ocrx_word' id='word_1_304' title='bbox 1419 817 1522 849; x_wconf 74' lang='lat' dir='ltr'>salvae</span> <span class='ocrx_word' id='word_1_305' title='bbox 1547 826 1563 848; x_wconf 90' lang='lat' dir='ltr'>a</span> <span class='ocrx_word' id='word_1_306' title='bbox 1587 816 1793 859; x_wconf 86' lang='lat' dir='ltr'>repartitione</span> <span class='ocrx_word' id='word_1_307' title='bbox 1810 815 1852 847; x_wconf 90' lang='lat' dir='ltr'>di-</span> 
     </span>
     <span class='ocr_line' id='line_1_62' title="bbox 1112 868 1851 912; baseline -0.005 -9"><span class='ocrx_word' id='word_1_308' title='bbox 1112 876 1235 903; x_wconf 87' lang='lat' dir='ltr'>ctorum</span> <span class='ocrx_word' id='word_1_309' title='bbox 1261 870 1469 903; x_wconf 90' lang='lat' dir='ltr'>ducentorum</span> <span class='ocrx_word' id='word_1_310' title='bbox 1487 874 1515 901; x_wconf 90' lang='lat' dir='ltr'>et</span> <span class='ocrx_word' id='word_1_311' title='bbox 1535 868 1761 912; x_wconf 85' lang='lat' dir='ltr'>quinquaginta</span> <span class='ocrx_word' id='word_1_312' title='bbox 1782 868 1851 900; x_wconf 89' lang='lat' dir='ltr'>mil-</span> 
     </span>
     <span class='ocr_line' id='line_1_63' title="bbox 1113 920 1853 964; baseline -0.004 -9"><span class='ocrx_word' id='word_1_313' title='bbox 1113 923 1189 956; x_wconf 80' lang='lat' dir='ltr'>lium</span> <span class='ocrx_word' id='word_1_314' title='bbox 1215 923 1412 962; x_wconf 86' lang='lat' dir='ltr'>ducatorum,</span> <span class='ocrx_word' id='word_1_315' title='bbox 1431 922 1549 964; x_wconf 86' lang='lat' dir='ltr'>absque</span> <span class='ocrx_word' id='word_1_316' title='bbox 1573 931 1611 954; x_wconf 87' lang='lat' dir='ltr'>eo</span> <span class='ocrx_word' id='word_1_317' title='bbox 1635 920 1719 964; x_wconf 91' lang='lat' dir='ltr'>quod</span> <span class='ocrx_word' id='word_1_318' title='bbox 1736 920 1794 952; x_wconf 89' lang='lat' dir='ltr'>hac</span> <span class='ocrx_word' id='word_1_319' title='bbox 1815 920 1853 952; x_wconf 86' lang='lat' dir='ltr'>de</span> 
     </span>
    </p>
   </div>
   <div class='ocr_carea' id='block_1_16' title="bbox 1105 974 1854 1020">
    <p class='ocr_par' dir='ltr' id='par_1_21' title="bbox 1105 974 1854 1020">
     <span class='ocr_line' id='line_1_64' title="bbox 1105 974 1854 1020; baseline -0.007 -10"><span class='ocrx_word' id='word_1_320' title='bbox 1105 979 1206 1011; x_wconf 80' lang='lat' dir='ltr'>&#39;causa</span> <span class='ocrx_word' id='word_1_321' title='bbox 1231 978 1278 1010; x_wconf 76' lang='lat' dir='ltr'>vel</span> <span class='ocrx_word' id='word_1_322' title='bbox 1303 977 1408 1020; x_wconf 77' lang='lat' dir='ltr'>aliqua</span> <span class='ocrx_word' id='word_1_323' title='bbox 1425 976 1495 1015; x_wconf 76' lang='lat' dir='ltr'>alia,</span> <span class='ocrx_word' id='word_1_324' title='bbox 1512 975 1571 1008; x_wconf 91' lang='lat' dir='ltr'>nisi</span> <span class='ocrx_word' id='word_1_325' title='bbox 1592 985 1629 1008; x_wconf 83' lang='lat' dir='ltr'>ex</span> <span class='ocrx_word' id='word_1_326' title='bbox 1649 974 1803 1008; x_wconf 88' lang='lat' dir='ltr'>contentis</span> <span class='ocrx_word' id='word_1_327' title='bbox 1824 974 1854 1005; x_wconf 93' lang='lat' dir='ltr'>in</span> 
     </span>
    </p>
   </div>
   <div class='ocr_carea' id='block_1_17' title="bbox 1113 1027 1869 2675">
    <p class='ocr_par' dir='ltr' id='par_1_22' title="bbox 1113 1027 1856 1175">
     <span class='ocr_line' id='line_1_65' title="bbox 1113 1027 1853 1074; baseline -0.008 -10"><span class='ocrx_word' id='word_1_328' title='bbox 1113 1030 1271 1074; x_wconf 80' lang='lat' dir='ltr'>praesenti</span> <span class='ocrx_word' id='word_1_329' title='bbox 1297 1029 1477 1069; x_wconf 77' lang='lat' dir='ltr'>concordia,</span> <span class='ocrx_word' id='word_1_330' title='bbox 1503 1029 1622 1073; x_wconf 89' lang='lat' dir='ltr'>aliquid</span> <span class='ocrx_word' id='word_1_331' title='bbox 1638 1028 1799 1061; x_wconf 88' lang='lat' dir='ltr'>minuatur</span> <span class='ocrx_word' id='word_1_332' title='bbox 1824 1027 1853 1058; x_wconf 91' lang='lat' dir='ltr'>in</span> 
     </span>
     <span class='ocr_line' id='line_1_66' title="bbox 1114 1079 1856 1126; baseline -0.008 -9"><span class='ocrx_word' id='word_1_333' title='bbox 1114 1087 1238 1117; x_wconf 76' lang='lat' dir='ltr'>summa</span> <span class='ocrx_word' id='word_1_334' title='bbox 1263 1084 1473 1116; x_wconf 88' lang='lat' dir='ltr'>ducentorum</span> <span class='ocrx_word' id='word_1_335' title='bbox 1493 1087 1523 1114; x_wconf 88' lang='lat' dir='ltr'>ct</span> <span class='ocrx_word' id='word_1_336' title='bbox 1544 1081 1772 1126; x_wconf 82' lang='lat' dir='ltr'>quinquaginta</span> <span class='ocrx_word' id='word_1_337' title='bbox 1789 1079 1856 1112; x_wconf 86' lang='lat' dir='ltr'>mit-</span> 
     </span>
     <span class='ocr_line' id='line_1_67' title="bbox 1114 1135 1633 1175; baseline -0.006 -5"><span class='ocrx_word' id='word_1_338' title='bbox 1114 1137 1190 1170; x_wconf 91' lang='lat' dir='ltr'>lium</span> <span class='ocrx_word' id='word_1_339' title='bbox 1216 1137 1404 1170; x_wconf 87' lang='lat' dir='ltr'>ducatorum</span> <span class='ocrx_word' id='word_1_340' title='bbox 1428 1135 1633 1175; x_wconf 81' lang='lat' dir='ltr'>huiusmodi;</span> 
     </span>
    </p>

    <p class='ocr_par' dir='ltr' id='par_1_23' title="bbox 1114 1186 1859 1650">
     <span class='ocr_line' id='line_1_68' title="bbox 1158 1186 1855 1235; baseline -0.006 -11"><span class='ocrx_word' id='word_1_341' title='bbox 1158 1192 1308 1235; x_wconf 86' lang='lat' dir='ltr'>Reliquae</span> <span class='ocrx_word' id='word_1_342' title='bbox 1326 1201 1401 1223; x_wconf 73' lang='lat' dir='ltr'>vero</span> <span class='ocrx_word' id='word_1_343' title='bbox 1418 1190 1539 1230; x_wconf 82' lang='lat' dir='ltr'>tertiae,</span> <span class='ocrx_word' id='word_1_344' title='bbox 1556 1189 1697 1222; x_wconf 88' lang='lat' dir='ltr'>decimae</span> <span class='ocrx_word' id='word_1_345' title='bbox 1714 1193 1744 1221; x_wconf 89' lang='lat' dir='ltr'>et</span> <span class='ocrx_word' id='word_1_346' title='bbox 1759 1186 1855 1220; x_wconf 89' lang='lat' dir='ltr'>aliae¹</span> 
     </span>
     <span class='ocr_line' id='line_1_69' title="bbox 1114 1241 1857 1288; baseline -0.005 -12"><span class='ocrx_word' id='word_1_347' title='bbox 1114 1244 1271 1288; x_wconf 87' lang='lat' dir='ltr'>primitiae</span> <span class='ocrx_word' id='word_1_348' title='bbox 1293 1255 1350 1288; x_wconf 86' lang='lat' dir='ltr'>per</span> <span class='ocrx_word' id='word_1_349' title='bbox 1374 1253 1589 1287; x_wconf 86' lang='lat' dir='ltr'>quascumque</span> <span class='ocrx_word' id='word_1_350' title='bbox 1614 1241 1771 1281; x_wconf 87' lang='lat' dir='ltr'>ecclesias,</span> <span class='ocrx_word' id='word_1_351' title='bbox 1796 1241 1857 1273; x_wconf 92' lang='lat' dir='ltr'>col-</span> 
     </span>
     <span class='ocr_line' id='line_1_70' title="bbox 1115 1297 1856 1342; baseline -0.007 -10"><span class='ocrx_word' id='word_1_352' title='bbox 1115 1300 1206 1342; x_wconf 85' lang='lat' dir='ltr'>legia,</span> <span class='ocrx_word' id='word_1_353' title='bbox 1231 1299 1470 1338; x_wconf 71' lang='lat' dir='ltr'>universitates,</span> <span class='ocrx_word' id='word_1_354' title='bbox 1495 1297 1685 1330; x_wconf 85' lang='lat' dir='ltr'>monasteria</span> <span class='ocrx_word' id='word_1_355' title='bbox 1710 1301 1740 1329; x_wconf 90' lang='lat' dir='ltr'>et</span> <span class='ocrx_word' id='word_1_356' title='bbox 1763 1306 1856 1339; x_wconf 87' lang='lat' dir='ltr'>quas—</span> 
     </span>
     <span class='ocr_line' id='line_1_71' title="bbox 1116 1354 1857 1396; baseline -0.007 -11"><span class='ocrx_word' id='word_1_357' title='bbox 1116 1363 1251 1396; x_wconf 89' lang='lat' dir='ltr'>cumque</span> <span class='ocrx_word' id='word_1_358' title='bbox 1276 1362 1427 1396; x_wconf 87' lang='lat' dir='ltr'>personas</span> <span class='ocrx_word' id='word_1_359' title='bbox 1450 1361 1613 1395; x_wconf 87' lang='lat' dir='ltr'>possessae</span> <span class='ocrx_word' id='word_1_360' title='bbox 1629 1355 1659 1383; x_wconf 91' lang='lat' dir='ltr'>et</span> <span class='ocrx_word' id='word_1_361' title='bbox 1679 1354 1857 1393; x_wconf 86' lang='lat' dir='ltr'>perceptae,</span> 
     </span>
     <span class='ocr_line' id='line_1_72' title="bbox 1116 1404 1858 1450; baseline -0.004 -11"><span class='ocrx_word' id='word_1_362' title='bbox 1116 1417 1318 1450; x_wconf 88' lang='lat' dir='ltr'>quocumque</span> <span class='ocrx_word' id='word_1_363' title='bbox 1342 1406 1443 1445; x_wconf 89' lang='lat' dir='ltr'>titulo,</span> <span class='ocrx_word' id='word_1_364' title='bbox 1464 1405 1542 1445; x_wconf 88' lang='lat' dir='ltr'>iure,</span> <span class='ocrx_word' id='word_1_365' title='bbox 1561 1404 1786 1437; x_wconf 84' lang='lat' dir='ltr'>consuetudine</span> <span class='ocrx_word' id='word_1_366' title='bbox 1803 1413 1858 1436; x_wconf 89' lang='lat' dir='ltr'>seu</span> 
     </span>
     <span class='ocr_line' id='line_1_73' title="bbox 1117 1459 1859 1503; baseline -0.004 -12"><span class='ocrx_word' id='word_1_367' title='bbox 1117 1459 1284 1503; x_wconf 84' lang='lat' dir='ltr'>privilegio</span> <span class='ocrx_word' id='word_1_368' title='bbox 1321 1459 1459 1499; x_wconf 86' lang='lat' dir='ltr'>fuerint,</span> <span class='ocrx_word' id='word_1_369' title='bbox 1495 1462 1678 1490; x_wconf 87' lang='lat' dir='ltr'>remaneant</span> <span class='ocrx_word' id='word_1_370' title='bbox 1713 1467 1859 1500; x_wconf 91' lang='lat' dir='ltr'>compre-</span> 
     </span>
     <span class='ocr_line' id='line_1_74' title="bbox 1116 1509 1858 1553; baseline -0.005 -9"><span class='ocrx_word' id='word_1_371' title='bbox 1116 1513 1247 1553; x_wconf 83' lang='lat' dir='ltr'>hensae,</span> <span class='ocrx_word' id='word_1_372' title='bbox 1273 1516 1303 1544; x_wconf 86' lang='lat' dir='ltr'>et</span> <span class='ocrx_word' id='word_1_373' title='bbox 1328 1511 1530 1544; x_wconf 88' lang='lat' dir='ltr'>contribuere</span> <span class='ocrx_word' id='word_1_374' title='bbox 1554 1510 1689 1543; x_wconf 87' lang='lat' dir='ltr'>debeant</span> <span class='ocrx_word' id='word_1_375' title='bbox 1717 1510 1748 1542; x_wconf 91' lang='lat' dir='ltr'>in</span> <span class='ocrx_word' id='word_1_376' title='bbox 1776 1509 1858 1541; x_wconf 74' lang='lat' dir='ltr'>dicta</span> 
     </span>
     <span class='ocr_line' id='line_1_75' title="bbox 1116 1562 1859 1607; baseline -0.004 -10"><span class='ocrx_word' id='word_1_377' title='bbox 1116 1565 1268 1597; x_wconf 73' lang='lat' dir='ltr'>divisione</span> <span class='ocrx_word' id='word_1_378' title='bbox 1282 1565 1490 1597; x_wconf 88' lang='lat' dir='ltr'>ducentorum</span> <span class='ocrx_word' id='word_1_379' title='bbox 1505 1569 1533 1596; x_wconf 87' lang='lat' dir='ltr'>et</span> <span class='ocrx_word' id='word_1_380' title='bbox 1550 1563 1778 1607; x_wconf 82' lang='lat' dir='ltr'>quinquaginta</span> <span class='ocrx_word' id='word_1_381' title='bbox 1793 1562 1859 1594; x_wconf 90' lang='lat' dir='ltr'>mil-</span> 
     </span>
     <span class='ocr_line' id='line_1_76' title="bbox 1117 1617 1624 1650; baseline -0.004 0"><span class='ocrx_word' id='word_1_382' title='bbox 1117 1618 1194 1650; x_wconf 88' lang='lat' dir='ltr'>lium</span> <span class='ocrx_word' id='word_1_383' title='bbox 1220 1618 1406 1650; x_wconf 77' lang='lat' dir='ltr'>ducatorum</span> <span class='ocrx_word' id='word_1_384' title='bbox 1426 1617 1624 1650; x_wconf 84' lang='lat' dir='ltr'>huiusmodi:</span> 
     </span>
    </p>

    <p class='ocr_par' dir='ltr' id='par_1_24' title="bbox 1118 1670 1864 2077">
     <span class='ocr_line' id='line_1_77' title="bbox 1162 1670 1861 1715; baseline -0.004 -11"><span class='ocrx_word' id='word_1_385' title='bbox 1162 1672 1302 1715; x_wconf 87' lang='lat' dir='ltr'>Insuper,</span> <span class='ocrx_word' id='word_1_386' title='bbox 1321 1671 1406 1714; x_wconf 88' lang='lat' dir='ltr'>quod</span> <span class='ocrx_word' id='word_1_387' title='bbox 1426 1671 1528 1703; x_wconf 89' lang='lat' dir='ltr'>dictus</span> <span class='ocrx_word' id='word_1_388' title='bbox 1553 1670 1716 1714; x_wconf 86' lang='lat' dir='ltr'>Philippus</span> <span class='ocrx_word' id='word_1_389' title='bbox 1741 1680 1796 1702; x_wconf 78' lang='lat' dir='ltr'>rex</span> <span class='ocrx_word' id='word_1_390' title='bbox 1813 1680 1861 1701; x_wconf 88' lang='lat' dir='ltr'>re-</span> 
     </span>
     <span class='ocr_line' id='line_1_78' title="bbox 1118 1723 1860 1769; baseline -0.005 -11"><span class='ocrx_word' id='word_1_391' title='bbox 1118 1726 1224 1769; x_wconf 88' lang='lat' dir='ltr'>cipere</span> <span class='ocrx_word' id='word_1_392' title='bbox 1249 1725 1361 1758; x_wconf 84' lang='lat' dir='ltr'>debeat</span> <span class='ocrx_word' id='word_1_393' title='bbox 1394 1729 1424 1756; x_wconf 89' lang='lat' dir='ltr'>et</span> <span class='ocrx_word' id='word_1_394' title='bbox 1459 1724 1590 1767; x_wconf 89' lang='lat' dir='ltr'>recipiat</span> <span class='ocrx_word' id='word_1_395' title='bbox 1615 1723 1652 1756; x_wconf 91' lang='lat' dir='ltr'>ad</span> <span class='ocrx_word' id='word_1_396' title='bbox 1677 1728 1860 1766; x_wconf 88' lang='lat' dir='ltr'>computum</span> 
     </span>
     <span class='ocr_line' id='line_1_79' title="bbox 1118 1775 1862 1821; baseline -0.004 -11"><span class='ocrx_word' id='word_1_397' title='bbox 1118 1788 1210 1811; x_wconf 91' lang='lat' dir='ltr'>omne</span> <span class='ocrx_word' id='word_1_398' title='bbox 1236 1778 1265 1810; x_wconf 89' lang='lat' dir='ltr'>id</span> <span class='ocrx_word' id='word_1_399' title='bbox 1290 1777 1374 1821; x_wconf 92' lang='lat' dir='ltr'>quod</span> <span class='ocrx_word' id='word_1_400' title='bbox 1399 1782 1505 1819; x_wconf 81' lang='lat' dir='ltr'>tanget</span> <span class='ocrx_word' id='word_1_401' title='bbox 1530 1782 1559 1809; x_wconf 88' lang='lat' dir='ltr'>et</span> <span class='ocrx_word' id='word_1_402' title='bbox 1583 1776 1676 1809; x_wconf 83' lang='lat' dir='ltr'>fuerit</span> <span class='ocrx_word' id='word_1_403' title='bbox 1696 1776 1775 1808; x_wconf 90' lang='lat' dir='ltr'>iuste</span> <span class='ocrx_word' id='word_1_404' title='bbox 1800 1775 1862 1807; x_wconf 88' lang='lat' dir='ltr'>dis-</span> 
     </span>
     <span class='ocr_line' id='line_1_80' title="bbox 1118 1828 1863 1873; baseline -0.004 -10"><span class='ocrx_word' id='word_1_405' title='bbox 1118 1831 1272 1864; x_wconf 91' lang='lat' dir='ltr'>tributum</span> <span class='ocrx_word' id='word_1_406' title='bbox 1291 1830 1407 1863; x_wconf 84' lang='lat' dir='ltr'>mensis</span> <span class='ocrx_word' id='word_1_407' title='bbox 1419 1829 1739 1873; x_wconf 85' lang='lat' dir='ltr'>archiepiscopalibus</span> <span class='ocrx_word' id='word_1_408' title='bbox 1757 1834 1787 1861; x_wconf 90' lang='lat' dir='ltr'>et</span> <span class='ocrx_word' id='word_1_409' title='bbox 1802 1828 1863 1871; x_wconf 90' lang='lat' dir='ltr'>epi-</span> 
     </span>
     <span class='ocr_line' id='line_1_81' title="bbox 1120 1882 1863 1928; baseline -0.005 -11"><span class='ocrx_word' id='word_1_410' title='bbox 1120 1885 1298 1928; x_wconf 88' lang='lat' dir='ltr'>scopalibus</span> <span class='ocrx_word' id='word_1_411' title='bbox 1323 1884 1480 1917; x_wconf 85' lang='lat' dir='ltr'>dictorum</span> <span class='ocrx_word' id='word_1_412' title='bbox 1512 1893 1684 1926; x_wconf 86' lang='lat' dir='ltr'>regnorum</span> <span class='ocrx_word' id='word_1_413' title='bbox 1711 1882 1863 1915; x_wconf 85' lang='lat' dir='ltr'>Castellae</span> 
     </span>
     <span class='ocr_line' id='line_1_82' title="bbox 1120 1935 1863 1981; baseline -0.007 -10"><span class='ocrx_word' id='word_1_414' title='bbox 1120 1945 1149 1971; x_wconf 86' lang='lat' dir='ltr'>et</span> <span class='ocrx_word' id='word_1_415' title='bbox 1174 1938 1330 1981; x_wconf 81' lang='lat' dir='ltr'>Legionis,</span> <span class='ocrx_word' id='word_1_416' title='bbox 1357 1937 1467 1970; x_wconf 78' lang='lat' dir='ltr'>eadem</span> <span class='ocrx_word' id='word_1_417' title='bbox 1492 1937 1564 1969; x_wconf 90' lang='lat' dir='ltr'>sede</span> <span class='ocrx_word' id='word_1_418' title='bbox 1585 1941 1723 1975; x_wconf 77' lang='lat' dir='ltr'>vacante,</span> <span class='ocrx_word' id='word_1_419' title='bbox 1748 1935 1863 1968; x_wconf 89' lang='lat' dir='ltr'>intuitu</span> 
     </span>
     <span class='ocr_line' id='line_1_83' title="bbox 1120 1988 1864 2033; baseline -0.005 -9"><span class='ocrx_word' id='word_1_420' title='bbox 1120 1992 1277 2024; x_wconf 88' lang='lat' dir='ltr'>dictorum</span> <span class='ocrx_word' id='word_1_421' title='bbox 1292 1991 1501 2023; x_wconf 85' lang='lat' dir='ltr'>ducentorum</span> <span class='ocrx_word' id='word_1_422' title='bbox 1519 1995 1548 2023; x_wconf 89' lang='lat' dir='ltr'>et</span> <span class='ocrx_word' id='word_1_423' title='bbox 1561 1989 1787 2033; x_wconf 84' lang='lat' dir='ltr'>quinquaginta</span> <span class='ocrx_word' id='word_1_424' title='bbox 1798 1988 1864 2020; x_wconf 79' lang='lat' dir='ltr'>mit-</span> 
     </span>
     <span class='ocr_line' id='line_1_84' title="bbox 1120 2045 1634 2077; baseline -0.002 0"><span class='ocrx_word' id='word_1_425' title='bbox 1120 2046 1197 2077; x_wconf 89' lang='lat' dir='ltr'>lium</span> <span class='ocrx_word' id='word_1_426' title='bbox 1218 2045 1423 2077; x_wconf 84' lang='lat' dir='ltr'>ducatorum:</span> <span class='ocrx_word' id='word_1_427' title='bbox 1630 2073 1634 2076; x_wconf 83' lang='lat'><em>.</em></span> 
     </span>
    </p>

    <p class='ocr_par' dir='ltr' id='par_1_25' title="bbox 1122 2096 1869 2621">
     <span class='ocr_line' id='line_1_85' title="bbox 1164 2096 1865 2142; baseline -0.006 -11"><span class='ocrx_word' id='word_1_428' title='bbox 1164 2098 1317 2142; x_wconf 86' lang='lat' dir='ltr'>Quodque</span> <span class='ocrx_word' id='word_1_429' title='bbox 1328 2098 1409 2131; x_wconf 86' lang='lat' dir='ltr'>idem</span> <span class='ocrx_word' id='word_1_430' title='bbox 1422 2097 1584 2141; x_wconf 84' lang='lat' dir='ltr'>Philippus</span> <span class='ocrx_word' id='word_1_431' title='bbox 1594 2107 1648 2129; x_wconf 60' lang='lat' dir='ltr'>rex</span> <span class='ocrx_word' id='word_1_432' title='bbox 1657 2096 1768 2129; x_wconf 88' lang='lat' dir='ltr'>debeat</span> <span class='ocrx_word' id='word_1_433' title='bbox 1782 2105 1865 2127; x_wconf 89' lang='lat' dir='ltr'>man-</span> 
     </span>
     <span class='ocr_line' id='line_1_86' title="bbox 1122 2148 1865 2195; baseline -0.004 -11"><span class='ocrx_word' id='word_1_434' title='bbox 1122 2152 1207 2192; x_wconf 89' lang='lat' dir='ltr'>dare,</span> <span class='ocrx_word' id='word_1_435' title='bbox 1221 2152 1288 2184; x_wconf 84' lang='lat' dir='ltr'>dari</span> <span class='ocrx_word' id='word_1_436' title='bbox 1303 2162 1516 2195; x_wconf 78' lang='lat' dir='ltr'>quascumque</span> <span class='ocrx_word' id='word_1_437' title='bbox 1531 2150 1657 2183; x_wconf 83' lang='lat' dir='ltr'>cedulas</span> <span class='ocrx_word' id='word_1_438' title='bbox 1670 2160 1705 2182; x_wconf 90' lang='lat' dir='ltr'>ac</span> <span class='ocrx_word' id='word_1_439' title='bbox 1719 2148 1865 2181; x_wconf 84' lang='lat' dir='ltr'>mandata</span> 
     </span>
     <span class='ocr_line' id='line_1_87' title="bbox 1123 2202 1866 2242; baseline -0.005 -4"><span class='ocrx_word' id='word_1_440' title='bbox 1123 2205 1213 2238; x_wconf 88' lang='lat' dir='ltr'>solita</span> <span class='ocrx_word' id='word_1_441' title='bbox 1238 2209 1267 2239; x_wconf 90' lang='lat' dir='ltr'>et</span> <span class='ocrx_word' id='word_1_442' title='bbox 1291 2205 1468 2237; x_wconf 84' lang='lat' dir='ltr'>necessaria</span> <span class='ocrx_word' id='word_1_443' title='bbox 1493 2204 1531 2236; x_wconf 91' lang='lat' dir='ltr'>ad</span> <span class='ocrx_word' id='word_1_444' title='bbox 1556 2203 1712 2242; x_wconf 76' lang='lat' dir='ltr'>effectum,</span> <span class='ocrx_word' id='word_1_445' title='bbox 1737 2207 1770 2235; x_wconf 87' lang='lat' dir='ltr'>nt</span> <span class='ocrx_word' id='word_1_446' title='bbox 1793 2202 1866 2234; x_wconf 90' lang='lat' dir='ltr'>bra-</span> 
     </span>
     <span class='ocr_line' id='line_1_88' title="bbox 1124 2256 1866 2300; baseline -0.005 -9"><span class='ocrx_word' id='word_1_447' title='bbox 1124 2258 1230 2291; x_wconf 82' lang='lat' dir='ltr'>chium</span> <span class='ocrx_word' id='word_1_448' title='bbox 1256 2258 1396 2291; x_wconf 81' lang='lat' dir='ltr'>seculare</span> <span class='ocrx_word' id='word_1_449' title='bbox 1422 2257 1473 2290; x_wconf 87' lang='lat' dir='ltr'>det</span> <span class='ocrx_word' id='word_1_450' title='bbox 1505 2263 1532 2290; x_wconf 85' lang='lat' dir='ltr'>et</span> <span class='ocrx_word' id='word_1_451' title='bbox 1558 2260 1694 2300; x_wconf 87' lang='lat' dir='ltr'>praestet</span> <span class='ocrx_word' id='word_1_452' title='bbox 1726 2256 1866 2288; x_wconf 80' lang='lat' dir='ltr'>savorem</span> 
     </span>
     <span class='ocr_line' id='line_1_89' title="bbox 1125 2308 1866 2354; baseline -0.005 -10"><span class='ocrx_word' id='word_1_453' title='bbox 1125 2316 1154 2345; x_wconf 86' lang='lat' dir='ltr'>ct</span> <span class='ocrx_word' id='word_1_454' title='bbox 1178 2311 1330 2344; x_wconf 78' lang='lat' dir='ltr'>auxilium</span> <span class='ocrx_word' id='word_1_455' title='bbox 1356 2311 1394 2343; x_wconf 85' lang='lat' dir='ltr'>ad</span> <span class='ocrx_word' id='word_1_456' title='bbox 1419 2310 1661 2354; x_wconf 82' lang='lat' dir='ltr'>exequutionem</span> <span class='ocrx_word' id='word_1_457' title='bbox 1680 2314 1708 2341; x_wconf 88' lang='lat' dir='ltr'>et</span> <span class='ocrx_word' id='word_1_458' title='bbox 1734 2308 1866 2341; x_wconf 83' lang='lat' dir='ltr'>exactio-</span> 
     </span>
     <span class='ocr_line' id='line_1_90' title="bbox 1124 2361 1864 2407; baseline -0.004 -10"><span class='ocrx_word' id='word_1_459' title='bbox 1124 2376 1195 2398; x_wconf 89' lang='lat' dir='ltr'>nem</span> <span class='ocrx_word' id='word_1_460' title='bbox 1220 2365 1321 2397; x_wconf 87' lang='lat' dir='ltr'>dictae</span> <span class='ocrx_word' id='word_1_461' title='bbox 1352 2364 1513 2397; x_wconf 71' lang='lat' dir='ltr'>divisionis</span> <span class='ocrx_word' id='word_1_462' title='bbox 1543 2363 1778 2407; x_wconf 86' lang='lat' dir='ltr'>praedictorum</span> <span class='ocrx_word' id='word_1_463' title='bbox 1803 2361 1864 2394; x_wconf 93' lang='lat' dir='ltr'>du-</span> 
     </span>
     <span class='ocr_line' id='line_1_91' title="bbox 1126 2415 1868 2460; baseline -0.007 -9"><span class='ocrx_word' id='word_1_464' title='bbox 1126 2423 1290 2451; x_wconf 83' lang='lat' dir='ltr'>centorum</span> <span class='ocrx_word' id='word_1_465' title='bbox 1316 2423 1346 2450; x_wconf 90' lang='lat' dir='ltr'>et</span> <span class='ocrx_word' id='word_1_466' title='bbox 1371 2417 1600 2460; x_wconf 78' lang='lat' dir='ltr'>quinquaginta</span> <span class='ocrx_word' id='word_1_467' title='bbox 1625 2416 1760 2448; x_wconf 88' lang='lat' dir='ltr'>millium</span> <span class='ocrx_word' id='word_1_468' title='bbox 1777 2415 1868 2447; x_wconf 87' lang='lat' dir='ltr'>duca-</span> 
     </span>
     <span class='ocr_line' id='line_1_92' title="bbox 1126 2468 1868 2514; baseline -0.005 -10"><span class='ocrx_word' id='word_1_469' title='bbox 1126 2477 1230 2504; x_wconf 88' lang='lat' dir='ltr'>torum</span> <span class='ocrx_word' id='word_1_470' title='bbox 1241 2476 1269 2503; x_wconf 89' lang='lat' dir='ltr'>et</span> <span class='ocrx_word' id='word_1_471' title='bbox 1280 2481 1488 2514; x_wconf 83' lang='lat' dir='ltr'>expensarum</span> <span class='ocrx_word' id='word_1_472' title='bbox 1498 2470 1634 2513; x_wconf 83' lang='lat' dir='ltr'>desuper</span> <span class='ocrx_word' id='word_1_473' title='bbox 1644 2468 1868 2507; x_wconf 86' lang='lat' dir='ltr'>faciendarum,</span> 
     </span>
     <span class='ocr_line' id='line_1_93' title="bbox 1127 2523 1869 2568; baseline -0.005 -11"><span class='ocrx_word' id='word_1_474' title='bbox 1127 2531 1156 2557; x_wconf 82' lang='lat' dir='ltr'>et</span> <span class='ocrx_word' id='word_1_475' title='bbox 1175 2532 1208 2558; x_wconf 90' lang='lat' dir='ltr'>nt</span> <span class='ocrx_word' id='word_1_476' title='bbox 1223 2525 1348 2567; x_wconf 84' lang='lat' dir='ltr'>negotia</span> <span class='ocrx_word' id='word_1_477' title='bbox 1364 2529 1562 2568; x_wconf 88' lang='lat' dir='ltr'>praesentem</span> <span class='ocrx_word' id='word_1_478' title='bbox 1583 2523 1785 2556; x_wconf 88' lang='lat' dir='ltr'>concordiam</span> <span class='ocrx_word' id='word_1_479' title='bbox 1802 2527 1869 2554; x_wconf 89' lang='lat' dir='ltr'>tan-</span> 
     </span>
     <span class='ocr_line' id='line_1_94' title="bbox 1127 2576 1869 2621; baseline -0.005 -10"><span class='ocrx_word' id='word_1_480' title='bbox 1127 2578 1230 2621; x_wconf 84' lang='lat' dir='ltr'>gentia</span> <span class='ocrx_word' id='word_1_481' title='bbox 1265 2588 1328 2610; x_wconf 88' lang='lat' dir='ltr'>non</span> <span class='ocrx_word' id='word_1_482' title='bbox 1360 2578 1515 2610; x_wconf 87' lang='lat' dir='ltr'>ducantur</span> <span class='ocrx_word' id='word_1_483' title='bbox 1550 2587 1606 2610; x_wconf 88' lang='lat' dir='ltr'>seu</span> <span class='ocrx_word' id='word_1_484' title='bbox 1641 2576 1806 2609; x_wconf 88' lang='lat' dir='ltr'>trahantur</span> <span class='ocrx_word' id='word_1_485' title='bbox 1838 2576 1869 2608; x_wconf 90' lang='lat' dir='ltr'>in</span> 
     </span>
    </p>

    <p class='ocr_par' dir='ltr' id='par_1_26' title="bbox 1167 2640 1657 2675">
     <span class='ocr_line' id='line_1_95' title="bbox 1167 2640 1657 2675; baseline -0.004 -8"><span class='ocrx_word' id='word_1_486' title='bbox 1167 2642 1174 2667; x_wconf 93' lang='lat' dir='ltr'>t</span> <span class='ocrx_word' id='word_1_487' title='bbox 1199 2640 1267 2667; x_wconf 82' lang='lat' dir='ltr'>Edit.</span> <span class='ocrx_word' id='word_1_488' title='bbox 1290 2640 1366 2667; x_wconf 82' lang='lat' dir='ltr'>Main.</span> <span class='ocrx_word' id='word_1_489' title='bbox 1389 2640 1453 2675; x_wconf 85' lang='lat' dir='ltr'>legit</span> <span class='ocrx_word' id='word_1_490' title='bbox 1472 2640 1532 2667; x_wconf 80' lang='lat' dir='ltr'>alia</span> <span class='ocrx_word' id='word_1_491' title='bbox 1552 2640 1591 2674; x_wconf 80' lang='lat' dir='ltr'>(n.</span> <span class='ocrx_word' id='word_1_492' title='bbox 1609 2640 1657 2674; x_wconf 82' lang='grc' dir='ltr'>τ.).</span> 
     </span>
    </p>
   </div>
   <div class='ocr_carea' id='block_1_18' title="bbox 1747 228 2042 264">
    <p class='ocr_par' dir='ltr' id='par_1_27' title="bbox 1747 228 2042 264">
     <span class='ocr_line' id='line_1_96' title="bbox 1747 228 2042 264; baseline 0.01 -3"><span class='ocrx_word' id='word_1_493' title='bbox 1747 228 1809 262; x_wconf 73' lang='grc'>347</span> <span class='ocrx_word' id='word_1_494' title='bbox 1857 237 1908 264; x_wconf 82' lang='lat' dir='ltr'>An.</span> <span class='ocrx_word' id='word_1_495' title='bbox 1924 237 1952 264; x_wconf 89' lang='lat' dir='ltr'>C.</span> <span class='ocrx_word' id='word_1_496' title='bbox 1974 236 2042 264; x_wconf 75' lang='lat'><strong>1625</strong></span> 
     </span>
    </p>
   </div>
  </div>
 </body>
</html>
