2269 3235
123 265 175 292 An.
197 265 226 291 C.
243 263 310 292 1624

171 1607 314 1633 indulgentias

130 1635 238 1655 cruciatae
275 1633 313 1655 suh

131 1660 251 1682 huiusmodi
270 1666 314 1681 sus-

130 1688 232 1713 pensione
273 1693 315 1708 non

147 1714 298 1741 comprehendi

131 1740 234 1763 declarat.

928 262 1068 287 unnANtss

319 311 389 352 bus,
414 310 571 353 domibus,
597 309 905 355 congregationibus,
925 311 1061 354 hospita-

322 364 402 397 libus
419 370 449 398 et
464 364 524 409 piis
540 364 627 406 locis,
640 374 762 398 necnon
776 363 954 403 Ordinibus,
969 363 1060 396 eliam

322 417 573 459 Mendicantium,
588 428 623 451 ae
640 417 835 456 militiarum,
849 425 971 448 necnon
992 425 1063 448 con-

322 472 568 506 fraternitatibus
592 477 623 505 et
646 469 916 511 universitatibus,
943 480 1063 502 earum-

323 537 394 570 que,
416 531 447 560 et
465 526 534 561 aliis
552 526 778 567 cuiuscumque
798 523 969 566 dignitatis,
990 533 1062 565 gra-

323 579 382 612 dus
406 585 437 612 et
455 578 641 613 conditionis
671 576 815 621 personis
842 576 1063 609 ecclesiasticis

324 638 355 666 et
371 633 564 667 secularibus
582 641 639 676 per
658 630 841 663 universum
862 629 973 663 orbem
994 639 1064 662 con-

324 687 457 728 stitutis,
487 686 579 720 etiam
608 695 665 729 per
695 684 823 718 modum
854 683 1065 717 communica-

326 739 427 780 tionis,
448 738 646 779 extensionis,
664 741 694 772 et
714 738 789 771 alias
814 736 1064 781 quomodocum-

325 803 402 836 que,
426 796 578 836 perpetuo
602 791 650 825 vel
674 791 713 824 ad
737 796 878 835 tempus,
903 789 1064 834 quibusvis

324 845 427 879 modis
451 850 481 878 et
505 855 542 878 ex
570 845 732 889 quibusvis
765 844 867 878 causis
900 854 1064 884 concessa,

325 909 396 932 cum
420 899 572 932 irritantis
596 898 769 932 adiectione
794 897 921 939 decreti,
944 902 973 931 et
997 897 1066 930 aliis

325 952 549 986 efficacissimis
578 952 726 986 clausulis
750 951 781 984 in
809 951 870 984 illis
896 951 1064 995 appositis,

325 1005 563 1050 suspendimus,
588 1005 809 1039 interdicentes
826 1015 864 1038 ne
885 1005 966 1038 ullae
989 1004 1067 1037 aliae

325 1070 419 1103 quam
448 1059 600 1104 praedicti
633 1070 650 1092 a
682 1059 772 1093 nobis
801 1058 907 1091 indicti
942 1058 1067 1090 iubilaei

327 1113 542 1157 indulgentiae
555 1113 692 1154 interim,
704 1113 766 1146 sive
784 1112 909 1156 publice
927 1112 989 1145 sive
1006 1111 1068 1155 pri-

327 1167 432 1208 vatim,
449 1167 566 1211 ubique
586 1167 730 1200 locorum
751 1177 786 1199 ac
807 1166 949 1209 gentium
970 1164 1069 1209 publi-

327 1225 483 1262 carentur,
497 1220 754 1264 praedicarentur
767 1220 814 1252 vel
832 1219 1067 1258 nunciarentur,
1084 1260 1085 1272 ¹

327 1284 417 1307 secus
439 1279 544 1307 autem
565 1273 714 1306 facientes
735 1272 1068 1306 excommunicationis

327 1327 511 1361 sententiam
525 1338 562 1361 eo
574 1328 642 1372 ipso
659 1328 868 1368 incurrerent,
883 1332 913 1360 et
926 1327 964 1359 ab
978 1326 1068 1360 Ordi-

327 1381 424 1414 nariis
449 1382 592 1415 locorum
610 1392 669 1426 pro
689 1382 916 1424 cuiuscumque
936 1381 1069 1414 arbitrio

327 1435 525 1479 punirentur,
545 1441 575 1469 et
594 1435 680 1477 alias,
698 1440 794 1479 prout
813 1435 844 1468 in
865 1435 977 1468 litteris
995 1445 1069 1478 apo-

328 1490 447 1523 stolicis
471 1490 529 1523 sub
559 1490 689 1534 plumbo
723 1489 876 1534 expeditis
900 1489 992 1522 latius
1016 1500 1070 1522 ex-

329 1543 481 1587 plicatur:

374 1597 389 1640 §
408 1596 438 1630 4.
451 1597 524 1638 Nos,
534 1596 649 1640 quibus
661 1595 831 1640 praecipue
849 1595 987 1629 curanda
1000 1598 1088 1629 sunt'

330 1659 382 1691 ea,
407 1660 487 1693 quae
511 1649 550 1682 ad
573 1649 668 1682 fidem
693 1649 880 1682 catholicam
906 1648 1070 1689 tuendam,

331 1708 369 1745 et,
382 1702 547 1736 adiuvante
560 1703 704 1744 Domino,
716 1702 883 1746 aliquando
897 1711 1073 1746 propagan-

330 1755 403 1790 dam
426 1756 595 1801 pertinent,
620 1756 748 1800 quique,
774 1766 811 1789 eo
836 1755 951 1795 animo,
972 1757 1071 1799 eaque

330 1811 489 1845 voluntate
512 1821 674 1856 nunquam
698 1811 827 1852 fuimus,
851 1815 884 1845 ut
908 1811 1073 1854 indulgen-

330 1864 412 1908 tiae,
443 1865 627 1905 facultates,
656 1864 875 1898 concessiones
900 1869 930 1897 et
954 1864 1073 1898 indulta

330 1928 548 1962 quaecumque
565 1918 679 1951 intuitu
697 1917 902 1962 expeditionis
918 1917 950 1950 in
969 1922 1074 1951 turcas

331 1981 367 2004 ac
387 1971 544 2005 cruciatae
561 1970 742 2004 huiusmodi
768 1970 1009 2014 impedirentur,
1023 1976 1091 2017 aut¹

332 2030 569 2066 revocarentur,
586 2035 621 2058 ac
638 2024 794 2058 dictarum
812 2024 991 2058 litterarum
1012 2035 1076 2058 om-

332 2078 420 2112 nium
444 2079 569 2120 seriem,
594 2089 630 2111 ac
655 2078 680 2111 si
700 2078 738 2111 de
762 2078 859 2111 verbo
880 2078 918 2110 ad
943 2074 1093 2112 verbum?

333 2131 564 2174 insererentur,
593 2131 812 2176 praesentibus
836 2142 895 2176 pro
921 2133 1075 2176 expressis

334 2191 365 2218 et
388 2185 514 2219 insertis
538 2185 699 2225 habentes,
723 2186 909 2219 auctoritate
932 2196 1077 2229 praesen-

335 2239 413 2272 tium
437 2239 646 2280 declaramus,
667 2239 905 2283 suspensionem
933 2236 1093 2272 eamdem'

337 2292 375 2325 ad
399 2292 624 2336 indulgentias,
649 2293 831 2334 facultates,
857 2293 1076 2326 concessiones

337 2351 368 2379 et
391 2345 511 2379 indulta
535 2357 761 2390 quaecumque,
785 2346 952 2380 occasione
976 2346 1094 2386 dictae¹

337 2399 543 2444 expeditionis
567 2405 597 2433 et
621 2400 778 2434 cruciatae
798 2400 829 2433 in
854 2400 1076 2444 Hispaniarum

338 2453 443 2497 regnis
456 2459 486 2487 et
498 2454 567 2487 aliis
587 2453 735 2488 dominiis
753 2458 782 2488 et
798 2454 875 2488 locis
893 2454 1078 2488 charissimo

338 2507 370 2540 in
394 2507 516 2541 Christo
545 2507 610 2541 silio
636 2512 745 2541 nostro
774 2508 921 2551 Philippo
945 2508 982 2540 IV
1008 2508 1078 2540 His-

338 2560 503 2604 paniarum
516 2559 585 2603 regi
601 2560 755 2594 catholico
769 2561 927 2601 subiectis,
941 2565 975 2593 ut
988 2571 1078 2604 prae-

339 2614 449 2655 fertur,
466 2623 623 2654 concessa,
636 2624 699 2647 non
715 2614 849 2655 extendi,
863 2624 962 2658 eaque
975 2613 1080 2647 omnia

341 2674 370 2703 et
387 2668 510 2713 singula
531 2667 589 2702 sub
614 2668 697 2702 dicta
722 2668 926 2712 suspensione
951 2668 1098 2711 minime¹

1092 261 1148 285 v111
1171 262 1219 287 rr.
1739 249 1796 283 2021

1094 309 1338 354 comprehendi,
1364 320 1399 343 ac
1423 313 1590 353 propterea
1614 307 1832 341 commissario

1095 363 1243 405 generali,
1269 369 1299 396 ct
1323 363 1390 396 aliis
1415 361 1454 397 ab
1478 372 1516 396 co
1540 360 1706 405 deputatis,
1726 365 1755 393 et
1775 370 1833 403 pro

1095 421 1237 460 tempore
1254 416 1451 460 deputandis,
1468 415 1572 449 omnia
1589 420 1619 448 et
1636 413 1758 457 singula
1775 412 1834 446 sibi

1095 479 1152 512 per
1172 469 1269 502 dictas
1294 469 1412 502 litteras
1436 468 1622 502 demandata
1639 468 1751 508 facere,
1770 477 1835 499 exe-

1096 521 1149 565 qui
1166 532 1201 555 ae
1219 522 1378 566 plenariae
1397 522 1598 566 exequutioni
1615 518 1834 561 demandat-0¹,

1096 575 1366 620 praedicatoribus
1383 587 1467 617 vero,
1487 576 1570 608 iuxta
1590 580 1694 608 tamen
1711 574 1836 608 easdem

1079 629 1378 673 ¹praedecessorum
1404 634 1434 661 et
1458 634 1580 661 nostras
1605 628 1724 662 litteras
1745 627 1838 671 depu-

1098 682 1169 715 tatis
1194 687 1223 715 et
1247 681 1446 726 deputandis,
1476 680 1686 723 indulgentias
1710 685 1740 713 et
1763 680 1838 713 alias

1098 736 1225 779 gratias,
1245 735 1463 769 concessiones
1483 739 1513 767 et
1530 734 1649 767 indulta
1670 733 1839 777 praedicta,

1099 789 1184 822 iuxta
1204 789 1344 833 ipsarum
1365 788 1541 821 litterarum
1559 792 1701 820 tenorem
1723 792 1752 819 ct
1776 786 1839 818 illa-

1099 854 1171 876 rum
1196 843 1414 885 summarium,
1434 842 1464 875 in
1484 841 1575 875 dictis
1600 841 1716 883 regnis,
1741 840 1839 873 domi-

1100 897 1159 930 niis
1184 902 1213 930 et
1243 897 1321 930 locis
1352 896 1576 940 promulgare,
1601 893 1787 928 denuntiare
1811 898 1841 926 et

1100 951 1305 995 praedicare,
1337 951 1455 994 absque
1490 949 1595 993 aliquo
1632 948 1841 982 conscientiae

1101 1005 1267 1049 scrupulo,
1297 1004 1604 1047 sententiarumque,
1634 1012 1840 1036 censurarum

1102 1059 1148 1092 vel
1164 1069 1337 1102 poenarum
1358 1058 1496 1099 incursu,
1512 1062 1546 1091 ut
1560 1056 1659 1101 prius,
1673 1061 1839 1100 antequam

1102 1112 1228 1145 eaedem
1246 1111 1461 1155 suspensionis
1478 1111 1600 1143 litterae
1618 1121 1635 1143 a
1650 1109 1741 1143 nobis
1762 1119 1842 1142 ema-

1084 1207 1085 1213 *
1101 1172 1236 1205 nassent,
1261 1166 1374 1205 licere;

1147 1220 1162 1259 ξ
1186 1218 1214 1251 5.
1240 1219 1283 1251 lta
1301 1219 1384 1262 quod
1402 1218 1536 1262 desuper
1554 1228 1609 1261 per
1626 1228 1841 1261 quoscumque

1084 1285 1085 1290 ¹
1102 1273 1195 1305 etiam
1220 1273 1363 1305 locorum
1382 1271 1563 1305 Ordinarios
1581 1271 1751 1311 molestari,
1772 1280 1843 1314 per-

1103 1326 1234 1367 turbari,
1251 1331 1304 1359 aut
1316 1325 1462 1370 impediri
1476 1330 1647 1368 nequeant,
1665 1324 1771 1368 sicque
1786 1335 1844 1368 per

1103 1391 1319 1424 quoscumque
1338 1379 1456 1413 iudices
1474 1378 1634 1412 ordinaria
1655 1383 1685 1411 et
1701 1378 1843 1420 delegata

1104 1435 1287 1468 aucteritate
1305 1435 1480 1477 fungentes,
1498 1444 1533 1466 ac
1551 1443 1717 1466 causarum
1738 1432 1844 1475 palatii

1104 1488 1267 1532 apostolici
1292 1487 1461 1529 auditores,
1486 1497 1610 1520 necnon
1634 1491 1758 1520 sanctae
1783 1486 1844 1519 Ro-

1104 1552 1215 1574 manae
1228 1541 1386 1575 Ecclesiae
1404 1540 1589 1581 cardinales,
1602 1540 1633 1572 in
1647 1549 1845 1582 quacumque

1105 1595 1253 1628 instantia
1279 1595 1426 1638 (sublata
1452 1594 1497 1627 eis
1522 1593 1632 1637 quavis
1656 1593 1746 1625 aliter
1770 1592 1847 1625 iudi-

1105 1647 1195 1681 candi
1221 1652 1251 1680 et
1274 1646 1500 1691 interpretandi
1525 1646 1671 1680 facultate
1691 1651 1721 1678 et
1745 1650 1848 1678 aucto-

1105 1701 1210 1745 ritate)
1235 1700 1354 1744 ubique
1379 1700 1512 1733 iudicari
1530 1703 1559 1734 et
1578 1699 1702 1732 definiri
1721 1698 1847 1738 debere,

1105 1766 1228 1789 necnon
1252 1755 1378 1789 irritum
1403 1759 1433 1788 et
1457 1754 1550 1787 inane
1580 1753 1732 1798 quidquid
1757 1763 1848 1786 secus

1106 1820 1162 1853 per
1178 1809 1316 1850 eosdem,
1330 1814 1360 1842 et
1373 1818 1593 1852 quoscumque
1609 1807 1696 1847 alios,
1714 1806 1849 1839 scienter

1107 1864 1155 1896 vel
1172 1863 1356 1906 ignoranter
1381 1861 1549 1904 contigerit
1572 1860 1727 1901 attentari,
1745 1859 1849 1893 decer-

1107 1917 1221 1949 nimus.

1153 1970 1167 2013 ξ
1184 1970 1213 2003 G.
1228 1970 1296 2002 Non
1309 1968 1504 2003 obstantibus
1518 1967 1710 2012 praemissiS,
1727 1977 1762 2000 ac
1780 1977 1850 2000 con-

1109 2023 1323 2058 stitutionibus
1343 2028 1373 2055 et
1390 2021 1641 2056 ordinationibus
1657 2020 1849 2064 apostolicis,

1110 2077 1284 2120 ceterisque
1309 2076 1465 2117 omnibus,
1486 2086 1564 2119 quae
1583 2080 1643 2107 tam
1664 2074 1737 2108 dicti
1758 2085 1849 2118 prae-

1110 2131 1301 2171 decessores,
1327 2141 1420 2174 quam
1445 2140 1501 2162 nos
1526 2129 1557 2161 in
1581 2127 1783 2162 concessione
1808 2127 1851 2160 in-

1092 2184 1362 2233 ,dulgentiarunu
1387 2188 1417 2215 et
1441 2183 1575 2215 aliorum
1609 2181 1850 2226 privilegiorum

1110 2238 1148 2270 ad
1172 2238 1311 2271 favorem
1336 2237 1437 2270 dictae
1458 2235 1668 2280 expeditionis
1689 2245 1851 2268 concesso-

1110 2302 1191 2333 rum,
1218 2291 1373 2324 voluimus
1397 2300 1460 2323 non
1485 2290 1621 2323 obstare.

1155 2346 1170 2389 ξ
1195 2344 1223 2377 7.
1248 2345 1287 2378 Ut
1304 2349 1408 2377 autem
1429 2343 1599 2376 declaratio
1616 2347 1724 2375 nostra
1743 2341 1852 2374 liuius-

1111 2398 1206 2439 modi,
1231 2398 1354 2441 quoties
1375 2408 1455 2441 opus
1475 2396 1577 2437 fuerit,
1598 2395 1781 2435 innotescat,
1803 2405 1853 2427 vo-

1111 2453 1215 2485 lumus
1240 2452 1353 2484 harum
1377 2451 1554 2483 litterarum
1579 2449 1736 2492 exempla,
1758 2448 1851 2482 etiam

1112 2506 1275 2549 impressa,
1289 2514 1384 2536 manu
1401 2503 1515 2536 notarii
1532 2502 1650 2547 publici
1667 2501 1852 2546 subscripta,

1113 2570 1149 2592 ac
1162 2568 1315 2602 personae
1332 2558 1363 2589 in
1386 2557 1537 2600 dignitate
1554 2556 1766 2590 ecclesiastica
1784 2565 1854 2588 con»

1114 2613 1238 2647 stitutae
1263 2612 1367 2655 sigillo
1385 2611 1558 2654 obsignata,
1578 2610 1695 2654 ubique
1713 2610 1851 2653 gentium

1151 2677 1161 2703 1
1181 2674 1250 2703 Edit.
1269 2674 1347 2703 Main.
1365 2674 1429 2710 legit
1444 2673 1619 2702 demandari
1634 2674 1671 2710 (n.
1689 2674 1737 2709 an).

1849 259 1898 285 An.
1918 259 2031 286 01624

1885 1232 2004 1252 Clausulam

1935 1977 2048 2002 Derogatio

1865 2005 2027 2026 contrariorum.

1946 2351 2051 2377 Exemplis

1867 2379 1936 2399 danda
1952 2379 2012 2399 tides.
