2269 3235
283 289 330 315 Αη.
348 289 377 316 c.
400 288 466 316 1623
513 279 555 312 24

304 351 343 381 itas
352 355 465 376 cangi-oga·

283 381 334 398 tuoni
358 383 465 398 sacrorum

283 404 465 425 rnuumcommts-
481 390 559 422 latos
583 397 748 432 processus
768 391 797 419 et
820 386 1001 430 petitionem
1026 386 1064 418 ad
1087 385 1217 419 dilectos

283 437 306 452 sa
322 431 373 455 suit,

311 880 339 900 Ae
348 880 424 901 deiude
433 885 467 900 ro-

285 909 319 927 tae
335 907 468 927 auditoribus

284 939 322 959 par
331 933 417 954 Paulum
428 933 468 954 Pa-

284 965 311 985 pa
323 959 348 982 V.

322 2307 398 2333 Etsque
419 2315 434 2327 r·
445 2309 470 2328 1⁶.-

288 2335 394 2359 ranutius,
417 2336 471 2356 iila-in

289 2360 382 2381 Pontifex
409 2370 433 2381 «e

288 2387 319 2406 uit
342 2388 366 2407 att
390 2389 471 2408 1»μ,μ;·1.

289 2414 391 2435 rationein
412 2416 471 2439 Ιμι.,,,

525 337 540 380 5
563 335 592 369 3.
614 336 744 380 Ipseque
763 334 904 368 Clemens
922 333 1145 378 praedecessor
1166 333 1218 366 ob-

480 442 562 475 filios
578 445 711 481 nostros,
729 444 801 474 tune
819 450 902 480 suos,
920 443 1044 471 sanctae
1061 439 1218 472 Romanae

482 494 637 527 Ecclesiae
661 492 834 526 cardinales
863 502 959 535 super
984 492 1082 524 sacris
1106 491 1218 523 ritibus

481 548 647 592 deputatos
665 545 876 579 discutiendos
894 545 1116 585 commisisset,
1134 544 1220 577 ‹licti-

481 611 542 644 que
566 600 740 633 cardinales
764 599 907 643 petitioni
932 598 1111 642 praedictae
1135 597 1220 630 satis-

482 653 657 687 faciendum
682 663 750 686 esse
774 652 977 692 censuissent,
1002 652 1027 685 si
1052 652 1094 684 ita
1118 651 1219 684 eidem

482 706 631 740 Clementi
656 705 892 750 praedecessori
916 705 1103 749 placuisset,
1125 710 1154 737 et
1178 704 1220 737 di-

483 766 549 794 ctus
566 760 708 794 Clemens
725 759 947 803 praedecessor
961 763 1062 792 morte
1074 767 1220 801 praeven-

483 819 531 846 tus
560 813 636 846 nihil
669 812 803 856 desuper
834 812 1024 845 constituere
1052 810 1218 854 potuisset:

528 865 583 909 §lc
603 865 718 899 Similis
732 864 958 898 recordationis
973 864 1085 897 Paulus
1102 864 1183 907 Papa
1198 865 1220 896 V

484 918 629 952 similiter
640 917 864 962 praedecessor
880 922 997 957 noster,
1010 917 1150 960 repetitis
1164 927 1220 959 per

483 972 584 1005 dictos
608 971 768 1016 principes
792 981 828 1003 ac
852 969 1065 1013 praepositum
1092 974 1121 1002 et
1145 969 1219 1002 reli-

483 1026 587 1069 giosos
610 1035 646 1057 ac
669 1024 758 1058 novis
778 1033 835 1067 per
859 1022 961 1055 clarae
985 1022 1078 1055 etiam
1104 1032 1221 1055 memo-

483 1079 549 1112 riae
565 1077 735 1111 llenricum
750 1077 785 1109 lv
804 1076 997 1109 Francorum
1019 1081 1048 1109 et
1064 1076 1220 1109 Navarrae

483 1141 590 1174 regem
615 1129 908 1164 christianissimum
930 1128 1083 1173 porrectis
1108 1129 1222 1161 instan-

482 1185 533 1217 tiis
558 1188 737 1228 permotus,
761 1182 923 1227 praedicto
955 1182 1108 1225 Gregorio
1134 1193 1221 1226 prae-

482 1237 662 1278 decessori,
687 1243 761 1270 tunc
785 1237 816 1269 in
841 1235 1016 1269 minoribus
1041 1236 1220 1277 constituto,

483 1297 513 1324 et
536 1290 640 1324 officio
663 1289 816 1323 auditoris
840 1299 1006 1322 causarum
1026 1289 1132 1332 palatii
1149 1299 1222 1333 apo-

484 1344 584 1378 stolici
608 1343 760 1387 fungenti,
777 1354 812 1376 ac
832 1343 952 1376 dilectis
971 1342 1043 1375 filiis
1061 1343 1221 1386 Alphonso

484 1397 670 1431 Manzanedo
690 1402 720 1430 et
739 1397 845 1430 Ioanni
860 1395 1016 1440 Baptistae
1033 1396 1220 1439 Pamphilio,

484 1452 576 1485 etiam
601 1460 767 1484 causarum
796 1449 979 1483 earumdem
1004 1448 1220 1491 auditoribus,

483 1504 567 1538 dedit
584 1504 615 1537 in
635 1502 796 1543 mandatis,
820 1507 855 1535 ut
878 1511 1004 1535 causam
1029 1501 1220 1543 huiusmodi,

483 1558 514 1590 iu
539 1562 620 1590 statu
642 1562 673 1589 et
696 1556 838 1589 terminis
855 1555 969 1599 quibus
994 1554 1221 1598 reperiebatur,

484 1623 490 1644 1
502 1615 723 1650 eassumentes‚
738 1609 992 1652 coniunctimque
1005 1608 1221 1652 procedentes,

485 1667 551 1697 acta
575 1663 679 1696 omnia
697 1668 727 1696 et
750 1662 952 1707 probationes
975 1661 1220 1706 perpenderent,

485 1723 524 1758 et,
548 1717 573 1750 si
598 1728 677 1761 opus
701 1721 798 1758 esset,
824 1716 900 1749 alios
926 1721 1018 1748 testes
1043 1725 1137 1759 super
1161 1715 1221 1748 vita

485 1776 515 1802 vt
546 1769 705 1803 miraculis
737 1769 876 1802 eiusdem
906 1768 1017 1811 Ignatii
1048 1778 1105 1812 per
1136 1778 1168 1800 se
1192 1774 1222 1801 et

485 1824 562 1857 alios
592 1823 630 1856 ab
659 1823 703 1856 eis
733 1822 981 1865 subdelegandos
1011 1822 1048 1854 de
1080 1831 1161 1854 novo
1190 1821 1221 1853 in

486 1886 601 1919 genere
624 1876 810 1920 reciperent,
829 1880 857 1908 et
878 1886 972 1919 super
992 1875 1040 1907 his
1065 1885 1158 1907 suum
1179 1874 1223 1918 ip-

486 1940 593 1963 sorum
618 1930 853 1974 interponerent
878 1928 1042 1969 iudicium,
1066 1933 1110 1968 ut,
1135 1928 1160 1960 si
1185 1938 1221 1960 ex

486 1984 522 2016 iis
546 1986 702 2016 constaret
720 1983 945 2027 inquisitiones,
965 1982 1167 2026 probationes
1187 1992 1222 2014 ac

487 2047 651 2081 processus
670 2036 849 2070 huiusmodi
871 2046 938 2069 esse
958 2036 1098 2079 legitime
1115 2036 1222 2077 sactOS,

487 2100 675 2134 causamque
699 2090 889 2123 sufficienter
921 2100 988 2122 esse
1019 2089 1222 2129 instructam,

487 2153 522 2177 ea
545 2149 650 2188 posset
673 2144 740 2188 ipse
768 2144 880 2177 Paulus
909 2143 1132 2187 praedecessor
1156 2153 1224 2175 exe-

487 2197 539 2241 qui
564 2207 643 2240 quae
668 2202 847 2229 sanctorum
872 2201 996 2240 patrum
1022 2197 1169 2239 dogmata
1194 2201 1224 2228 et

489 2260 648 2283 aestrorum
667 2259 821 2283 canonum
838 2250 996 2293 postulant
1016 2249 1162 2283 instituta.

531 2303 546 2346 ἓ
570 2304 598 2335 5.
625 2303 710 2336 Unde
735 2302 807 2335 dieti
832 2302 1000 2342 auditores,
1026 2302 1099 2334 visis
1123 2306 1152 2334 et
1177 2301 1223 2334 di-

438 2369 454 2381 v·
490 2357 619 2395 2egenter
649 2356 796 2389 discussis
824 2356 1023 2400 processibus
1047 2366 1154 2388 coram
1179 2356 1223 2388 eis

489 2411 654 2451 vrbihitis,
686 2415 877 2443 cens-uerunt
907 2420 978 2442 eum
1012 2410 1072 2442 illis
1107 2410 1223 2442 debere

489 2463 636 2506 coniungi
665 2474 831 2507 processus
849 2463 1033 2496 auctoritate
1050 2458 1223 2507 apostoliea

489 2516 708 2556 conficiendos,
733 2522 762 2549 et
787 2517 824 2549 ad
844 2517 927 2549 hunc
951 2516 1095 2549 effectum
1117 2527 1174 2560 per
1191 2526 1223 2549 se

491 2569 573 2613 ipsos
598 2569 628 2601 in
652 2569 790 2602 Romana
808 2569 910 2610 Curia,
929 2575 955 2601 et
977 2580 1032 2612 per
1056 2570 1223 2603 nonnullos

489 2622 741 2666 archiepiscopos
765 2627 794 2653 et
818 2622 980 2665 episcopos
998 2628 1083 2655 extra
1108 2633 1174 2656 eam
1194 2623 1223 2655 in

489 2676 618 2707 diversis
645 2676 748 2707 mtmdi
776 2676 915 2719 partibus
947 2676 984 2707 ab
1013 2677 1056 2708 cis
1081 2676 1223 2709 subdele-

1068 284 1246 309 BULLARIUM
1269 283 1421 309 ROMANUM

2004 281 2097 308 Λη.(λ
2121 282 2187 308 1623

1252 338 1350 377 gatos,
1368 331 1517 366 iuridicos
1537 339 1704 375 processus
1722 338 1818 374 super
1841 330 1991 373 praemis-

1252 387 1294 419 sis
1319 385 1430 419 confici
1456 389 1623 419 curarunt:
1649 383 1773 427 quibus
1798 383 1883 416 iussu
1907 383 1989 416 eius-

1252 440 1323 473 dem
1342 439 1430 473 Pauli
1449 437 1711 483 praedecessoris
1729 436 1767 469 ad
1784 436 1909 470 eosdem
1926 446 1990 469 car-

1252 492 1370 525 dinales
1387 503 1481 536 super
1498 491 1595 524 sacris
1610 490 1733 530 ritibus,
1750 494 1784 522 ut
1802 489 1990 532 praefertur,

1252 545 1417 589 deputatos
1442 543 1643 584 transmissis,
1661 548 1691 576 et
1714 553 1770 587 per
1795 552 1848 575 eos
1872 541 1946 575 visis
1963 546 1992 576 et

1252 598 1426 641 perpensis,
1450 597 1533 630 idem
1558 596 1672 629 Paulus
1695 595 1930 639 praedeeessor,
1955 604 1991 628 ex

1253 651 1405 684 sententia
1420 650 1601 684 eorumdem
1620 648 1835 688 cardinalium,
1850 647 1934 691 quod
1950 647 1993 680 di-

1254 710 1321 737 ctus
1345 704 1483 747 ignatius
1507 704 1619 736 Beatus
1643 702 1828 746 nuncupari,
1850 707 1880 734 et
1900 701 1939 734 de
1955 711 1992 734 eo

1254 758 1348 790 missa
1374 762 1403 790 et
1427 757 1566 790 officium
1590 756 1629 789 de
1653 755 1813 789 communi
1834 754 1991 788 Confesso-

1254 811 1297 843 ris
1317 820 1380 844 non
1405 809 1565 843 Pontificis
1585 809 1738 842 celebrari
1763 812 1886 852 posset,
1906 807 1992 840 beni-

1254 873 1315 906 gne
1332 862 1486 896 concessit
1501 867 1531 895 et
1550 862 1687 894 indulsit.

1299 917 1313 959 ξ
1337 916 1366 949 6.
1385 916 1422 948 Et
1446 915 1567 956 deinde,
1585 925 1657 948 cum
1673 924 1783 958 preces
1799 924 1921 955 eorum,
1938 914 1991 957 qui
2031 927 2110 948 aetnae
2122 933 2191 957 nme

1253 978 1312 1012 pro
1337 968 1571 1001 canonizatione
1603 967 1742 1000 eiusdem
1773 967 1855 1000 beati
1881 966 1992 1010 Ignatii
2007 954 2192 1011 ἓὲιῗέωῗῖἒῗέἒῖ

1254 1021 1446 1061 institerant,
1471 1019 1583 1053 fierent
1607 1019 1638 1052 in
1663 1019 1730 1052 dies'
1753 1021 1920 1060 auctiores,
1941 1006 2192 1055 vo-ssitiissitstiiiigniiw

1254 1076 1320 1108 lens
1344 1074 1426 1107 idem
1453 1074 1566 1106 Paulus
1583 1073 1808 1117 praedecessor
1833 1073 1865 1106 in
1889 1072 1994 1106 huius-

1254 1127 1339 1161 modi
1358 1128 1451 1160 causa
1465 1126 1638 1160 secundum
1652 1125 1912 1160 consuetudinem
1929 1135 1995 1158 san-

1255 1187 1322 1214 ctae
1346 1180 1434 1214 Sedis
1450 1179 1647 1224 Apostolicae
1670 1179 1853 1224 procedere,
1878 1179 1995 1212 eisdem

1254 1234 1450 1268 auditoribus
1466 1244 1523 1277 per
1540 1233 1674 1277 speciale
1694 1233 1884 1277 rescriptum
1909 1242 1995 1266 man-

1255 1288 1347 1328 davit,
1364 1293 1397 1320 ut
1422 1297 1589 1332 processus
1612 1287 1710 1321 factos
1734 1287 1828 1320 etiam
1852 1286 1890 1320 de
1913 1296 1996 1320 novo

1254 1341 1494 1385 perpenderent,
1520 1344 1549 1374 et
1573 1340 1650 1373 alios
1677 1345 1770 1373 testes
1792 1350 1889 1384 super
1914 1340 1995 1373 veri-

1255 1399 1315 1429 tate
1331 1395 1578 1439 praemissorum
1592 1395 1623 1427 in
1637 1394 1741 1438 specie
1754 1393 1992 1437 diligentissime

1255 1448 1479 1489 examinarent,
1504 1451 1534 1482 et
1557 1447 1616 1492 ipsi
1639 1447 1736 1480 Paulo
1760 1446 1994 1491 praedecessori

1255 1502 1418 1535 referrent.

1300 1556 1314 1598 g
1339 1554 1367 1587 7.
1392 1554 1480 1594 Quod
1504 1554 1631 1598 quidem
1661 1553 1842 1586 mandatum
1873 1553 1994 1586 audito-

1255 1618 1305 1641 res
1329 1608 1481 1652 praedicti
1507 1608 1629 1651 exequi,
1646 1612 1741 1651 prout
1764 1617 1820 1650 par
1841 1612 1919 1647 erat,
1946 1616 1996 1640 vo-

1254 1662 1364 1702 lentes,
1379 1672 1505 1694 causam
1530 1661 1673 1694 similiter
1697 1660 1735 1693 de
1751 1670 1833 1694 novo
1850 1664 1996 1693 excutere

1256 1720 1415 1758 ceperunt,
1427 1720 1457 1747 et
1477 1715 1554 1747 alios
1567 1714 1770 1758 quamplures
1790 1717 1883 1747 testes
1901 1723 1996 1757 super

1255 1768 1372 1801 eisdem
1390 1767 1571 1812 praemissis
1588 1777 1644 1811 per
1661 1777 1694 1799 se
1711 1767 1795 1810 ipsos
1808 1771 1997 1809 receperunt

1256 1821 1286 1853 in
1311 1820 1394 1853 dicta
1419 1821 1517 1861 curia,
1535 1825 1565 1853 et
1581 1830 1637 1864 per
1655 1820 1732 1853 alios
1756 1819 1794 1852 ab
1819 1819 1864 1852 eis
1888 1819 1997 1852 subde-

1256 1875 1376 1917 legatos
1408 1879 1496 1907 extra
1524 1884 1592 1907 eam
1626 1873 1797 1906 examinari
1828 1878 1996 1913 curarunt,

1256 1938 1291 1961 ac
1315 1928 1465 1960 nonnulla
1490 1927 1559 1960 iura
1579 1927 1617 1959 ad
1638 1937 1765 1959 eausam
1791 1925 1936 1959 facientia
1959 1936 1997 1959 ex

1256 1981 1395 2014 archivio
1420 1981 1520 2013 dictae
1544 1980 1707 2014 Societatis
1731 1984 1942 2019 extraxerunt,
1968 1984 1998 2012 et

1256 2035 1436 2079 Alphonsus
1461 2045 1496 2068 ac
1522 2035 1653 2068 Ioannes
1677 2034 1814 2078 Baptista
1838 2033 1997 2066 auditores

1256 2088 1429 2131 praedicti,
1458 2097 1581 2121 necnon
1610 2087 1741 2119 dilectus
1778 2086 1860 2118 silius
1891 2091 1997 2119 noster

1257 2141 1441 2174 Franciscus
1458 2141 1597 2173 eiusdem
1619 2145 1744 2173 sanctae
1768 2140 1927 2173 Romanae
1944 2139 1997 2178 Ec-

1257 2194 1369 2228 clesiae
1400 2193 1568 2226 cardinalis
1600 2193 1745 2226 Sacratus
1777 2197 1996 2236 nuncupatus,

1257 2253 1344 2288 tunc,
1370 2252 1530 2290 tamquam
1555 2246 1812 2290 archiepiscopus
1837 2246 1997 2279 Damasce-

1257 2312 1325 2341 nus,
1350 2311 1431 2334 unus
1455 2310 1491 2333 ex
1516 2299 1713 2332 auditoribus
1739 2309 1905 2332 causarum
1923 2299 1996 2332 dicti

1257 2355 1362 2398 palatii
1395 2354 1631 2393 locumtencns,
1665 2357 1694 2385 et
1725 2353 1756 2384 in
1787 2353 1891 2385 locum
1923 2353 1996 2387 dicti

1257 2407 1402 2451 Gregorii
1426 2406 1694 2450 praedecessoriS,
1720 2406 1772 2449 qui
1798 2407 1858 2438 iam
1888 2407 1926 2439 ad
1951 2417 1998 2439 ec-

1258 2461 1383 2494 clesiam
1414 2460 1642 2494 Bononiensem
1673 2465 1853 2504 assumptus
1877 2460 1997 2501 fuerat,

1257 2508 1456 2557 subrogatus,
1477 2515 1507 2546 iu
1532 2513 1676 2557 pluribus
1700 2513 1998 2556 congregationibus

1258 2570 1338 2601 iuter
1363 2578 1416 2601 eos
1448 2567 1561 2600 habitis
1592 2568 1628 2599 de
1661 2577 1742 2600 novo
1773 2566 1941 2600 fabricatos
1970 2573 1996 2599 et

1258 2622 1334 2655 alios
1359 2631 1525 2665 processus
1544 2621 1720 2664 praedictos
1745 2620 1837 2653 etiam
1863 2630 1997 2663 perpen-

1258 2676 1391 2708 derunt:
1423 2674 1554 2717 illosque
1586 2674 1724 2716 legitime
1757 2673 1935 2709 confectos,
1960 2683 1996 2704 ac

2046 1563 2114 1584 notae
2135 1564 2194 1584 audi·

2010 1593 2067 1610 tores
2079 1590 2151 1616 Papae
2162 1596 2194 1612 ro·

2012 1617 2080 1638 rerunt
2110 1622 2195 1643 proces-

2011 1649 2045 1663 sus
2101 1643 2194 1668 legitime

2012 1675 2058 1690 esse
2073 1669 2186 1691 confectos.
