2269 3235
134 187 183 215 An.
199 185 228 214 G.
249 184 317 213 1624

197 2108 269 2130 Nullae
291 2113 340 2128 vero

157 2136 213 2157 aliae
227 2135 342 2160 suffragan·

158 2165 193 2183 tui·
228 2165 341 2188 exemptio-

939 177 1081 204 URBANUS
1106 176 1163 202 VIII
1187 177 1235 202 Pr.

333 230 504 271 fratribus,
536 229 687 263 militibus
718 232 748 263 et
776 228 844 261 aliis
874 237 1073 271 quocumque

334 284 461 319 nomine
485 284 689 327 nuncupatis,
709 281 903 316 secularibus
927 285 958 313 et
981 290 1074 322 regu-

335 339 464 380 laribus,
475 338 650 382 ceterisque
664 337 889 379 cuiuscumque
903 333 1074 376 dignitatis,

336 397 444 435 status,
469 392 585 436 gradus
609 396 639 424 et
663 389 849 424 conditionis
871 386 1075 421 existentibus

338 448 571 490 (praeterquam
596 444 686 478 dictis
709 441 932 484 cardinalibus)
956 439 1077 483 praedi-

339 505 388 533 cta
411 509 611 543 quocumque
636 498 712 537 iure,
737 495 842 535 modo,
866 494 1030 527 occasione
1048 496 1077 526 ct

340 553 429 587 titulo
453 551 665 586 obtinentibus
684 560 738 582 scu
756 547 968 581 detinentibus
981 551 1011 579 et
1027 545 1079 579 ob-

340 607 483 647 tenturis,
506 614 626 639 necnon
643 601 823 636 oeconomis
839 606 869 634 et
886 599 1080 633 administra-

341 660 472 701 toribus,
491 657 650 704 perpetuis
674 667 728 690 seu
752 654 992 700 temporalibus,
1009 664 1081 687 usu-

342 713 530 753 sructuariis,
554 723 590 745 ac
613 712 744 751 fructus,
768 710 950 754 pensiones,
976 718 1027 741 res
1051 712 1082 741 et

341 768 401 800 alia
423 775 639 811 quaecumque
662 763 841 798 huiusmodi
862 763 930 796 iura
949 767 980 795 ct
998 762 1082 795 bona

341 831 379 854 ex
403 829 601 863 quacumque
625 819 729 859 causa,
755 817 863 862 quavis
887 815 1082 855 auctoritate,

341 873 373 906 in
397 878 462 906 toto
492 872 541 906 vel
572 872 603 905 in
635 877 725 916 parte
756 871 815 904 sibi
844 874 1004 903 reservata
1032 874 1084 902 aut

342 937 489 960 concessa
500 926 688 959 habentibus
702 926 749 958 vel
765 924 930 967 habituris,
941 924 1086 957 seculari-

341 979 402 1013 bus
419 984 449 1013 et
465 979 664 1023 regularibus
681 978 844 1019 Ordinum,
869 976 1086 1021 congregatio-

343 1043 428 1074 num,
445 1033 631 1066 militiarum
649 1037 679 1065 et
693 1032 896 1075 hospitalium
914 1030 1087 1076 praedicto-

344 1097 426 1127 rum,
451 1096 573 1120 necnon
593 1086 631 1118 ab
656 1085 731 1129 ipsis
756 1085 906 1126 ecclesiis,
932 1083 1085 1128 capitulis,

345 1140 560 1181 conventibus,
581 1139 753 1179 ordinibus,
780 1137 1087 1181 congregationibus,

346 1195 487 1237 collegiis
502 1221 509 1235 ‚
537 1192 763 1237 hospitalibus,
788 1191 929 1232 militiis,
954 1190 1088 1230 mensis,

347 1248 458 1282 massis
482 1252 513 1280 et
536 1247 612 1280 locis
637 1256 837 1290 quocumque
862 1244 1028 1289 privilegio
1059 1248 1090 1276 et

347 1301 546 1345 exemptione
571 1300 658 1341 reali,
676 1299 833 1344 personali
859 1303 889 1331 et
914 1298 1021 1339 mixta,
1039 1308 1089 1330 an-

348 1355 434 1399 tiqua
458 1359 487 1387 et
507 1353 760 1393 immemorabili,
785 1352 916 1396 pacifica
941 1356 971 1384 et
995 1351 1092 1385 conti-

347 1410 442 1441 nuata
465 1407 610 1447 suffultis,
635 1417 714 1450 quos
739 1416 847 1439 omnes
871 1405 1023 1449 (exceptis
1042 1416 1092 1438 su-

350 1461 513 1506 pradictis)
530 1461 561 1493 in
577 1460 698 1493 unavel
712 1459 856 1504 pluribus
874 1458 1091 1499 solutionibus,

348 1520 383 1550 ut
395 1517 583 1560 praefertur,
595 1515 819 1549 collectoribus
828 1513 996 1558 praedictis
1007 1514 1093 1546 volu-

349 1581 420 1603 mus
437 1570 591 1603 decimam
609 1568 802 1613 praedictam
828 1568 908 1601 infra
921 1567 1093 1600 terminum

350 1623 389 1656 ab
416 1623 535 1656 eisdem
564 1622 786 1656 collectoribus
811 1620 1092 1666 praescribendum

351 1676 551 1721 persolvisse,
577 1676 617 1709 ita
642 1681 686 1716 ut,
711 1675 764 1719 qui
789 1675 955 1719 pensiones
972 1675 1093 1708 solvere

352 1730 476 1771 debent,
500 1730 593 1763 etiam
612 1729 739 1763 nomine
755 1729 1029 1773 pensionariorum
1046 1729 1096 1761 de-

352 1783 466 1816 cimam
490 1783 678 1827 pensionum
699 1782 892 1826 persolvant,
918 1787 945 1814 ct
972 1782 1095 1823 deinde,

354 1837 384 1869 in
393 1837 546 1880 proximis
556 1836 894 1880 terminispensionum
902 1836 1095 1877 huiusmodi,

355 1901 424 1923 eam
441 1896 540 1924 ratam
556 1891 614 1923 sibi
632 1890 787 1923 retineant
805 1890 843 1923 ad
868 1890 1021 1924 rationein
1047 1890 1097 1923 de-

355 1954 422 1976 cem
436 1954 494 1988 pro
507 1944 697 1984 centenario,
717 1943 777 1976 nisi
799 1943 892 1976 iidem
911 1944 1096 1977 collectores

355 1997 393 2030 ab
411 1997 553 2041 ipsismet
568 1996 777 2041 pensionariis
797 2007 868 2029 cam
884 1997 1011 2039 exigere
1036 2007 1099 2038 ma7

356 2052 481 2085 luerint.

401 2106 461 2149 ἐξ).
486 2106 694 2139 Decernentcs
721 2105 822 2138 nullas
845 2104 974 2138 omnino
998 2114 1100 2137 exem-

356 2159 479 2203 ptiones
502 2164 533 2192 et
556 2159 770 2191 immunitates
801 2157 995 2191 exactionem
1015 2158 1099 2191 deci-

358 2224 428 2247 mae
453 2213 634 2247 huiusmodi
667 2212 819 2257 impedire
850 2223 963 2257 posse;
993 2212 1100 2256 sicque

359 2277 415 2310 per
431 2277 647 2311 quoscumque
671 2266 789 2300 iudices
807 2271 837 2299 et
854 2266 1100 2306 commissarios,

360 2320 454 2353 etiam
470 2331 635 2354 causarum
661 2320 765 2364 palatii
791 2320 954 2364 apostolici
979 2319 1101 2352 audito-

360 2383 411 2406 res
433 2383 469 2406 ac
492 2374 666 2407 cardinales
691 2373 878 2417 praedictos,
899 2372 983 2406 etde
1002 2372 1101 2406 latere

360 2427 479 2470 legatos
496 2427 629 2470 (sublata
650 2426 694 2460 eis
710 2432 740 2460 et
757 2437 866 2460 eorum
884 2426 1013 2460 cuilibet
1029 2437 1101 2469 qua-

359 2479 406 2513 vis
422 2480 513 2513 aliter
528 2479 685 2513 iudicandi
710 2485 740 2513 et
761 2480 985 2524 interpretandi
1009 2480 1103 2513 sacul-

361 2536 421 2568 tate
445 2538 475 2567 et
498 2534 696 2578 auctoritate)
714 2534 845 2567 iudicari
863 2539 893 2567 et
908 2533 1033 2566 definiri
1052 2533 1103 2566 de-

361 2586 448 2629 bere,
471 2597 507 2621 ac
530 2587 655 2623 irritum
678 2592 708 2620 et
728 2587 828 2629 inane,
846 2587 872 2622 si
892 2597 981 2622 secus
1005 2597 1102 2632 super

1106 227 1154 259 bis
1171 237 1188 259 a
1201 233 1370 269 quoquam,
1383 223 1493 268 quavis
1505 222 1700 262 auctoritate,
1715 222 1848 254 scienter

1109 280 1154 311 vel
1180 280 1374 322 ignoranter,
1399 275 1565 319 contigerit
1588 274 1742 308 attentari.

1152 334 1167 376 ἓ
1187 334 1215 365 6,
1239 333 1277 365 Ut
1294 335 1396 366 autem
1414 329 1592 375 supradicta
1603 328 1770 371 diligenter
1783 338 1851 361 exe-

1109 385 1251 428 quutioni
1280 385 1527 424 demandentur,
1556 382 1702 416 eumdem
1727 382 1760 414 N.
1786 392 1851 425 epi-

1110 449 1241 482 scopum
1259 449 1295 471 ac
1312 438 1460 472 dilectum
1484 437 1583 470 filium
1608 435 1773 470 officialem
1798 434 1854 479 Ey-

1111 496 1288 531 stetensem,
1313 491 1351 523 dc
1374 501 1509 534 quorum
1536 490 1713 533 integritate
1733 493 1763 522 et
1782 499 1855 532 pru-

1111 546 1216 579 denua
1252 545 1425 589 plurimum
1465 544 1652 577 confidimus
1673 570 1680 584 ,
1715 542 1856 575 decimae

1112 599 1290 644 praedictae
1307 598 1492 631 collectores
1512 598 1542 629 in
1560 597 1694 637 civitate,
1709 595 1856 636 dioecesi,

1113 653 1216 698 patria
1232 657 1263 686 et
1278 652 1395 685 ditione
1412 650 1604 691 huiusmodi,
1622 661 1693 683 cum
1711 649 1858 683 omnibus

1115 705 1394 745 iurisdictionibus,
1411 714 1490 748 quae
1510 703 1691 736 huiusmodi
1709 703 1857 736 collecto-

1116 761 1203 794 ribus
1216 760 1255 793 de
1272 759 1340 793 iure
1356 759 1404 792 vel
1425 757 1651 791 consuetudine
1664 755 1859 801 quomodoli-

1116 814 1169 848 bet
1181 818 1373 858 competunt,
1382 812 1567 846 auctoritate
1579 816 1609 844 et
1618 815 1727 844 tenore
1738 809 1860 854 praedi-

1118 868 1174 901 ctis
1188 866 1407 901 constituimus
1417 861 1446 899 e't
1456 865 1654 909 deputamus,
1667 863 1860 902 mandantes,

1118 925 1152 956 ut
1171 920 1322 966 quidquid
1338 919 1410 953 inde
1429 930 1486 964 per
1503 930 1536 953 se
1552 920 1600 952 vel
1617 918 1862 952 subcollectores

1120 985 1192 1010 suos
1217 975 1387 1019 exegerint,
1411 973 1442 1007 id
1466 984 1559 1007 omne
1583 973 1614 1006 in
1637 972 1816 1017 praedictos
1832 976 1863 1004 et

1119 1040 1183 1063 non
1207 1029 1284 1062 alios
1309 1039 1384 1062 usus
1409 1027 1534 1071 erogari
1559 1031 1670 1060 curent
1689 1031 1720 1059 et
1738 1025 1862 1065 saciant,

1121 1094 1156 1117 ac
1180 1084 1214 1116 N.
1241 1083 1388 1127 episcopo
1413 1085 1442 1116 et
1466 1081 1591 1114 ossiciali
1608 1079 1774 1124 praedictis
1796 1079 1862 1123 ple-

1121 1148 1192 1170 nam
1208 1164 1215 1177 ,
1239 1136 1374 1169 liberam
1407 1141 1437 1168 et
1464 1136 1600 1179 amplam
1629 1145 1664 1167 ac
1689 1134 1864 1167 absolutam

1122 1194 1308 1234 potestatem
1322 1189 1477 1223 decimam
1491 1188 1673 1221 huiusmodi
1686 1187 1802 1231 ubique
1815 1197 1866 1220 eo-

1123 1254 1194 1276 rum
1218 1243 1350 1276 arbitrio
1375 1242 1494 1286 (habita
1518 1247 1622 1275 tamen
1646 1241 1768 1274 ratione
1784 1251 1867 1274 com-

1124 1297 1228 1329 munis
1252 1295 1479 1330 aestimationis
1510 1296 1688 1335 fructuum,
1713 1305 1749 1327 ac
1773 1294 1866 1327 etiam

1124 1361 1257 1384 onerum
1282 1350 1395 1393 cuique
1420 1349 1581 1390 ecclcsiae,
1606 1353 1658 1381 aut
1682 1348 1752 1382 loco
1777 1358 1867 1381 sacro

1125 1404 1172 1437 vel
1196 1404 1269 1448 pio,
1294 1403 1378 1437 unde
1403 1402 1555 1446 exigenda
1580 1402 1659 1442 erit,
1684 1401 1869 1434 incumben-

1124 1458 1218 1502 tium)
1242 1457 1368 1491 taxandi
1385 1462 1416 1490 et
1433 1456 1587 1499 exigendi,
1602 1461 1705 1499 atque,
1721 1455 1775 1488 ubi
1791 1466 1870 1499 opus

1127 1512 1230 1552 suerit,
1241 1511 1426 1545 moderandi
1440 1516 1469 1544 et
1487 1510 1525 1543 ad
1542 1510 1698 1543 minorem
1712 1520 1869 1543 summam

1126 1566 1307 1607 reducendi,
1325 1565 1503 1609 praedictos
1522 1574 1632 1598 omnes
1656 1569 1719 1597 tam
1743 1563 1871 1597 coniun-

1127 1620 1201 1652 ctim
1226 1629 1319 1663 quam
1344 1618 1468 1651 divisim
1492 1617 1531 1650 ad
1551 1617 1706 1660 integram
1725 1616 1809 1649 illius
1826 1627 1872 1649 so-

1127 1673 1291 1713 lutionem,
1308 1672 1401 1705 etiam
1419 1682 1475 1715 per
1496 1669 1723 1704 edictum-locis
1736 1669 1871 1714 publicis

1128 1726 1330 1770 affigendum,
1355 1725 1448 1759 etiam
1474 1724 1531 1757 sub
1556 1723 1698 1757 censuris
1716 1728 1746 1756 et
1762 1722 1871 1766 poenis

1128 1780 1347 1814 ecclesiasticis
1372 1778 1519 1812 monendi
1544 1782 1574 1811 et
1598 1776 1789 1821 requirendi,
1810 1786 1872 1809 non

1129 1839 1285 1878 parentes,
1303 1838 1503 1867 contumaces
1521 1836 1550 1864 et
1568 1831 1747 1864 fraudantes
1760 1830 1791 1863 in
1805 1840 1873 1863 cen-

1130 1898 1220 1924 suras
1244 1892 1275 1920 et
1299 1897 1418 1931 poenas
1442 1885 1619 1930 praedictas
1643 1884 1790 1917 incidisse
1819 1883 1873 1916 de-

1131 1941 1292 1981 clarandi,
1317 1940 1550 1985 proprietates,
1583 1940 1702 1972 fructus
1733 1943 1762 1971 et
1792 1937 1874 1970 bona

1131 1996 1274 2039 ipsorum
1295 1986 1568 2038 apprehendendi,
1589 1996 1619 2026 et
1642 2002 1742 2035 usque
1765 1991 1804 2023 ad
1828 2001 1875 2023 sa-

1131 2049 1338 2082 tisfactionem
1364 2046 1529 2087 retinendi,
1547 2045 1794 2089 perturbatores,
1811 2055 1876 2078 mo-

1133 2103 1297 2136 lestatores
1314 2106 1344 2134 et
1363 2100 1496 2133 rebelles
1516 2108 1743 2143 quoscumque,
1768 2098 1875 2142 eisque

1133 2156 1300 2196 auxilium,
1325 2154 1490 2188 eonsilium
1516 2153 1562 2185 vel
1587 2153 1725 2185 savorem
1750 2151 1875 2196 publice

1135 2211 1181 2243 vel
1210 2209 1333 2243 occulte
1356 2207 1467 2251 quovis
1492 2206 1633 2251 quaesito
1659 2206 1765 2239 colore
1789 2215 1876 2248 prae-

1135 2268 1261 2303 stantes,
1279 2262 1505 2305 cuiuscumque
1524 2260 1695 2303 dignitatis,
1715 2259 1831 2302 gradus
1845 2262 1876 2291 et

1135 2317 1254 2352 ordinis
1267 2316 1392 2356 suerint,
1401 2314 1578 2359 praedictiS‚
1588 2313 1720 2357 aliisque
1734 2311 1876 2345 censuris

1134 2377 1164 2405 et
1177 2370 1286 2416 poenis
1299 2369 1529 2409 ecclesiasticis,
1541 2378 1664 2401 necnon
1677 2366 1876 2411 pecuniariis,

1135 2424 1310 2468 ceterisque
1334 2422 1411 2456 iuris
1436 2425 1466 2456 ct
1488 2421 1561 2454 sacti
1588 2420 1735 2454 remediis
1765 2430 1877 2463 oppor-

1134 2478 1218 2512 tunis
1243 2475 1461 2520 compellendi,
1486 2475 1617 2518 illasque
1640 2474 1733 2507 etiam
1758 2473 1877 2506 iteratis

1136 2532 1255 2565 vicibus
1271 2529 1472 2573 agg-ravandi,
1488 2528 1702 2571 dignitatibus,
1714 2527 1877 2561 beneficiis

1135 2589 1164 2621 et
1188 2584 1300 2619 officiis
1323 2582 1470 2617 omnibus
1493 2581 1637 2626 privandi
1653 2584 1685 2616 et
1699 2579 1875 2623 amovendi,

1753 163 1815 198 487
1863 173 1912 200 An.
1928 173 1957 201 c.
1979 173 2046 201 1624

1923 341 2050 361 enitentem

1828 381 1834 386 -
1868 367 2002 394 deputantur.
