2269 3235
245 234 292 258 Au.
310 233 337 258 (ἶ.
362 231 426 259 1627

284 296 428 320 lnxequutuffl

245 325 362 346 praesentis
381 321 428 341 bul-

246 349 284 370 lae.

318 1779 432 1803 Dernfzatie

250 1808 410 1829 «pullariorum.

475 223 537 254 situ

487 279 569 321 §itt
594 280 743 317 Quocirca
770 277 890 311 dilectis
916 277 988 309 liliis
1014 287 1179 308 causarum

444 333 549 365 curiae
565 344 705 365 raiuerae
723 331 913 374 apostolieae
933 329 1070 372 generali
1096 329 1181 362 audi—

446 386 515 425 tori,
536 398 569 417 ar
591 385 816 417 venerabilium
843 385 974 415 l‘ratruui
1000 387 1181 415 nostrorum

446 440 636 471 liaurelauae
662 443 688 469 et
716 437 928 469 Aneonilanae
959 436 1181 480 cpiscoporum

447 491 568 523 rit-ariis
586 491 616 522 in
635 490 851 533 spiritualibus
871 489 1082 531 generalibus,
1097 493 1183 523 tuolu

445 544 537 576 simili
564 543 757 584 mandamus,
782 548 935 586 quatenus
956 543 1024 587 ipsi,
1042 543 1089 576 vel
1110 543 1183 584 duo,

445 602 492 628 aut
515 607 593 629 uuus
619 607 740 637 eorum,
770 607 827 640 per
855 607 897 637 se,
925 597 972 629 vel
1000 597 1106 638 alium,
1130 607 1183 629 seu

445 649 531 689 alios,
550 654 728 692 praesentes
748 650 916 692 litteras,et
934 650 964 682 in
980 649 1025 683 eis
1041 654 1184 682 contenta

445 714 671 746 qumwumque,
684 703 736 735 ubi
751 708 780 735 et
794 703 919 747 quando
934 714 1013 747 opus
1033 703 1136 743 suerit,
1149 714 1185 735 ac

445 755 566 799 quoties
583 766 640 798 pro
661 762 749 799 parte
768 762 926 789 rectorum
947 760 977 790 et
993 756 1183 789 scholarium

445 809 624 842 huiusmodi
661 809 776 842 suerint
805 809 970 853 requisiti,
1003 810 1185 843 solemniter

447 863 661 906 publicantes,
687 862 813 906 illisque
838 862 972 894 efficacis
996 862 1185 895 defensionis

444 916 600 959 praesidio
625 915 824 957 assistentes,
856 915 970 948 saciant
1001 915 1185 949 auctoritate

445 970 551 1002 nostra
577 968 702 1001 easdem
727 972 917 1011 praesentes,
943 972 973 1000 ct
996 967 1027 999 in
1052 967 1096 1000 cis
1116 978 1185 1000 con-

446 1027 527 1054 tenta
552 1021 752 1062 huiusmodi,
778 1021 816 1053 ab
846 1021 1010 1062 omnibus,
1040 1021 1078 1053 nd
1106 1032 1186 1065 quos

445 1078 564 1118 spectat
583 1078 611 1107 et
631 1085 688 1117 pro
703 1079 845 1117 tempore
870 1074 1030 1117 spectabit,
1052 1075 1186 1107 firmiter

445 1133 473 1159 et
500 1127 722 1161 inviolabiliter
746 1127 919 1168 observari,
940 1138 975 1159 ac
993 1133 1132 1161 rectores
1156 1133 1186 1161 et

445 1182 606 1215 scholares
637 1182 793 1225 praefatos
826 1181 886 1214 illis
914 1181 1044 1225 pacifice
1069 1183 1131 1215 srui
1157 1187 1185 1215 et

446 1235 602 1277 gaudereg
628 1245 690 1267 non
714 1234 931 1278 permittentes
963 1246 1017 1268 cos
1049 1235 1186 1279 desuper

444 1299 500 1332 per
531 1299 748 1331 qtioscumtpie
781 1289 1018 1331 quomodolibet
1050 1289 1186 1323 indebite

446 1342 622 1380 molestari;
649 1341 896 1375 contradictores
913 1342 1069 1385 quoslibet
1089 1348 1118 1375 et
1143 1354 1187 1376 re-

446 1395 541 1427 belles
567 1406 624 1438 per
647 1405 795 1427 censuras
816 1400 845 1428 et
869 1406 986 1439 poenas
1003 1396 1189 1428 ecclesiasti-

447 1459 506 1489 cas,
532 1449 657 1492 aliaque
671 1452 848 1492 opportuna
865 1449 942 1481 iuris
959 1454 989 1481 et
1006 1449 1077 1482 sacti
1090 1460 1189 1483 reme-

447 1502 505 1543 dia,
527 1502 736 1545 appellatione
749 1503 932 1546 postposita,
947 1503 1187 1547 compescendo,

447 1567 481 1588 ae
497 1566 645 1588 censuras
660 1561 689 1587 et
702 1566 818 1599 poenas
839 1556 931 1599 ipsas,
950 1559 1073 1590 serrata
1086 1558 1189 1590 fornia

447 1610 575 1642 Concilii
597 1609 779 1651 Tridentini,
806 1615 835 1642 et
860 1610 978 1643 iteratis
998 1610 1118 1643 vicibus
1139 1622 1189 1654 ag-

448 1662 618 1705 gravando,
641 1663 783 1696 invocato
800 1663 892 1695 etiam
917 1663 956 1695 ad
980 1664 1050 1705 hoc,
1067 1665 1091 1696 si
1110 1675 1188 1708 opus

448 1717 550 1755 fuerit,
575 1716 693 1749 auxilio
715 1716 836 1749 brachii
861 1717 1021 1750 secularis.

492 1770 507 1812 g
529 1769 579 1802 ⁹20.
605 1770 672 1802 Non
697 1769 892 1802 obstantibus
913 1770 1188 1804 constitutionibus

449 1828 478 1855 et
495 1822 744 1855 ordinationibus
760 1823 951 1866 apostolicis,
973 1834 1009 1857 ac
1028 1824 1127 1858 dietae
1149 1824 1189 1858 ei-

451 1876 551 1908 ritatis
575 1877 767 1910 Laurctanae
790 1877 990 1920 (iuramento,
1014 1878 1186 1911 confirma-

451 1930 533 1962 tione
550 1930 731 1973 apostolica,
757 1930 804 1962 vel
825 1930 933 1974 (piaris
956 1931 1104 1964 firmitate
1129 1932 1188 1964 alia

450 1983 619 2026 roboratis)
639 1983 761 2015 statutis
778 1988 807 2016 et
825 1984 1115 2026 consuetudinibus,
1129 1985 1191 2029 pri-

451 2036 572 2079 vilegiis
592 2047 728 2079 quoque,
747 2036 874 2069 indultis
892 2042 921 2069 et
937 2037 1049 2070 litteris
1067 2044 1190 2082 aposto-

450 2091 527 2131 licis,
551 2090 712 2133 quibusris
738 2091 1003 2132 universitatitms,
1029 2091 1188 2134 collegiis,

451 2154 623 2187 eorumque
648 2144 824 2177 rectoribus
852 2149 882 2177 et
906 2145 1071 2188 personis,
1095 2145 1189 2179 etiam

452 2197 507 2228 sub
534 2197 787 2240 quibuscumque
812 2197 982 2231 verborum
1008 2199 1190 2240 tenoribus,

453 2261 487 2282 ac
512 2262 582 2283 eum
607 2251 768 2294 quibusvis
792 2251 885 2285 eliani
918 2251 1189 2295 derogatoriarum

453 2304 671 2346 derogatoriis,
697 2304 829 2348 aliisque
854 2305 1083 2339 efficacioribus
1103 2312 1133 2339 et
1149 2306 1192 2339 in-

455 2358 552 2390 solitis
569 2359 726 2399 clausulis,
740 2358 997 2402 irritantibusspic
1015 2364 1042 2393 et
1059 2359 1128 2392 aliis
1142 2360 1192 2393 dc-

455 2411 555 2442 cretis
571 2411 600 2443 in
614 2422 729 2454 genere
746 2412 793 2444 vel
810 2411 841 2444 in
857 2412 972 2455 specie,
988 2412 1079 2446 etiam
1093 2418 1190 2455 motu,

455 2464 581 2496 scientis!
600 2470 627 2496 et
643 2466 805 2508 potestatis
818 2466 1011 2510 plenitudine
1026 2466 1191 2510 similibus,

455 2527 488 2548 ae
514 2517 588 2549 alias
612 2518 862 2561 quomodolibet,
888 2519 982 2552 etiam
1007 2519 1125 2553 iteratis
1150 2520 1191 2553 vi-

456 2570 557 2608 minis,
583 2571 753 2611 ‹troneessis,
778 2572 959 2615 approbatis
984 2578 1013 2606 et
1037 2573 1191 2607 innovatis

458 2622 582 2665 Quibus
592 2624 748 2665 onmibus,
758 2626 877 2659 etiamsi
888 2626 925 2659 de
938 2626 1008 2668 illis,
1019 2637 1191 2671 eorumque

1021 229 1200 253 ntJLLAmUM
1222 228 1376 252 ROMANUM

1216 276 1286 309 totis
1313 276 1485 317 tenoribus,
1508 287 1567 320 pro
1587 287 1697 310 eorum
1722 278 1887 312 sufficienti
1907 279 1957 312 de-

1215 330 1389 373 rogatione,
1407 330 1561 373 specilica‚
1580 341 1726 374 expressa
1741 336 1771 364 et
1787 331 1954 374 individua,

1215 393 1250 415 ac
1274 383 1312 415 de
1336 383 1431 415 verbo
1456 383 1494 415 ad
1519 383 1659 423 verbum,
1684 393 1747 416 non
1770 389 1873 417 autem
1898 396 1955 429 per

1216 436 1371 469 clausulas
1381 436 1544 479 generales
1558 436 1639 469 idem
1650 436 1863 481 importantes,
1874 449 1957 472 men-

1218 489 1259 522 tio
1277 500 1331 521 scu
1349 489 1476 532 quaeris
1497 489 1556 521 alia
1569 489 1729 533 expressio
1747 490 1889 523 habenda
1905 497 1957 524 aut

1217 543 1320 587 aliqua
1334 543 1393 575 alia
1408 542 1562 586 exquisita
1572 543 1671 576 forma
1682 543 1720 576 ad
1733 543 1794 577 hoc
1806 544 1957 577 servanda

1218 593 1323 637 soret¹,
1339 600 1462 629 tenores
1476 596 1667 637 huiusmodi,
1678 606 1713 629 ac
1724 596 1749 629 si
1763 596 1801 630 dc
1814 597 1910 631 verbo
1920 598 1958 631 ad

1219 649 1361 690 verbum,
1378 649 1455 682 nihil
1476 650 1600 694 penitus
1621 649 1749 692 omisso,
1763 655 1793 683 et
1809 651 1911 684 forma
1926 651 1958 684 in

1219 702 1279 735 illis
1304 702 1417 736 tradita
1442 703 1618 744 observata,
1642 703 1750 736 inserti
1774 703 1886 745 forent,
1903 705 1959 738 eis-

1219 755 1289 787 dem
1308 756 1526 799 praesentibus
1539 767 1597 800 pro
1615 757 1708 801 plene
1725 762 1755 790 et
1768 757 1959 792 sufficienter

1219 808 1373 850 expressis
1386 808 1545 851 habentes,
1560 809 1620 842 illis
1636 810 1711 842 alias
1726 809 1758 842 in
1774 820 1831 844 suo
1844 810 1959 844 robore

1219 861 1447 904 permansuris,
1458 862 1517 895 hac
1530 862 1596 895 vice
1609 862 1770 896 dumtaxat
1782 864 1959 908 specialiter

1219 918 1249 946 et
1265 924 1422 957 expresse,
1440 919 1526 947 motu
1550 915 1631 958 pari,
1653 915 1867 961 derogamus),
1885 928 1959 951 con-

1221 967 1324 998 trariis
1358 967 1632 1010 quffiuscumque,
1662 973 1716 1000 aut
1743 968 1768 1000 si
1798 969 1960 1012 quibusvis

1220 1019 1433 1051 communiter
1446 1024 1500 1052 aut
1513 1019 1636 1053 divisim
1650 1021 1688 1053 ab
1706 1021 1816 1054 eadem
1830 1022 1870 1055 sit
1881 1022 1961 1056 Sede

1220 1071 1385 1114 indultum,
1410 1072 1495 1116 quod
1513 1072 1667 1114 interdici,
1688 1074 1837 1118 suspendi
1850 1075 1897 1107 vel
1911 1085 1962 1108 ex-

1221 1125 1448 1158 communicari
1467 1135 1529 1158 non
1543 1125 1666 1169 possint
1682 1137 1740 1170 per
1756 1127 1876 1160 litteras
1888 1138 1962 1172 apo-

1220 1179 1344 1212 stolicas
1368 1190 1432 1213 non
1456 1181 1603 1214 facientes
1626 1182 1754 1225 plenam
1778 1187 1808 1215 et
1831 1194 1961 1227 expres-

1221 1244 1285 1266 sam
1309 1244 1345 1266 ac
1369 1234 1407 1267 de
1432 1235 1528 1268 verbo
1552 1235 1590 1268 ad
1615 1236 1746 1270 verbum
1772 1237 1810 1271 de
1841 1238 1962 1273 indulto

1221 1287 1401 1321 huiusmodi
1423 1288 1625 1322 mentionem.

1266 1342 1280 1384 ἓ
1305 1341 1356 1374 21.
1382 1342 1532 1375 Volumus
1549 1347 1664 1384 autem,
1680 1343 1764 1388 quod
1779 1345 1960 1378 earumdem

1222 1396 1437 1439 praesentium
1450 1397 1664 1442 transumptis,
1678 1398 1772 1431 etiam
1789 1399 1961 1443 impressis,

1222 1460 1318 1482 manu
1333 1450 1446 1483 notarii
1461 1451 1578 1494 publici
1594 1452 1792 1496 subscriptis,
1810 1456 1839 1487 et
1856 1453 1961 1496 sigillo

1223 1505 1383 1536 communi
1401 1505 1473 1538 dicti
1489 1505 1623 1548 collegii,
1641 1510 1695 1538 aut
1711 1506 1843 1539 alieuius
1857 1506 1963 1540 curiae

1223 1556 1462 1598 ecclesiasticae,
1489 1568 1543 1590 seu
1572 1569 1726 1602 personae
1756 1558 1787 1591 in
1813 1558 1964 1602 dignitate

1223 1610 1434 1643 ecelesiastica
1459 1611 1646 1645 constitutae
1675 1612 1824 1655 munitis,
1855 1613 1964 1646 eadem

1222 1675 1352 1708 prorsus
1376 1664 1454 1697 fides
1478 1664 1509 1697 in
1533 1665 1648 1699 iudicio
1669 1671 1699 1698 et
1718 1670 1805 1698 extra
1822 1676 1858 1699 ac
1878 1666 1963 1708 alias,

1222 1718 1413 1762 ubicumque
1438 1729 1519 1762 opus
1542 1719 1656 1760 fuerit,
1688 1719 1859 1762 habeatur,
1884 1731 1963 1763 quae

1223 1772 1392 1805 haberetur
1415 1772 1533 1805 eisdem
1557 1773 1786 1816 praesentibus,
1811 1773 1836 1806 si
1860 1774 1964 1807 forent

1223 1825 1379 1859 exhibitae
1404 1826 1451 1858 vel
1476 1830 1628 1859 ostensae.

1268 1880 1283 1922 g
1307 1879 1358 1912 22.
1384 1879 1467 1913 Nulli
1485 1890 1561 1922 ergo
1583 1879 1710 1913 omnino
1730 1880 1895 1914 hominum
1918 1881 1960 1914 li-

1224 1938 1290 1965 ceat
1310 1932 1389 1965 hanc
1406 1933 1554 1976 paginam
1570 1939 1695 1966 nostrae
1714 1933 1891 1976 erectionis,
1915 1935 1963 1967 in-

1224 1985 1407 2028 stitutionis,
1429 1986 1551 2027 statuti,
1579 1986 1785 2020 ordinationis
1799 2014 1806 2027 ,
1831 1987 1964 2030 indulti,

1224 2039 1442 2081 adiunctionis‚
1462 2039 1691 2082 declarationis,
1706 2041 1964 2083 confirmationis,

1225 2091 1442 2134 subiectionis,
1464 2093 1697 2135 submissionis,
1723 2093 1962 2137 impartitionis,

1225 2145 1464 2186 constitutionis,
1485 2145 1705 2189 deputationis,
1729 2146 1856 2189 decreti,
1882 2158 1960 2181 con-

1224 2199 1412 2239 cessionum,
1436 2199 1640 2242 clargitionis,
1657 2200 1888 2242 mandatorum,
1908 2201 1961 2234 de-

1225 2254 1397 2297 rogationis
1415 2259 1444 2286 et
1460 2253 1628 2286 voluntatis
1648 2254 1838 2297 infringere,
1862 2255 1911 2288 vel
1936 2255 1964 2288 ei

1225 2318 1303 2340 ausu
1327 2307 1493 2341 temerario
1518 2307 1684 2340 contraire.
1710 2307 1741 2341 Si
1766 2308 1835 2351 quis
1859 2313 1964 2341 autem

1225 2361 1285 2394 hoc
1309 2365 1461 2394 attentare
1484 2361 1750 2405 praesumpserit,
1775 2361 1965 2405 indignatio-

1224 2425 1296 2448 nem
1317 2414 1539 2458 omnipotcntis
1558 2414 1613 2447 Dei
1640 2425 1675 2447 ac
1695 2415 1862 2449 beatorum
1882 2417 1965 2449 Petri

1226 2474 1255 2501 et
1279 2468 1366 2502 Pauli
1389 2469 1603 2512 apostolorum
1628 2469 1695 2501 eius
1720 2479 1752 2502 sc
1771 2469 1894 2502 noverit
1917 2469 1965 2502 in-

1226 2532 1404 2555 cursurum.

1269 2575 1379 2609 Datum
1389 2575 1517 2616 Romae,
1528 2574 1612 2619 apud
1626 2575 1655 2608 S.
1665 2575 1793 2608 Mariam
1803 2575 1962 2617 Maiorem,

1262 2639 1272 2665 t
1287 2636 1358 2665 Edit.
1369 2637 1452 2665 Maia.
1466 2637 1531 2673 legit
1545 2637 1698 2672 servanda,
1711 2640 1737 2668 et
1748 2640 1860 2666 tenores
1870 2637 1961 2674 (aaz).

1968 233 2018 259 An.
2033 232 2061 260 C.
2084 231 2150 260 ¹627

2014 1355 2160 1382 Exemplorum

1977 1382 2036 1404 fides.

2005 1889 2092 1911 Sanctio
2112 1895 2162 1917 poe-

1977 1917 2039 1938 ualis.
