2269 3235
115 231 164 260 An.
185 230 213 259 C.
229 229 297 258 1626

144 1248 194 1271 Rex,
205 1246 301 1272 regiique

117 1275 205 1296 ministri
215 1273 303 1294 illudi-0-

118 1302 167 1327 cipi,
176 1302 249 1327 petunt
261 1300 302 1320 sibi

117 1328 217 1355 permitti.

152 2207 247 2233 Indulget
256 2206 309 2228 Pon-

127 2234 185 2255 tifex.

915 227 1056 251 Ulmanus
1081 227 1136 250 vm
1160 227 1207 250 PP.

311 277 371 310 tiae
391 285 466 319 erga
490 275 519 309 S.
538 274 572 308 R.
595 275 628 308 E.
654 273 912 309 conservatione*
937 274 968 306 in
991 274 1050 307 tuis

313 334 342 362 et
367 329 481 362 exteris
506 329 676 361 ditionibus
701 321 874 370 obscenis,
892 327 959 359 aliis
984 338 1051 369 gra-

313 383 448 416 vissimis
473 383 596 415 assidue
621 382 796 425 sumptibus
823 381 939 423 urgeri,
965 392 1050 411 siun-

313 448 395 468 mam
412 436 502 469 unius
519 436 667 468 niillionis
684 440 713 467 et
726 434 903 475 octuaginta
918 433 1049 465 millium

314 490 465 522 librarum
490 489 528 521 de
553 488 713 530 regalibus
737 487 844 519 deceni
870 496 928 528 pro
953 486 1050 528 qnali-

314 543 365 576 bet
389 543 469 575 libra
494 541 597 586 spacio
622 540 799 584 quindecim
821 549 987 578 annorum,
1008 549 1052 571 se-

314 595 476 640 ptuaginta
489 594 573 627 mille
587 593 729 625 videlicet
739 602 797 635 pro
808 591 947 635 quolibet
960 602 1050 631 anno,

314 647 564 693 persolvendam,
580 646 611 678 in
633 645 726 679 certis
747 644 888 677 terminis
908 655 943 677 ac
958 645 1051 678 modo

315 707 345 734 et
362 702 461 734 forma
479 704 552 733 tunc
574 697 739 742 expressis,
757 708 812 730 seu
830 697 1050 740 exprimendis,

315 753 507 797 exigendam,
534 751 686 784 maiestati
710 756 780 783 tuae
798 756 907 794 sponte
927 751 1053 784 obtulis-

315 811 392 846 sent,
410 805 602 838 venerabiles
616 805 728 838 fratres
742 804 981 848 archiepiscopi,
993 805 1054 848 cpi-

314 859 399 902 scopi
417 862 447 892 et
464 858 541 891 aliae
566 868 729 902 personae,
750 868 872 891 necnon
889 859 1054 891 universus

314 916 412 944 status
437 911 666 944 ecclesiasticus
690 911 721 943 in
746 911 882 944 comitiis
913 910 1052 944 eiusdem

314 964 404 1007 regni
429 964 612 1007 congregati
629 964 660 996 in
677 964 832 997 solutione
852 964 952 998 dictae
972 975 1054 996 sum-

314 1028 383 1050 mae
408 1028 466 1061 pro
491 1019 576 1050 certa
601 1018 679 1057 rata,
700 1022 808 1050 nostro
833 1023 863 1050 et
878 1017 972 1050 huius
989 1028 1055 1050 san-

316 1077 382 1104 ctae
400 1071 487 1104 Sedis
504 1070 670 1104 accedente
695 1071 903 1115 beneplacito,
920 1082 1053 1104 concur-

315 1135 387 1157 rere
411 1124 554 1157 similiter
578 1130 688 1168 sponte
712 1125 894 1157 obtulerunt
924 1130 953 1157 et
981 1136 1054 1169 pro-

316 1179 478 1212 miserunt.

361 1233 376 1276 ἓ
400 1232 429 1264 2.
450 1232 526 1265 Cum
547 1236 661 1274 autem,
680 1231 760 1265 sicut
776 1232 884 1265 eadem
902 1233 1055 1277 expositio

318 1286 536 1329 subiungebat,
554 1297 590 1319 ex
615 1297 652 1320 eo
677 1287 760 1330 quod
776 1298 832 1330 per
847 1288 1055 1321 Lateranensc

317 1340 508 1381 concilium,
542 1340 745 1384 diversasque
779 1340 855 1373 alias
890 1342 1056 1375 canonicas

317 1393 502 1436 sanctiones,
517 1394 575 1426 sub
590 1393 721 1427 diversis
736 1394 876 1427 censuris
891 1400 921 1427 et
937 1396 1056 1438 poenis,

318 1453 464 1480 caveatur
488 1457 644 1491 expresse,
665 1458 704 1480 nc
730 1458 831 1490 reges,
849 1448 1007 1493 principes
1028 1455 1058 1482 et

317 1501 369 1533 alii
393 1500 596 1543 magistratus
621 1502 777 1534 seculares
794 1501 832 1533 ab
852 1502 1058 1545 archiepisco-

317 1554 375 1598 pis,
395 1554 558 1598 episcopis,
580 1555 744 1587 abbatibus
769 1560 798 1587 et
822 1555 890 1587 aliis
914 1556 1057 1598 personis

317 1607 554 1648 ecclesiasticis,
579 1608 673 1640 etiam
699 1613 809 1651 sponte
833 1608 1057 1648 offerentibus,

318 1661 454 1705 aliquam
478 1662 684 1705 pecuniarum
709 1672 866 1694 summam
897 1662 961 1694 sire
987 1663 1059 1695 sub-

317 1715 495 1748 ventionem
519 1715 682 1758 recipiant,
707 1714 852 1747 maiestas
879 1718 938 1755 tua,
959 1726 994 1747 ac
1015 1715 1058 1747 tui

318 1767 402 1800 illius
421 1768 510 1811 regni
527 1768 662 1800 ministri
680 1768 836 1809 dubitetis,
855 1773 952 1800 ratam
972 1779 1059 1812 prae-

320 1822 434 1855 dictam
469 1822 670 1866 recipiendo,
703 1833 850 1855 censuras
883 1827 912 1857 et
942 1834 1059 1867 poenas

320 1876 496 1920 praedictas
520 1876 683 1909 incurrere
701 1882 729 1910 et
750 1877 855 1910 forsan
880 1877 1059 1918 incurrisse,

323 1934 352 1963 et
371 1934 549 1974 propterea,
568 1941 626 1974 pro
644 1935 714 1963 tuae
738 1935 768 1963 et
792 1931 948 1964 dictorum
973 1932 1062 1964 mini-

322 1987 460 2016 strorum
485 1983 693 2016 conscientiae
718 1984 831 2027 quiete,
849 1984 939 2017 nobis
961 1985 1061 2017 humi-

321 2037 393 2070 liter
416 2037 586 2081 supplicari
609 2038 731 2078 seceris,
749 2043 902 2082 quatenus
922 2038 952 2070 in
971 2050 1061 2083 prae-

322 2090 425 2124 missis
449 2095 589 2123 nostram
614 2096 644 2123 et
668 2091 761 2123 liuius
786 2091 872 2124 Sedis
898 2093 1062 2125 auctorita-

322 2149 385 2177 tem
410 2145 611 2189 interponere
635 2145 861 2188 dignaremur:

368 2198 383 2241 ξ
406 2197 435 2230 3.
460 2198 533 2238 Nos,
551 2199 675 2231 attentis
700 2198 892 2242 praemissis,
910 2199 1063 2242 supplica-

324 2249 460 2283 tionibus
483 2251 664 2284 huiusmodi
688 2252 837 2292 inclinati,
857 2252 1008 2285 oblationi
1033 2258 1063 2285 et

325 2304 525 2347 promissioni
549 2315 605 2348 per
629 2305 812 2338 universum
836 2305 980 2338 eumdem
1006 2310 1063 2339 sta-

326 2362 391 2390 tum
417 2358 670 2400 ecclesiasticum,
690 2358 832 2391 videlicet
856 2359 1064 2403 archiepisco-

324 2421 391 2454 pos,
410 2410 573 2454 episcopos
597 2416 627 2444 et
643 2411 717 2444 alias
741 2422 891 2455 personas
915 2413 1062 2445 ecclesia-

327 2464 429 2503 sticas,
446 2463 485 2496 ad
505 2463 650 2496 effectum
666 2457 875 2508 praemissum
903 2466 1063 2501 dumtaxat

326 2518 425 2559 factis,
448 2529 507 2562 pro
531 2519 589 2552 hae
613 2519 679 2552 vice
702 2525 822 2553 tantum
837 2547 844 2561 ,
869 2526 1009 2554 nostram
1035 2527 1064 2554 et

326 2572 420 2605 huius
433 2571 520 2604 Sedis
532 2573 749 2606 auctoritatem
763 2574 993 2618 interponimus
1006 2585 1063 2618 per

363 2635 375 2661 1
393 2633 463 2661 Edit.
480 2633 559 2660 Main.
576 2634 641 2669 legit
654 2637 908 2664 conservationem.

411 2688 490 2717 Ball.
510 2688 594 2717 Rom.
614 2703 648 2708 —
671 2689 729 2719 Vol.
750 2690 831 2718 XIII.
978 2690 1013 2718 63

1085 278 1282 317 praesentes;
1315 272 1582 316 nihilominusque
1615 271 1824 315 archiopisco-

1085 328 1151 370 pis,
1181 327 1335 371 episcopis
1360 333 1389 359 ct
1413 327 1481 358 aliis
1506 325 1722 358 ecclesiasticis
1748 336 1821 367 per-

1085 380 1168 411 sonis
1194 381 1370 423 praedictis,
1388 385 1420 412 ut
1438 385 1535 412 ratam
1560 378 1749 419 huiusmodi,
1770 389 1825 421 per

1085 438 1148 472 cos,
1163 439 1196 465 ut
1211 434 1396 476 piacscrtur,
1417 434 1565 471 oblatam,
1583 432 1772 475 pcrsolxcrc,
1790 442 1825 463 ac

1086 490 1136 518 tua
1162 486 1307 517 maiestas
1332 491 1361 517 et
1388 486 1429 519 tui
1456 486 1589 517 ministri
1612 496 1679 517 carn
1707 490 1823 528 petere,

1086 538 1240 581 recipcre,
1267 539 1392 577 exigere
1418 544 1448 569 ct
1473 539 1584 579 levare,
1607 538 1724 581 absque
1751 548 1825 569 con-

1086 590 1263 631 sci‹=ntiae¹,
1288 602 1342 623 seu
1368 602 1570 623 censurariun
1597 596 1627 623 et
1653 602 1825 634 poenarum

1086 644 1317 688 praedicturum
1333 644 1470 683 incursu,
1491 644 1589 675 libere
1609 648 1638 677 ct
1658 644 1739 676 licite
1757 654 1827 687 pos-

1087 698 1147 730 sint
1171 702 1200 729 et
1220 697 1350 738 valeant,
1376 696 1547 740 apostolica
1566 697 1762 736 auctoritate,
1780 707 1826 729 ea-

1088 751 1230 784 rumdem
1253 755 1360 785 tenore
1380 750 1604 794 praesentium,
1626 750 1827 783 concedimus

1088 810 1117 837 et
1141 804 1348 847 indulgemus.

1132 857 1199 902 ξ-ί.
1235 858 1383 901 Ipsosque
1414 856 1668 900 archiepiscopos
1699 856 1824 899 episco-

1087 923 1164 955 pos,
1190 912 1318 944 abbates
1343 916 1372 944 et
1396 911 1472 943 alias
1498 921 1649 954 personas
1675 910 1824 942 ccclesia·
1843 901 1898 941 „⁴2⁹
1948 904 1952 915 ¹

1089 966 1191 1006 sucas,
1217 970 1247 998 et
1272 976 1379 998 earum
1405 965 1565 1007 singulas,
1591 967 1744 1007 quatenus
1770 963 1827 1007 ipsi
1844 956 1878 994 Im

1088 1019 1203 1052 dictam
1225 1024 1324 1052 ratam
1350 1019 1410 1051 iam
1436 1018 1648 1062 promiserint,
1667 1021 1718 1050 aut
1734 1008 1899 1050 solve-{7¹⁸⁰
1929 1037 1936 1048 ι
1980 1008 1984 1020 ’

1090 1072 1160 1113 rint,
1177 1083 1300 1105 necnon
1318 1072 1460 1105 camdem
1477 1072 1670 1104 maiestatem
1697 1076 1781 1102 tuam
1800 1075 1830 1103 et

1090 1131 1159 1159 tuos
1184 1126 1343 1158 ministros
1367 1126 1553 1169 praedictos,
1575 1125 1598 1157 si
1625 1124 1767 1157 eamdem
1785 1135 1831 1156 ra-

1090 1185 1151 1212 tam
1178 1180 1239 1212 iam
1260 1180 1468 1223 perceperint,
1486 1179 1524 1211 ab
1549 1178 1694 1211 omnibus
1719 1183 1748 1210 ct
1773 1178 1831 1210 sin-

1090 1234 1171 1277 gulis
1189 1233 1329 1267 censuris
1343 1239 1372 1265 et
1388 1233 1507 1276 poenis,
1524 1244 1580 1276 per
1598 1243 1650 1265 eos
1664 1237 1831 1276 propterea

1090 1287 1327 1331 quomodolibet
1350 1286 1494 1328 incursis,
1521 1285 1704 1319 auctoritate
1730 1290 1759 1317 et
1783 1290 1830 1318 te-

1090 1351 1167 1374 nore
1191 1340 1374 1384 praedictis,
1396 1339 1597 1380 absolxiinus,
1618 1345 1648 1372 et
1671 1339 1831 1372 absolutos

1091 1395 1157 1427 sore
1184 1404 1347 1426 censemus
1372 1397 1402 1427 et
1425 1393 1631 1426 declaramus.

1136 1449 1150 1491 ξ
1167 1448 1195 1481 5.
1213 1449 1281 1481 Non
1299 1447 1494 1480 obstantibus
1509 1446 1702 1490 praemissis,
1716 1457 1751 1479 ac
1768 1446 1832 1489 qui·
1847 1458 1958 1480 obstantia
1971 1458 2030 1479 iona.

1091 1502 1286 1544 buscumque
1300 1500 1574 1534 constitutionibus
1589 1505 1617 1532 et
1632 1500 1833 1534 ordinationi-

1090 1555 1149 1587 bus
1163 1554 1352 1598 apostolicis‚
1367 1564 1490 1586 necnon
1504 1553 1717 1593 ecclesiarum,
1728 1564 1833 1586 mona-

1092 1608 1259 1640 steriorum
1268 1612 1297 1640 et
1305 1607 1530 1640 beneficiorum
1538 1606 1716 1638 huiusmodi
1726 1606 1832 1649 (etiam

1093 1661 1284 1701 iuramento,
1306 1660 1546 1693 confirmatione
1571 1660 1760 1703 apostolica,
1785 1661 1833 1693 vel

1093 1715 1202 1758 quavis
1226 1714 1375 1747 firmitate
1393 1714 1453 1746 alia
1472 1713 1642 1757 roboratis)
1663 1714 1784 1746 statutis
1804 1719 1835 1746 et

1093 1768 1382 1808 consuetudinilms,
1399 1767 1574 1811 prixilegiis
1588 1778 1723 1810 quoque,
1738 1767 1836 1799 indul-

1093 1822 1142 1862 tis,
1167 1822 1427 1866 exemptionibus,
1454 1821 1714 1861 immunitatibus,
1739 1822 1834 1854 etiam

1094 1876 1124 1908 in
1149 1886 1285 1919 corpore
1310 1875 1386 1908 iuris
1410 1875 1534 1915 clausis,
1562 1885 1596 1907 ac
1622 1875 1734 1907 litteris
1760 1886 1834 1918 apo-

1094 1930 1211 1963 stolicis
1236 1929 1401 1973 ‹pxibusvis
1418 1929 1608 1971 generaliter
1629 1929 1676 1960 vel
1695 1929 1836 1972 speciali-

1094 1989 1141 2017 ter
1158 1983 1324 2017 concessis.
1342 1982 1461 2022 Quibus
1482 1982 1640 2022 omnibus,
1659 1982 1780 2014 etiamsi
1798 1982 1836 2015 de

1094 2038 1165 2078 illis,
1183 2048 1357 2080 eorumque
1371 2037 1443 2069 totis
1458 2036 1619 2068 tenoribus
1633 2036 1671 2068 de
1689 2036 1784 2068 verbo
1798 2037 1836 2069 ad

1094 2091 1225 2124 verbum
1243 2090 1359 2123 mentio
1377 2100 1432 2122 scu
1448 2089 1575 2132 quaevis
1601 2090 1660 2121 alia
1677 2091 1836 2132 expressIO

1094 2145 1237 2177 habenda
1262 2144 1310 2185 sit,
1335 2149 1366 2177 et
1390 2143 1421 2175 in
1446 2143 1489 2176 eis
1514 2148 1660 2175 caveatur
1680 2153 1836 2186 expresse,

1095 2200 1180 2243 qnod
1204 2210 1260 2243 per
1284 2198 1465 2231 huiusmodi
1490 2198 1645 2230 clausulas
1662 2199 1836 2240 generales,

1096 2254 1189 2286 etiam
1214 2253 1381 2296 specialem
1406 2251 1600 2284 mentionem
1621 2251 1836 2294 importantes‚

1097 2307 1140 2339 eis
1171 2307 1356 2349 derogatum
1388 2316 1455 2338 esse
1486 2315 1549 2338 non
1579 2310 1760 2346 censeatur,
1786 2310 1839 2337 aut

1096 2359 1242 2402 derogari
1267 2369 1329 2391 non
1354 2358 1517 2397 videatur,
1543 2357 1600 2389 nisi
1627 2357 1719 2390 certis
1744 2358 1838 2390 modo

1097 2419 1126 2447 et
1144 2414 1244 2446 forma
1259 2413 1362 2445 inillis
1375 2411 1531 2455 expressis
1548 2411 1640 2454 plene
1653 2411 1837 2454 observatis,

1097 2468 1224 2500 illorum
1249 2466 1390 2499 omnium
1413 2469 1443 2499 et
1467 2465 1665 2507 singulorum
1693 2471 1838 2507 tenores,

1097 2532 1132 2554 ac
1157 2521 1182 2553 si
1207 2520 1245 2552 de
1270 2519 1366 2552 verbo
1391 2518 1429 2550 ad
1454 2518 1584 2551 verbum
1610 2518 1838 2559 insererentur,

1096 2573 1312 2619 praesentibus
1338 2583 1396 2616 pro
1421 2573 1512 2616 plene
1528 2576 1558 2604 et
1574 2572 1764 2604 sufficienter
1785 2583 1834 2605 ex-

1130 2636 1145 2663 1
1161 2635 1260 2671 Supple
1271 2634 1399 2670 periculo
1416 2633 1457 2661 vel
1471 2633 1605 2669 scrupulo
1622 2636 1661 2669 (R.
1678 2633 1726 2668 T.).

1719 214 1783 247 497
1831 222 1879 249 Λη,
1900 221 1928 250 c.
1952 222 2019 250 16⁶2ss
