2269 3235
127 239 177 267 An.
192 237 221 266 C.
244 237 312 266 1624

199 511 311 542 clausulae

127 541 307 565 praesen-ramae.

154 2315 311 2342 Exequuterum

127 2344 214 2364 huiusce
231 2343 312 2363 Consti·

127 2370 214 2390 tutionis
246 2370 312 2395 depu-

127 2398 186 2418 tatio.

940 233 1081 259 URBANUS
1104 232 1161 258 vm
1185 233 1233 258 PF.

325 294 421 329 super
437 284 610 318 editorum¹
629 284 742 325 forma,
761 282 913 327 recipcre,
931 283 1065 325 erigere,

324 338 467 378 fundare,
481 348 537 371 seu
551 338 626 371 alias
639 336 877 382 quomodolibet
892 335 1065 374 instituere,

325 401 380 425 seu
404 391 529 435 incepta
559 391 651 424 finire
678 395 708 424 et
738 389 901 423 absolvere
931 387 1066 421 audeant

326 455 381 478 seu
404 450 616 489 praesumant.

369 498 386 542 ᾗ
408 497 438 531 3.
463 498 692 538 Decernentes,
717 500 896 540 praesentes
926 493 1064 535 litteras,

326 551 420 583 etiam
445 561 482 584 ex
507 560 544 583 eo
567 549 651 593 quod
675 558 807 589 causae,
831 552 961 591 propter
987 556 1066 590 quas

325 604 397 637 illae
421 603 604 643 emanarint,
629 611 810 645 expressae,
835 600 1011 634 verificatae
1036 604 1066 632 ct

326 657 520 697 iustificatae,
546 660 598 688 aut
622 654 814 698 quicumque
832 654 864 686 in
883 652 1066 698 praemissis

326 710 477 744 interesse
500 709 668 748 habentes,
693 719 748 741 seu
771 708 889 741 habere
914 712 1062 752 praeten-

326 764 443 804 dentes,
463 762 501 795 ad
520 761 581 795 hoc
604 761 716 803 vocati,
734 761 819 795 citati
837 766 867 794 et
886 759 983 794 auditi
1002 769 1066 794 non

324 816 450 857 suerint,
473 825 576 859 neque
596 814 657 847 illis
674 814 902 856 consenserint,
922 814 970 847 vel
990 813 1066 846 alias

325 880 362 902 ex
382 878 582 913 quocumque
606 868 724 912 capite,
749 872 923 912 praetextu,
948 867 1065 908 colore,

323 922 450 966 ingenio
474 922 522 955 vel
554 923 666 962 causa,
691 922 730 955 de
761 921 991 966 subreptionis,
1017 922 1064 954 vel

323 975 529 1020 obreptionis,
543 968 610 1009 'seu
628 975 781 1008 nullitatis
798 975 883 1017 vitio,
900 979 953 1008 aut
968 975 1066 1008 inten-

323 1029 417 1063 tionis
441 1033 577 1070 nostrae,
602 1029 649 1062 vel
669 1028 731 1062 alio
750 1029 862 1072 quovis
875 1028 997 1061 defectu
1013 1038 1065 1062 no-

323 1082 383 1115 tari
408 1085 439 1115 et
461 1082 651 1126 impugnari,
676 1082 835 1125 redargui,
853 1081 992 1124 infringi,
1018 1092 1066 1114 re-

324 1135 462 1176 traetari,
486 1135 518 1168 in
540 1135 587 1169 ius
612 1136 659 1168 vel
684 1135 931 1168 controversiam
948 1135 1064 1175 vocari,

324 1188 362 1221 ad
386 1188 539 1222 terminos
563 1188 641 1222 iuris
665 1188 784 1228 reduci,
808 1193 862 1220 aut
886 1193 996 1221 contra
1012 1198 1064 1221 eas

324 1241 456 1285 quodvis
487 1241 606 1284 gratiae
638 1241 686 1274 vel
718 1241 853 1274 iustitiae
888 1241 1063 1274 remedium

324 1295 487 1338 impetrari
512 1305 567 1327 seu
597 1294 726 1328 concedi
754 1294 931 1327 nullatenus
955 1305 1064 1338 posse,

323 1347 378 1381 sed
402 1358 454 1380 eas
473 1358 509 1380 ac
533 1347 638 1381 onmia
663 1352 692 1380 et
716 1347 839 1390 singula
865 1348 896 1380 in
921 1348 965 1380 eis
990 1358 1064 1381 con-

324 1405 407 1433 tenta
432 1410 556 1444 semper
580 1405 610 1433 et
634 1405 789 1444 perpetuo
806 1400 907 1433 valida
923 1405 953 1434 et
973 1400 1064 1434 firma

324 1459 354 1487 et
378 1453 516 1487 efficacia
540 1464 608 1487 esse
632 1457 662 1487 ct
685 1454 770 1494 sore,
796 1464 931 1498 suosque
956 1455 1064 1498 plena-

324 1507 388 1541 rios
408 1513 438 1540 et
450 1507 590 1550 integros
606 1507 735 1540 effectus
749 1507 854 1541 sortiri
868 1513 898 1541 et
911 1508 1064 1550 obtinere,

324 1571 360 1594 ac
384 1560 531 1594 omnibus
555 1565 586 1593 et
611 1560 754 1604 singulis,
779 1560 818 1593 ad
842 1571 922 1604 quos
946 1566 1065 1605 spectat

324 1620 355 1647 et
377 1625 437 1659 pro
460 1619 604 1658 tempore
629 1614 867 1658 quomodolibet
891 1616 1064 1658 spectabit,

324 1667 547 1701 inviolabiliter
563 1667 735 1709 observari,
753 1667 859 1711 sicque
879 1672 909 1700 et
925 1678 988 1701 non
1008 1669 1064 1701 ali-

325 1726 381 1763 ter,
405 1731 462 1765 per
490 1731 705 1765 quoscumque
739 1720 857 1754 iudices
888 1721 1065 1756 ordinarios

325 1779 355 1810 et
377 1775 547 1818 delegatos,
562 1775 656 1808 etiam
677 1784 844 1808 causarum
867 1775 974 1819 palatii
993 1786 1066 1820 apo-

326 1828 426 1862 stolici
451 1828 619 1871 auditores,
639 1838 675 1861 ac
699 1828 727 1862 S.
753 1828 787 1861 R.
812 1829 846 1861 E.
872 1828 1064 1870 cardinales,

326 1882 420 1915 etiam
443 1881 482 1915 de
505 1883 602 1915 latere
621 1882 742 1925 legatos
759 1887 789 1915 et
803 1881 940 1923 nuntios,
957 1882 1065 1926 quavis

326 1934 511 1969 auctoritate
534 1935 699 1978 fungentes
720 1935 862 1979 (sublata
887 1935 931 1968 eis
955 1941 985 1968 et
1012 1946 1065 1970 eo-

326 1999 398 2022 rum
430 1988 557 2023 cuilibet
586 1989 696 2033 quavis
727 1989 816 2022 aliter
847 1989 1006 2022 iudicandi
1037 1995 1066 2023 et

326 2042 554 2086 interpretandi
578 2042 724 2076 facultate
750 2047 779 2076 et
803 2042 1001 2086 auctoritate)
1019 2043 1066 2076 iu-

327 2095 426 2128 dicari
451 2100 480 2128 et
504 2094 628 2128 definiri
659 2095 790 2136 debere,
821 2106 856 2129 ac
888 2095 1012 2128 irritum
1038 2102 1065 2129 et

328 2149 429 2192 inane,
447 2149 472 2182 si
496 2159 586 2182 secus
603 2159 697 2193 super
712 2148 761 2182 his
777 2158 795 2182 a
811 2159 981 2193 quoquam,
995 2160 1068 2193 qua-

329 2203 374 2235 vis
397 2195 600 2243 auctoritate,
632 2202 767 2236 scienter
791 2202 839 2235 vel
862 2203 1066 2246 ignoranter,

328 2256 495 2299 contigerit
517 2256 672 2290 attentari.

371 2309 440 2353 {4-
472 2309 624 2349 Quocirca
655 2309 886 2343 venerabilibus
917 2310 1068 2344 fratribus

327 2362 532 2407 patriarchis,
563 2363 824 2408 archiepiscopis,
857 2363 1014 2408 episeopis
1038 2369 1067 2397 et

328 2416 397 2450 aliis
430 2417 572 2449 locorum
597 2416 770 2450 Ordinariis
801 2427 858 2461 per
887 2422 1068 2461 praesentes

329 2469 556 2505 committimus
574 2474 603 2503 et
615 2469 812 2512 mandamus,
829 2475 983 2514 quatenus
998 2470 1068 2514 ipsi,

329 2525 377 2558 vel
402 2523 475 2564 duo,
497 2528 550 2556 aut
573 2533 654 2556 unus
677 2534 798 2565 eorum,
822 2535 880 2568 per
904 2535 946 2565 se,
972 2525 1019 2557 vel
1039 2535 1069 2557 a-

329 2578 417 2619 lium,
443 2587 498 2610 seu
521 2576 609 2617 alios,
634 2582 815 2621 praesentes
839 2577 959 2611 litteras
983 2582 1014 2610 ct
1038 2578 1069 2610 in

366 2642 376 2668 1
391 2640 463 2672 Quae
474 2640 566 2667 omnia
578 2639 664 2667 habes
675 2640 719 2667 cit⁴
731 2640 758 2666 in
769 2640 832 2667 nota
842 2640 874 2667 ad
890 2640 964 2668 rubr.
980 2641 1067 2675 (nm).

411 2694 489 2721 Ball.
509 2694 585 2723 Rom.
608 2709 640 2713 —-
663 2694 723 2721 Vol.
739 2693 818 2722 XIII.
946 2694 981 2721 26

1100 282 1144 314 eis
1169 286 1314 315 contenta
1339 289 1555 325 quaecumque
1580 279 1762 313 solemniter
1787 291 1841 324 pu-

1099 334 1260 375 blicantes,
1286 334 1400 368 saciant
1425 334 1493 367 illas
1517 338 1548 367 et
1571 332 1623 366 illa
1640 332 1678 365 ab
1695 332 1841 366 omnibus

1099 392 1129 419 et
1153 388 1295 430 singulis,
1321 388 1359 421 ad
1384 398 1463 431 quos
1488 390 1606 431 spectat
1629 391 1659 419 ct
1683 396 1742 430 pro
1767 390 1842 419 tem-

1100 451 1177 483 pore
1207 442 1375 484 spectabit,
1409 441 1630 475 inviolabiliter
1659 439 1840 480 obscrvari;

1099 493 1347 527 contradictores
1383 494 1539 537 quoslibet
1568 499 1598 527 et
1621 493 1754 527 rebelles
1784 503 1842 537 per

1100 556 1249 579 censuras
1273 553 1304 580 et
1327 557 1445 591 poenas
1463 547 1698 588 ecclesiasticas,
1718 547 1841 590 aliaque

1099 605 1277 643 opportuna
1302 600 1379 633 iuris
1403 605 1433 633 et
1457 600 1530 633 sacti
1554 600 1709 641 remedia,
1733 600 1840 644 appel-

1100 652 1214 685 latione
1237 653 1423 697 postposita,
1441 653 1680 697 compescendo,
1697 653 1840 687 invocato

1100 706 1193 738 etiam
1218 706 1256 739 ad
1277 707 1346 749 hoc,
1371 707 1397 740 si
1422 718 1501 752 opus
1516 707 1621 747 suerit,
1638 707 1754 741 auxilio
1770 708 1841 740 bra-

1100 758 1162 792 chii
1186 759 1346 792 secularis.

1144 812 1159 856 5
1183 812 1212 845 5.
1238 813 1306 846 Non
1322 812 1518 847 obstantibus
1534 811 1726 856 praemissis,
1742 822 1779 846 ac
1794 823 1841 846 re-

1099 865 1172 908 gula
1181 868 1288 900 nostra
1297 866 1336 900 de
1353 866 1422 900 iure
1435 865 1576 910 quaesito
1586 875 1651 899 non
1663 865 1802 900 tollendo
1811 869 1842 900 et

1099 920 1285 954 recolendae
1306 920 1479 954 memoriae
1499 919 1649 954 Bonisacii
1662 919 1765 964 Papae
1774 919 1840 953 VIIl

1099 973 1244 1007 similiter
1267 974 1520 1018 praedecessoris
1544 973 1643 1007 nostri
1668 973 1707 1006 de
1730 974 1792 1006 una
1811 978 1842 1007 et

1098 1026 1131 1059 in
1153 1027 1291 1061 Concilio
1316 1028 1456 1071 generali
1481 1027 1563 1061 edita
1582 1027 1621 1060 de
1638 1026 1760 1060 duabus
1777 1026 1842 1061 die-

1098 1080 1147 1121 tis,
1172 1081 1345 1115 dummodo
1362 1082 1446 1114 ultra
1462 1087 1526 1115 tres
1546 1081 1645 1114 dietas
1662 1081 1774 1124 aliquis
1791 1091 1843 1114 au·

1099 1134 1241 1168 ctoritate
1278 1135 1490 1178 praesentium
1522 1135 1560 1167 ad
1591 1134 1743 1167 iudicium
1777 1144 1841 1168 non

1098 1187 1251 1228 trahatur,
1271 1188 1403 1231 aliisque
1420 1187 1697 1221 constitutionibus
1713 1191 1744 1221 et
1759 1187 1842 1221 ordi-

1097 1241 1276 1274 nationibus
1300 1241 1493 1285 apostolicis,
1512 1251 1548 1275 ac
1564 1251 1841 1285 quorumcumque

1098 1293 1256 1335 ordinum,
1281 1295 1575 1338 congregationum,
1601 1294 1786 1327 societatum
1810 1300 1841 1328 et

1098 1346 1312 1381 institutorum
1322 1348 1518 1391 regularium
1530 1348 1638 1391 (etiam
1651 1347 1840 1389 iuramento,

1098 1400 1338 1435 confirmatione
1355 1402 1537 1445 apostolica,
1556 1401 1604 1434 vel
1620 1400 1729 1445 quavis
1744 1400 1841 1434 sirmi-

1097 1458 1160 1486 tate
1184 1454 1243 1487 alia
1268 1455 1439 1499 roboratis)
1471 1454 1594 1488 statutis
1618 1459 1649 1487 et
1677 1459 1842 1487 consuetu-

1098 1506 1234 1548 dinibus,
1254 1507 1430 1551 privilegiis
1444 1518 1581 1553 quoque,
1594 1506 1733 1548 indultis,
1745 1507 1839 1540 etiam

1098 1570 1186 1593 mare
1198 1571 1357 1605 maynum
1366 1561 1415 1595 vel
1428 1561 1503 1594 alias
1516 1561 1753 1605 quomodolibet
1764 1571 1841 1594 nun-

1098 1614 1229 1657 cupatiS,
1245 1620 1276 1649 et
1293 1615 1406 1647 litteris
1419 1615 1611 1659 apostolicis,
1628 1615 1700 1656 illis,
1717 1625 1841 1649 eorum-

1098 1678 1159 1711 que
1175 1668 1395 1712 superioribus
1411 1673 1442 1701 et
1462 1669 1617 1712 personis,
1637 1668 1694 1701 sub
1710 1669 1841 1712 quibus-

1099 1731 1234 1765 cumque
1258 1721 1422 1755 tenoribus
1439 1726 1469 1754 et
1485 1721 1605 1762 formis,
1625 1731 1661 1754 ac
1680 1732 1752 1754 cum
1776 1723 1842 1765 qui-

1098 1773 1214 1816 busvis,
1224 1774 1319 1807 etiam
1333 1774 1606 1817 derogatoriarum
1620 1774 1841 1818 derogatoriis,

1098 1827 1229 1871 aliisque
1243 1827 1473 1861 efficacioribus
1486 1833 1516 1861 et
1533 1828 1665 1861 insolitis
1682 1829 1841 1869 clausulis,

1098 1891 1134 1914 ac
1158 1880 1355 1914 irritantibus
1373 1886 1403 1913 et
1419 1881 1488 1914 aliis
1505 1881 1650 1923 decretis,
1668 1881 1699 1914 in
1723 1891 1840 1924 genere

1099 1934 1147 1966 vel
1164 1934 1196 1966 in
1214 1934 1328 1978 specie,
1349 1934 1443 1967 etiam
1467 1939 1554 1968 motu
1571 1934 1704 1979 proprio
1722 1939 1753 1967 et
1769 1945 1842 1968 con-

1100 1987 1307 2030 sistorialiter,
1332 1998 1369 2021 ac
1393 1987 1469 2021 alias
1494 1988 1525 2021 in
1542 1988 1737 2022 contrarium
1754 1998 1843 2031 prae-

1100 2040 1269 2073 missorum
1285 2041 1522 2085 quomodolibet
1538 2041 1705 2083 concessis,
1726 2041 1841 2074 confir-

1099 2094 1190 2127 matis
1214 2099 1245 2127 et
1270 2094 1393 2138 saepius
1418 2094 1581 2127 innovatis.
1607 2094 1725 2133 Quibus
1745 2094 1843 2127 omni-

1099 2147 1157 2180 bus
1183 2152 1211 2180 et
1237 2148 1379 2190 singulis,
1401 2148 1523 2180 etiamsi
1547 2158 1606 2191 pro
1631 2148 1757 2180 illorum
1782 2148 1843 2180 suf-

1099 2201 1216 2234 ficienti
1247 2201 1452 2243 derogatione
1484 2201 1522 2233 de
1554 2201 1637 2241 illis,
1667 2211 1842 2245 eorumque

1100 2255 1172 2289 totis
1182 2254 1345 2287 tenoribus
1358 2254 1513 2298 specialis,
1526 2254 1683 2298 specifica,
1695 2265 1843 2298 expressa

1101 2314 1130 2341 et
1154 2308 1332 2348 individua,
1356 2318 1392 2341 ac
1423 2308 1461 2341 de
1493 2308 1590 2341 verbo
1621 2308 1659 2340 ad
1690 2307 1841 2348 verbum,

1101 2373 1163 2396 non
1183 2368 1288 2395 autem
1313 2373 1370 2406 per
1395 2362 1551 2395 clausulas
1571 2361 1734 2405 generales
1759 2361 1842 2394 idem

1102 2417 1324 2460 importantes,
1341 2416 1458 2449 mentio
1484 2426 1539 2448 scu
1562 2415 1690 2459 quaevis
1710 2415 1771 2447 alia
1794 2425 1843 2448 ex-

1102 2470 1224 2514 pressio
1252 2469 1396 2502 habenda
1427 2474 1480 2502 aut
1511 2469 1615 2512 aliqua
1647 2468 1707 2501 alia
1739 2468 1844 2512 exqui-

1102 2523 1160 2555 sita
1184 2523 1284 2555 forma
1308 2522 1347 2555 ad
1371 2523 1431 2555 hoc
1455 2521 1607 2555 servanda
1623 2522 1713 2563 soret,
1731 2531 1842 2555 eorum

1103 2577 1244 2610 omnium
1270 2582 1394 2609 tenores
1418 2575 1646 2619 praesentibus,
1671 2585 1730 2619 pro
1750 2575 1841 2619 plene

1103 2636 1133 2664 et
1157 2630 1348 2665 sufficienter
1381 2629 1558 2675 expressis,
1583 2633 1613 2664 et
1644 2629 1683 2663 ad
1710 2629 1842 2663 verbum

1743 221 1802 256 201
1854 232 1903 260 An.
1923 231 1952 259 c.
1970 231 2037 259 ¹624

1877 824 1988 845 contraria
2001 824 2040 846 tol-

1856 851 1933 872 luatur.
