2269 3235
140 259 187 286 An.
205 259 234 285 C.
258 257 325 285 ¹625

337 304 432 346 diant,
446 315 481 338 ac
494 311 708 349 opportunum
726 306 864 338 savorem
881 311 911 337 et
927 305 1075 337 :uixilium

338 358 393 392 tibi
418 362 448 393 et
472 358 532 392 illis
557 358 724 392 efficaciter
748 358 914 392 exhibeant
938 362 968 391 et
992 358 1077 391 exhi-

337 413 412 447 bere
435 417 616 457 procurent.

381 467 396 511 ξ
421 466 450 500 4,
476 466 544 500 Non
576 465 770 499 obstantibus
802 464 1077 498 constitutionibus

337 526 368 553 et
383 519 632 553 ordinationibus
649 518 838 562 apostolicis,
854 528 890 551 ac
907 518 1076 559 civitatum,

190 480 321 501 obstantium

139 507 256 533 derogatio.

338 579 504 614 terrarum,
521 572 711 616 oppidorum
730 576 759 604 et
784 572 937 612 locorum,
955 581 1077 604 necnon
1093 572 1095 593 't

335 625 499 669 hospitalis
511 624 746 670 praedictorum
765 624 872 667 (etiam
889 624 1076 664 iuramento,

334 678 573 712 confirmatione
597 677 786 722 apostolica,
812 677 858 709 vel
890 677 997 721 quavis
1022 678 1095 710 sir-t

335 732 441 765 mitate
464 731 524 765 alia
549 731 719 774 roboratis)
745 730 867 764 statutis
891 736 921 764 et
944 740 1077 764 consue-

334 784 503 825 tudinibus,
528 783 702 828 privilegiis
726 794 870 828 quoque,
896 783 1023 816 indultis
1047 789 1077 817 et

333 838 445 872 litteris
461 837 653 883 apostolicis,
670 838 814 882 personis
834 837 1002 882 praedictis
1019 838 1076 871 sub

333 891 584 936 quibuscumque
597 891 760 925 tenoribus
773 897 803 924 et
812 892 933 933 formis,
951 902 987 925 ac
1004 902 1076 925 cum

332 944 494 988 quibusvis
518 944 613 978 etiam
637 944 912 988 derogatoriarum
941 945 1076 989 deroga-

333 998 442 1040 toriis,
466 998 599 1044 aliisque
629 998 858 1033 efficacioribus
888 1004 918 1032 et
942 999 1076 1033 insolitis

333 1052 491 1095 clausulis,
515 1063 551 1087 ac
574 1052 771 1086 irritantibus
795 1058 825 1086 et
842 1053 909 1086 aliis
930 1052 1075 1093 decretis,

333 1107 365 1140 in
374 1106 568 1141 contrarium
578 1107 828 1151 praemissorum
837 1106 1076 1151 quomodolibet

333 1161 489 1195 concessis
513 1166 544 1195 et
562 1161 726 1195 innovatis.
746 1161 865 1200 Quibus
883 1160 1029 1194 omnibus
1047 1165 1077 1194 et

333 1214 487 1258 singulis,
511 1225 622 1248 eorum
654 1214 795 1248 omnium
826 1219 952 1248 tenores
984 1225 1075 1258 prae-

333 1267 472 1303 sentibus
485 1279 544 1312 pro
561 1268 653 1312 plene
668 1273 697 1301 et
715 1268 906 1302 sufficienter
919 1269 1076 1313 expressis
1092 1284 1093 1291 1

333 1321 491 1362 babentes,
505 1321 565 1354 illis
582 1321 657 1354 alias
675 1321 706 1354 in
722 1332 779 1355 suo
796 1322 912 1356 robore
930 1333 1076 1366 perman·
1092 1343 1093 1358 ι

333 1373 434 1415 suris,
458 1374 518 1406 hac
548 1374 615 1407 vice
646 1374 808 1408 dumtaxat
842 1375 1020 1419 specialiter
1045 1382 1093 1409 et¹

333 1437 478 1471 expresse
495 1427 695 1471 derogamus,
713 1428 889 1472 ceterisque
907 1430 1074 1463 contrariis
1091 1430 1093 1434 '

1091 1488 1093 1527 j
1108 1481 1326 1523 gnaculorum,
1341 1482 1570 1523 membrorum,
1591 1483 1851 1526 pertinentiarum

1091 1540 1138 1571 ,et
1163 1535 1280 1568 iurium
1306 1546 1580 1580 quorumcumque
1606 1541 1724 1579 nostro,
1751 1537 1853 1570 Eccle-

375 1587 487 1620 Datum
501 1588 637 1628 Romae,
654 1587 737 1632 apud
750 1588 779 1622 S.
799 1588 935 1630 Petrum,
954 1590 1010 1621 sub
1023 1600 1076 1622 au-
1091 1607 1092 1628 3

332 1480 591 1525 quibuscumque.
606 1481 827 1515 Praesentibus
845 1482 883 1515 ad
899 1482 1075 1528 beneplaci-

332 1539 397 1567 tum
414 1538 558 1568 nostrum
578 1534 737 1567 dumtaxat
756 1535 906 1568 valituris.

332 1641 406 1674 nulo
424 1641 601 1682 Piscatoris,
612 1641 662 1674 die
675 1652 708 1675 x1
722 1642 823 1676 martii
841 1652 983 1684 iincxxv,
1001 1654 1075 1687 pon—

332 1695 465 1730 tificatus
490 1696 589 1730 nostri
614 1706 696 1730 anno
721 1695 770 1729 11⁴.

367 1757 426 1785 Dat.
448 1757 491 1785 die
513 1759 540 1785 11
565 1757 653 1785 martii
676 1757 754 1791 1625,
777 1758 870 1793 pontif,
892 1767 963 1786 anuo
983 1765 1008 1786 11.

647 1866 759 1900 CXXII.

331 1929 488 1963 Facultas
498 1929 601 1963 eidem
611 1928 848 1962 Romandz'otae
857 1933 885 1962 et
902 1934 1074 1962 exarcatus

374 1983 547 2017 Ravennae
552 1982 701 2026 praesidi
710 1982 810 2015 banni
814 1986 858 2015 tos
875 1982 965 2015 absol
970 1982 1072 2023 rendi,

374 2037 504 2070 etiamsi
518 2036 611 2080 parti
628 2036 733 2069 laesae
753 2046 819 2069 non
843 2036 1070 2079 satisfecerint,

375 2089 549 2123 dummodo
564 2089 750 2122 abstineant
767 2099 787 2121 a
805 2088 870 2121 loco
884 2089 1013 2132 patrati
1026 2089 1075 2122 cle-

377 2142 477 2176 tiam.

331 2205 499 2233 Venerabili
512 2206 600 2234 fratri
615 2206 720 2233 Ioanni
736 2206 961 2240 archiepiscopo
976 2206 1075 2233 Adria·
1091 2208 1093 2219 ³

368 2250 553 2284 napolitano,
573 2250 745 2284 provinciae
761 2253 883 2278 nostrae
899 2251 1075 2278 Romanuin-

370 2294 417 2322 lae
432 2297 463 2322 et
482 2297 642 2323 exarcatus
663 2295 823 2322 Ravennae
843 2294 986 2329 praesidi,

538 2339 674 2367 Urbanus
694 2340 773 2374 Papa
792 2340 872 2368 VIII.

151 2396 252 2417 Recenset
263 2402 321 2422 prae·

138 2423 177 2443 sinti
194 2423 322 2443 Romanrlio-

139 2450 171 2470 ¹³⁰
186 2456 197 2470 ὃ
214 2456 235 2470 ⁵0
249 2450 321 2471 datam
336 2457 372 2479 ex
390 2446 475 2479 certa
498 2445 626 2479 scientia
652 2456 687 2480 ac
704 2448 828 2479 matura
848 2446 1075 2481 deliberatione

373 2535 383 2561 1
410 2534 527 2561 Eaedem
550 2534 690 2562 facultates
714 2536 835 2563 eiusdem
860 2536 979 2571 exempli
1002 2536 1076 2563 Brevi

337 2587 480 2606 concessae
495 2579 546 2606 hac
559 2578 602 2606 die
616 2580 725 2607 fuerunt
739 2581 818 2608 etiam
834 2581 956 2608 Diomedi
968 2581 1076 2608 Varesio

337 2624 490 2659 provinciae
504 2624 641 2651 Marchiae
656 2625 840 2653 Anconitanae
854 2625 1039 2661 gubernatori.

372 2667 388 2695 2
404 2668 441 2695 Ex
456 2667 563 2703 aegest.
581 2667 605 2694 in
621 2669 724 2696 secret.
742 2669 820 2697 Brev.

948 257 1088 282 ramnus
1111 258 1164 281 vm
1185 258 1232 282 1²1³.

1093 307 1095 310 ’
1111 305 1236 347 nostris,
1256 305 1357 350 deque
1370 305 1559 350 apostolicae
1577 304 1739 349 potestatis
1753 304 1850 348 pleni-
1865 318 1984 338 uesicam
2011 317 2049 338 du-

381 2392 396 2436 §
420 2391 449 2425 1.
473 2391 549 2425 Cum
573 2402 629 2426 nos
655 2392 748 2426 hodie
772 2397 860 2427 motu
888 2393 1020 2443 proprio
1046 2391 1094 2426 et'

1754 247 1817 280 ⁶295
1865 257 1913 283 An.
1935 257 1963 283 c.
1983 256 2049 284 1625

1111 359 1228 400 tudine,
1253 359 1318 400 tibi,
1343 364 1386 400 ut,
1404 370 1477 393 casu
1501 357 1684 403 aperitionis
1701 368 1737 391 ac
1761 344 2050 391 ‹levo-§tlltihstsssstff‘iss

1111 412 1239 445 lutionis
1263 412 1301 445 ad
1326 423 1383 446 nos
1412 418 1441 445 et
1470 413 1641 446 Romanam
1668 411 1850 452 Ecclesiam,
1865 402 2048 450 {lffssltli.l?.“¹⁰”²¹¹'

1111 464 1285 508 Sedemque
1306 469 1335 499 ct
1351 465 1513 499 Cameram
1539 465 1748 510 Apostolicam
1770 464 1850 498 feudi

1111 517 1242 550 ducatus
1261 518 1377 559 Urbini,
1392 529 1512 551 necnon
1531 519 1688 551 civitatum
1708 519 1853 562 501109111-

1112 570 1217 603 liensis
1231 575 1261 603 et
1275 570 1478 611 Pisuarensis,
1493 582 1528 604 ac
1545 573 1647 605 Status
1659 572 1852 606 Montissere-

1112 623 1202 664 trani,
1219 623 1418 667 aliorumque
1441 624 1663 667 dominiorum,
1681 626 1851 667 civitatum,

1111 676 1311 721 oppidorum,
1331 682 1498 719 terrarum,
1524 678 1754 721 fortalitiorum,
1778 689 1851 724 pro-

1111 731 1364 774 pugnaculorum
1381 735 1409 763 et
1423 731 1567 764 locorum
1581 742 1853 777 quorumcumque

1111 785 1203 817 etiam
1229 785 1357 829 speciali
1382 787 1454 819 nota
1471 790 1501 818 et
1522 786 1723 829 expressione
1747 787 1853 829 digno-

1111 849 1192 879 rum,
1209 838 1241 871 in
1258 843 1288 872 et
1308 839 1366 872 sub
1384 839 1471 872 Statu
1492 839 1566 873 dicti
1588 839 1719 873 ducatus
1744 840 1852 873 Urbini

1111 896 1141 925 et
1164 891 1426 926 Montisseretrani
1447 893 1486 926 ad
1509 902 1658 938 praesens
1683 893 1853 936 quomodo-

1110 945 1186 979 libet
1217 947 1544 991 comprehensorum,
1575 957 1631 979 seu
1660 957 1717 992 per
1748 947 1853 991 ipsum

1110 999 1222 1033 ducem
1249 1000 1488 1044 quomodolibet
1512 1011 1742 1044 possessorum,
1759 1011 1854 1045 quan-

1109 1052 1287 1097 documque
1312 1058 1342 1087 et
1365 1054 1663 1099 quomodocumque
1692 1054 1853 1087 eveniente

1110 1104 1174 1139 sive
1188 1105 1384 1148 succedente,
1406 1111 1447 1150 tu,
1465 1117 1523 1152 per
1548 1112 1587 1149 te,
1605 1108 1653 1141 vel
1672 1107 1780 1150 alium,
1799 1118 1854 1141 seu

1109 1159 1196 1201 alios,
1217 1159 1390 1193 secundum
1415 1161 1460 1194 rei
1485 1165 1515 1194 et
1540 1171 1630 1194 casus
1652 1161 1852 1205 exigentiam,

1110 1213 1318 1257 corporalem,
1334 1214 1453 1247 realem
1466 1219 1496 1247 et
1512 1215 1666 1248 actualem
1686 1215 1853 1259 possessio-

1108 1275 1181 1299 nem
1205 1266 1346 1307 ducatus,
1360 1267 1531 1309 civitatum,
1549 1267 1775 1309 dominiorum,
1796 1279 1852 1313 op-

1108 1319 1267 1363 pidorum,
1286 1325 1443 1354 terrarum
1461 1327 1491 1354 et
1510 1322 1653 1355 locorum
1678 1323 1853 1366 praedicto-

1108 1384 1189 1415 rum,
1200 1384 1372 1418 eorumque
1383 1375 1627 1416 territoriorum,
1638 1376 1852 1417 districtuum,

1109 1427 1373 1469 iurisdietionum,
1398 1429 1631 1470 fortalitiorum,
1650 1429 1714 1463 sive
1740 1441 1854 1474 propu-

1109 1588 1182 1627 siae,
1208 1587 1296 1620 Sedis
1321 1593 1351 1621 et
1375 1599 1518 1621 camerae
1543 1589 1775 1632 praedictarum
1801 1601 1853 1624 no-

1109 1640 1208 1680 mine,
1235 1641 1348 1673 amotis
1373 1646 1403 1673 et
1431 1641 1568 1685 expulsis
1594 1641 1665 1674 inde
1690 1642 1853 1685 quibusvis

1090 1691 1336 1739 {detentoribus
1362 1694 1426 1727 sive
1452 1694 1717 1738 occupatoribus,
1742 1706 1853 1740 appre-

1090 1740 1092 1791 ᾗ
1108 1748 1246 1781 bendere
1261 1752 1290 1782 et
1313 1748 1545 1792 apprehensam
1566 1749 1712 1790 retinere,
1730 1750 1853 1794 aliaque

1090 1793 1180 1835 dunc
1205 1812 1351 1846 expressa
1377 1802 1500 1843 facere,
1526 1802 1630 1836 dicere
1646 1831 1653 1845 ,
1679 1814 1791 1846 gerere
1823 1810 1854 1836 et

1107 1856 1220 1899 exequi
1243 1856 1344 1889 libere
1372 1861 1402 1889 et
1426 1856 1509 1889 licite
1535 1867 1643 1900 posses
1668 1861 1699 1889 et
1724 1857 1852 1897 valeres,

1107 1910 1242 1953 plenam,
1260 1909 1392 1942 liberam
1414 1915 1443 1943 et
1462 1911 1610 1954 ampliani
1628 1911 1806 1944 facultatem
1824 1918 1854 1944 et

1107 1962 1325 1996 auctoritatem
1350 1963 1610 2004 concesserimus,
1628 1968 1721 2008 prout
1747 1964 1778 1996 in
1802 1974 1854 1998 no-

1107 2016 1180 2050 stris
1204 2016 1236 2049 111
1260 2016 1355 2049 simili
1380 2017 1480 2050 forma
1514 2017 1619 2050 Brevis
1643 2017 1781 2061 desuper
1805 2029 1853 2051 ex-

1108 2070 1221 2115 peditis
1245 2070 1369 2111 litteris,
1396 2081 1531 2114 quarum
1557 2076 1682 2105 tenores
1708 2082 1853 2116 praesen-

1108 2124 1191 2157 tibus
1214 2134 1274 2168 pro
1299 2124 1457 2168 expressis
1481 2124 1590 2158 haberi
1612 2125 1765 2166 volumus,
1786 2125 1852 2170 ple·

1108 2178 1178 2211 nius
1195 2176 1409 2211 continetur¹:

1154 2232 1169 2275 g*
1191 2230 1220 2264 Ξ.
1246 2231 1328 2271 Νο5,
1352 2234 1387 2264 111
1410 2230 1604 2275 praemissa,
1630 2231 1799 2277 omniaque
1825 2240 1855 2266 et
1881 2242 1939 2262 Nunc
1954 2242 2051 2268 damno·

1110 2284 1231 2328 singula
1256 2284 1287 2317 in
1312 2284 1403 2317 dictis
1434 2285 1546 2318 litteris
1570 2290 1716 2319 contenta
1741 2287 1854 2320 melius
1868 2269 2052 2331 ἕῗιῗορῖῗὲᾞῖἒὲῗζ

1110 2342 1140 2372 et
1159 2337 1280 2371 facilius
1305 2338 1505 2382 exequutioni
1530 2338 1720 2373 demandare
1741 2340 1853 2382 valeas,
1868 2322 2053 2386 {efffiifiii'ziss'lii'ss

1110 2396 1263 2436 quantum
1288 2402 1360 2424 cum
1384 2391 1518 2425 Domino
1538 2403 1715 2437 possumus,
1735 2404 1852 2438 oppor-
1869 2377 2047 2401 praesumamur.

1112 2450 1184 2478 tune
1208 2445 1377 2489 providere
1402 2445 1549 2488 volentes,
1574 2451 1675 2489 motu,
1702 2446 1851 2486 scientia,

1110 2498 1345 2539 deliberatione,
1363 2498 1463 2542 deque
1480 2499 1642 2543 potestatis
1658 2500 1853 2544 plenitudine

1110 2553 1249 2597 paribus,
1271 2552 1337 2595 tibi,
1356 2558 1390 2585 ut
1408 2553 1438 2585 in
1463 2557 1591 2588 eventus
1616 2554 1647 2587 in
1671 2555 1789 2588 eisdem
1807 2555 1854 2587 lit-

1148 2625 1157 2651 1
1176 2624 1278 2651 Forsan
1293 2623 1353 2651 illae
1368 2628 1431 2651 sunt
1444 2624 1560 2658 litterae,
1576 2633 1644 2661 quas
1663 2634 1746 2661 supra
1765 2627 1852 2653 innui-

1111 2677 1170 2696 mus
1184 2677 1244 2705 pag.
1264 2669 1313 2696 182
1329 2678 1347 2696 α
1363 2671 1400 2704 (n.
1417 2669 1462 2703 Τ.)
