2269 3235
259 256 308 283 Αη.
326 256 353 284 G.
377 257 444 285 ¹623
489 249 531 281 40

459 306 542 340 risco
573 306 604 339 in
628 316 665 340 eo
690 306 778 348 loeo,
803 306 834 339 in
857 317 920 350 quo
950 316 1100 340 coronam
1124 316 1198 350 pre-

459 360 575 393 cariam
606 360 799 404 praedictam
829 364 1015 403 aceeperat,
1039 360 1196 403 colloqui3

459 413 568 456 quinto
592 413 718 446 demum
743 412 810 453 die,
835 423 871 446 ex
896 423 959 456 quo
983 412 1141 446 desilierat
1166 412 1198 445 in

1034 258 1213 282 1111111111οΜ
1237 257 1391 283 nomnen
1982 257 2030 284 Λη.
2047 257 2075 284 c.
2098 258 2165 286 1623

1232 307 1323 340 exesa
1337 316 1440 348 carne,
1454 317 1524 340 ossa
1537 306 1569 339 in
1583 305 1701 339 Indiam
1717 311 1969 350 exportarentur,
1985 325 2023 346 pus
2033 319 2060 341 aa
2071 320 2169 342 variato-

1232 359 1449 404 inelusumquc
1465 361 1537 393 arca
1552 359 1666 402 lignea,
1680 359 1837 402 sepultum
1852 359 1968 393 suerat:
1984 351 2010 367 ⁰³
2020 346 2120 372 ‘mamm'
2132 353 2168 373 '²⁰'

1984 375 2061 402 stream
2068 373 2112 404 Goa
2120 379 2169 394 con·

1232 413 1315 456 quod
1339 418 1410 457 post
1432 418 1567 457 quatuor
1591 422 1714 445 menses
1738 411 1904 453 effossum,
1928 412 1971 445 ita
1985 399 2169 448 ῗῖἑὲἷὲωέζὲῗοῗέἶ

1985 452 2012 474 tis
2027 452 2081 475 lesu.

279 1544 367 1565 Moritur
382 1545 415 1565 die
429 1551 442 1565 n

258 1571 376 1592 decembris
387 1579 442 1594 imru

259 1599 285 1626 et*
301 1601 349 1623 post
363 1599 441 1620 obitum

258 1625 321 1644 etiam
338 1626 382 1646 eius
395 1632 441 1647 san-

258 1650 352 1672 ctitatem
372 1653 441 1673 Domi-

257 1681 297 1701 pus
336 1678 441 1700 miraculis

259 1703 360 1730 piurimis,
372 1706 441 1727 decla-

259 1732 319 1751 rant.

457 466 510 499 illa
534 467 690 508 tabulata,
715 466 753 499 ab
778 468 815 499 ea
847 466 942 499 animi
971 466 1088 507 extasi,
1113 466 1195 500 velut

457 520 496 552 ab
523 520 585 553 alto
615 529 727 553 somno
751 525 973 564 experrectus,
998 530 1069 552 eum
1094 529 1195 563 neque

458 572 603 613 tabulata,
622 582 723 615 neque
743 572 819 606 socii
844 582 982 616 unquam
1007 573 1198 616 comparuis-

457 630 534 665 sent,
552 625 584 658 in
600 625 707 659 littore
722 626 912 669 Negapatani
932 636 1031 669 prope
1052 625 1198 669 Meliapo-

457 689 523 712 rem
555 679 674 711 salvum
699 684 729 712 et
754 679 944 712 ineolumem
969 689 1001 712 se
1025 684 1194 723 repererat.

501 732 592 766 Petro
612 731 710 765 Vellio
734 736 849 773 autem,
866 732 920 775 qui
944 734 1067 765 sumnia
1092 733 1197 765 volun-

459 791 517 819 tate
530 786 562 818 in
575 786 734 830 quoddam
755 786 915 819 charitatis
934 796 1014 830 opus
1031 786 1195 830 pecuniam

457 839 524 872 viro
540 839 595 872 Dei
613 839 762 883 elargitus
778 840 890 880 fuerat,
906 840 1105 883 promiserat,
1118 840 1194 880 fore,

457 898 490 924 ut.
513 902 672 936 nunqnam
706 892 733 925 ei
766 892 940 925 necessaria
972 892 1135 932 deessent,
1160 903 1195 925 ac

457 945 568 979 mortis
591 946 701 978 horam
727 945 876 978 divinitus
902 950 1194 988 praecognosceret,

456 1008 592 1041 quornm
609 1003 778 1041 utrumque
795 997 959 1030 acciderat.
978 997 1067 1037 Nam,
1088 1007 1196 1040 quam-

456 1051 501 1083 vis
534 1051 643 1084 Petrus
675 1051 811 1083 maxima
842 1060 1010 1094 perpessus
1038 1055 1119 1083 esset
1148 1050 1194 1083 rei

455 1103 617 1136 familiaris
641 1103 848 1143 detrimenta,
873 1113 998 1147 semper
1027 1109 1132 1136 tamen
1157 1104 1195 1136 ab

456 1156 602 1190 omnibus
626 1167 780 1189 summam
804 1156 1023 1189 liberalitatem
1048 1162 1194 1201 expertus

456 1214 536 1243 erat:
561 1220 607 1251 ae,
631 1210 795 1243 transactis
819 1209 946 1242 demum
971 1210 1076 1243 multis
1096 1210 1194 1249 annis,

456 1263 592 1296 revelata
616 1263 674 1296 sibi
698 1262 809 1296 mortis
832 1263 927 1305 hora,
952 1273 984 1296 se
1009 1263 1041 1296 in
1063 1263 1194 1296 ecelesia

456 1317 487 1349 in
510 1317 626 1350 feretro
650 1322 882 1361 composuerat,
903 1316 1070 1361 auditaque
1090 1317 1193 1358 missa,

455 1381 491 1403 ae
514 1370 673 1414 precibus,
690 1380 768 1414 quas
786 1381 844 1414 pro
864 1370 984 1403 animae
1002 1380 1076 1403 suae
1096 1370 1194 1403 salute

456 1424 581 1458 recitari
604 1424 754 1465 iusserat,
779 1424 895 1457 ibidem
919 1423 1023 1456 statim
1056 1423 1088 1455 in
1119 1434 1194 1467 paee

457 1476 700 1511 obdormiverat.

501 1532 516 1574 ἓ
540 1531 568 1565 5.
593 1531 725 1564 Ι)011111111
749 1532 797 1564 vir
821 1531 893 1571 Dei,
918 1536 1135 1564 consummato
1151 1532 1194 1563 fe-

457 1583 558 1617 liciter
589 1583 852 1628 peregrinationis
876 1594 950 1617 suae
975 1595 1087 1624 cursu,
1112 1584 1194 1616 sama

458 1636 628 1669 sanctitatis
641 1637 744 1669 clarus
760 1642 790 1669 et
804 1637 895 1670 bonis
907 1637 1055 1680 operibus
1072 1636 1194 1680 plenus,

458 1700 530 1722 cum
555 1690 583 1722 ei
606 1689 855 1723 benedictionem
879 1690 1077 1734 patriarchae
1100 1690 1196 1723 Abra-

457 1742 516 1775 hae
538 1742 688 1776 Dominus
711 1742 916 1787 spiritualiter
940 1743 1088 1785 elargitus
1104 1748 1194 1784 esset,

457 1800 491 1830 ut
507 1797 674 1831 multarum
695 1798 836 1840 gentium
852 1802 941 1841 pater
961 1796 1148 1836 efficeretur,
1166 1801 1194 1828 et

457 1849 548 1891 filios,
572 1860 650 1893 quos
674 1850 796 1884 Christo
821 1851 890 1884 lesu
914 1854 1075 1893 genuerat,
1100 1860 1195 1893 super

457 1903 560 1936 stellas
584 1904 678 1945 caeli,
704 1910 733 1937 et
755 1915 849 1948 super
878 1914 1023 1945 arenam,
1046 1914 1125 1947 quae
1150 1909 1195 1936 est

457 1956 488 1988 in
510 1955 617 1990 littore
640 1957 746 1997 maris,
771 1957 993 2001 multiplicatos
1011 1956 1131 1989 videret
1140 1968 1147 1997 3
1165 1962 1195 1989 et

457 2020 493 2042 ex
510 2010 554 2043 eis
571 2010 725 2054 plurimos
749 2010 881 2054 proprio
906 2009 1056 2052 sanguine
1077 2010 1195 2042 laurea-

457 2070 504 2097 tos
521 2064 559 2097 ad
576 2064 719 2097 caelestia
739 2073 836 2106 regna
852 2063 1074 2107 praemisisset,
1091 2062 1195 2096 Orien-

458 2118 566 2151 talium
590 2118 749 2151 Indiarum
773 2118 940 2161 Apostolus
970 2117 1008 2149 ab
1040 2117 1194 2150 universis

458 2171 562 2204 Indiae
596 2171 723 2214 regnis,
757 2176 885 2214 totoque
921 2170 1090 2204 christiano
1118 2171 1194 2204 orbe

458 2225 640 2268 appellatus,
665 2225 739 2257 dum
764 2224 882 2257 aditum
907 2224 1068 2266 evangelio
1093 2224 1124 2256 in
1146 2234 1212 2262 13-ἴ

457 2278 594 2310 stissimo
619 2278 763 2311 Sinarum
788 2277 921 2321 imperio
948 2278 1130 2321 quaerebat,
1149 2288 1195 2311 as-

458 2332 553 2364 siduis
570 2331 739 2371 laboribus,
754 2342 832 2374 quos
844 2331 926 2364 ultra
943 2331 1095 2364 humanas
1112 2331 1194 2364 vires

458 2397 513 2420 uro
539 2385 640 2427 gloria
656 2385 710 2418 Dei
735 2385 936 2425 toleraverat,
955 2384 1146 2425 confractus,
1164 2385 1193 2417 in

459 2439 557 2471 ¹:mula
575 2449 674 2482 prope
690 2438 788 2479 Sinas,
808 2438 858 2471 die
875 2437 1008 2471 secunda
1020 2438 1194 2471 decembris

457 2491 529 2524 anni
543 2492 664 2525 Domini
679 2492 836 2525 millesimi
850 2492 1092 2536 quingentesimi
1109 2492 1194 2536 quin-

458 2545 632 2589 quagesimi
656 2545 783 2579 secundi
805 2546 843 2578 ad
864 2547 1028 2579 caelestem
1050 2546 1193 2588 gloriam,

458 2602 609 2642 perpetuo
626 2609 697 2631 eum
713 2599 776 2632 Deo
793 2603 990 2641 regnaturus,
1008 2598 1192 2632 evolaverat.

287 2658 380 2685 tamque
398 2664 442 2680 cor-
458 2651 597 2685 Desuneti
622 2663 746 2696 corpus,
764 2652 831 2685 vira
852 2653 935 2686 calce
953 2653 1125 2696 pertusum,
1150 2658 1193 2688 ut,

1232 476 1342 500 recens
1366 477 1401 499 ae
1426 466 1597 506 tractabile,
1622 464 1876 508 vestimentisque
1892 464 1970 498 adeo

1232 519 1385 563 integris,
1410 530 1445 552 ac
1475 519 1500 552 si
1530 529 1631 563 nuper
1655 522 1735 552 esset
1759 518 1947 551 tumulatum
1962 545 1970 559 ,

1231 577 1393 616 repertum
1418 572 1556 606 exiterat.
1575 572 1611 605 Et
1636 571 1777 616 quamvis
1793 570 1881 604 nullo
1897 570 1971 604 odo-

1231 631 1445 660 ramentorum
1470 635 1586 669 genere
1610 630 1754 658 curatum
1776 624 1899 665 fuisset,
1924 623 1971 658 di-

1232 679 1302 712 vino
1336 685 1440 712 tamen
1473 689 1604 712 munere
1635 689 1704 711 eam
1736 678 1870 712 odorum
1901 678 1967 711 sra-

1231 732 1385 774 grantiam
1410 732 1563 776 spirabat,
1583 737 1617 765 ut
1642 737 1722 764 esset
1745 741 1840 775 super
1864 731 1968 764 omnia

1230 791 1379 819 aromata.
1397 786 1486 819 Calee
1510 786 1615 830 itaque
1639 795 1749 818 rursus
1772 784 1897 825 iniecta,
1913 784 1971 818 Ma-

1230 840 1329 872 lacam
1344 866 1351 880 ‚
1376 850 1456 883 quae
1480 840 1511 872 in
1536 839 1685 873 Orientali
1709 838 1795 872 India
1819 838 1894 872 urbs
1925 844 1970 871 est

1230 892 1446 932 celeberrima,
1460 892 1596 925 delatum
1611 892 1763 926 extiterat.
1777 892 1811 924 In
1824 902 1886 936 qua
1899 902 1968 924 cum

1230 944 1409 976 saevissima
1434 945 1530 988 pestis
1550 945 1705 988 plurimos
1721 945 1861 989 quotidie
1878 945 1970 978 eonti—

1230 1002 1324 1037 ceret,
1348 997 1466 1040 ingenti
1490 997 1696 1030 beneficentia
1720 998 1886 1032 adventum
1904 999 1970 1032 eius

1229 1050 1310 1082 Deus
1335 1050 1549 1092 insigniverat.
1570 1050 1658 1091 Nam,
1676 1060 1765 1083 sacro
1783 1061 1919 1094 corpore
1939 1052 1969 1084 111

1229 1102 1340 1135 urbem
1352 1102 1446 1143 illato,
1460 1102 1538 1136 adeo
1551 1103 1653 1136 omnis
1666 1102 1811 1145 contagio
1824 1103 1970 1145 desierat,

1229 1162 1263 1189 ut
1287 1158 1322 1189 ea
1347 1156 1494 1200 deinceps
1518 1156 1622 1189 nullus
1650 1155 1779 1189 omnino
1806 1161 1971 1201 correptus

1229 1210 1347 1242 suisset.
1373 1211 1460 1249 Area
1477 1210 1581 1253 itaque
1606 1220 1716 1242 rursus
1744 1211 1870 1253 aperta,
1894 1210 1970 1243 inte-

1229 1273 1322 1305 grum
1343 1263 1423 1295 sicut
1439 1268 1539 1303 antea,
1558 1262 1763 1306 eamdemque
1779 1262 1886 1296 odoris
1904 1274 1970 1296 sua-

1229 1315 1354 1349 vitatem
1370 1316 1558 1356 diffundens,
1572 1321 1734 1360 repertum
1748 1315 1841 1349 etiam
1857 1316 1967 1350 fuerat.

1228 1368 1368 1412 Cumque
1392 1368 1423 1401 in
1451 1379 1532 1401 novo
1564 1369 1667 1402 loculo
1698 1369 1908 1410 conderetur,
1932 1381 1968 1403 ex

1229 1422 1380 1462 humero,
1405 1422 1445 1455 ob
1471 1422 1597 1455 arculae
1627 1421 1813 1455 brevitatem
1839 1422 1967 1466 paulum

1230 1486 1422 1519 compresso,
1435 1485 1545 1508 reeens
1555 1475 1683 1518 sanguis
1693 1475 1865 1509 effluxerat.
1879 1477 1968 1510 Nono

1229 1530 1356 1562 demum
1388 1535 1457 1573 post
1489 1529 1610 1563 obitum
1640 1539 1769 1570 mense,
1799 1530 1968 1574 sepulchro

1229 1582 1343 1615 iterum
1367 1583 1535 1626 patefacto,
1560 1592 1670 1615 rursus
1692 1588 1726 1615 ut
1749 1588 1840 1616 antea
1864 1583 1966 1616 divina

1231 1635 1343 1669 virtute
1368 1647 1385 1668 a
1409 1635 1612 1680 corruptione
1643 1636 1784 1669 immune
1813 1646 1849 1669 ac
1873 1637 1969 1670 caele·

1229 1688 1326 1722 stibus
1361 1690 1523 1733 perfusum
1558 1689 1753 1723 aromatibus
1785 1689 1967 1729 inventum3

1229 1743 1307 1783 velo,
1324 1753 1386 1786 quo
1405 1743 1498 1776 facies
1519 1743 1586 1776 eius
1606 1748 1716 1787 operta
1735 1743 1846 1784 fuerat,
1866 1743 1906 1777 ob
1926 1743 1969 1776 in-

1229 1801 1334 1839 gestae
1351 1801 1453 1830 terrae
1472 1797 1605 1841 pondus,
1623 1796 1741 1830 recenti
1762 1807 1875 1831 cruore
1898 1808 1969 1831 eon-

1229 1860 1346 1894 sperso.
1373 1850 1458 1883 Nova
1482 1851 1585 1894 itaque
1611 1852 1693 1891 area,
1718 1850 1848 1892 sericea,
1861 1853 1969 1884 aurea-

1229 1914 1288 1946 que
1306 1908 1390 1936 veste
1408 1906 1558 1944 contecta,
1575 1904 1839 1948 pretiosissimum
1855 1904 1968 1949 pignus

1229 1957 1383 1990 inclusum
1416 1957 1446 1990 in
1477 1957 1596 1990 Indiam
1628 1957 1666 1990 ad
1690 1957 1813 1991 Coccini
1839 1964 1967 2002 portum

1229 2010 1365 2043 delatum
1389 2016 1471 2043 erat:
1496 2011 1727 2044 confluentibus
1750 2011 1905 2055 undique,
1930 2011 1968 2044 ad

1229 2064 1447 2097 honorandum
1478 2064 1655 2097 communis
1688 2064 1720 2098 in
1751 2064 1874 2098 Christo
1899 2065 1968 2098 Iesu

1227 2117 1364 2160 parentis
1385 2128 1510 2161 corpus,
1527 2117 1673 2161 plurimis
1697 2128 1806 2151 earum
1826 2118 1967 2162 gentium

1228 2170 1362 2214 populis.
1396 2171 1469 2204 lude
1501 2170 1598 2204 Goam
1634 2171 1750 2214 insigni
1786 2171 1967 2205 celebritate

1229 2224 1422 2264 translatum,
1438 2234 1455 2256 a
1470 2235 1616 2267 prorege,
1633 2234 1670 2258 ae
1689 2224 1836 2258 omnibus
1852 2224 1966 2258 civium

1229 2277 1392 2310 ordinibus
1408 2278 1544 2310 maxima
1561 2277 1736 2322 frequentia
1751 2288 1786 2311 ac
1803 2278 1968 2312 devotione

1228 2336 1406 2374 exceptum,
1431 2336 1460 2363 et
1485 2332 1516 2364 in
1541 2332 1672 2365 eeclesia
1696 2332 1858 2366 Societatis
1882 2333 1967 2373 lesu,

1228 2390 1261 2416 ut
1278 2386 1467 2428 populorum
1484 2385 1643 2418 devotioni
1663 2385 1838 2427 satisfieret,
1858 2385 1968 2419 validis

1229 2438 1374 2470 cancellis
1406 2438 1582 2479 inclusum,
1611 2439 1753 2472 omnium
1782 2439 1882 2472 oculis
1912 2449 1968 2483 per

1229 2491 1367 2524 triduum
1388 2491 1564 2535 expositum
1589 2496 1798 2527 remanserat:
1816 2492 1968 2526 eiusdem-

1228 2555 1287 2588 que
1321 2544 1466 2588 proregis
1498 2545 1584 2577 iussu
1615 2545 1654 2578 ab
1685 2545 1801 2589 insigni
1825 2545 1966 2585 medico,

1228 2597 1403 2641 deindeque
1434 2597 1551 2631 vicario
1576 2598 1701 2640 Goano,
1726 2599 1884 2632 visitatum
1899 2626 1906 2639 ,
1931 2610 1967 2632 ac

1227 2657 1447 2695 pertentatum,
1465 2652 1550 2685 omni
1568 2664 1602 2685 ex
1625 2658 1714 2696 parte
1737 2653 1966 2697 incorruptum,
