2269 3235
77 240 126 266 An.
143 239 170 265 C.
194 237 260 265 1023

109 1202 210 1222 indultum
219 1201 266 1221 mi<-

83 1234 127 1248 sam
143 1228 264 1248 celebrandi

84 1258 103 1274 rt
125 1254 214 1275 uirtutum
234 1260 264 1275 re-

83 1282 170 1302 citandi.

139 1677 262 1701 l'mpmttac

81 1705 127 1723 c'm
164 1707 168 1722 t
173 1711 205 1723 ιιιιι
209 1706 226 1724 υἱ
231 1711 262 1723 ιιιιι

83 1731 214 1749 natantum>
235 1737 261 1750 ur

81 1756 210 1782 dulit-uuae.

126 2259 162 2278 Aila
181 2262 231 2278 silus
247 2259 265 2278 ἰιι

885 237 1026 261 FRBANUS
1052 239 1105 261 vm
1132 238 1178 261 ΓΡ.

274 286 409 319 dinalem
423 287 624 320 Ludovisium
643 291 869 330 nuncupatum,
885 285 1013 319 nomine

274 339 518 383 praedictorum,
543 341 596 384 qui
612 351 670 384 pro
686 342 722 373 ea
739 340 922 379 institerant,
943 343 1013 383 post

274 404 380 427 sacros
405 394 548 438 hymnos,
569 394 700 434 litanias,
725 393 864 436 aliasque
892 403 1011 436 preces,

274 451 304 478 ct
326 451 398 489 post
421 446 620 490 imploratam
643 445 777 489 Spiritus
807 445 911 478 Sancti
943 456 1012 487 gra-

274 498 359 540 tiam,
384 499 422 531 ad
446 499 599 533 honorem
624 498 838 532 sanctissimae
855 503 885 531 et
905 498 1012 530 indivi-

275 551 354 585 duae
377 551 544 593 Trinitatis,
566 556 597 585 et
620 551 693 584 fidei
709 551 880 585 catholicae
901 552 1012 584 exalta—

276 605 403 645 tionem,
420 610 450 638 et
469 605 657 638 christianae
680 604 844 647 religionis
860 614 1012 647 augmen-

276 662 352 697 tum,
362 657 545 691 auctoritate
560 657 699 690 eiusdem
716 657 770 690 Dei
787 656 1013 700 omnipotentis

276 710 373 743 Patris
397 714 427 744 et
451 711 519 744 Filii
543 716 573 743 et
597 710 732 754 Spiritus
757 710 861 744 Sancti
885 714 914 744 et
933 710 1010 743 bea-

275 769 378 796 torum
403 763 485 796 Petri
509 769 539 796 et
564 764 651 796 Pauli
671 764 888 808 apostolorum
906 763 1014 796 decre-

274 817 317 850 vit
332 822 362 850 et
381 817 530 858 definivit,
550 818 668 851 dictum
689 818 843 861 Ignatium
862 817 1012 857 Loiolam,

275 871 452 915 praedictae
464 871 628 905 societatis
644 872 854 912 fundatorem,
864 873 927 904 una
940 882 1012 904 cum

275 925 394 959 Isidoro
418 930 449 958 et
471 925 639 959 Francisco
664 925 824 969 praefatis,
849 936 885 958 ac
913 924 1013 957 beatis

274 978 434 1022 Philippo,
459 988 582 1012 necnon
605 978 771 1018 Theresia,
796 978 960 1019 Sanctum,
985 983 1015 1011 et

276 1032 462 1066 Sanctorum
486 1032 628 1074 catalogo
653 1031 895 1064 adscribendum
919 1037 949 1065 et
965 1042 1016 1074 ag-

278 1084 474 1128 gregandum
497 1094 574 1125 esse,
598 1088 692 1128 prout
717 1084 883 1128 adscripsit
908 1088 937 1118 et
960 1095 1015 1128 ag-

279 1137 443 1180 gregavit,

323 1191 338 1234 g
361 1190 412 1223 45.
438 1191 591 1231 Statuens,
607 1195 642 1223 ut
664 1190 703 1223 ab
724 1189 878 1222 universis
895 1190 1016 1222 christi-

279 1242 423 1276 fidelibus
447 1242 515 1276 eius
537 1242 569 1275 in
593 1243 746 1276 honorem
763 1242 913 1275 ecclesiae
930 1247 959 1275 et
976 1243 1017 1275 al-

280 1295 366 1335 taria,
389 1295 421 1328 in
444 1295 558 1339 quibus
582 1295 734 1328 sacrificia
758 1296 821 1328 Deo
843 1295 1016 1328 offerantur

279 1347 454 1389 aedificari,
479 1353 509 1381 et
533 1348 673 1391 quolibet
697 1358 788 1389 anno,
814 1347 895 1381 dicta
916 1348 966 1380 die
983 1348 1016 1380 il-

278 1401 336 1433 lius
350 1400 454 1434 obitus
470 1400 572 1444 pridie
589 1401 738 1434 kalendas
753 1401 888 1443 augusti,
903 1402 1014 1434 festum

279 1453 375 1497 ipsius
392 1459 421 1487 et
441 1454 588 1497 officium,
604 1460 765 1498 tamquam
778 1455 815 1488 de
832 1455 1015 1488 Conl'essore

278 1518 339 1540 nen
360 1508 518 1549 Pontifice,
538 1509 577 1541 ad
601 1509 735 1542 sormam
756 1509 787 1541 in
804 1509 941 1541 rubricis
967 1519 1017 1542 ro-

280 1561 361 1593 mani
384 1561 531 1595 breviarii
555 1562 781 1606 praescriptam
797 1589 804 1603 ,
834 1562 1016 1595 solemniter

279 1613 430 1647 celebrari
446 1615 574 1658 possint.

321 1667 337 1711 g
360 1667 411 1700 46.
437 1668 566 1712 Insuper
590 1669 700 1702 eadem
718 1669 902 1703 auctoritate
919 1669 1017 1703 omni-

278 1720 335 1753 bus
359 1721 524 1765 utriusque
547 1732 640 1755 sexus
664 1722 921 1756 christifidelibus
943 1733 1016 1756 vere

278 1774 509 1817 poenitentibus
533 1780 563 1808 et
587 1776 746 1818 confessis,
771 1776 825 1819 qui
850 1776 939 1809 annis
958 1776 1018 1809 sin-

278 1827 358 1869 gulis
378 1827 475 1871 ipsius
498 1828 578 1861 festo
597 1827 636 1860 ad
661 1829 874 1872 sepulchrum,
899 1829 930 1861 in
954 1840 1016 1873 quo

279 1890 394 1923 corpus
417 1881 484 1913 eius
509 1881 686 1925 requiescit,
708 1882 895 1916 visitandum
913 1892 1016 1915 acces-

279 1933 385 1975 serint,
409 1944 507 1967 unum
531 1944 647 1967 annum
665 1940 695 1967 et
710 1935 918 1978 quadraginta
934 1935 1016 1976 dies,

279 1986 315 2019 iis
338 1997 431 2028 vero,
455 1988 509 2031 qui
532 1988 565 2021 in
588 1988 728 2021 eiusdem
752 1988 821 2021 festi
845 1991 954 2022 octava
986 1989 1017 2022 id

279 2041 417 2083 t'ecerint,
441 2041 535 2073 etiam
551 2041 759 2084 quadraginta
776 2041 842 2074 dies
863 2042 901 2074 dc
918 2042 1018 2075 iniun-

279 2095 335 2127 ‹ztis
366 2095 411 2128 eis
441 2101 494 2128 aut
527 2095 602 2128 ali'as
634 2095 870 2139 quomodolibet
905 2096 1018 2130 debitis

279 2148 476 2191 poenitentiis
500 2148 748 2182 misericorditer
772 2148 804 2181 in
820 2149 952 2182 Domino
970 2160 1017 2183 re-

282 2202 400 2235 laxavit.

325 2256 340 2298 ἐ
363 2255 414 2288 47.
439 2256 476 2289 Et
499 2255 662 2290 decantato
687 2257 869 2291 solemniter
889 2257 1017 2301 hymno,

287 2309 326 2340 Te
349 2309 452 2342 Deum
476 2309 668 2351 laudamus,
693 2316 723 2343 et
746 2310 851 2343 divina
875 2321 934 2354 ope
960 2311 1018 2343 im-

284 2361 406 2403 plorata
429 2361 458 2394 S.
482 2363 592 2405 Ignatii
620 2368 650 2396 et
674 2364 807 2397 aliorum
833 2364 1018 2397 Sanctorum

282 2414 513 2457 praedictorum
535 2417 665 2459 meritis,
688 2428 746 2462 per
769 2418 960 2462 peculiarem
982 2418 1019 2450 ad

284 2467 314 2500 id
327 2468 500 2502 orationem
513 2480 605 2514 quam
621 2471 723 2504 dictus
742 2471 914 2514 Gregorius
933 2481 1021 2517 prae-

283 2521 430 2555 decessor
453 2522 503 2566 pie
527 2528 557 2555 et
581 2524 762 2558 solemniter
792 2525 945 2566 recitavit,
971 2536 1019 2558 sa-

284 2581 481 2609 crosanctum
516 2577 628 2610 missae
663 2579 852 2612 sacrificium
888 2579 1020 2612 solemni

284 2631 400 2673 pompa
425 2634 454 2662 ct
478 2629 556 2663 ritu.
582 2624 652 2663 cum
685 2632 868 2665 eorumdem
893 2632 1020 2666 Sancto-

1708 228 1743 260 ,Ἣ

1045 296 1116 318 rum
1134 286 1444 328 commemoratione,
1463 286 1501 318 ad
1517 286 1616 318 altare
1631 285 1784 330 Principis

1045 340 1261 383 apostolorum
1280 339 1465 380 celebravit;
1491 344 1521 372 et
1540 339 1688 373 omnibus
1705 339 1785 372 chri-

1045 392 1230 425 stifidelibus
1262 397 1335 427 tunc
1364 393 1582 437 praesentibus
1612 393 1785 436 plenariam

1045 446 1186 478 omnium
1200 451 1401 489 pcccatorum
1416 457 1546 480 suorum
1559 446 1785 489 indulgentiam

1045 503 1075 530 et
1091 498 1319 539 remissionem,
1337 499 1375 531 ad
1391 499 1445 532 Dei
1462 499 1597 540 laudem,
1611 504 1639 532 et
1653 499 1785 542 gloriam

1045 552 1232 584 Sanctorum
1257 551 1333 592 eius,
1359 552 1536 595 impertitus
1560 553 1627 586 fuit.

1090 604 1104 645 ξ
1128 603 1180 637 48.
1199 604 1243 637 Ne
1260 609 1363 637 autem
1382 605 1420 637 de
1438 605 1575 647 decreto,
1594 606 1785 645 definitione,

1046 656 1266 700 adscriptione,
1281 657 1515 700 aggregatione,
1529 663 1654 700 statuto,
1672 659 1788 691 relaxa-

1048 709 1141 750 tione,
1167 709 1381 754 impertitione
1396 737 1403 751 ,
1429 710 1560 754 aliisque
1584 711 1786 754 praemissis,

1046 773 1104 806 pro
1129 772 1166 796 eo
1190 763 1274 807 quod
1299 774 1394 807 super
1424 763 1486 796 illis
1515 764 1615 808 ipsius
1644 764 1787 808 Gregorii

1046 815 1299 859 praedecessoris
1316 816 1448 858 litterae,
1466 816 1533 849 eius
1550 817 1790 860 superveniente

1047 868 1143 908 obitu,
1168 869 1328 902 consectae
1352 879 1416 902 non
1439 870 1576 912 suerunt,
1595 871 1694 903 valeat
1714 882 1790 915 quo-

1047 921 1219 954 modolibet
1242 921 1409 964 haesitari,
1443 923 1589 956 volumus
1614 928 1645 956 et
1669 928 1790 967 aposto-

1048 973 1107 1006 lica
1130 974 1316 1007 auctoritate
1339 974 1549 1015 decernimus,
1574 976 1658 1019 quod
1684 976 1790 1009 decre-

1049 1032 1126 1067 tum,
1152 1027 1302 1068 definitio,
1327 1027 1506 1072 adscriptio,
1521 1029 1714 1072 aggregatio,
1733 1036 1791 1063 sta—

1049 1084 1161 1121 tutum,
1178 1081 1341 1122 relaxatio,
1358 1081 1543 1125 impertitio,
1561 1082 1683 1126 aliaque
1702 1093 1790 1127 prae-

1050 1133 1160 1173 missa,
1191 1144 1210 1166 a
1235 1133 1318 1166 dieta
1342 1133 1392 1167 die
1415 1144 1447 1167 1v
1473 1134 1542 1168 idus
1566 1135 1672 1168 martii
1696 1147 1789 1170 suum

1049 1185 1189 1220 debitum
1214 1186 1386 1220 sortiantur
1405 1187 1562 1229 effectum,
1587 1199 1623 1222 ac
1647 1189 1672 1221 si
1695 1199 1791 1234 super

1050 1238 1110 1271 illis
1126 1239 1225 1283 ipsius
1241 1240 1386 1283 Gregorii
1403 1241 1656 1284 praedecessoris
1668 1242 1791 1277 litterae

1050 1293 1107 1325 sub
1132 1293 1238 1326 datum
1263 1294 1404 1327 eiusdem
1433 1295 1495 1328 diei
1528 1296 1687 1329 consectae
1717 1297 1792 1330 suis-

1050 1351 1128 1386 sent,
1153 1353 1248 1390 prout
1271 1348 1418 1391 superius
1436 1353 1617 1389 enarratu1·;
1642 1350 1791 1394 quodque

1049 1406 1230 1443 praesentes
1254 1407 1381 1434 nostrae
1397 1402 1520 1435 litterae
1536 1402 1574 1435 ad
1590 1403 1790 1446 probandum

1049 1454 1139 1497 plene
1165 1453 1338 1496 decretum,
1363 1455 1590 1498 definitionem,
1607 1456 1792 1500 adscriptio-

1048 1517 1130 1548 nem,
1155 1508 1423 1550 aggregationem,
1449 1512 1609 1550 statutum‚
1630 1510 1792 1543 relaxatio-

1048 1570 1130 1600 nem,
1155 1560 1399 1604 impertitionem
1424 1567 1454 1594 et
1478 1563 1538 1595 alia
1561 1563 1735 1606 praemissa
1759 1574 1792 1596 u-

1048 1613 1143 1657 bique
1168 1615 1335 1648 sufficiant:
1360 1626 1418 1648 nec
1438 1616 1477 1648 ad
1501 1616 1532 1649 id
1552 1617 1791 1660 approbationis

1048 1667 1177 1700 alterius
1201 1668 1428 1702 adminiculum
1452 1669 1642 1713 requiratur.

1093 1721 1172 1763 549.
1190 1722 1346 1763 Ceterum,
1368 1722 1442 1766 quia
1455 1723 1581 1756 difficile
1603 1724 1692 1765 soret,
1704 1734 1792 1768 prae-

1049 1780 1152 1808 sentes
1164 1781 1289 1808 nostras
1305 1775 1426 1809 litteras
1443 1776 1482 1808 ad
1499 1776 1624 1819 singula
1642 1777 1722 1819 loca,
1737 1777 1792 1811 ubi

1049 1838 1130 1871 opus
1154 1833 1252 1870 esset,
1278 1828 1412 1870 deferri,
1438 1830 1601 1870 volumus,
1626 1835 1660 1862 ut
1683 1841 1792 1863 earum

1050 1881 1213 1925 exemplis,
1238 1882 1332 1914 etiam
1358 1882 1530 1926 impressis,
1556 1893 1652 1915 manu
1670 1883 1792 1927 publici

1050 1934 1164 1966 notarii
1189 1935 1387 1978 subscriptis,
1405 1940 1435 1968 et
1454 1935 1557 1978 sigillo
1574 1936 1706 1969 alicuius
1723 1947 1793 1980 per-

1051 1997 1145 2021 sonae
1162 1988 1193 2021 in
1206 1988 1358 2031 dignitate
1377 1989 1588 2022 ecclesiastica
1606 1990 1794 2023 constitutae

1051 2041 1189 2082 munitis,
1214 2042 1322 2075 eadem
1346 2042 1463 2086 ubique
1488 2042 1566 2076 fides
1590 2042 1793 2083 adhibeatur,

1051 2105 1130 2139 quae
1162 2095 1237 2139 ipsis
1267 2095 1486 2139 praesentibus
1518 2095 1742 2139 adhiberetur,
1768 2097 1793 2129 si

1052 2155 1155 2182 essent
1179 2149 1336 2182 exhibitae
1362 2150 1409 2182 vel
1434 2155 1585 2183 ostensae.

1096 2203 1110 2245 g
1135 2201 1186 2235 50.
1212 2203 1300 2236 Nulli
1320 2213 1397 2246 ergo
1421 2203 1550 2237 omnino
1574 2203 1740 2237 hominum
1761 2204 1795 2237 li-

1052 2261 1119 2289 ceat
1143 2256 1223 2289 hanc
1246 2256 1394 2300 paginam
1418 2257 1582 2302 utriusque
1614 2261 1793 2292 nostrarum

1052 2310 1247 2343 voluntatum
1272 2316 1303 2343 et
1327 2309 1445 2343 decreti
1477 2311 1668 2354 infringere,
1694 2312 1741 2345 vel
1766 2312 1794 2345 ei

1052 2374 1130 2396 ausu
1155 2364 1323 2397 temerario
1347 2365 1514 2397 contraire.
1540 2364 1571 2397 Si
1596 2365 1666 2408 quis
1690 2369 1794 2399 autem

1052 2418 1112 2451 hoc
1136 2422 1289 2451 attentare
1313 2419 1581 2462 praesumpserit,
1606 2418 1795 2461 indignatio-

1052 2482 1124 2505 nem
1149 2471 1373 2515 omnipotentis
1393 2471 1447 2504 Dei
1471 2482 1507 2505 ac
1523 2472 1688 2505 beatorum
1710 2473 1793 2506 Petri

1053 2530 1083 2558 et
1107 2525 1192 2558 Pauli
1218 2525 1433 2568 apostolorum
1457 2525 1525 2558 eius
1550 2536 1582 2558 se
1607 2526 1729 2559 noverit
1750 2526 1794 2558 in-

1054 2589 1232 2611 cursurum.

1097 2631 1207 2666 Datum
1233 2632 1364 2673 Romae,
1389 2632 1472 2676 apud
1489 2637 1630 2666 sanctum
1656 2632 1793 2673 Petrum,

1797 237 1847 264 Αη.
1863 238 1890 264 C.
1914 237 1980 265 1623

1816 619 1821 635 t

1814 647 1820 674 ¹.

1802 652 1818 691 ἰ
1929 651 1986 695 Pap-„i

1802 697 1932 724 perhibetur.

1825 618 1857 637 ies

1824 650 1870 663 uwu

1824 671 1859 690 rtta

1824 1732 1928 1757 Exempli·
1940 1732 1990 1753 dan-

1808 1760 1834 1780 da
1852 1759 1912 1779 fides.

1837 2211 1956 2233 clausulae.
