2269 3235
205 251 253 277 Αιι.
272 251 300 277 C.
318 250 385 277 1th
435 241 494 274 180

401 300 599 342 pugnacula,
628 310 682 331 seu
714 298 860 330 fortalitia
884 303 913 329 et
938 298 1005 330 loea
1037 308 1135 341 quae-

400 364 534 396 emuque
548 354 639 385 etiam
657 352 781 395 speciali
800 353 872 384 nota
891 356 920 383 et
937 351 1139 394 expressione

399 406 504 446 digua,
532 406 560 437 iu
586 411 614 437 vt
640 405 697 437 sub
722 407 806 437 Statu
833 404 905 437 dicu
931 404 1062 436 ducatus
1088 403 1140 436 Ur-

399 458 463 490 biui
492 459 528 491 ad
555 468 703 502 praesens
728 457 964 500 quomodolibet.
989 467 1136 500 eompre-

401 512 505 549 beusa,
520 512 585 543 eius
599 511 852 544 antecessoribus
867 511 983 543 dudum
1001 522 1017 543 a
1032 511 1141 542 lloma-

400 566 448 598 nis
473 565 674 598 l‘outitieibus
699 564 995 608 praedeeessoriluis
1025 564 1139 597 nostris

400 619 429 651 iu
449 619 572 651 t'eudum
598 619 668 652 data
692 624 722 651 et.
746 630 903 660 concessa,
924 630 977 651 seu
995 618 1070 651 alias
1084 629 1139 661 per

399 683 470 705 eum
495 672 731 715 quomodolibet
756 684 913 716 possessa,
938 683 994 715 per
1018 672 1137 705 obitum

399 737 488 758 suum
514 726 579 757 sine
604 726 713 758 liberis
738 730 767 761 et
791 726 1052 759 descendentibus
1073 736 1138 758 ma-

399 779 502 818 sculis,
516 778 664 821 legitimis
688 784 718 811 et
734 779 941 819 naturalibus,
957 779 998 811 ob
1024 779 1136 810 lineam

398 831 534 871 linitam,
560 843 631 864 cum
656 832 801 865 omnibus
826 842 935 864 eorum
962 831 1138 870 territoriis,

397 885 601 925 districtibus,
620 885 898 925 iurisdictionilnis‚
920 885 1078 924 membris,
1097 884 1139 916 iu-

398 938 484 971 ribus
515 944 544 971 et
576 938 773 981 pertinentiis
809 937 963 970 universis
995 938 1138 980 (excepto

396 992 503 1025 Castro
529 991 615 1024 Pedii
641 991 851 1024 Ilibernorum
867 1018 874 1031 ‚
900 996 930 1023 et
954 990 1022 1022 aliis
1049 990 1139 1023 bonis

396 1055 458 1078 non
484 1044 670 1083 feudalibus,
697 1054 798 1087 neque
828 1043 1137 1084 iurisdictionalibi1S,

396 1098 540 1131 relaxatis
565 1103 595 1130 et
613 1098 778 1130 reservatis
796 1097 867 1130 duci
885 1097 1035 1140 praefato,
1056 1097 1139 1129 eius-

396 1162 455 1195 que
472 1151 658 1183 haeredibus
683 1156 712 1183 et
727 1150 962 1183 successoribus
979 1151 1010 1182 in
1028 1150 1140 1182 instru—

396 1210 502 1237 mento
527 1204 715 1237 concordiae
740 1204 897 1237 celebrato
921 1204 980 1236 snb
1005 1203 1054 1236 die
1078 1214 1139 1237 xxx

396 1258 504 1302 aprilis
528 1258 671 1302 proxime
696 1258 876 1301 praeteriti)
898 1263 1016 1301 aperta,
1041 1267 1076 1290 ac
1101 1257 1139 1289 ad

396 1323 453 1345 nos
478 1318 507 1345 et
533 1313 703 1345 llomanam
730 1311 901 1344 Ecclesiam
918 1337 925 1351 ‚
950 1310 1138 1354 Sedemque,

397 1372 427 1399 et
444 1377 602 1399 cameram
621 1365 831 1409 Apostolieam
857 1375 983 1397 reversa
1004 1370 1033 1397 et
1050 1365 1140 1397 devo-

396 1421 461 1452 luta
486 1420 545 1459 iri,
574 1420 677 1463 cupiat
706 1430 794 1451 suam
819 1430 894 1461 erga
924 1429 981 1452 nos
1005 1424 1035 1450 et
1059 1419 1139 1452 hanc

398 1478 535 1506 sanctam
561 1473 672 1505 Sedem
698 1472 907 1516 Apostolicam
927 1472 1022 1504 tidem
1040 1475 1069 1505 et
1086 1472 1139 1504 de-

397 1527 566 1563 votionem,
592 1537 653 1570 qua
678 1536 803 1569 semper
828 1525 859 1558 in
879 1531 988 1559 nostro
1009 1530 1039 1558 et
1063 1525 1141 1558 eius-

397 1580 468 1613 dem
499 1580 587 1613 Sedis
619 1585 790 1623 conspectu
825 1579 957 1619 claruit,
983 1579 1140 1612 uberioris

398 1634 565 1667 voluntatis
586 1644 659 1666 suae
684 1633 913 1675 significatione
938 1632 1083 1666 omnibus
1102 1638 1142 1665 te-

398 1692 509 1721 statam
535 1688 726 1731 relinquere3
752 1693 781 1719 et
805 1691 971 1731 propterea
989 1688 1035 1729 (ut
1060 1691 1142 1730 post-

399 1753 494 1785 quam
520 1741 599 1773 viam
624 1741 789 1773 universae
820 1741 944 1780 carnis,
973 1741 1013 1772 ita
1038 1740 1142 1784 dispo<

399 1801 491 1828 nente
516 1795 659 1835 Domino,
686 1795 846 1837 ingressus
871 1795 973 1835 suerit,
1001 1795 1083 1827 illico
1101 1795 1142 1827 ci-

400 1849 509 1881 vitates
533 1860 568 1881 ac
593 1849 729 1892 oppida,
755 1854 871 1889 terrae,
897 1853 1017 1887 eastra,
1043 1859 1141 1887 arces,

400 1903 650 1946 propugnacula,
676 1902 739 1935 sive
765 1902 911 1935 fortalitia
937 1908 966 1934 et
991 1902 1050 1934 alia
1074 1903 1142 1935 loca

400 1958 559 2000 praedicta
590 1957 692 1990 Status
726 1956 925 1996 huiusmodi,
951 1956 1141 2000 illorumque

400 2011 557 2054 possessio
590 2022 687 2043 vacua
711 2016 740 2043 et
764 2010 930 2053 expedita,
959 2010 1088 2053 pacifice
1113 2014 1143 2042 et

402 2065 467 2096 sine
481 2065 612 2108 strepitu
631 2075 792 2097 armorum
807 2064 909 2104 nobis,
923 2063 1056 2106 Sedique
1075 2074 1143 2096 nec-

401 2128 463 2150 non
484 2129 628 2151 camerae
653 2118 822 2161 praedietis
846 2117 1007 2150 tradantur
1024 2122 1053 2149 et
1073 2127 1144 2149 con-

403 2172 576 2214 signentur,
603 2182 638 2204 ae
662 2177 695 2204 ut
719 2182 879 2204 armorum
906 2171 1160 2213 gubernatoress

403 2226 572 2266 castellani,
597 2237 651 2258 seu
676 2225 823 2269 praefecti
849 2225 990 2265 arcium,
1022 2235 1142 2258 necnon

403 2279 454 2311 alii
480 2279 670 2322 quicumque
690 2278 849 2317 officiales,
867 2288 1067 2321 quoeuuupie
1092 2288 1144 2310 no—

403 2332 487 2364 mine
512 2332 693 2375 nuncupati,
718 2332 831 2375 quibus
857 2331 1143 2374 superintendentia

404 2392 433 2418 et
457 2397 532 2418 eura
557 2386 749 2429 principalis,
775 2386 814 2417 ab
840 2385 900 2418 alio
926 2385 1053 2418 militiae
1076 2386 1144 2417 ossi-

404 2439 472 2471 eiali
494 2450 555 2471 non
580 2439 769 2483 dependens,
787 2449 950 2471 armorum
965 2443 994 2471 et
1012 2438 1143 2470 militum

405 2494 629 2536 cuiuscumque
653 2493 799 2532 civitatis,
827 2493 918 2532 areis,
943 2492 1060 2536 oppidi,
1082 2493 1143 2525 sor-

405 2547 493 2579 tatitu
520 2551 549 2580 ct
573 2548 631 2579 loci
656 2547 817 2586 incumbit,
839 2557 1013 2590 eorumque
1037 2552 1067 2579 et
1092 2558 1144 2579 eu-

404 2600 530 2633 iuslibet
551 2601 690 2644 ipsorum
716 2602 881 2634 existentes
898 2602 1143 2634 locumteneutes

405 2655 444 2688 ad
468 2655 499 2688 id
516 2655 690 2699 paratiores
707 2656 780 2700 sint)
799 2661 831 2689 ut
850 2655 941 2689 nobis
957 2655 1085 2689 domino
1102 2655 1144 2688 di-

979 249 1156 273 ammanium
1180 249 1333 273 ROMANUM

1174 303 1260 330 recto
1284 297 1414 331 ducatus
1440 301 1470 329 et
1500 301 1636 329 statuum
1661 296 1910 340 praedictorum,

1174 355 1203 383 et
1218 351 1374 383 Romanae
1392 350 1556 389 Ecclesiae,
1573 349 1707 393 Sedique
1723 355 1752 383 et
1769 361 1911 383 camerae

1175 404 1343 447 praedit-tis
1369 405 1398 436 in
1423 404 1538 437 nostris
1563 414 1617 435 seu
1643 414 1794 446 personae
1815 414 1832 436 a
1854 414 1911 437 no-

1175 457 1221 489 bis
1245 457 1439 501 deputandae
1469 457 1613 489 manibus
1638 456 1795 490 fidelitatis
1824 468 1912 501 prae-

1175 516 1255 544 stent
1280 512 1499 551 iuramentum,
1525 510 1682 544 intendat:

1219 565 1233 607 ξ
1257 564 1286 597 2.
1308 566 1379 603 Nos,
1397 569 1575 608 promptam
1601 568 1631 595 et
1654 562 1796 595 devotam
1814 562 1912 606 ipsius

1174 617 1329 650 Francisei
1355 618 1468 650 Mariae
1489 617 1576 650 ducis
1600 617 1693 649 tidem
1719 620 1749 648 et
1772 615 1911 648 devotio-

1174 681 1244 703 nem
1259 671 1437 704 huiusmodi
1452 671 1622 714 plurimum
1639 670 1668 702 in
1683 669 1815 702 Domino
1831 679 1913 702 com-

1174 725 1365 764 mendantes,
1385 735 1507 758 necnon
1520 725 1557 757 de
1574 726 1627 756 tua
1646 724 1718 764 fide,
1735 722 1912 766 prudentia,

1174 778 1349 820 integritate
1365 805 1372 818 ,
1397 789 1432 811 ac
1457 778 1487 810 in
1517 778 1710 821 gravissimis
1734 777 1828 809 rebus
1852 786 1909 819 ge-

1174 831 1279 863 rendis
1303 831 1494 875 experientia
1528 831 1700 874 plurimum
1726 830 1756 862 in
1781 829 1912 862 Domino

1173 884 1293 924 confisi,
1315 890 1400 917 motu
1423 884 1554 927 proprio
1571 889 1601 917 et
1621 894 1659 917 ex
1676 885 1761 917 certa
1785 882 1914 916 scientia

1173 948 1208 969 ac
1233 939 1356 970 matura
1388 937 1613 970 deliberatione
1644 938 1780 979 nostris,
1812 937 1913 980 deque

1173 990 1365 1034 apostolicae
1390 990 1550 1034 potestatis
1571 991 1774 1034 plenitudine,
1796 990 1860 1030 tibi,
1881 995 1914 1022 ut

1169 1053 1191 1076 ra
1215 1043 1480 1085 gubernatoribus
1505 1053 1666 1075 armorum
1681 1070 1688 1083 ,
1720 1042 1913 1082 castellanis,

1174 1107 1229 1129 scu
1254 1096 1420 1140 praefectis
1437 1096 1568 1136 arcium,
1587 1101 1617 1129 et
1630 1096 1698 1128 aliis
1715 1096 1915 1139 quibuscum-

1174 1161 1235 1194 que
1255 1150 1451 1191 officialibus,
1470 1160 1671 1193 quocumque
1687 1149 1815 1182 nomine
1839 1159 1916 1182 nun-

1174 1203 1311 1247 cupatis,
1338 1203 1451 1247 quibus
1475 1203 1763 1247 superintendentia
1787 1208 1817 1236 et
1841 1215 1916 1237 cura

1174 1256 1372 1300 principalis,
1400 1257 1439 1289 ab
1465 1257 1525 1289 alio
1551 1256 1679 1289 militiae
1704 1257 1829 1289 officiali
1852 1268 1916 1291 non

1174 1310 1374 1353 dependens,
1396 1320 1557 1342 armorum
1587 1315 1617 1342 et
1645 1309 1779 1342 militum
1812 1310 1916 1344 cuius-

1175 1374 1309 1406 cumque
1335 1363 1478 1403 civitatis,
1502 1363 1605 1403 arcis,
1634 1363 1752 1407 oppidi,
1776 1364 1915 1396 fortalitii

1175 1421 1204 1448 et
1228 1416 1288 1449 loci
1314 1416 1476 1456 incumbit,
1498 1427 1672 1460 eorumque
1697 1422 1726 1449 et
1750 1416 1916 1449 cuiuslibet

1175 1470 1315 1514 ipsorum
1333 1470 1620 1503 locumtenentibus
1637 1469 1840 1503 existentibus
1858 1481 1912 1503 su-

1175 1524 1334 1568 pradictis,
1354 1530 1384 1558 et
1404 1535 1514 1558 eorum
1540 1525 1681 1568 singulis,
1702 1524 1916 1568 quandocum-

1174 1589 1234 1621 que
1259 1578 1427 1619 tidelitatis,
1452 1583 1481 1611 et
1505 1578 1565 1611 alia
1589 1588 1807 1622 quaecumque
1831 1578 1916 1611 iura-

1176 1637 1289 1672 menta,
1315 1632 1400 1665 iuxta
1423 1633 1556 1665 sormam
1582 1632 1818 1672 tibitraditam,
1843 1643 1914 1665 cum

1175 1685 1320 1719 omnibus
1346 1691 1376 1718 et
1400 1685 1531 1728 singulis
1556 1685 1587 1717 in
1612 1687 1647 1718 ea
1665 1685 1820 1718 contentis
1842 1685 1918 1718 reci-

1176 1751 1261 1784 pere,
1280 1743 1309 1773 et
1329 1739 1367 1772 ad
1392 1740 1475 1772 hunc
1492 1739 1649 1779 effectum,
1667 1739 1691 1772 si
1710 1750 1789 1783 opus
1812 1739 1916 1781 suerit,

1175 1799 1205 1826 et
1236 1793 1496 1837 quotiescumque
1521 1793 1575 1825 tibi
1600 1793 1778 1833 videbitur,
1806 1803 1917 1836 quern-

1176 1858 1309 1890 eumque
1346 1858 1401 1880 seu
1436 1857 1652 1890 quoscumque
1684 1846 1832 1879 idoneum
1863 1857 1917 1880 seu

1176 1901 1305 1934 idoneos
1337 1900 1517 1933 notarium¹
1542 1911 1596 1933 seu
1624 1900 1764 1933 notarios
1796 1900 1843 1933 vel
1872 1904 1917 1934 ta-

1175 1954 1327 1987 belliones
1353 1954 1407 1987 tibi
1438 1954 1601 1987 benevisos
1631 1954 1768 1996 eligere,
1796 1963 1918 1987 necnon

1177 2009 1405 2050 gubernatores
1429 2019 1609 2049 armorum,
1635 2008 1836 2048 castellanos,
1861 2018 1914 2040 ar-

1177 2062 1259 2094 cium
1281 2062 1454 2105 praefectos
1480 2067 1509 2095 et
1533 2062 1611 2095 alios
1635 2072 1851 2105 quoscumque
1875 2061 1919 2094 of-

1177 2114 1303 2153 ficiales,
1332 2126 1507 2159 eorumque
1532 2120 1562 2147 et
1586 2115 1753 2148 cuiuslibet
1777 2115 1917 2158 ipsorum

1177 2169 1426 2201 locumtenentes
1450 2169 1618 2201 existentes
1634 2169 1800 2212 praefatos,
1817 2167 1855 2200 ad
1874 2167 1918 2200 iu-

1178 2227 1318 2254 ramenta
1343 2222 1534 2263 huiusmodi,
1556 2222 1588 2254 in
1613 2232 1686 2254 casu
1711 2232 1822 2254 eorum
1849 2231 1916 2254 mu-

1178 2276 1322 2316 tationis,
1348 2286 1365 2307 a
1390 2276 1502 2309 suturis
1536 2287 1644 2309 eorum
1680 2275 1917 2309 successoribus

1178 2329 1381 2373 recipienda’,
1399 2330 1560 2373 deputare,
1578 2335 1744 2373 ceteraque
1765 2328 1871 2361 omnia
1889 2331 1919 2362 et

1178 2383 1300 2426 singula
1326 2384 1356 2415 in
1380 2383 1570 2427 praemissis,
1588 2390 1618 2416 et
1635 2383 1718 2416 circa
1736 2393 1771 2415 ea
1791 2392 1918 2426 quomo-

1178 2438 1295 2471 dolibet
1323 2438 1499 2470 necessaria
1523 2443 1553 2470 et
1576 2443 1776 2481 opportuna,
1796 2435 1918 2469 etiamsi

1178 2491 1250 2523 talia
1275 2491 1336 2523 sint
1359 2492 1406 2523 vel
1432 2491 1557 2529 fuerint,
1575 2502 1654 2534 quae
1680 2490 1780 2533 magis
1805 2489 1919 2534 specia-

1179 2547 1249 2586 lem,
1267 2546 1444 2589 specificam
1462 2551 1491 2578 et
1509 2556 1691 2588 expressam
1722 2544 1919 2588 requirerent

1216 2620 1223 2644 1
1241 2617 1385 2653 Perperam
1396 2617 1439 2644 ed.
1455 2617 1536 2644 Main.
1550 2616 1806 2651 legitvolariormn
1816 2616 1856 2649 (a.
1868 2616 1916 2646 Τ.).

1212 2663 1230 2690 2
1244 2662 1364 2690 Erronee
1379 2662 1438 2698 ipsa
1452 2661 1517 2689 edit.
1533 2661 1615 2689 habet
1630 2660 1801 2696 recipiendis
1814 2662 1853 2696 (R.
1869 2659 1916 2695 T.).

1926 249 1975 276 An.
1992 247 2021 275 C.
2040 247 2109 277 1624

1953 561 2047 582 Pontifex
2055 567 2109 583 com·

1927 589 2033 607 missarios
2058 594 2110 614 apo-

1927 615 2012 635 stolicos
2044 614 2111 640 depu-

1927 643 1966 665 tat,
1995 647 2030 667 qui
2060 641 2109 661 illud

1926 668 2036 693 recipiant.
