2269 3235
937 230 1033 255 mnnx
1059 229 1256 254 neumaiam
1755 218 1820 252 719

419 284 563 319 eiusdem
587 283 718 320 Ordin1s
743 284 862 329 ubique
888 285 1071 325 existentes,

330 391 419 427 XCII.
442 391 632 434 Declarati0‚
658 391 742 436 quod
760 400 934 425 consensus
952 391 1072 424 monia-

418 445 516 486 lium,
544 446 614 479 sine
642 454 705 490 qno
736 444 886 478 mulieres
910 444 1072 478 seculares

417 498 555 532 licentiis
580 499 772 532 monasteria
796 497 1001 541 ingrediendi
1027 498 1071 530 uti

419 561 481 585 non
505 555 645 596 possunt,
667 561 831 596 expresse,
853 550 1072 594 capitulariter

418 609 449 639 et
473 614 531 649 per
561 608 684 639 secreta
717 604 869 647 suffragia
894 605 933 637 de
965 607 1071 637 cetero

418 657 529 692 haberi
546 657 671 699 debeat,
687 657 760 690 235.

330 710 435 745 XCIII.
464 712 619 746 Institutio
649 710 916 744 confraternitatis
937 710 1068 743 Aulico-

419 775 488 799 rum
519 763 613 798 Urbis
637 766 668 797 in
694 763 831 798 ecclesia
849 764 878 797 S.
896 764 1018 798 Nicolai
1032 763 1070 797 ad

419 817 605 852 Caesarinos
626 816 685 851 sub
715 819 917 852 invocatione
945 817 1071 851 confra-

418 872 575 905 ternitatis
606 870 770 913 Urbanae,
794 871 869 904 236.

330 924 434 959 xctv.
459 925 573 968 Magno
598 927 748 969 magistro
774 925 906 959 Militiae
923 925 1073 959 Christia-

417 988 477 1012 nae
501 978 634 1013 facultas
658 979 844 1013 conceditur
868 979 1000 1013 militiae
1018 979 1073 1013 ad-

417 1031 580 1066 scribendi
598 1042 653 1066 eos
667 1035 721 1078 qui
738 1042 796 1077 per
812 1033 979 1067 biennium
997 1033 1072 1067 Sedi

416 1085 617 1129 Apostolicae
643 1088 855 1128 inservierint,
883 1087 956 1120 238.

329 1136 417 1172 XCV.
453 1138 685 1173 Ecclesiasticis
721 1141 813 1182 regni
844 1139 972 1173 Siciliae
1001 1148 1073 1183 per-

414 1193 558 1235 mittitur,
578 1197 612 1226 ut
629 1192 790 1237 quoddam
803 1192 984 1226 subsidium
1004 1194 1073 1236 regi

415 1245 571 1289 praebere
589 1249 716 1290 queant,
732 1246 805 1280 239.

328 1297 434 1333 XCVI.
458 1299 618 1334 Indultum
648 1299 799 1334 fratribus
834 1300 967 1334 Iesuatis
1006 1309 1074 1333 san-

415 1355 457 1387 cti
480 1353 668 1398 Hieronymi
685 1353 817 1389 Ordinis
837 1355 868 1388 S.
890 1355 1071 1398 Augustini,

416 1407 501 1451 quod
527 1406 652 1441 abiecto
684 1410 811 1451 caputio
851 1407 915 1441 albi
959 1408 1073 1441 coloris

415 1459 501 1493 aliud
526 1460 641 1495 coloris
666 1471 776 1495 60111111
809 1460 945 1503 habitus,
971 1460 1073 1506 eaque

418 1513 527 1556 forma,
549 1524 612 1559 qua
632 1516 730 1549 ceteri
747 1514 964 1549 Mendicantes
981 1519 1074 1548 utun-

417 1570 477 1609 tur,
507 1567 660 1612 deinceps
685 1572 812 1612 gestare
837 1568 973 1611 valeant,
1000 1569 1072 1602 242.

327 1619 450 1655 XCVII.
467 1621 668 1655 Confirmatio
691 1622 960 1656 confraternitatis
982 1622 1075 1656 Musi-

415 1683 525 1708 corum
550 1674 609 1708 sub
634 1675 830 1708 Visitationis
861 1675 975 1709 Beatae
1008 1676 1073 1709 Ma-

417 1729 494 1770 riae,
520 1728 551 1762 S.
576 1728 721 1772 Gregorii
745 1729 861 1772 Papae,
887 1739 923 1763 ac
941 1730 1074 1763 Sanctae

414 1782 571 1815 Caeciliae
607 1782 707 1825 titulo,
747 1787 841 1817 antea
876 1784 907 1816 in
939 1783 1075 1817 ecclesia

416 1834 680 1879 Congregationis
717 1835 913 1870 Clericorun]
939 1837 1072 1880 regula-

415 1889 499 1922 rium
522 1890 625 1923 sancti
652 1889 739 1923 Pauli
762 1889 917 1924 Decollati
934 1890 973 1924 de
992 1891 1074 1925 Urbe

416 1943 587 1985 institutae,
613 1952 686 1977 eum
703 1943 898 1977 indultorum
914 1954 951 1978 30
975 1945 1077 1978 indul-

416 1997 596 2039 gentiarum
619 1999 837 2039 concessione,
854 1998 927 2031 243.

329 2047 675 2083 XCVIILConfirmatio
690 2052 953 2084 constitutionum
968 2052 1000 2084 in
1015 2052 1076 2085 col-

416 2102 502 2146 legio
527 2102 722 2137 Graecorum
757 2104 797 2138 de
831 2104 916 2138 Urbe
940 2115 1074 2140 servan-

416 2156 539 2199 darum,
567 2157 641 2190 245.

328 2208 435 2243 XCIX.
461 2209 656 2244 Beatificatio
682 2210 879 2245 venerabilis
903 2211 995 2245 Servi
1014 2212 1073 2246 Dei

415 2263 576 2298 Francisci
590 2264 705 2309 Borgia
722 2265 890 2300 Societatis
908 2265 991 2309 Iesu,
1002 2277 1073 2300 cum

418 2317 539 2352 indulto
563 2320 760 2353 recitationis
778 2320 876 2353 officii
896 2329 932 2354 ac
954 2323 1072 2355 missae

416 2370 652 2414 celebrationis,
679 2372 752 2406 2¹55.

329 2424 361 2458 C.
397 2423 542 2458 Facultas
578 2427 797 2460 commissario
832 2428 993 2461 cruciatae
1027 2437 1073 2462 re-

416 2488 551 2523 gnorum
575 2479 802 2524 Hispaniarum
827 2480 1014 2524 publicandi
1040 2493 1072 2516 e-

416 2532 492 2565 tiam
514 2533 596 2576 typis
616 2533 736 2567 litteras
761 2534 951 2578 apostolicas
976 2546 1074 2580 super

416 2585 548 2619 indultis
572 2587 718 2621 eiusdem
746 2590 907 2623 cruciatae
937 2599 1069 2624 emana—

417 2642 474 2682 tas,
501 2639 574 2673 256.

1123 282 1171 317 CI.
1196 282 1350 323 Cavetur‚
1376 282 1546 327 quominus
1571 281 1676 314 officia
1708 286 1768 315 13111
1796 291 1867 315 0116-

1213 338 1256 371 ris
1281 346 1376 381 quam
1403 336 1529 369 honoris
1554 337 1585 369 in
1610 335 1745 378 collegio
1766 337 1866 369 sancti

1214 390 1372 423 Francisci
1398 390 1437 422 de
1463 389 1557 423 Paula
1583 391 1615 422 in
1634 390 1763 432 regione
1781 389 1867 421 Mon-

1212 445 1290 477 tiuin
1316 443 1356 476 de
1382 442 1464 476 Urbe
1490 454 1546 486 pro
1571 442 1720 476 fratribus
1735 441 1867 476 Ordinis

1212 496 1414 529 Mininiorum
1441 497 1625 539 provinciae
1650 494 1816 529 Calabriae
1837 503 1869 527 e-

1212 553 1308 591 recto,
1327 549 1366 582 ab
1383 549 1454 582 aliis
1471 558 1565 594 qnam
1584 548 1623 582 ab
1639 548 1782 582 ciusdem
1800 557 1869 591 pro-

1211 604 1336 636 vinciae
1361 602 1511 636 fratribus
1531 606 1762 644 exerceantur,
1794 602 1868 635 257.

1123 655 1186 690 CII.
1211 656 1325 690 Contra
1351 656 1431 689 male
1463 656 1502 690 ad
1530 666 1637 691 sacros
1663 656 1711 689 vel
1731 657 1869 689 minores

1212 709 1339 742 ordines
1363 718 1420 742 seu
1445 709 1626 743 clericalem
1652 709 1867 743 characterem

1211 763 1395 796 ordinantes
1420 766 1451 796 et
1471 762 1552 796 male
1577 763 1750 805 ordinatos,
1778 763 1850 796 263.

1123 816 1200 850 CIII.
1226 816 1435 860 Praeceptum
1467 818 1618 859 episcopo
1645 816 1868 859 Calaguritano

1211 874 1242 904 et
1266 869 1466 904 Calceatensi
1491 874 1524 904 ut
1548 880 1585 903 ea
1610 874 1758 912 revocet,
1785 880 1867 915 quae

1212 929 1322 958 contra
1335 925 1457 958 clerum
1475 926 1576 968 ipsius
1595 924 1753 958 dioecesis
1771 926 1871 967 gessit

1213 989 1275 1013 11011
1313 979 1457 1013 obstante
1494 978 1684 1012 inhibitione
1717 978 1870 1012 auditoris

1212 1042 1360 1066 camerae
1384 1032 1588 1076 apostolicae,
1605 1032 1678 1065 265.

1125 1085 1200 1120 CIV.
1215 1086 1340 1120 Erectio
1355 1086 1483 1129 collegii
1508 1086 1723 1119 Hibernornm
1755 1087 1787 1118 in
1819 1095 1871 1129 op-

1213 1140 1288 1182 pido
1314 1139 1446 1172 Levanii
1471 1138 1711 1172 Mechliniensis
1736 1138 1867 1172 dioece-

1213 1193 1268 1231 sis,
1296 1192 1368 1225 266.

1125 1244 1185 1279 CV.
1197 1244 1386 1279 Commissio
1403 1244 1611 1288 Bet-lingerio,
1627 1246 1779 1288 episcopo
1797 1244 1869 1277 olim

1213 1299 1429 1340 Ariminensi,
1448 1298 1593 1342 generali
1618 1300 1712 1332 totins
1738 1298 1872 1332 ducatus

1213 1352 1326 1386 Urbini
1350 1352 1453 1397 quoad
1480 1352 1545 1386 dux
1578 1354 1696 1386 vixerit
1727 1352 1767 1386 ab
1803 1353 1872 1396 ipso

1213 1406 1365 1450 deputato
1390 1406 1608 1450 gubernatori,
1631 1410 1673 1447 ut,
1699 1408 1870 1440 eveniente

1217 1460 1362 1494 eiusdem
1387 1461 1478 1494 (lucis
1503 1460 1600 1503 obitu,
1638 1462 1872 1504 possessIonem

1215 1513 1300 1547 illius
1326 1514 1469 1555 ducatuS,
1492 1515 1656 1547 civitatum
1678 1513 1875 1546 etdominio·

1214 1578 1284 1601 rum
1296 1569 1423 1600 1101111116
1437 1571 1565 1601 sanctae
1579 1567 1671 1601 Sedis
1683 1567 1872 1601 etCamerae

1215 1621 1415 1664 Apostolicae
1442 1621 1672 1664 apprehendat,
1700 1621 1774 1654 268.

1126 1673 1202 1708 CVI.
1228 1674 1371 1707 Fac-ultas
1396 1676 1512 1707 nuncio
1537 1674 1712 1718 apostolico
1742 1674 1872 1707 inferio-

1214 1729 1258 1761 ris
1291 1728 1482 1761 Germaniae
1515 1727 1690 1761 exhibendi
1728 1727 1872 1761 habitum

1215 1781 1347 1815 Militiae
1380 1781 1557 1815 Crislianae
1588 1781 1689 1815 tribus
1729 1783 1873 1825 personis

1216 1845 1274 1879 per
1297 1836 1465 1870 consilium
1490 1835 1635 1869 eiusdem
1660 1836 1791 1869 militiae
1820 1845 1874 1869 no-

1216 1890 1385 1932 minandis,
1412 1890 1484 1923 272.

1127 1943 1214 1977 CVII.
1244 1942 1476 1977 Confirmantur
1501 1945 1742 1977 constitutiones
1767 1943 1873 1977 editae

1217 2007 1273 2041 pro
1291 1998 1426 2039 collegio
1450 1997 1666 2031 Hibernorum
1686 1997 1818 2031 Lovanii
1843 2007 1874 2032 e-

1212 2055 1309 2093 recto,
1329 2051 1401 2085 273.

1126 2105 1230 2140 CVIII.
1256 2106 1503 2150 Congrcgationi
1529 2105 1666 2141 Oratorii
1683 2105 1720 2139 D.
1744 2106 1780 2140 N.
1801 2106 1823 2139 I.
1841 2106 1873 2140 C.

1214 2160 1345 2193 Parisiis
1359 2164 1483 2194 erectae
1495 2161 1769 2194 communicantur
1778 2162 1874 2204 privi-

1214 2215 1308 2258 legia,
1328 2214 1573 2258 Congregationi
1594 2215 1735 2249 Oratorii
1752 2224 1768 2248 a
1782 2214 1874 2249 beato

1212 2268 1360 2312 Philippo
1374 2269 1492 2302 Itoniae
1512 2270 1673 2302 institutae
1688 2278 1704 2301 a
1722 2269 1874 2303 Romanis

1212 2321 1420 2355 Pontificibus
1441 2331 1604 2364 concessa,
1622 2322 1694 2355 273.

1125 2374 1204 2409 CIX.
1237 2374 1396 2408 Indultum
1431 2374 1581 2408 fratribus
1615 2374 1746 2409 OrdiniS
1778 2375 1872 2409 Mini-

1212 2438 1335 2462 morum
1361 2428 1391 2461 S.
1417 2428 1579 2462 Francisci
1604 2428 1644 2462 de
1664 2429 1761 2463 Paula
1786 2431 1869 2463 acci-

1214 2482 1325 2526 piendi
1350 2481 1456 2525 legata
1482 2492 1555 2516 cum
1588 2487 1744 2528 perpetuo
1777 2494 1873 2518 onere

1213 2538 1384 2569 missarum
1402 2540 1433 2570 ct
1452 2537 1686 2580 suffragiorum,
1707 2538 1780 2572 275.

1125 2589 1185 2624 CX.
1211 2589 1400 2630 vladislaus,
1419 2591 1504 2634 regis
1519 2590 1668 2625 Poloniae
1684 2592 1778 2634 lilius,
1793 2601 1870 2625 ense

1214 2646 1244 2677 et
1268 2642 1352 2687 pileo
1369 2643 1514 2688 donatur,
1529 2644 1603 2679 277.
