2269 3235
900 262 999 287 mnnx
1024 259 1227 286 nunmcanum
1704 250 1770 283 715

276 317 374 351 XXX.
399 315 604 351 ConfirmatIO
629 315 759 350 alterius
783 314 904 350 decreti
930 316 1017 349 eius-

366 371 438 405 dem
463 369 736 414 Congregationis,
752 379 814 415 quo
829 369 1019 410 declaratur,
1046 373 1048 402 ἰ

367 424 545 458 facultatem
556 423 753 467 approbandi
763 423 972 457 confessarios
982 422 1020 455 ad

366 478 582 511 confessiones
607 476 793 518 audiendas,
814 479 911 520 atque
926 476 1022 509 licen-

368 532 442 564 tiam
467 530 667 565 concedendi
687 528 899 573 regularibus,
920 530 973 573 qui
990 530 1021 561 in

366 583 512 618 ecclesiis
529 594 591 617 non
605 593 733 617 suorum
747 581 904 617 Ordinnm
917 590 1023 614 sacras

366 639 537 671 conciones
561 640 633 670 sunt
659 635 806 675 habituri,
825 644 947 668 necnon
968 634 1023 667 be-

366 691 539 725 dictionem
564 692 611 731 iis,
637 691 691 733 qui
717 690 749 721 in
774 698 903 722 suorum
928 687 1023 722 Ordi-

366 754 441 778 num
459 743 606 777 ecclesiis
632 742 820 786 praedicare
846 741 1022 783 voluerint,

364 797 422 831 soli
439 799 591 840 episcopo
615 799 798 839 competere
824 797 854 828 in
881 795 1022 829 dioecesi

365 849 577 891 Atrebatensi,
603 849 677 893 109.

277 903 390 937 XXXI.
415 903 618 937 Confirmatio
644 903 774 937 alterius
798 902 934 945 decreti,
961 913 1023 947 quo

366 957 514 991 statuitur
541 955 717 1000 capitulum
738 955 789 989 vel
807 955 966 990 decanum
982 955 1024 988 A-

366 1008 579 1044 trebateusem
593 1019 654 1043 non
669 1019 762 1053 posse
776 1008 837 1042 sibi
858 1018 950 1042 casus
975 1017 1023 1041 re-

367 1073 506 1106 servare,
531 1072 592 1097 nec
615 1072 633 1096 a
658 1062 785 1097 casibus
810 1062 849 1096 ab
874 1063 1024 1106 episcopo

366 1118 538 1151 reservatis
561 1116 738 1157 absolvere,
763 1126 823 1149 nec
847 1115 967 1150 litteras
981 1114 1025 1149 di-

366 1169 559 1203 missoriales
583 1170 773 1211 concedere,
795 1169 868 1202 110.

279 1222 404 1257 XXXII.
430 1223 633 1258 Confirmatio
657 1223 790 1264 decreti,
815 1224 883 1256 sive
916 1222 1024 1256 decla-

366 1279 497 1312 rationis
511 1277 657 1311 eiusdem
670 1277 945 1321 Congregationis,
962 1287 1023 1321 quo

367 1333 525 1374 statuitur,
540 1331 767 1375 indulgentias,
784 1335 846 1365 tam
867 1333 899 1364 in
916 1331 1025 1365 cathe-

367 1385 447 1418 drali
459 1385 672 1427 Atrebatensi,
687 1394 783 1429 quam
801 1389 891 1419 extra
905 1394 975 1418 eam
991 1386 1023 1418 in

368 1438 432 1473 tota
452 1439 605 1481 dioecesi,
630 1438 669 1473 ab
695 1440 855 1482 epIscopo,
873 1438 1024 1472 adhibitis

368 1492 493 1527 duobus
529 1493 569 1526 de
605 1495 755 1537 capitulo,
788 1502 858 1527 esse
891 1492 1020 1537 pubbli-

368 1546 496 1588 c-andas,
523 1547 596 1580 110.

282 1598 427 1633 XXXIII.
445 1600 646 1634 Confirmatio
662 1600 793 1634 alterius
813 1600 945 1641 decreti,
962 1610 1024 1644 quo

371 1655 518 1687 statuitur
538 1655 797 1687 convocationem
812 1653 925 1697 synodi
937 1653 1024 1686 Atre-

369 1706 519 1749 batensis,
538 1711 568 1740 et
587 1717 775 1740 concursum
795 1706 1023 1751 parochialium

369 1761 588 1803 ecclesiarum,
620 1763 744 1795 etiamsi
777 1762 816 1795 de
848 1763 1024 1805 inrepatro-

371 1819 462 1848 uatus
483 1814 613 1858 capituli
631 1815 759 1855 fuerint,
788 1816 965 1856 instItuere,
984 1814 1022 1848 ad

369 1868 471 1902 solum
491 1870 678 1912 episcopum
703 1870 874 1913 pertinere,
896 1869 969 1902 110.

282 1921 426 1955 XXXIV.
451 1922 651 1957 Confirmatio
668 1922 796 1957 alterius
812 1923 933 1957 decreti
947 1922 1025 1956 Con-

368 1977 573 2019 greg-ationis,
585 1987 647 2020 quo
662 1976 1023 2021 declaraturcapitulum

369 2029 579 2063 Atrebatense
594 2040 655 2063 non
671 2040 763 2074 posse
776 2040 930 2063 exercere
945 2041 1025 2064 nun-

369 2083 470 2126 dinas,
489 2087 658 2125 mercatus,
677 2094 713 2118 ac
726 2086 876 2127 strepitus
893 2084 1023 2118 iudicio-

369 2147 440 2170 rum
466 2138 671 2180 profanorum
697 2139 727 2171 in
754 2137 837 2171 dicta
866 2138 1001 2172 ecclesia
1017 2166 1024 2180 ,

370 2200 407 2224 ac
432 2193 501 2225 eius
526 2193 737 2233 coemeteriis,
766 2192 839 2225 111.

283 2244 409 2279 XXXV.
443 2245 590 2290 Philippo
624 2246 665 2279 IV
701 2246 931 2291 Hispaniarum
955 2249 1024 2290 regi

370 2299 527 2333 indultum
552 2300 738 2334 conceditur
769 2301 929 2334 retinendi
962 2301 1027 2335 du—

370 2356 474 2386 catum
510 2353 782 2388 Mediolanensem
818 2364 890 2388 cum
926 2364 1026 2398 regno

372 2406 508 2448 Siciliae,
535 2407 608 2440 111.

282 2459 423 2493 XXXVI.
448 2459 573 2494 Erectio
597 2460 727 2495 Militiae
744 2461 942 2495 Christianae
967 2462 1025 2496 sub

372 2514 460 2547 titulo
485 2513 708 2557 Conceptionis
739 2515 772 2548 B.
794 2504 924 2549 ‘Mariae
949 2515 1027 2550 Vir-

370 2570 455 2611 ginis
477 2569 698 2603 Immacutatac
716 2574 746 2603 et
763 2569 872 2613 regula
887 2572 917 2604 S.
931 2571 1027 2604 Fran-

371 2624 458 2664 cisci,
484 2632 556 2656 cum
580 2623 831 2667 privilegiorum,
857 2626 1028 2668 exemptio·
1051 2622 1053 2630 ⁴

370 2687 447 2712 num
463 2681 494 2713 et
509 2678 704 2713 indultorum
719 2679 936 2722 concessione,
951 2678 1024 2712 114.

1072 317 1227 351 XXXVII.
1242 315 1402 350 Indultum
1419 315 1571 350 militibus
1585 315 1715 350 Militiae
1728 316 1818 350 Chri-

1161 373 1282 405 stianae
1307 372 1471 405 nationum
1496 370 1635 404 Gallicae
1661 374 1692 404 et
1716 370 1819 414 Belgi-

1161 434 1218 459 cae
1250 425 1413 459 obtinendi
1451 427 1622 469 pensiones
1654 435 1754 468 usque
1778 425 1816 458 ad

1162 490 1318 514 summam
1349 481 1595 524 quingentorum
1632 480 1819 513 ducatorum

1163 535 1232 567 auri
1247 534 1286 567 de
1301 532 1436 576 camerti,
1463 534 1536 567 118.

1076 590 1248 625 XXXVIII.
1273 591 1458 634 Prohibitio,
1484 602 1523 625 ne
1542 593 1612 636 quis
1631 591 1773 625 habitum
1790 595 1820 624 et

1163 654 1291 678 crucem
1324 649 1465 678 assertae
1497 645 1663 679 cuiusdam
1688 645 1819 679 militiae

1162 697 1354 731 christianae
1379 697 1418 731 ab
1444 698 1624 741 Apostotiea
1649 698 1732 732 Sede
1758 708 1817 732 non

1163 750 1358 795 approbatae
1383 751 1515 793 deferat,
1531 751 1604 784 119.

1075 808 1214 842 XXXIX.
1240 808 1443 843 ConfirmatiO
1476 809 1652 843 litterarum
1684 810 1772 844 Pauli
1800 809 1819 842 V

1164 872 1221 906 pro
1246 863 1453 896 universitate
1478 866 1509 896 et
1534 862 1715 896 hominibus
1730 865 1822 896 comi-

1163 919 1246 950 tatus
1272 915 1475 960 Venayssini,
1491 916 1564 949 120.

1075 974 1138 1007 XL.
1163 974 1366 1008 Confirmatio
1391 977 1422 1008 et
1446 975 1609 1008 innovatio
1630 977 1823 1009 constitutio-

1163 1038 1239 1061 num
1264 1027 1412 1071 Gregorii
1437 1027 1520 1069 XIII,
1545 1027 1718 1063 Clementis
1751 1028 1820 1063 VIII

1165 1085 1196 1115 et
1220 1082 1309 1115 Pauli
1324 1081 1348 1115 V
1372 1090 1471 1125 super
1494 1081 1577 1115 bono
1595 1083 1751 1125 regimine
1765 1082 1821 1116 fra-

1164 1137 1247 1169 trum
1260 1135 1512 1169 Reformatorum
1526 1135 1697 1170 Strictioris
1707 1135 1823 1170 Obser-

1164 1190 1291 1222 vantiae
1316 1188 1448 1224 Ordinis
1472 1189 1502 1222 S.
1527 1188 1687 1223 Francisci
1716 1190 1822 1224 edita-

1163 1251 1250 1283 rum,
1276 1242 1437 1276 nonnullis
1468 1241 1538 1276 aliis
1566 1242 1682 1276 additis
1703 1243 1819 1277 decre-

1164 1296 1214 1338 tis,
1240 1295 1314 1329 121.

1077 1352 1153 1387 XLI.
1185 1353 1456 1398 Archiepiscopus
1485 1353 1731 1389 Mediolanensis
1759 1356 1817 1389 de-

1164 1411 1293 1451 putatur
1317 1407 1553 1442 administrator
1572 1412 1747 1452 perpetuus
1771 1419 1822 1443 se-

1164 1462 1292 1495 minarii
1315 1461 1471 1503 Asconae,
1495 1461 1659 1496 Comensis
1684 1463 1817 1497 dioece—

1165 1516 1218 1556 sis,
1245 1515 1319 1548 123.

1077 1573 1168 1608 XLII.
1178 1573 1322 1608 Facultas
1332 1575 1490 1618 episcopis
1503 1574 1728 1619 Hispaniarum
1742 1585 1822 1609 com-

1164 1628 1306 1672 pellendi
1337 1628 1574 1662 ecclesiasticos
1605 1629 1766 1663 seculares
1792 1634 1822 1663 et

1162 1682 1326 1725 regulares
1351 1682 1390 1715 ad
1416 1682 1650 1716 testificandum
1668 1684 1699 1717 in
1717 1685 1822 1717 causis

1163 1734 1337 1769 nobilitatis
1351 1738 1382 1768 et
1395 1736 1541 1779 puritatis
1555 1737 1733 1779 sanguinis,
1748 1736 1821 1770 124.

1076 1794 1182 1828 XLIII.
1210 1793 1346 1827 Indictio
1373 1794 1561 1827 visitationis
1593 1794 1734 1828 omnium
1767 1806 1821 1829 ec-

1164 1848 1344 1890 clesiarum,
1376 1849 1641 1881 monasteriorum
1673 1852 1704 1882 et
1735 1849 1821 1883 loco-

1165 1912 1234 1936 rum
1260 1903 1386 1946 piorum
1418 1900 1520 1935 alinae
1546 1901 1658 1945 Urbis,
1696 1913 1821 1937 necnon

1165 1957 1315 1990 orationis
1335 1955 1554 1999 Quadraginta
1568 1956 1735 2000 Horarum,
1749 1968 1820 1991 cum

1165 2009 1437 2053 indulgentiarum
1454 2009 1651 2052 elargitione,
1665 2021 1721 2054 pro
1737 2011 1821 2045 recta

1165 2063 1268 2097 dictae
1282 2064 1473 2097 visitationis
1497 2063 1686 2104 directione,
1715 2065 1787 2098 125.

1077 2121 1178 2156 XLIV.
1205 2122 1357 2166 Sequitur
1389 2121 1574 2156 mandatum
1606 2123 1756 2156 visitandi
1790 2125 1820 2157 in

1166 2174 1403 2220 parochialibus
1425 2174 1571 2208 ecclesiis
1596 2176 1747 2217 infirmos,
1766 2178 1823 2209 eis-

1166 2238 1228 2273 que
1254 2230 1491 2272 eleemosynam
1516 2229 1704 2272 elargiendi,
1727 2230 1797 2262 126.

1064 2287 1167 2321 XLV.
1177 2288 1327 2332 Sequitur
1341 2287 1472 2322 facultas
1482 2288 1699 2331 cognoscendi
1710 2298 1821 2322 causas

1167 2350 1387 2386 quascumque
1399 2343 1493 2376 etiam
1503 2342 1683 2375 criminales
1701 2342 1821 2387 absque

1167 2396 1412 2439 irregularitatIs
1437 2397 1578 2436 incursu,
1597 2396 1669 2429 127.

1077 2453 1181 2488 XLVI.
1207 2455 1359 2500 Sequitur
1382 2454 1539 2489 indultum
1552 2454 1771 2489 vIsitatoribus
1793 2466 1822 2489 c-

1167 2512 1321 2546 xercendi
1341 2513 1462 2557 ubique
1482 2514 1685 2556 pontificalia,
1702 2514 1774 2547 128.

1079 2571 1199 2605 XLVII.
1224 2572 1374 2615 Sequitur
1393 2571 1526 2605 aliarum
1545 2571 1729 2606 facultatum
1746 2582 1820 2605 con-

1166 2626 1280 2666 cessio,
1306 2624 1398 2658 dictis
1428 2625 1647 2659 visitatoribus
1672 2636 1729 2669 pro
1754 2626 1820 2659 feli-

1166 2680 1245 2714 ciori
1270 2679 1460 2715 visitationis
1485 2689 1668 2723 progressu,
1695 2680 1768 2714 129.
