2269 3235
99 250 149 280 An.
164 250 195 279 C.
212 249 279 278 1627

104 790 212 812 Clausulas
223 794 286 815 prae-

104 817 219 838 servativas
249 816 286 837 ad-

139 1747 238 1768 clausula
249 1747 295 1767 sub·

114 1774 163 1795 tata.

162 2437 306 2463 Exequutnrcs

123 2465 185 2485 huius
202 2464 306 2485 Constitu·

125 2491 186 2512 tionis
201 2491 279 2517 deeuta
317 2487 453 2532 ‘piscopo
474 2487 623 2531 Pragensi
649 2489 701 2522 ac¹
719 2490 828 2523 nuntio
852 2490 1003 2534 praefato,
1025 2501 1060 2523 30

907 247 1048 273 UnBANUS
1073 248 1129 272 VIII
1153 249 1201 273 Pr.

295 305 378 336 nem,
402 305 439 329 ac
462 296 660 329 alumnorum
686 296 899 340 praefatorum
930 307 1034 340 recep-

295 349 424 390 tionem,
449 349 684 390 admissionem,
709 350 837 389 victum,
862 350 1010 382 amictum
1026 376 1033 389 ,

296 402 544 444 instructionem,
565 403 761 447 disciplinam
783 407 812 435 et
828 403 889 435 alia
906 413 1035 446 quomo-

296 456 415 490 dolibet
438 457 636 501 pertinentia,
654 466 670 488 a
690 456 772 489 dicta
797 458 884 488 sacra
905 456 942 489 de
962 457 1035 490 Pro-

297 509 440 553 paganda
463 510 539 542 Fide
567 509 815 552 Congregationc
839 508 889 541 die
913 519 944 543 ix
972 519 1031 541 no-

298 564 436 597 vembris
466 573 604 598 iticnxxw
630 562 727 605 edita,
753 563 846 595 etiam
881 568 1036 607 perpetuo

298 617 511 661 approbamus
535 622 564 650 et
588 615 821 658 confirmamus,
847 616 977 659 illasque
997 616 1036 649 ab

300 671 445 704 omnibus
469 669 868 703 inviolabiliterobservari
892 670 1037 704 volumus

300 729 331 757 et
355 724 546 756 mandamus.

345 779 362 820 g
379 777 429 811 16.
448 777 665 818 Decernentes‚
690 776 863 821 praemissa
887 777 992 811 0111313
1009 782 1036 810 01

301 831 432 873 singula,
446 840 481 863 30
497 835 688 874 praesentes,
705 831 792 863 nullo
810 841 947 874 unquam
967 835 1041 865 tem-

298 893 376 927 pore
400 893 436 916 ex
457 883 617 927 quibusvis
647 884 748 917 causis
768 884 806 917 de
827 884 1040 929 subreptionis

299 937 346 969 vel
371 936 581 980 obreptionis,
608 941 661 970 aut
684 937 835 970 nullitatis
867 937 960 978 vitio,
988 941 1039 971 aut

299 989 481 1023 intentionis
513 995 639 1024 nostrae
671 991 719 1023 vel
749 1001 949 1035 quocumque
979 991 1040 1023 alio

300 1041 423 1075 defectu
446 1043 560 1084 notari,
581 1043 772 1087 impugnari,
789 1044 964 1086 retractari,
986 1054 1041 1077 seu

301 1095 395 1128 etiam
419 1096 572 1137 revocari,
597 1097 755 1141 suspendi,
780 1097 940 1140 restringi,
962 1097 1043 1129 limi-

302 1149 371 1190 tari,
395 1154 449 1182 aut
465 1150 495 1183 in
514 1149 561 1183 ius
584 1151 633 1183 vel
662 1150 908 1184 controversiam
925 1150 1041 1191 vocari,

302 1212 358 1235 seu
382 1202 420 1235 ad
445 1203 596 1237 terminos
621 1203 699 1236 iuris
724 1203 832 1236 reduci
856 1213 959 1247 posse,
984 1214 1042 1237 nec

303 1266 493 1300 quemquam
519 1257 558 1289 ad
581 1256 705 1290 easdem
730 1262 911 1301 praesentes
929 1257 961 1290 in
986 1268 1039 1290 ca-

305 1311 391 1342 mera
408 1310 589 1353 apostolica,
607 1310 692 1343 iuxta
705 1310 959 1343 constitutionem
974 1310 1044 1354 piae

305 1363 477 1396 memoriae
501 1363 546 1395 Pii
570 1363 670 1407 Papae
695 1364 733 1396 IV
757 1364 850 1396 etiam
877 1363 1043 1408 pradeces-

306 1416 386 1449 soris
418 1417 517 1451 nostri
549 1417 684 1461 desuper
715 1417 851 1457 editam,
886 1423 941 1450 aut
970 1418 1046 1450 31135

306 1471 568 1514 quandocumque
592 1471 866 1515 praesentandum,
890 1471 1048 1504 insinuan-

306 1524 381 1556 dum
406 1529 436 1557 et
459 1525 623 1568 registrari
651 1525 828 1558 faciendum
854 1525 964 1565 teneri,
985 1535 1045 1557 ne-

307 1588 368 1621 que
390 1583 559 1621 propterea
581 1578 649 1611 illas
666 1578 771 1611 irritas
795 1588 871 1619 esse,
890 1577 944 1611 sed
961 1578 1047 1611 omni

308 1631 401 1665 modo
426 1632 545 1673 valere,
571 1643 606 1665 ac
631 1632 655 1665 si
681 1632 1046 1675 constitutio'praesata,

309 1689 339 1718 et
363 1685 423 1718 alia
447 1685 604 1718 contraria
628 1685 758 1718 minime
783 1690 995 1725 emanassent;

354 1740 370 1781 ἓ
395 1738 447 1772 17.
472 1738 584 1783 Sicque
608 1749 666 1783 per
690 1749 906 1784 quoscumque
930 1738 1049 1771 iudices

311 1791 487 1824 ordinarios
518 1797 548 1824 et
578 1792 757 1834 delegatos,
783 1792 877 1824 etiam
907 1801 1050 1824 camerae

312 1845 502 1889 apostolicae
518 1846 733 1889 praesidentes
750 1845 891 1887 clericos,
910 1845 1049 1878 eiusdem

312 1902 436 1932 sanctae
459 1899 618 1932 Romanae
641 1899 799 1932 Ecclesiae
824 1899 1051 1939 camerarium,

312 1951 601 1996 vicecamerarium,
620 1963 786 1985 causarum
804 1952 910 1996 palatii
931 1958 1053 1996 aposto-

313 2005 365 2039 lici
389 2006 547 2040 auditores
562 2035 569 2049 ,
594 2017 630 2039 ac
654 2007 731 2040 alios
763 2007 904 2040 eiusdem
929 2012 1053 2040 53110130

314 2060 472 2093 Romanae
491 2060 648 2093 Ecclesiae
668 2057 992 2103 cardinalesstublata
1009 2061 1053 2093 eis

315 2118 345 2146 et
369 2124 479 2147 eorum
504 2114 630 2148 cuilibet
655 2114 764 2157 quavis
789 2114 879 2148 aliter
897 2114 1053 2147 iudicandi

316 2171 346 2200 et
377 2167 601 2211 interpretandi
634 2167 780 2201 facultate
805 2174 834 2200 et
858 2168 1053 2211 auctoritate,

316 2219 448 2253 iudicari
465 2226 495 2254 et
510 2221 634 2254 definiri
649 2221 773 2263 debere,
789 2222 913 2254 irritum
930 2232 1055 2265 quoque

318 2277 348 2305 et
371 2272 471 2314 inane,
496 2274 645 2318 quiequid
662 2285 752 2307 secus
772 2285 865 2318 super
881 2275 929 2307 1115
947 2285 964 2307 3
982 2285 1057 2317 (1110-

319 2336 423 2370 quam,
433 2327 541 2370 quavis
553 2328 746 2369 auctoritate,
761 2329 896 2362 scienter
911 2329 955 2361 vel
973 2328 1058 2372 igno-

323 2385 439 2420 ranter,
464 2381 632 2423 contigerit
655 2382 810 2415 attentari.

366 2435 383 2476 ἕ
408 2432 459 2466 18.
477 2434 628 2473 Quocirca
644 2435 817 2468 venerabili
834 2436 923 2468 fratri
941 2436 1059 2469 archie-

322 2541 436 2575 dilecto
459 2541 525 2575 filio
550 2553 716 2576 causarum
741 2543 846 2577 curiae
872 2554 1016 2577 camerac
1033 2554 1061 2576 a-

323 2595 495 2639 postolicae
527 2596 667 2638 generali
698 2597 832 2630 auditori
871 2602 958 2630 motu
994 2597 1061 2640 pari

360 2659 372 2684 1
390 2657 510 2687 Erronee
525 2657 590 2686 edit.
607 2657 685 2686 1113111.
701 2658 766 2695 legit
781 2668 797 2687 (ι
811 2660 849 2695 (n.
867 2661 915 2693 1,),

1068 297 1266 336 mandamus,
1292 299 1444 339 quatenus
1469 295 1548 339 ipsi,
1572 294 1618 327 vel
1645 295 1728 335 duo,
1753 300 1802 326 aut

1068 360 1148 382 unus
1166 359 1287 389 eorum,
1304 359 1360 392 per
1385 360 1429 389 se,
1448 349 1492 381 vel
1519 348 1626 388 alium,
1644 358 1697 380 seu
1717 348 1804 387 alios,

1068 408 1246 446 praesentes
1272 408 1394 435 nostras
1419 403 1538 435 litteras
1555 407 1585 434 et
1610 402 1639 433 in
1665 402 1708 433 eis
1732 412 1805 433 ‹Jon-

1069 460 1152 488 tenta
1183 466 1415 499 quaeeunispie,
1447 456 1508 499 ubssg
1525 460 1551 487 01
1578 454 1702 499 quando
1727 465 1807 497 (111115

1069 509 1182 550 suerit,
1208 520 1242 541 ac
1267 509 1389 552 quoties
1421 520 1478 553 pro
1509 515 1595 552 parts¹
1623 507 1752 541 rectoris
1777 513 1804 538 et

1070 562 1268 595 alumnorum
1288 562 1410 604 collegii
1429 562 1607 593 huiusmodi
1628 561 1742 593 suerint
1760 571 1807 593 re-

1071 615 1188 659 quisiti,
1209 615 1391 647 solemniter
1409 615 1612 658 publicantes,
1632 615 1753 658 illisque
1771 615 1810 645 et'-

1071 668 1176 701 ficacis
1208 667 1397 700 defensionis
1428 667 1585 711 pracsidio
1610 668 1810 704 assistentes,

1072 722 1185 754 faciant
1214 721 1398 754 auctoritate
1431 722 1538 754 nostra
1564 720 1688 753 easdem
1714 731 1811 763 prae-

1073 779 1175 808 sentes
1200 779 1230 807 et
1247 775 1277 806 in
1294 774 1339 807 eis
1357 778 1502 807 contenta
1520 773 1673 807 eiusmodi
1694 774 1732 805 ab
1749 785 1812 806 om-

1072 829 1186 869 nibus,
1211 828 1250 860 ad
1279 838 1359 871 quos
1390 832 1511 871 spectat
1535 832 1565 860 et
1588 838 1645 870 pro
1671 832 1812 870 tempore

1074 882 1235 926 spectabit,
1260 882 1393 916 firmiter
1413 885 1443 914 et
1460 880 1684 914 inviolabiliter
1710 880 1814 913 obser-

1074 936 1150 977 vari,
1171 946 1207 968 ac
1231 941 1387 969 rectorem
1412 940 1443 967 et
1466 935 1609 968 alumnos
1633 934 1813 967 huiusmodi

1074 989 1135 1023 illis
1160 989 1290 1033 pacifice
1311 989 1372 1022 frui
1389 994 1419 1021 et
1438 988 1586 1032 gaudere,
1607 998 1670 1021 non
1687 988 1816 1031 permit-

1076 1047 1173 1077 tentes
1197 1053 1251 1076 eos
1275 1043 1412 1086 desuper
1436 1053 1494 1086 per
1510 1052 1726 1085 quoscumque
1743 1052 1816 1085 quo-

1075 1098 1247 1132 modolibet
1263 1097 1400 1131 indebite
1417 1097 1588 1137 molestari,
1605 1096 1816 1130 contradicto-

1076 1162 1126 1185 res
1151 1151 1307 1195 quoslibet
1331 1156 1360 1184 et
1384 1151 1518 1183 rebelles
1543 1161 1599 1194 per
1622 1161 1771 1183 censuras
1788 1153 1817 1183 et

1075 1215 1192 1249 poenas
1222 1204 1465 1244 ecclesiasticas,
1491 1204 1612 1248 aliaque
1642 1209 1817 1247 opportuna

1078 1259 1155 1291 iuris
1181 1263 1211 1291 et
1235 1258 1307 1291 sacti
1327 1257 1477 1298 remedia,
1502 1257 1708 1301 appellatione
1734 1262 1818 1301 post-

1078 1313 1190 1356 posita,
1216 1311 1456 1355 compescendo,
1481 1321 1517 1343 ac
1539 1321 1686 1344 censuras
1702 1316 1820 1354 011100

1078 1376 1134 1398 nas
1154 1365 1248 1409 ipsas,
1266 1366 1389 1398 servata
1410 1365 1511 1398 forma
1531 1364 1671 1397 eiusdem
1691 1364 1819 1397 Concilii

1079 1419 1264 1461 Tridentini,
1290 1418 1383 1452 etiam
1419 1418 1538 1451 iteratis
1562 1418 1682 1450 vicibus
1706 1428 1820 1460 aggra-

1079 1473 1203 1514 vando,
1229 1473 1372 1506 invocato
1397 1472 1492 1504 etiam
1521 1471 1559 1504 ad
1588 1472 1667 1513 boc,
1692 1472 1717 1504 si
1743 1481 1821 1515 opus

1079 1526 1182 1567 fuerit,
1208 1526 1323 1559 auxilio
1347 1525 1468 1558 brachii
1485 1524 1643 1558 secularis.

1126 1580 1140 1622 ἓ
1157 1579 1207 1612 19.
1226 1580 1295 1612 Non
1319 1578 1515 1611 obstantibus
1534 1580 1642 1611 nostra
1660 1578 1698 1610 de
1715 1578 1823 1620 gratiis

1082 1632 1120 1664 ad
1145 1632 1242 1665 instar
1266 1642 1329 1665 non
1355 1632 1583 1672 concedendis,
1617 1642 1652 1664 ac
1684 1632 1823 1675 praefata

1083 1685 1227 1728 Gregorii
1252 1685 1506 1729 praedecessoris
1530 1685 1726 1727 huiusmodi,
1752 1695 1826 1728 qua-

1083 1743 1174 1772 tenus
1192 1749 1271 1782 opus
1292 1739 1331 1771 sit
1348 1744 1377 1771 et
1394 1743 1548 1782 quatenus
1568 1738 1773 1782 reperiretur,
1791 1748 1825 1770 ae

1084 1791 1247 1835 quibusvis
1271 1791 1339 1824 aliis
1365 1791 1640 1825 constitutionibus
1657 1796 1687 1823 et
1706 1791 1827 1824 ordina-

1084 1845 1222 1879 tionibus
1254 1845 1456 1889 apostolieis,
1487 1855 1609 1878 necnon
1644 1844 1765 1878 statutis
1798 1850 1823 1876 et

1086 1899 1376 1939 consuetudinibus,
1390 1899 1563 1943 privilegiis
1577 1909 1712 1942 quoque,
1730 1898 1828 1929 indul-

1086 1953 1124 1986 tis
1142 1958 1171 1986 et
1187 1953 1300 1986 litteris
1318 1952 1508 1996 apostolicis,
1527 1952 1689 1997 quibusvis
1706 1951 1829 1983 univer-

1087 2006 1244 2047 sitatibus,
1270 2005 1428 2048 collegiis,
1454 2016 1627 2048 eorumque
1652 2003 1828 2036 rectoriluls

1088 2066 1117 2093 et
1134 2059 1287 2104 personis,
1302 2059 1394 2094 etiam
1409 2059 1467 2092 sub
1482 2058 1643 2102 quibusvis
1658 2058 1827 2090 verborum

1088 2114 1251 2147 tenoribus
1277 2118 1306 2148 et
1335 2113 1467 2154 formis,
1499 2124 1533 2145 ac
1563 2123 1633 2145 011111
1667 2111 1829 2154 quibusvis

1089 2169 1181 2201 etiam
1207 2167 1480 2210 derogatoriarum
1507 2166 1726 2208 derogatoriis,
1752 2165 1831 2197 aliis-

1089 2233 1150 2265 que
1174 2221 1406 2254 efficacioribus
1436 2223 1466 2253 et
1497 2219 1630 2252 insolitis
1662 2218 1829 2259 clausulis,

1090 2285 1212 2308 necnon
1230 2273 1425 2307 irritantibus
1442 2277 1472 2305 et
1487 2273 1554 2305 aliis
1571 2272 1715 2312 decretis,
1733 2272 1764 2303 iu
1782 2281 1832 2314 ge-

1090 2339 1167 2361 nere
1191 2328 1240 2361 vel
1266 2328 1297 2359 in
1322 2327 1435 2370 specie,
1461 2326 1553 2360 etiam
1578 2331 1675 2365 1110111,
1702 2325 1831 2358 scientia

1092 2388 1119 2415 et
1136 2381 1299 2426 potestatis
1316 2380 1508 2424 plenitudine
1527 2379 1692 2421 similibus,
1712 2383 1741 2412 et
1757 2379 1831 2411 alias

1092 2435 1329 2479 quomodolibet
1358 2434 1477 2466 iteratis
1508 2433 1628 2465 vicibus
1661 2432 1832 2471 concessis,

1093 2488 1278 2533 approbatis
1295 2493 1324 2520 et
1344 2487 1513 2526 innovatis,
1539 2486 1654 2530 quibus
1672 2486 1831 2527 omnibus,

1095 2542 1215 2575 etiamsi
1233 2542 1271 2573 dc
1292 2541 1362 2581 illis,
1380 2551 1552 2584 eorumque
1571 2541 1642 2573 totis
1659 2540 1832 2579 tenoribus,

1094 2607 1153 2640 pro
1170 2606 1280 2629 eorum
1302 2594 1467 2628 sufficienti
1484 2594 1699 2637 derogatione,
1717 2594 1834 2637 specia-

1096 2650 1144 2692 lis,
1170 2649 1314 2693 specifica
1335 2653 1365 2681 ct
1389 2658 1545 2693 expressa,
1563 2658 1598 2681 ac
1620 2647 1788 2688 individua,
1807 2653 1836 2680 et

1712 238 1776 271 555
1821 247 1869 274 An.
1888 247 1915 275 c.
1935 247 2001 275 1627

1910 1587 2022 1608 steini-aria

1839 1614 1934 1639 abrogat.
