2269 3235
233 223 278 248 An.
297 223 326 249 C.
351 222 418 250 1628
465 214 528 247 642

268 1031 384 1058 Exequulffl
391 1036 412 1051 cs

228 1058 316 1084 deputat
347 1057 412 1078 [rbit-

263 2473 374 2493 Decretum
391 2471 415 2493 ir·

233 2501 306 2520 filans.

428 271 666 305 confirmatione
691 271 878 316 apostolica,
904 275 950 306 vel
976 273 1085 317 (plavis
1108 273 1165 307 fir-

397 346 402 351 ·
429 325 535 357 initatc
552 325 613 357 alia
631 326 798 368 roboratis)
820 326 941 359 statutis
959 331 988 359 et
1008 332 1171 361 consuetu-

428 377 574 415 dinibus,
600 378 772 421 privilegiis
803 389 948 422 qnoque,
982 379 1110 414 indultis
1141 387 1170 414 et

428 431 539 465 litteris
559 431 739 474 apostolicis
758 431 788 463 in
806 432 998 465 contrarium
1020 433 1171 477 praemis-

429 494 535 518 sorum
550 484 787 528 quomodolibet
797 486 964 526 concessis,
978 487 1170 520 confirmatis

429 542 458 569 ct
482 536 644 569 innovatis.
669 536 786 575 Quibus
807 531 960 571 omnibus
982 543 1012 572 et
1039 539 1170 583 singulis

429 599 539 622 eorum
565 589 705 622 omnium
729 593 852 623 tenores
871 592 1088 634 praesentibus
1112 603 1188 637 pro*

430 642 520 685 plene
545 647 573 674 et
600 642 792 676 sufficienter
817 645 975 688 expressis
999 645 1169 687 habentes,

427 695 488 727 illis
514 695 589 728 alias
610 695 640 727 in
658 706 714 729 suo
735 696 850 729 robore
868 699 1094 741 permansuris,
1112 699 1170 732 hac

429 748 494 785 rice
519 749 678 782 dumtaxat
697 750 874 793 specialiter
898 756 928 783 et
951 762 1100 795 expresse
1116 752 1169 785 dc-

428 813 586 846 rogamus,
601 803 776 847 cetcrisque
790 805 955 837 contrariis
969 805 1171 849 quibuscum—

427 867 497 900 que.
515 857 625 891 Dalum
651 857 780 898 Romae,
801 858 882 901 apud
907 858 936 891 S.
955 858 1092 899 Petrum,
1111 859 1169 892 sub

427 911 763 951 annulo‘Piscatoris‚
795 911 845 944 dic
880 921 955 945 xxix
990 913 1169 946 novembris

428 973 557 1004 nncxxi,
579 964 777 1008 pontificatus
800 965 899 998 nostri
928 975 1008 999 anno
1036 975 1056 999 1.

472 1018 487 1061 ἓ
510 1018 539 1051 3.
565 1019 654 1051 Nunc
679 1024 782 1051 autem
807 1029 879 1058 nos,
904 1019 1022 1053 litteras
1047 1020 1188 1063 praein-'

428 1076 525 1104 sertas
550 1071 727 1103 huiusmodi
753 1071 874 1104 debitae
899 1073 1111 1115 exequutioni‚
1136 1080 1169 1107 ut

426 1135 483 1168 par
507 1129 571 1165 est,
598 1124 781 1172 demandari
814 1125 971 1166 volentes,
996 1126 1083 1159 vobis
1113 1138 1170 1171 per

426 1183 608 1221 praesentes
640 1178 866 1211 committimus
900 1183 929 1211 ct
963 1180 1168 1224 mandamus,

426 1237 579 1275 quatenus
600 1243 664 1272 vos,
682 1233 729 1265 vel
750 1232 822 1273 duo,
840 1238 891 1265 aut
916 1244 998 1266 unus
1020 1240 1168 1277 vestrum,

426 1286 634 1329 praeinsertas
660 1286 778 1320 litteras
810 1287 990 1321 huiusmodi
1015 1294 1046 1321 et
1070 1287 1101 1321 in
1125 1289 1169 1322 eis

426 1344 571 1372 contenta
585 1350 812 1383 quaecumque,
830 1340 883 1372 ubi
902 1346 931 1373 et
948 1341 1073 1384 quando
1090 1352 1170 1385 opus

426 1391 532 1432 fuerit,
550 1398 578 1424 et
592 1393 714 1435 quoties
730 1403 790 1436 pro
810 1398 899 1436 parte
917 1394 1118 1437 superiorum
1139 1401 1170 1428 et

427 1446 559 1478 fratrum
585 1445 710 1478 Ordinis
734 1451 763 1478 et
788 1446 968 1490 provinciae
988 1447 1169 1482 huiusmodi

426 1499 546 1531 fueritis
570 1499 732 1542 requisiti,
760 1500 941 1533 solemniter
964 1501 1169 1545 publicantes,

427 1553 533 1596 eisque
558 1553 589 1585 in
613 1554 793 1597 praemissis
819 1555 952 1588 efficacis
981 1555 1169 1590 defensionis

426 1607 584 1650 praesidio
608 1608 808 1649 assistentes,
834 1608 953 1642 faciatis
985 1610 1187 1645 auctoritatet

426 1662 534 1692 nostra
555 1661 765 1704 praeinsertas
785 1661 905 1695 litteras
925 1668 955 1695 et
971 1662 1003 1695 in
1027 1663 1071 1696 eis
1096 1674 1169 1697 eon-

427 1718 510 1746 tenta
535 1722 753 1758 quaecumque
778 1715 816 1747 ab
842 1716 1001 1759 omnibus,
1028 1717 1065 1750 ad
1091 1729 1169 1761 quos

427 1772 545 1811 spectat
569 1773 599 1801 et
622 1768 654 1800 in
678 1768 820 1801 futurum
847 1770 1012 1813 spectabit,
1038 1771 1169 1804 inviola-

427 1821 532 1854 biliter
556 1822 728 1854 observari.
754 1823 822 1855 Non
847 1823 1065 1866 permittentes
1098 1824 1168 1858 illos

428 1875 563 1919 desuper
587 1885 604 1907 a
629 1886 807 1919 quoquam,
833 1876 942 1919 quavis
967 1877 1168 1919 auctoritate,

428 1929 664 1973 quomodolibet
688 1929 844 1973 impediri,
866 1931 1025 1964 molestari
1050 1936 1103 1964 aut
1127 1932 1187 1964 in-¹

428 1982 570 2026 quietari.
595 1982 847 2016 Contradictores
875 1984 1033 2027 quoslibet
1061 1989 1091 2017 ct
1119 1995 1187 2018 res

428 2037 524 2069 belles
559 2047 595 2069 ac
625 2037 809 2080 praemissis
838 2047 902 2070 non
939 2042 1084 2081 parentes
1113 2050 1187 2083 per¹

429 2101 577 2123 censuras
597 2094 627 2124 et
650 2101 768 2134 poenas
793 2091 1029 2133 ecclesiasticas,
1047 2092 1169 2136 aliaque

429 2150 604 2188 opportuna
622 2145 698 2177 iuris
724 2150 754 2177 et
777 2145 849 2178 sacti
867 2145 1016 2186 remedia,
1034 2147 1170 2190 appella-
1186 2168 1187 2172 =

429 2198 512 2230 tione
536 2198 718 2241 postposita,
740 2199 979 2242 compescendo,
1004 2200 1169 2242 legitimis-

429 2262 488 2294 que
508 2252 667 2295 superbis
687 2251 837 2284 habendis
862 2252 991 2285 servatis
1015 2253 1170 2296 processi-

428 2304 495 2346 bus7
510 2315 657 2337 censuras
670 2311 697 2337 ct
712 2316 828 2349 poenas
842 2306 926 2350 ipsas
939 2307 1032 2339 etiam
1050 2307 1170 2340 iteratis
1186 2322 1187 2332 t

430 2357 548 2390 xicibus
561 2358 769 2400 aggravando,
785 2359 928 2392 invocato
943 2359 1034 2391 ctiam
1049 2360 1168 2403 adhoc,
1186 2375 1187 2406 1

431 2411 455 2441 si
473 2422 552 2453 opus·
568 2412 670 2452 fuerit,
692 2412 805 2444 auxilio
823 2412 943 2445 brachii
960 2412 1119 2447 secularis.
1186 2409 1187 2444 l

476 2466 490 2507 ξ
516 2464 542 2496 li.
573 2466 636 2497 Non
661 2466 856 2500 obstantibus
885 2468 1070 2501 recolendae
1099 2479 1166 2502 mc-

433 2518 550 2550 moriae
563 2518 711 2552 Bonisacii
726 2519 825 2563 Papae
839 2521 903 2554 VllI
917 2522 1170 2564 praedecessoris

434 2573 529 2603 00:11}
548 2571 585 2603 de
602 2574 672 2612 una,
686 2577 715 2606 ct
732 2573 762 2605 in
779 2565 912 2608 concilio
929 2576 1068 2617 generali
1087 2576 1169 2610 edila
1186 2603 1187 2606 η

432 2624 467 2656 ds„
487 2624 605 2657 duabus
623 2625 722 2667 dictis,
740 2626 911 2661 dummodo
929 2629 1010 2661 ultra
1028 2634 1091 2663 tres
1108 2629 1170 2663 die·
1186 2639 1187 2647 ¹

1019 226 1196 251 BULLARIUM
1222 226 1375 252 Romnum

1203 279 1248 308 tas
1261 274 1373 319 aliquis
1387 276 1572 311 auctoritate
1584 279 1795 321 praesentium
1813 280 1851 314 ad
1867 280 1943 315 iudi-

1203 329 1285 361 cium
1303 339 1366 362 non
1392 330 1542 373 trahatur,
1560 341 1682 365 necnon
1706 333 1852 367 omnibus
1872 334 1942 376 illis,

1203 392 1282 425 quae
1308 382 1338 415 in
1363 383 1480 416 eisdem
1506 384 1709 428 praeinsertis
1733 385 1846 419 litteris
1862 397 1941 420 con-

1204 446 1290 469 cessa
1307 441 1377 469 sunt
1395 447 1457 470 non
1478 437 1612 479 obstare,
1631 439 1806 483 ceterisque
1823 445 1945 474 contra-

1204 488 1258 521 riis
1275 489 1538 533 quibuscumque.

1248 542 1263 585 ἕ
1283 541 1312 575 5.
1331 543 1482 576 Volumus
1498 548 1612 586 autem,
1630 544 1714 588 quod
1731 547 1942 589 praesentium

1204 595 1419 640 transumptis,
1444 596 1539 629 etiam
1564 597 1735 641 impressis,
1763 609 1859 632 manu
1887 599 1943 632 ali-

1204 648 1293 682 cuius
1316 649 1430 682 notarii
1448 649 1567 694 publici
1581 650 1778 695 subscriptis,
1794 656 1825 684 et.
1841 652 1943 695 sigillo

1205 700 1334 734 alicuius
1351 713 1504 745 personae
1521 703 1552 735 in
1569 703 1718 746 dignitate
1735 704 1944 749 ecclesiastica

1204 754 1390 797 constitutae
1416 756 1553 799 munitis,
1578 757 1687 790 eadem
1712 768 1843 802 prorsus
1866 759 1944 792 sides

1204 806 1320 850 ubique
1344 807 1545 851 adhibeatur,
1571 820 1651 853 quae
1675 811 1751 854 ipsis
1775 812 1945 855 praesenti-

1204 859 1261 891 bus
1285 860 1508 904 adhiberetur,
1535 862 1560 895 si
1584 863 1687 896 forent
1717 864 1871 898 exhibitae
1896 865 1944 898 vel

1204 918 1355 945 ostensae.

1247 966 1357 999 Datum
1372 967 1500 1008 Romae,
1513 969 1596 1012 apud
1620 969 1649 1003 S.
1668 970 1806 1011 Petrum,
1823 971 1881 1004 sub
1893 982 1945 1005 an-

1203 1021 1278 1053 nulo
1291 1020 1468 1061 piscatoris,
1486 1021 1535 1054 die
1556 1032 1587 1056 1x
1603 1023 1753 1057 februarii
1770 1034 1944 1066 nncxxvm,

1177 1119 1184 1122 ᾗ
1204 1074 1404 1117 pontificatus
1427 1076 1527 1109 nostri
1552 1086 1634 1110 anno
1659 1087 1688 1110 v.

1240 1137 1300 1165 Dat.
1316 1137 1359 1166 die
1374 1138 1391 1165 9
1405 1138 1535 1166 februarii
1552 1140 1629 1173 1628,
1651 1141 1745 1176 pontif.
1762 1149 1832 1170 anno
1848 1149 1873 1169 v.

1495 1247 1655 1290 cctxxxj

1206 1325 1418 1368 Confiriimtio
1431 1327 1550 1361 decreti
1557 1338 1668 1362 sacrae
1678 1328 1945 1374 Corzyregyationz's

1250 1380 1412 1421 Concilii,
1441 1391 1504 1424 quo
1529 1381 1718 1414 declaratur
1741 1384 1946 1416 constitutio-

1248 1443 1319 1466 nem
1349 1433 1499 1477 Gregyorz'i
1518 1435 1582 1468 XV
1605 1435 1642 1468 de
1669 1438 1946 1470 conservatoribus

1248 1486 1369 1519 editam
1389 1497 1453 1519 non
1474 1488 1601 1531 afficere
1624 1489 1816 1532 reliqionem
1833 1491 1947 1524 Hiero-

1247 1539 1492 1584 solymitanam,
1512 1542 1579 1574 nisi
1602 1543 1710 1586 quoad
1731 1543 1853 1577 iudices
1871 1555 1945 1578 con-

1247 1599 1446 1635 servatores,
1475 1595 1642 1639 eidemque
1669 1597 1812 1630 miliciae
1839 1598 1946 1632 adhuc

1248 1649 1300 1681 ius
1317 1649 1477 1682 eiusmodi
1493 1650 1616 1683 iudices
1640 1656 1874 1685 conservatores
1891 1652 1946 1686 eli·
1969 1653 1980 1662 '

1236 1695 1346 1745 'qendi
1363 1702 1545 1747 competere.
1650 1702 1652 1704 ’

1408 1774 1544 1802 Urbanus
1564 1775 1643 1810 Papa
1661 1776 1741 1811 vm,

1335 1817 1371 1845 ad
1387 1822 1563 1853 perpetuam
1582 1820 1627 1848 rei
1646 1820 1828 1849 memoriam.

1247 1879 1369 1923 Exponi
1384 1879 1475 1913 nobis
1491 1890 1592 1924 nuper
1611 1881 1753 1915 fecerunt
1768 1882 1871 1916 dilecti
1888 1883 1946 1917 filii

1203 1932 1356 1966 Antonius
1388 1933 1426 1966 de
1459 1934 1554 1966 Paula
1577 1945 1711 1978 magnus
1742 1937 1893 1979 magister
1917 1943 1947 1971 et

1204 1991 1374 2019 conventus
1398 1986 1561 2030 hospitalis
1578 1987 1606 2021 S.
1629 1988 1752 2022 Ioannis
1771 1989 1947 2036 Hierosoly-

1203 2039 1335 2081 mitani,
1361 2040 1447 2085 quod
1481 2051 1498 2073 a
1531 2042 1763 2076 venerabilibus
1794 2043 1945 2078 fratribus

1203 2094 1318 2127 nostris
1335 2100 1458 2128 sanctae
1482 2096 1642 2129 Romanae
1664 2096 1823 2130 Ecclesiae
1847 2098 1946 2131 cardi·

1203 2147 1326 2179 nalibus
1343 2148 1423 2180 sacri
1440 2148 1569 2181 Concilii
1594 2149 1766 2182 Tridentini
1790 2150 1945 2194 interpre-

1186 2201 1287 2242 itibus
1312 2201 1467 2233 emanavit
1498 2202 1660 2235 decretum
1692 2203 1812 2237 tenoris
1836 2204 1946 2238 subse-

1203 2254 1339 2298 quentis,
1364 2254 1525 2289 videlicet:

1248 2318 1279 2341 v1
1303 2308 1454 2341 februarii
1479 2319 1639 2343 itincxxvn.

1248 2361 1342 2394 Sacra
1355 2362 1564 2405 Congregatio
1578 2363 1861 2398 illustrissimorum
1882 2376 1947 2399 car-

1204 2415 1354 2448 dinalium
1382 2416 1512 2449 Concilii
1539 2417 1711 2450 Tridentini
1737 2418 1946 2462 interpretum

1186 2469 1187 2491 3
1204 2469 1335 2507 censuit,
1353 2469 1606 2503 constitutionem
1625 2475 1749 2505 sanctae
1774 2473 1946 2507 memoriae

1204 2522 1347 2565 Gregorii
1372 2524 1422 2557 XV
1447 2524 1485 2556 de
1509 2525 1785 2558 conservatoribus
1814 2536 1877 2560 non
1901 2527 1946 2560 as-

1204 2575 1297 2609 ficcrc
1323 2577 1508 2619 religionem
1533 2577 1860 2622 Hierosolyinitanam,
1884 2580 1944 2613 nisi

1203 2630 1304 2673 quoad
1320 2630 1439 2664 iudices
1453 2636 1700 2674 conservatores,
1715 2631 1880 2677 eidemque
1896 2643 1944 2667 re-

1957 233 2007 260 An.
2027 233 2054 261 C.
2073 233 2140 262 1628

1958 561 2142 609 aauii³¹i³21¹¹03¹³¹i⁶

1995 1891 2012 1911 A
2027 1889 2146 1920 Oongregaf

1961 1917 2017 1938 tione
2058 1917 2146 1938 Concitii

1961 1944 2069 1965 emanavit
2109 1943 2146 1964 do-

1961 1974 2041 1992 creium
2050 1970 2077 1991 ad
2088 1969 2146 1991 savo-

1960 2003 2003 2018 rem
2018 1998 2080 2018 huius
2093 1997 2146 2018 miti-

1960 2025 2010 2048 tiae,
2025 2024 2051 2045 de
2066 2029 2108 2050 quo
2124 2024 2144 2045 in

1960 2050 2053 2072 rubrica.
