2269 3235
223 229 272 257 An.
289 229 316 258 C.
340 229 407 258 ¹624
455 220 517 254 ‘160

267 560 404 585 Supplicatur

220 586 363 610 t*0n1=i·=c»‚ut
379 593 403 606 ea

219 619 289 633 omnia
320 616 403 638 apostu-

220 639 261 660 lira
276 642 403 660 aurini-uate

220 671 348 687 communire
374 667 403 687 di-

220 694 300 718 [inetur.

240 1041 279 1065 Qui
289 1047 314 1062 ea
325 1045 402 1067 appro-

218 1068 255 1089 bat
278 1070 299 1088 et
329 1068 402 1088 contir-

218 1097 267 1117 mat.
275 1096 401 1121 suppletque

218 1121 313 1141 detectus
324 1137 327 1144 .
344 1121 401 1141 dum-

217 1147 279 1168 modo
301 1148 320 1168 in
340 1148 402 1173 capi-

218 1174 401 1199 tuloproximece·

217 1200 318 1221 lebrando
327 1203 400 1221 iterum

218 1229 362 1248 examinentur
381 1230 402 1248 et

217 1254 366 1279 approbentur.

245 2431 269 2452 Ei
285 2433 312 2452 ita
327 2437 400 2457 appi-o*

218 2458 269 2479 baia
294 2459 402 2478 obstari-u·

218 2486 322 2506 deceruit.

419 279 551 313 vicinior
581 280 764 324 provincia,
790 287 884 322 tune,
908 282 1009 325 posita
1039 283 1160 326 aequali

419 332 582 375 distantia,
607 333 765 377 antiquior
789 334 949 378 provincia
975 340 1082 368 votum
1106 336 1161 369 lia-

420 386 512 419 bcbit.

600 467 776 510 Hucusque
800 467 977 510 dispositio.

463 547 478 590 g
502 547 531 579 3.
552 547 628 580 Cum
647 552 762 587 autem,
781 547 861 580 sicut
879 547 989 580 eadem
1007 549 1160 593 expositio

420 600 650 644 subiungebat,
675 601 816 644 AEgidius
846 602 1025 645 praedictus
1055 603 1156 646 pluri-

420 665 504 687 mum
516 654 620 698 cupiat
629 659 742 687 statuta
753 654 944 695 huiusmodi,
954 666 1012 699 pro
1025 656 1158 689 firmiori

420 707 545 741 illorum
561 707 763 740 subsistentia
780 713 810 740 et
824 708 997 742 inviolabili
1017 709 1160 742 observa-

419 760 520 802 tione,
545 761 737 806 apostolicae
761 767 887 795 nostrae
911 762 1160 795 confirmationis

419 815 535 849 robore
559 816 767 856 communiri;
791 816 862 850 ideo
881 816 973 850 nobis
998 817 1092 849 totius
1106 816 1160 850 Or-

418 868 500 902 dinis
520 869 672 913 praedicti
696 869 825 903 nomine
849 870 1012 903 humiliter
1037 870 1159 914 suppli—

418 922 482 955 cari
499 922 580 963 fecit,
598 928 632 955 ut
647 922 782 966 desuper
799 928 976 967 opportune
992 923 1159 967 providere

418 975 456 1009 de
480 976 671 1018 benignitate
695 975 864 1019 apostolica
889 976 1102 1019 dignaremur.

461 1029 477 1072 ,ξ
500 1029 530 1061 4.
556 1030 618 1062 Nos
644 1029 750 1072 igitur,
776 1028 917 1062 eiusdem
937 1029 1053 1072 AEgidii
1077 1029 1158 1062 desi-

417 1082 512 1115 deriis
543 1082 574 1115 in
606 1082 787 1126 praemissis
819 1092 976 1123 annuere,
1007 1082 1158 1127 illumque

418 1135 604 1179 specialibus
629 1135 788 1169 favoribus
818 1141 849 1168 et
874 1135 983 1178 gratiis
1008 1137 1158 1180 prosequi

417 1190 566 1230 volentes,
584 1195 611 1222 et
637 1200 654 1221 a
678 1189 840 1232 quibusvis
860 1190 1159 1224 excommunicatio-

416 1243 484 1284 nis,
514 1243 728 1288 suspensionis
760 1247 790 1275 οἱ
822 1243 1001 1283 interdicti,
1026 1244 1158 1287 aliisque

416 1296 635 1330 ecclesiasticis
652 1295 824 1338 sententiis,
840 1296 982 1329 censuris
996 1302 1025 1329 et
1038 1297 1157 1340 poenis,

416 1362 433 1382 a
458 1350 525 1383 iure
550 1350 597 1383 vel
623 1349 661 1382 ab
685 1349 835 1389 homine,
860 1350 969 1393 quavis
993 1350 1158 1383 occasione

415 1404 462 1437 ‘vel
478 1406 581 1438 ‚causa
605 1404 696 1444 latis,
721 1404 746 1437 si
777 1403 891 1447 quibus
921 1404 1159 1448 quomodolibet

415 1457 581 1491 innodatus
601 1457 715 1498 existit,
727 1457 765 1490 ad
782 1457 927 1490 effectum
944 1457 1158 1501 praesentium

416 1510 574 1545 dumtaxat
592 1510 860 1554 consequendum,
878 1510 991 1543 harum
1010 1510 1091 1543 serie
1110 1510 1159 1543 ab·

416 1564 571 1598 solventes
589 1568 619 1596 et
635 1563 814 1596 absolutum
832 1563 898 1596 fore
913 1569 1085 1603 censentes,
1100 1564 1157 1596 bu-

416 1617 550 1651 iusmodi
576 1616 859 1661 supplicationibus
883 1616 1033 1657 inclinati,
1051 1616 1088 1649 de
1110 1628 1159 1649 vc-

416 1670 603 1704 nerabilium
634 1671 768 1703 fratrum
793 1674 976 1703 nostrorum
1010 1670 1038 1702 S.
1064 1671 1098 1703 R.
1124 1670 1155 1702 E.

416 1724 623 1758 cardinalium
649 1723 730 1757 sacri
755 1723 884 1757 Concilii
916 1723 1089 1756 Tridentini
1114 1723 1159 1755 in-

417 1783 590 1822 terpretum
608 1777 749 1818 consilio,
765 1782 879 1810 statuta
895 1777 1091 1821 praeinserta
1104 1777 1158 1810 liu-

416 1831 552 1866 iusmodi
570 1832 630 1875 (ita
649 1836 762 1871 tamen,
780 1836 814 1863 ut
830 1841 847 1863 a
863 1830 1001 1874 capitulo
1019 1830 1157 1873 generali

416 1885 556 1919 eiusdem
576 1885 702 1919 Ordinis
718 1885 863 1929 proxime
883 1884 1071 1918 celebrando
1092 1896 1176 1918 rur-1

416 1949 468 1972 sus
485 1938 713 1979 examinentur,
727 1943 821 1983 atque
837 1937 1063 1982 approbentur,
1081 1938 1158 1972 alio-

416 1993 492 2038 quin
517 2003 553 2026 ex
579 2003 616 2026 eo
636 1998 778 2037 tempore
794 2003 943 2037 praesens
960 1992 1158 2026 confirmatio

416 2048 501 2081 nulla
525 2058 658 2092 prorsus
683 2052 775 2092 atque
800 2047 890 2080 irrita
910 2046 967 2091 sit)
988 2047 1158 2091 apostolica

416 2102 611 2143 auctoritate,
629 2106 738 2135 tenore
761 2101 984 2145 praesentium,
1006 2106 1158 2145 perpetuo

416 2156 628 2201 approbamus
653 2160 683 2189 et
707 2155 942 2196 confirmamus,
967 2155 1092 2199 illisque
1116 2155 1177 2188 in„

418 2209 571 2243 violabilis
603 2208 794 2254 apostolicae
822 2208 980 2242 firmitatis
1004 2208 1103 2242 robur
1127 2219 1177 2241 a-*

417 2264 572 2304 diicimus,
597 2273 633 2296 ac
652 2273 761 2296 omnes
787 2267 816 2296 et
841 2263 981 2306 singulos
1001 2266 1064 2297 tam
1082 2262 1159 2296 iuris

417 2328 510 2362 quam
535 2316 607 2350 sacti
632 2316 781 2358 desectus,
805 2316 830 2349 si
855 2316 907 2360 qui
932 2316 1069 2360 desuper
1086 2326 1160 2360 quo-

418 2371 589 2405 modolibet
608 2370 844 2411 intervenerint,
870 2371 1064 2415 supplemus.

462 2427 477 2469 g
501 2426 529 2459 5.
556 2426 688 2469 Ipsaque
716 2429 831 2458 statuta
855 2424 887 2458 in
916 2423 1077 2469 praedicto
1102 2424 1159 2458 Or-

418 2479 489 2511 dine
510 2478 548 2521 (si
573 2478 612 2511 ab
637 2478 748 2512 eodem
767 2478 904 2522 capitulo
921 2477 1025 2512 denuo
1042 2477 1159 2511 exami-

418 2538 488 2564 nata
513 2536 542 2565 et
567 2532 700 2576 probata
725 2532 871 2576 fuerim),
888 2536 922 2565 ut
938 2531 1065 2575 petitur,
1090 2541 1161 2575 per-

418 2590 513 2629 petuo
546 2586 708 2619 observari
745 2585 878 2625 debere,
910 2585 1099 2628 irritumque
1131 2588 1161 2619 et

419 2638 520 2679 inane,
546 2638 569 2672 si
595 2649 684 2672 secus
717 2650 811 2684 super
835 2638 883 2672 his
907 2649 924 2671 a
948 2648 1159 2683 quocumque,

1000 234 1179 259 BULLARIUM
1202 233 1357 259 ROMANUM

1194 283 1303 326 quavis
1320 283 1514 324 auctoritate,
1533 284 1666 318 scienter
1679 285 1726 317 vel
1740 285 1931 329 ignoranter,

1195 336 1361 380 contigerit
1384 337 1538 378 attentari,
1564 337 1772 371 decernimus.

1239 390 1254 433 ἓ
1278 390 1307 422 6.
1341 391 1409 423 Nou
1440 390 1636 423 obstantibus
1660 391 1933 426 constitutionibus

1195 448 1223 475 et
1241 443 1493 477 01·dinationil.›us
1510 444 1703 488 apostolicis,
1717 454 1763 486 ac,
1779 450 1933 488 quatenus

1195 506 1273 540 opus
1298 497 1346 537 sit,
1371 496 1444 529 dicti
1470 496 1593 529 Ordinis
1615 497 1721 539 (etiam
1746 497 1932 540 iuramento,

1195 549 1433 583 confirmatione
1457 550 1645 594 apostolica,
1670 550 1718 583 vel
1746 550 1855 594 quavis
1878 550 1932 583 sir-

1195 603 1300 636 mitate
1317 603 1378 635 alia
1394 603 1565 647 roboratis)
1586 603 1707 637 statutis
1725 608 1755 637 et
1771 607 1934 638 consuetu-

1193 656 1328 699 dinibus,
1347 658 1522 701 ceterisquc
1540 657 1706 691 contrariis
1731 657 1933 702 quibuscum-

1193 720 1264 754 que*

1237 764 1349 797 Datum
1369 764 1497 805 Romae,
1511 764 1595 808 apud
1612 764 1641 798 S.
1656 764 1794 805 Petrum,
1807 764 1866 797 sub
1882 775 1934 798 an-

1193 817 1267 850 nulo
1288 817 1466 858 piscatoris,
1499 817 1548 850 die
1579 827 1656 851 xxlx
1676 817 1749 851 maii
1780 828 1932 860 uncxxw,

1192 870 1393 915 pontificatus
1412 871 1512 904 nostri
1536 881 1618 906 anno
1634 881 1653 904 1.

1229 932 1287 960 Dat.
1305 932 1349 960 die
1364 932 1398 960 29
1413 933 1475 960 maii
1493 933 1570 967 1624,
1587 933 1682 969 pontif.
1699 941 1769 962 anno
1789 941 1807 961 1.

1513 1073 1614 1108 LXIII.

1192 1129 1410 1189 praeceptum
1422 1144 1531 1189 priori
1548 1149 1577 1178 et
1594 1145 1754 1189 fratribus
1771 1145 1933 1180 militibus

1233 1200 1400 1243 prioratus
1417 1199 1636 1233 Alamanniae
1653 1199 1825 1244 hospitalis
1841 1200 1872 1234 S.
1886 1200 1935 1234 Io-

1237 1253 1335 1286 annis
1349 1253 1647 1296 Hierosolymitoui
1663 1263 1702 1286 ue
1720 1253 1803 1286 bona
1819 1257 1847 1286 et
1862 1254 1933 1298 pri-

1239 1305 1357 1349 rileyz'a
1381 1306 1462 1339 dicti
1489 1307 1658 1350 prioratus
1685 1306 1772 1340 laedi
1791 1307 1931 1351 permit-

1239 1360 1335 1393 tam‘,
1776 1362 1779 1365 “

1192 1431 1316 1458 Dilectis
1331 1431 1413 1463 filiis,
1426 1431 1575 1459 friderico
1590 1431 1671 1459 Eunt.
1686 1431 1788 1466 priori,
1805 1432 1931 1460 ceteris·

1228 1483 1284 1509 que
1304 1476 1451 1503 fratribus
1467 1475 1615 1503 militibus
1635 1476 1787 1510 prioratus
1797 1477 1934 1504 Aleman-

1227 1520 1296 1548 niae
1311 1520 1471 1555 hospitalis
1487 1520 1515 1547 S.
1528 1521 1647 1548 Ioannis
1659 1520 1933 1556 Hierosolymitani,

1395 1565 1532 1592 Urbanus
1553 1565 1633 1599 Papa
1652 1565 1730 1592 v111.

1475 1618 1583 1645 Dilecti
1599 1617 1668 1651 filii,

1238 1662 1368 1690 salutem
1384 1665 1415 1689 et
1430 1662 1628 1696 apostolicam
1642 1663 1890 1691 benedictionem.

1236 1724 1369 1757 Romani
1394 1724 1571 1765 Pontifices,
1589 1725 1642 1769 qui
1660 1724 1785 1758 Ordinis
1802 1724 1831 1758 S.
1849 1725 1934 1758 Ioan-

1192 1777 1240 1810 nis
1256 1777 1531 1822 Hierosolymitani
1549 1778 1661 1811 merita
1676 1778 1934 1823 perspectissima

1192 1831 1380 1871 babuerunt,
1399 1841 1471 1864 eum
1489 1841 1622 1876 semper,
1640 1831 1723 1864 inter
1739 1837 1861 1865 ceteros
1878 1832 1934 1864 mi-

1191 1884 1298 1917 litares
1323 1884 1460 1926 ordines,
1486 1889 1516 1917 et
1540 1885 1646 1928 magni
1672 1885 1823 1928 fecerunt,
1840 1891 1869 1919 et
1884 1896 1935 1930 pe-

1193 1938 1303 1971 culiari
1329 1938 1481 1971 charitate
1498 1948 1533 1971 ac
1551 1938 1653 1972 studio
1671 1938 1828 1983 complexi
1853 1944 1933 1973 sunt.

1191 1992 1275 2031 Quae
1296 1992 1402 2025 omnia
1424 1992 1455 2025 in
1479 1992 1569 2026 nobis
1587 1992 1761 2026 maximum
1778 2003 1814 2026 ex
1830 1994 1935 2026 vestra

1193 2046 1224 2078 in
1247 2056 1305 2079 nos
1336 2050 1366 2079 et
1390 2046 1503 2079 Sedem
1528 2046 1740 2090 Apostolicam
1770 2046 1935 2080 devotione

1193 2105 1223 2133 et
1246 2100 1445 2134 observantia
1469 2100 1700 2134 incrementum
1726 2105 1934 2145 receperunt;

1193 2163 1255 2197 quo
1280 2153 1324 2193 fit,
1349 2158 1383 2186 ut
1405 2153 1506 2194 bona,
1531 2154 1654 2198 aliaque
1685 2153 1809 2187 Ordinis
1833 2158 1935 2187 vestra

1194 2207 1262 2239 iura
1287 2207 1319 2239 in
1343 2207 1409 2240 dies
1442 2207 1541 2251 magis
1576 2217 1639 2240 non
1665 2207 1766 2240 solum
1792 2217 1934 2241 crescere

1193 2260 1230 2293 ad
1260 2260 1314 2293 Dei
1343 2260 1478 2303 gloriam
1511 2265 1541 2293 et
1564 2261 1701 2295 hostium
1732 2260 1805 2294 fidei
1830 2261 1936 2294 consu-

1194 2314 1314 2347 sionem
1329 2324 1530 2358 summopere
1541 2314 1766 2356 desideremus,
1777 2314 1831 2347 sed
1842 2314 1934 2347 etiam

1193 2377 1273 2411 quae
1285 2378 1491 2411 progressum
1507 2367 1688 2401 huiusmodi
1700 2378 1828 2412 quoquo
1842 2367 1935 2402 modo

1194 2421 1358 2466 impedire,
1384 2421 1526 2454 minuere
1544 2421 1591 2454 vel
1617 2421 1778 2455 retardare
1794 2426 1935 2465 possunt,

1193 2486 1250 2509 nos
1264 2475 1398 2508 maxime
1412 2475 1562 2509 sollicitos
1575 2475 1700 2509 habent.
1713 2475 1936 2516 Quamobrem,

1194 2529 1249 2563 etsi
1274 2539 1471 2573 nequaquam
1492 2528 1682 2570 dubitamus,
1700 2529 1775 2573 quin
1792 2539 1855 2570 vos,
1876 2538 1935 2573 pro

1194 2584 1297 2616 vestra
1312 2582 1427 2627 pietate
1442 2587 1472 2616 et
1489 2582 1659 2616 catholicae
1673 2582 1835 2626 religionis
1854 2582 1931 2625 zelo,

1231 2646 1239 2673 1
1264 2645 1300 2672 Ex
1321 2645 1427 2681 Regest.
1449 2644 1474 2671 in
1495 2645 1597 2673 Secret.
1620 2644 1696 2673 Brev⁸

1947 236 1996 264 An.
2013 237 2041 264 C.
2064 236 2131 265 1624

1975 403 2089 433 Contrariis
2100 410 2131 426 ro·

1949 433 2017 451 motis.

1991 1747 2133 1768 Romanorum

1949 1773 2072 1794 Pontificum
2094 1774 2133 1794 sol·

1949 1800 2035 1821 licitudo
2048 1805 2134 1821 conser-

1950 1827 2012 1847 vandi
2034 1827 2090 1847 bona
2105 1826 2133 1847 ad

1949 1853 2054 1879 hospitale
2068 1853 2091 1874 S.
2102 1853 2134 1874 Ιο-

1950 1880 2010 1900 annis
2035 1879 2134 1900 Hieroso-

1950 1906 2041 1933 lymilani
2069 1906 2134 1933 perti·

1951 1934 2028 1954 nentia.
