2269 3235
119 235 168 263 An.
189 235 219 263 C.
239 234 305 264 1627

144 403 225 424 Poenas
241 408 300 427 prae·

212 430 299 454 ‹ti-puta·

117 429 185 450 d¹⁰¹⁰⁵
204 455 300 475 ..ηιμ-..ιι-
317 444 571 489 archiepiscopis,
598 445 762 489 episcopis,
788 443 983 488 praepositis,
1004 443 1054 476 de-

117 458 148 476 tos
169 462 193 475 un

117 482 155 502 bus
171 482 252 507 intigit.

153 1990 186 2011 Cla
191 1989 271 2010 usulae.

143 2521 255 2548 Dei-ugano
264 2527 311 2543 con<

128 2549 247 2571 uariorum.

932 237 1073 261 URBANUS
1094 237 1150 260 VIII
1170 237 1218 260 I‘P.

314 282 440 326 quendi,
458 284 592 327 plenam,
610 284 742 318 liberam
761 290 791 318 et
807 285 942 328 amplam
961 285 1054 318 sacul-

315 341 410 369 tatem
436 338 635 371 concedimus
661 343 690 373 et
715 339 921 382 impartimur.

361 391 375 434 ἓ
399 390 428 423 4.
455 391 630 425 Districtius
656 393 832 425 inhibentes
857 391 1053 434 patriarchis,

317 497 411 538 canis,
437 498 590 542 capitulis,
616 498 783 537 canonicis,
801 496 985 537 rectoribus,
1004 496 1055 528 be-

316 551 489 592 neficiatis,
514 561 636 584 necnon
668 550 850 591 abbatibus,
876 548 1054 592 prioribus,

317 604 610 644 commendatariis,
635 602 817 642 abbatissis,
842 601 1002 645 priorissis
1026 605 1056 634 et

317 657 544 700 superioribus,
563 656 693 699 aliisque
711 654 908 698 supradictis,
929 653 988 686 sub
1006 664 1055 686 ex-

317 709 610 742 communicationis
634 708 771 749 maioris,
797 718 814 740 a
838 718 900 751 qua
919 717 982 740 non
996 707 1054 739 nisi

316 773 374 806 per
405 773 563 795 summum
597 762 780 795 Pontificem
818 772 877 804 pro
910 765 1054 804 tempore

317 815 509 856 existentem,
535 820 757 858 praeterquam
782 815 813 847 in
838 814 949 847 mortis
979 814 1054 847 arti-

316 869 387 901 culo
412 869 588 910 constituti,
614 868 733 901 absolvi
766 868 908 912 possint,
932 878 1057 901 necnon

316 921 500 965 privationis
520 922 660 955 omnium
687 927 716 955 et
740 922 938 965 singulorum
956 921 1058 964 digni-

316 981 415 1008 tatum
430 1003 437 1016 ,
463 976 703 1009 canonicatuum
729 981 758 1008 et
783 975 1057 1019 praebendarum,

317 1029 593 1069 monasteriorum,
610 1029 797 1071 officiorum,
815 1028 1059 1061 administratio-

317 1092 392 1114 num
417 1087 448 1115 et
471 1082 605 1115 aliorum
623 1082 849 1115 beneficiorum
876 1081 1059 1115 ecclesiasti-

318 1145 428 1168 corum
449 1145 505 1178 per
530 1146 583 1168 eos
608 1135 820 1176 obtentorum,
839 1134 1060 1167 inhabilitatis-

318 1198 379 1231 que
403 1188 440 1220 ad
458 1188 510 1220 illa
531 1193 560 1220 et
576 1188 634 1220 alia
652 1188 861 1232 imposterum
879 1187 1058 1228 obtinenda,

318 1241 449 1284 aliisque
473 1241 604 1273 arbitrio
623 1246 732 1274 nostro
753 1240 934 1280 statuendis,
956 1240 1060 1273 mode-

316 1293 423 1326 randis
449 1299 478 1326 et
502 1293 681 1336 infligendis
702 1294 822 1338 poenis,
847 1304 885 1327 ne
911 1294 1058 1327 eumdem

318 1346 465 1379 Ioannem
496 1346 699 1380 Franciscutn
729 1346 1005 1390 archiepiscopum
1030 1351 1060 1380 et

318 1399 490 1441 nuncium,
516 1410 571 1432 seu
599 1400 637 1432 ab
662 1410 699 1433 eo
727 1405 756 1432 et
780 1400 866 1433 clero
898 1400 1060 1444 praedicto

319 1453 526 1497 deputandos,
547 1464 642 1497 super
665 1454 846 1497 praemissis
864 1453 1010 1487 omnibus
1032 1457 1062 1487 et

320 1506 460 1548 singulis,
475 1507 568 1539 etiam
583 1506 690 1549 vigore
708 1517 983 1550 quorumcumque
1000 1507 1061 1550 pri-

320 1560 518 1602 vilegiorum,
531 1559 735 1600 indultorum,
752 1560 996 1600 immunitatum,
1012 1569 1061 1591 ex·-

320 1612 514 1655 emptionum
533 1617 563 1644 et
583 1612 714 1644 aliarum
741 1613 915 1654 gratiarum
944 1612 989 1645 eis
1012 1612 1059 1644 vel

320 1675 431 1698 eorum
456 1664 612 1706 ecclesiis,
638 1664 818 1705 ordinibus,
844 1665 1060 1706 monasteriis,

320 1717 465 1751 domibus
483 1723 512 1751 et
528 1717 720 1761 prioratibus
737 1718 975 1762 quomodolibet
991 1729 1062 1752 con-

322 1781 493 1814 cessorum,
522 1772 793 1813 confirmatorum,
813 1772 1060 1816 approbatorum

323 1829 353 1856 et
365 1824 594 1865 innovatorum,
608 1825 772 1869 impedire,
785 1826 982 1869 perturbare,
998 1837 1062 1860 mo—

322 1879 444 1921 lestare,
470 1879 519 1912 vel
542 1880 717 1924 inquietare
741 1881 876 1914 audeant
901 1891 956 1914 seu
975 1891 1062 1924 prae-

323 1937 455 1965 sumant.

367 1985 381 2029 g
412 1985 440 2018 5.
473 1986 696 2028 Decernentes,
728 1991 908 2032 praesentes
942 1987 1062 2020 litteras

322 2038 449 2079 validas,
464 2039 571 2073 firmas
586 2046 615 2074 et
628 2041 770 2074 efficaces
787 2041 920 2074 existere
939 2046 968 2074 et
984 2042 1061 2082 sore,

321 2102 457 2136 suosque
473 2093 630 2136 plenarios
648 2099 678 2127 et
694 2094 833 2137 integros
851 2094 980 2128 effectus
993 2105 1061 2128 sor-

320 2145 372 2178 tiri
397 2151 426 2178 et
450 2146 608 2187 obtinere;
634 2147 740 2191 sicque
764 2158 821 2191 per
845 2159 1061 2192 quoscumque

321 2197 439 2232 iudices
457 2199 634 2233 ordinarios
650 2204 679 2234 et
698 2200 868 2244 delegatos,
886 2201 979 2234 etiam
995 2212 1064 2234 cau-

323 2261 428 2284 sarum
452 2252 559 2296 palatii
579 2253 742 2297 apostolici
760 2253 929 2294 auditores,
946 2253 1062 2298 ubique

324 2304 455 2338 iudicari
479 2311 508 2338 et
532 2306 655 2339 definiri
679 2307 803 2349 debere,
829 2318 865 2340 ac
890 2307 1016 2340 irritum
1034 2313 1063 2340 et

324 2358 434 2401 inane,
459 2360 609 2404 quidquid
634 2372 723 2394 secus
748 2373 845 2406 super
869 2362 918 2395 his
942 2372 959 2394 a
986 2373 1063 2406 quo-

325 2422 429 2455 quam,
442 2413 549 2456 quavis
563 2414 757 2457 auctoritate,
776 2415 911 2448 scienter
922 2415 968 2448 rel
979 2415 1065 2458 igno-

326 2472 442 2507 ranter,
467 2467 633 2511 contigerit
656 2469 809 2503 attentari.

372 2520 386 2563 ἓ
411 2519 439 2552 6.
469 2520 537 2554 Non
567 2520 765 2556 obstantibus
788 2522 887 2556 felicis
910 2523 1061 2557 reeorda-

326 2573 420 2606 tionis
446 2574 595 2608 Bonisacii
615 2575 715 2620 Papae
731 2576 795 2610 VIII
814 2576 1066 2621 praedecessoris

327 2627 427 2662 nostri
443 2628 481 2662 de
494 2631 565 2671 una,
582 2635 612 2663 et
629 2629 661 2663 in
677 2631 810 2665 concilio
827 2631 968 2675 generali
984 2631 1067 2666 edita

1087 284 1125 317 de
1149 284 1269 317 duabus
1293 283 1392 325 dietis,
1411 294 1446 316 ac
1471 285 1578 316 nostra
1599 283 1636 315 ‹le
1654 283 1719 315 iure
1737 294 1828 325 quae-

1088 337 1147 369 sito
1172 347 1233 369 non
1260 336 1407 377 tollendo,
1433 337 1563 380 aliisque
1583 336 1774 379 apostolicis,
1793 347 1827 367 ace

1088 390 1119 422 in
1145 391 1384 432 universatilm,
1411 390 1718 434 provincialibusque
1739 395 1769 421 et
1785 400 1830 432 sy-

1088 443 1254 476 nodalibus
1279 444 1418 476 conciliis
1445 443 1544 483 editis,
1563 443 1763 485 generalibus
1782 443 1827 473 wi

1088 495 1284 538 specialibus⁷
1310 496 1584 529 constitutiouilms
1609 501 1637 527 et
1658 495 1829 528 ordinatio-

1088 548 1190 590 nibus,
1215 559 1250 581 ac
1276 549 1498 589 ecclesiarum,
1524 559 1645 581 necnon
1667 548 1829 587 Ordinum,

1089 601 1391 643 congregationum,
1417 603 1691 642 monasteriorum,
1720 602 1830 635 domo-

1089 664 1160 685 rum
1185 658 1215 686 et
1241 653 1438 697 prioratuum
1464 655 1696 697 praedictorum
1723 655 1829 687 (etiam

1089 706 1276 746 iuramento,
1301 707 1540 740 confirmatione
1565 708 1757 750 apostolica,
1784 709 1829 740 rel

1089 760 1198 803 quavis
1223 760 1370 794 firmitate
1389 760 1450 792 alia
1476 761 1648 804 roboratis)
1667 761 1788 793 statutis
1803 766 1830 794 rt

1090 813 1379 854 consuetudinibus,
1404 814 1527 857 legibus
1552 814 1645 846 etiam
1664 814 1833 857 municipa-

1090 867 1172 899 libus
1196 872 1226 900 et.
1250 867 1408 909 institutis,
1434 867 1606 910 privilegiis
1631 878 1767 911 quoque,
1790 867 1833 899 in-

1092 919 1185 952 dultis
1210 925 1239 952 et
1264 919 1375 952 litteris
1401 920 1589 963 apostolicis,
1617 920 1687 961 iltis,
1710 930 1834 952 eorum-

1092 984 1154 1017 que
1178 974 1327 1015 ecclesiis,
1353 973 1444 1006 bonis
1469 979 1499 1006 et
1523 973 1694 1014 beneficiis,
1719 985 1754 1006 ac
1776 985 1829 1006 su—

1093 1027 1271 1071 perioribus
1304 1032 1334 1060 et
1358 1020 1523 1071 personss‚
1549 1027 1641 1060 etiam
1666 1038 1723 1071 per
1752 1027 1833 1060 viam

1093 1080 1171 1123 legis
1195 1086 1247 1113 aut
1271 1081 1376 1114 statuti
1401 1081 1558 1124 perpetui,
1575 1091 1611 1113 ac
1640 1080 1733 1113 etiam
1754 1080 1835 1113 iura-

1093 1134 1206 1175 menti,
1232 1145 1285 1167 seu
1311 1134 1450 1178 stipulati
1475 1138 1662 1176 contractus,
1688 1145 1723 1166 ac
1748 1135 1833 1175 alias,

1093 1186 1150 1220 sub
1174 1187 1428 1231 quibuscumque
1460 1188 1620 1221 tenoribus
1645 1193 1675 1220 et
1704 1188 1834 1228 formis,

1093 1251 1129 1273 ac
1153 1251 1225 1273 cum
1250 1241 1412 1284 quibusvis
1442 1241 1535 1273 etiam
1560 1241 1834 1284 derogatoriarum

1094 1293 1312 1337 derogatoriis⁷
1334 1294 1465 1338 aliisque
1489 1294 1720 1327 efficacioribus
1745 1301 1774 1327 et
1791 1295 1836 1326 in-

1094 1347 1193 1381 solitis
1217 1348 1382 1388 clausulis,
1413 1359 1448 1381 ac
1480 1348 1675 1381 irritantibus
1707 1354 1736 1381 et
1767 1349 1836 1381 aliis

1094 1401 1237 1441 decretis,
1256 1401 1287 1433 in
1307 1411 1423 1443 genere
1444 1401 1491 1433 vel
1516 1401 1547 1433 in
1571 1401 1686 1444 specie,
1705 1412 1739 1433 ac
1761 1401 1836 1433 alias

1095 1455 1126 1486 in
1150 1454 1343 1487 contrarium
1363 1454 1610 1498 praemissorum
1632 1455 1834 1497 quomodoli-·

1095 1507 1147 1539 bet
1181 1508 1359 1547 concessis,
1385 1507 1577 1540 confirmatis
1612 1512 1642 1540 et
1673 1507 1835 1541 innovatis.

1095 1560 1212 1599 Quibus
1236 1561 1394 1603 omnibus,
1420 1561 1541 1593 etiamsi
1559 1571 1617 1604 pro
1636 1561 1761 1593 illorum
1779 1563 1838 1594 sus—

1095 1613 1219 1646 ficiente
1237 1613 1440 1655 derogatione
1458 1613 1495 1646 de
1513 1614 1582 1653 illis,
1601 1624 1774 1657 eorumque
1795 1620 1838 1648 ton

1097 1666 1134 1699 tis
1154 1666 1316 1699 tenoribus
1338 1666 1493 1710 specialis,
1514 1666 1668 1710 specifica,
1691 1677 1837 1710 expressa

1096 1722 1126 1753 et
1145 1719 1314 1761 individua,
1339 1730 1374 1752 ac
1389 1719 1427 1752 de
1446 1719 1542 1752 verbo
1559 1719 1597 1751 ad
1616 1720 1756 1762 verbum,
1774 1731 1837 1753 non

1096 1778 1199 1806 autem
1224 1783 1281 1816 per
1305 1773 1459 1806 clausulas
1484 1773 1647 1815 generales
1671 1773 1753 1806 idem
1779 1774 1837 1806 im-

1096 1831 1276 1870 portantes,
1302 1826 1418 1860 mentio
1444 1837 1498 1860 seu
1532 1827 1660 1870 quaeris
1691 1827 1749 1859 alia
1779 1838 1836 1861 ex-

1096 1880 1218 1923 pressio
1242 1880 1385 1913 babenda
1413 1885 1466 1913 aut
1485 1881 1588 1924 aliqua
1604 1881 1663 1913 alia
1684 1881 1838 1925 exquisita

1097 1934 1197 1966 forma
1218 1933 1255 1966 ad
1272 1934 1333 1967 hoc
1350 1934 1502 1967 servanda
1521 1935 1610 1975 soret,
1629 1935 1755 1968 illorum
1773 1945 1838 1968 om-

1097 1987 1183 2020 nium
1209 1992 1239 2019 et
1263 1987 1459 2030 singulorum
1477 1993 1602 2020 tenores
1622 1988 1837 2031 praesentibus

1097 2051 1156 2084 pro
1182 2040 1273 2084 plene
1298 2046 1327 2073 et
1352 2040 1542 2074 sufficienter
1567 2041 1723 2084 expressis
1745 2048 1775 2074 et
1798 2041 1837 2075 ad

1098 2093 1228 2126 verbum
1245 2093 1369 2127 insertis
1387 2094 1546 2136 babentes,
1566 2094 1625 2126 illis
1643 2095 1717 2127 alias
1735 2095 1765 2127 in
1781 2106 1837 2128 suo

1098 2147 1212 2181 robore
1236 2147 1471 2191 permansuris,
1496 2148 1555 2180 hac
1584 2148 1650 2181 viee
1677 2148 1837 2181 dumtaxat

1097 2202 1275 2246 specialiter
1299 2207 1329 2235 et
1353 2213 1500 2246 expresse
1524 2203 1732 2246 derogamus,
1758 2207 1837 2237 cete-

1098 2256 1204 2299 risque
1229 2256 1395 2290 contrariis
1419 2256 1680 2300 quibuscumque.

1142 2310 1156 2352 ξ
1175 2309 1203 2342 7.
1221 2310 1372 2342 Volumus
1385 2315 1499 2350 autem,
1517 2310 1601 2353 quod
1617 2309 1697 2343 dicta
1715 2313 1838 2345 summa

1098 2363 1190 2396 unius
1215 2362 1364 2396 millionis
1394 2375 1465 2396 cum
1497 2364 1628 2397 dimidio
1656 2365 1837 2398 francorum

1099 2416 1279 2450 huiusmodi
1303 2417 1399 2450 semel
1423 2418 1541 2459 soluta,
1567 2428 1715 2461 praesens
1739 2420 1840 2461 gratia

1100 2471 1277 2503 nullatenus
1307 2470 1516 2514 suffragetur,
1549 2482 1651 2515 neque
1685 2473 1838 2506 exactioni

1100 2523 1235 2567 amplius
1258 2524 1346 2557 locus
1370 2524 1424 2564 sit,
1450 2524 1596 2568 quodque
1621 2526 1729 2567 etiam,
1755 2527 1839 2560 iuxta

1101 2577 1331 2611 ordinationem
1355 2577 1387 2610 in
1411 2578 1544 2612 concilio
1562 2579 1727 2612 Viennensi
1745 2591 1839 2624 super

1101 2632 1161 2666 hoe
1180 2631 1306 2673 editam,
1324 2631 1404 2666 sacri
1425 2632 1549 2674 calices,
1572 2632 1644 2666 libri
1669 2639 1700 2667 et
1715 2634 1774 2667 alia
1792 2645 1839 2668 or-

1726 226 1789 258 6153
1838 235 1884 261 Λη.
1906 235 1934 260 c.
1959 235 2022 260 ποτ,

1888 2318 1910 2339 In
1929 2321 2037 2341 exactione

1854 2346 1941 2366 <ub-‘utu
1990 2358 1994 2364 ψ
2003 2354 2038 2372 ges

1855 2373 1943 2393 Cant-itti
1976 2374 2039 2394 Vien-

1855 2405 1924 2420 neusis
1953 2406 2039 2421 serian-

1854 2426 1903 2447 dae.
