2269 3235
226 240 274 268 An.
292 241 321 269 c.
344 241 411 268 102⁴
456 233 520 266 ⁶206

221 939 303 960 Relatio
318 943 404 964 praeca-

222 966 288 987 deuus
299 965 386 987 decreti.

420 290 618 324 decernimus
637 296 667 323 et,
683 290 888 329 declaramus,
901 291 1085 334 privilegiis,
1101 297 1158 324 sta-

422 344 494 376 tutis
513 347 543 377 et
562 343 839 376 consuetudinibus
859 343 1108 387 quibuscumque
1128 344 1158 376 in

421 396 613 429 contrarium
639 396 767 428 minime
792 396 996 430 obstantibus.

464 449 575 482 Datum
602 449 738 489 Romae,
758 448 808 482 die
830 459 874 482 xii
900 450 1003 483 martii
1029 460 1158 484 moxcw.

590 563 768 594 Decretum
793 564 986 594 seeundum.

691 627 863 651 renovationis
876 628 884 644 ¹

547 667 572 689 et
591 665 762 698 ampliationis
782 667 878 692 decreti
898 668 1029 700 praedicti.

420 740 465 773 De
484 742 618 775 novitiis
642 742 685 776 ad
712 743 861 776 habitum
884 744 1070 787 reyularem
1093 755 1160 778 mm

463 795 668 838 recipiendis,
684 797 751 829 m'si
767 797 803 829 in
820 798 1026 830 monasteriis
1040 801 1069 830 et
1083 797 1160 831 locis

464 846 677 891 desiynandis
689 847 708 880 ².

464 926 684 959 Sanctissimus
694 927 725 959 in
734 927 857 961 Christo
866 928 956 961 Pater
969 933 999 961 et
1009 928 1160 962 Dominus

419 983 525 1011 noster
532 979 684 1012 Dominus
691 979 842 1020 Clemens,
849 980 953 1013 divina
962 981 1159 1024 providentia

419 1031 501 1074 Papa
515 1031 590 1072 VIII,
605 1043 676 1065 cum
690 1033 751 1065 iam
764 1032 881 1066 dudum
897 1034 1159 1067 animadverteret

418 1084 573 1128 collapsae
583 1085 738 1128 regularis
746 1085 928 1130 disciplinae
942 1087 1158 1128 restitutioni³,

418 1148 476 1181 pro
502 1140 564 1181 qua
586 1138 785 1182 potissimum
801 1167 808 1179 ,
838 1139 923 1172 iuxta
947 1140 994 1173 sui
1020 1141 1159 1175 muneris

417 1190 568 1232 debitum,
588 1192 718 1234 vigilare
735 1202 771 1224 ae
792 1193 936 1226 laborare
952 1204 1014 1227 non
1028 1194 1158 1236 desistit,

419 1243 494 1277 illud
518 1245 549 1277 in
574 1245 686 1288 primis
715 1256 864 1289 magnum
898 1247 1158 1291 impedimentum

417 1297 548 1338 afferre,
572 1299 656 1342 quod
681 1299 711 1331 in
736 1300 882 1333 omnibus
908 1302 1106 1335 monasteriis
1129 1308 1159 1335 et

417 1351 637 1393 conventibus,
662 1352 762 1395 iisque
788 1354 992 1396 praesertim,
1014 1356 1068 1398 qui
1092 1367 1158 1389 ma—

417 1403 476 1436 iori
500 1403 641 1447 indigent
665 1405 899 1447 reformatione,
916 1407 1041 1450 singuli,
1058 1408 1097 1441 ad
1114 1419 1160 1442 re—

416 1456 566 1500 ligionem
590 1458 798 1501 profitendam
823 1459 1016 1503 accedentes,
1042 1462 1157 1504 passim

416 1519 452 1543 ac
476 1510 542 1543 sine
566 1511 689 1544 delectu
713 1512 919 1555 recipiuntur,
933 1524 968 1546 ac
988 1514 1061 1547 inde
1077 1515 1156 1556 fieri,

416 1567 451 1595 ut
470 1574 533 1606 quo
549 1564 651 1607 magis
670 1565 764 1597 variis
788 1566 1064 1600 constitutionibus
1077 1568 1157 1601 male

416 1616 543 1650 affectas
566 1617 687 1650 radices
712 1618 845 1651 evellere
865 1619 978 1659 studet,
999 1630 1036 1653 eo
1057 1621 1157 1663 magis

416 1669 610 1703 infructuosa
633 1670 756 1704 noviter
778 1671 995 1715 profitentium
1016 1673 1158 1716 germina

416 1723 557 1766 quotidie
580 1730 794 1765 succrescant3
820 1736 965 1769 cumque,
990 1727 1031 1759 ob
1056 1727 1157 1760 zelum

416 1786 452 1809 ac
475 1776 678 1818 desiderium,
698 1788 760 1821 quo
778 1781 900 1812 tenetur
917 1780 1069 1813 Sanctitas
1085 1781 1156 1822 Sua,

416 1839 525 1863 omnes
546 1831 709 1874 regulares
733 1831 771 1864 ad
797 1837 884 1865 vetus
907 1843 982 1866 suae
1006 1834 1157 1877 cuiusque

416 1883 578 1926 religionis
600 1883 776 1917 institutum
801 1884 985 1928 redigendi,
1014 1886 1156 1920 districte

415 1936 623 1980 prohibuerit,
636 1947 675 1970 ne
687 1937 757 1981 quis
770 1937 802 1970 in
819 1938 912 1971 certis
929 1940 1155 1973 monachorum

415 1993 445 2023 et
469 1989 715 2023 mendicantium
739 1991 908 2024 Ordinibus
925 1992 963 2025 ad
984 1993 1156 2037 suscipien-

415 2042 489 2076 dum
502 2043 643 2076 habitum
654 2043 817 2086 religionis
825 2044 1054 2087 admitteretur,
1063 2047 1157 2090 profi-

415 2101 582 2136 tereturve,
596 2106 759 2140 quousque
774 2098 964 2131 monasteria
977 2104 1006 2131 et
1018 2109 1155 2132 conven-

415 2155 464 2182 tus
481 2150 602 2194 aliquot
617 2150 858 2191 destinarentur,
875 2151 905 2183 in
922 2151 1035 2195 quibus
1049 2158 1155 2196 posset

415 2203 613 2236 commodius
637 2203 792 2246 regularis
808 2204 1022 2245 observantia,
1048 2215 1156 2238 secun-

415 2256 490 2288 dum
514 2257 771 2289 reformationem
798 2267 814 2289 a
839 2257 1006 2291 Sanctitate
1026 2259 1087 2292 Sua
1112 2259 1156 2291 in-

415 2309 566 2350 stitutam,
591 2309 763 2342 introduci:
789 2310 863 2354 quia
881 2316 993 2352 tamen,
1010 2321 1074 2344 non
1097 2312 1154 2345 ob-

415 2368 514 2395 stante
534 2363 587 2395 tali
607 2363 786 2407 probitionc
806 2364 962 2407 cognovit,
987 2365 1155 2399 nonnullos

416 2416 520 2458 fuisse,
537 2417 582 2449 vel
599 2417 657 2449 snb
674 2417 779 2449 colore
796 2417 951 2449 facultatis
968 2422 997 2450 et
1012 2418 1155 2451 licentiae

416 2479 433 2500 a
458 2469 623 2503 Sanctitate
647 2470 709 2503 Sua
733 2469 892 2511 obtentae,
918 2470 965 2503 vel
989 2471 1062 2514 quia
1086 2471 1156 2504 talis

454 2549 463 2574 1
479 2548 620 2584 Perperam
632 2549 696 2576 edit.
708 2550 790 2577 Main.
804 2549 868 2576 dicit
878 2550 1152 2586 revocationismlr).

451 2593 468 2620 2
478 2593 552 2620 Istud
562 2594 648 2620 habes
658 2594 738 2621 etiam
751 2594 777 2620 in
790 2597 854 2621 tom.
866 2601 894 2629 x,
906 2603 966 2630 pag.
979 2595 1030 2622 ’ΠΟ
1040 2604 1058 2622 α
1069 2597 1155 2631 (tt-T.)-

451 2638 468 2664 3
483 2638 629 2673 Perperam
644 2637 706 2665 edit.
723 2638 801 2665 Μαίη,
819 2638 883 2673 legit
900 2640 1139 2669 restitutionibus.

1013 242 1192 269 nULLAt'trUM
1214 242 1370 269 ROMANUM

1194 292 1365 335 prohibitio
1390 292 1428 325 ad
1453 292 1579 326 illorum
1603 293 1743 327 notitiam
1771 304 1834 329 non
1858 305 1931 339 per-

1194 345 1334 387 venerit,
1368 351 1510 389 receptos
1542 349 1572 379 et
1603 346 1776 388 admissos,
1807 353 1932 392 praeter

1194 399 1306 431 inentis
1330 409 1405 432 suae
1429 409 1575 439 sensum;
1601 398 1718 433 idcirco
1746 400 1834 434 huic·
1849 401 1932 435 malo
1948 414 2133 462 c,ffi”¹'¹³²“⁰‘¹⁰'

1193 452 1377 495 prospicere
1402 453 1518 492 volens,
1543 462 1581 485 ne
1606 451 1804 486 licentiarum
1827 464 1864 487 ac
1888 454 1932 487 sa-

1193 505 1344 538 cultatum
1367 505 1546 538 huiusmodi
1563 505 1767 549 subreptione
1789 516 1825 540 ac
1847 517 1934 550 prae-

1194 563 1278 591 textu
1302 559 1464 592 decretum
1495 559 1671 593 Sanctitatis
1699 559 1780 593 Suae
1808 559 1933 594 irritum

1193 611 1362 653 reddatur,
1386 622 1469 646 nunc
1493 612 1596 646 denuo
1621 612 1762 646 districte
1784 613 1935 658 praecipit

1193 674 1229 697 ac
1254 665 1379 698 mandat
1403 665 1549 699 omnibus
1573 666 1785 709 generalibus,
1811 666 1935 710 provin·

1193 717 1342 759 cialibus,
1367 719 1609 760 commissariis,
1634 719 1796 760 ministris,
1820 719 1935 763 praesi-

1193 770 1347 814 dentibus,
1368 772 1544 814 abbatibus,
1561 773 1721 817 prioribus
1739 779 1770 806 et
1793 772 1936 817 guardia-

1192 824 1241 857 nis
1254 824 1516 870 quibuscumque,
1531 826 1707 871 ceterisque
1719 826 1935 871 superioribus

1193 883 1414 919 conventuum,
1429 879 1694 913 monasteriorum
1707 890 1742 913 ac
1755 879 1934 920 domorum,

1192 940 1393 974 quocumque
1410 932 1537 965 nomine
1552 933 1758 976 appellentur,
1781 932 1863 966 intra
1879 933 1935 967 Ita-

1193 983 1266 1015 liam
1291 989 1322 1016 et
1346 984 1520 1018 insularum
1544 986 1753 1019 adiacentium
1769 987 1848 1020 fines
1872 987 1935 1020 exi-

1192 1037 1351 1077 stentium,
1368 1048 1641 1082 quorumcumque
1654 1038 1804 1072 Ordinum
1822 1040 1935 1073 Mendi-

1193 1089 1330 1122 eantium
1363 1095 1393 1123 et
1423 1101 1486 1124 non
1514 1091 1756 1125 Mendicantium
1781 1093 1935 1136 (exceptis

1194 1146 1295 1176 tamen
1319 1143 1608 1185 Cartliusianorum,
1626 1145 1759 1178 fratrum
1778 1145 1934 1179 Minorum

1193 1195 1230 1228 de
1255 1196 1409 1230 Strictiori
1427 1197 1641 1238 Observantia,
1661 1208 1782 1231 necnon
1795 1198 1935 1242 Cappuc-

1192 1248 1334 1281 cinorum
1361 1250 1458 1282 sancti
1482 1250 1642 1283 Francisci
1667 1251 1932 1293 Reformatorum,

1193 1303 1290 1336 sancti
1316 1303 1488 1344 Dominici,
1518 1304 1785 1337 Disealceatorum
1809 1304 1934 1338 Ordinis

1193 1354 1445 1397 Carmelitarum,
1462 1367 1585 1391 necnon
1602 1358 1736 1391 fratrum
1760 1358 1934 1401 Congrega-

1193 1407 1285 1440 tionis
1309 1409 1472 1450 Fulicnsis,
1496 1409 1708 1443 Cisterciensis
1733 1410 1872 1453 Ordinis,
1897 1422 1932 1444 ac

1191 1461 1400 1495 Eremitarum
1411 1463 1509 1495 eremi
1522 1463 1766 1497 Camaldulensis
1776 1468 1806 1497 et
1822 1464 1933 1498 Montis

1192 1514 1341 1556 Coronae,
1366 1511 1559 1550 Clericorum
1584 1517 1789 1560 Regularium
1809 1518 1932 1551 Theati-

1191 1579 1316 1610 norum,
1338 1570 1500 1603 Societatis
1516 1571 1596 1611 Iesu,
1613 1571 1710 1604 sancti
1728 1571 1814 1604 Pauli
1827 1571 1933 1605 Decol-

1191 1622 1254 1663 lati⁷
1272 1627 1302 1654 et
1317 1622 1452 1656 aliorum
1469 1623 1508 1656 de
1524 1624 1705 1665 Somascha,
1718 1624 1932 1657 Ministrorum

1192 1675 1392 1709 Infirmorum
1416 1677 1589 1720 respective
1614 1677 1800 1719 Ordinibus,
1832 1679 1932 1712 socie-

1192 1727 1305 1761 tatibus
1330 1739 1384 1761 scu
1408 1730 1707 1772 congregationibus
1729 1731 1931 1775 nuncupatis,

1191 1791 1270 1824 quae
1286 1781 1379 1815 etiam
1393 1785 1482 1815 antea
1493 1788 1668 1826 exceperat,
1680 1788 1710 1816 et
1721 1793 1804 1816 nunc
1818 1783 1932 1817 iterum

1191 1834 1374 1877 excipiendo
1398 1835 1496 1867 voluit
1519 1835 1764 1878 prohibitionem
1789 1836 1869 1869 hanc
1893 1836 1932 1869 ad

1191 1886 1243 1919 illa
1266 1887 1353 1920 nullo
1377 1887 1472 1921 modo
1496 1888 1644 1932 extendi),
1661 1899 1700 1921 ne
1717 1888 1775 1921 sub
1794 1889 1932 1922 cuiusvis

1190 1940 1333 1973 licentiae
1349 1945 1379 1973 et
1395 1941 1549 1974 facultatis
1562 1941 1778 1986 impetrandae
1790 1942 1931 1984 obtentu,

1190 1993 1249 2025 nisi
1273 2004 1330 2036 per
1343 1994 1462 2027 litteras
1475 1994 1506 2027 in
1519 1994 1622 2027 forma
1638 1995 1745 2028 Brevis
1761 1995 1931 2037 dumtaxat,

1190 2051 1221 2078 et
1243 2056 1306 2079 non
1330 2047 1417 2087 alias,
1443 2058 1635 2091 quemquam
1658 2048 1698 2081 ad
1717 2049 1857 2082 habitum
1885 2059 1933 2082 re-

1189 2099 1332 2141 gularem
1357 2099 1602 2144 suscipiendum,
1622 2111 1680 2133 nec
1694 2101 1788 2133 etiam
1805 2111 1932 2134 comer-

1190 2163 1258 2194 sos,
1283 2153 1343 2185 nisi
1368 2153 1399 2186 in
1424 2154 1644 2195 conventibus,
1677 2155 1875 2187 monasteriis
1901 2160 1931 2188 et

1189 2206 1354 2247 domibus,
1379 2207 1564 2240 auctoritate
1592 2207 1731 2240 eiusdem
1759 2207 1810 2240 SS.
1835 2208 1870 2241 D.
1894 2208 1929 2241 N.

1190 2260 1377 2304 propediem
1402 2260 1434 2292 in
1457 2262 1645 2305 unaquaque
1669 2261 1833 2305 provincia
1852 2261 1931 2294 desi-

1189 2313 1331 2355 gnandis,
1356 2313 1507 2357 recipere7
1525 2319 1577 2346 aut
1598 2319 1742 2357 receptos
1757 2314 1796 2346 ad
1813 2315 1930 2358 profes-

1189 2365 1309 2398 sionem
1323 2365 1489 2399 admittere
1500 2366 1565 2399 ullo
1580 2367 1674 2399 modo
1685 2366 1827 2399 audeant.
1839 2367 1931 2406 Quin-

1189 2418 1252 2451 imo
1273 2423 1382 2451 contra
1399 2419 1533 2462 primam
1551 2419 1797 2463 prohibitionem
1815 2419 1930 2453 Sancti-

1190 2471 1258 2504 tatis
1283 2472 1362 2504 Suae
1386 2475 1538 2516 receptos,
1563 2472 1685 2505 etiamsi
1710 2472 1929 2517 imperfectum

1190 2525 1351 2565 habitum,
1375 2531 1428 2558 aut
1459 2526 1525 2559 sine
1557 2526 1681 2570 caputio
1706 2531 1836 2570 gerant,
1860 2532 1929 2570 post

1190 2579 1363 2621 praesentis
1387 2579 1503 2613 decreti
1532 2580 1564 2612 in
1589 2581 1728 2614 Romana
1751 2581 1844 2614 Curia
1869 2591 1927 2624 pu-

1189 2632 1399 2675 blicationem,
1425 2633 1553 2667 omnino
1578 2633 1692 2667 eiicere
1715 2633 1856 2667 debeant.

1946 246 1995 274 An.
2011 246 2041 274 C.
2063 247 2130 276 162⁴
