2269 3235
115 257 164 284 An.
185 255 213 283 C.
231 254 297 283 1628

146 953 292 979 Transumpto·

111 986 156 1001 rum
172 979 230 1000 tides.

136 2276 256 2299 Exordium.

925 251 1067 276 URBANUS
1093 251 1148 274 vm
1173 251 1221 275 ΓΡ.

312 299 484 344 privilegiis
509 310 643 343 quoque,
660 299 786 332 indultis
803 304 832 332 et
848 299 1050 346 litteris-apo-

311 353 438 393 stolicis,
455 353 555 385 eidem
573 353 812 395 Congregationi
839 352 984 394 illiusque
1002 363 1050 383 su-

310 407 490 450 perioribus
508 410 537 440 cl
557 406 708 449 personis,
728 405 784 437 sub
801 405 1049 448 quibuscumque

311 460 474 493 tenoribus
505 465 535 493 et
566 459 694 499 formis,
719 470 754 491 ac
786 469 857 491 eum
889 458 1049 500 quibusvis

311 514 456 546 clausulis
481 519 510 546 et
534 513 677 553 decretis,
699 512 729 544 in
754 511 946 545 contrarium
971 522 1048 554 quo-

311 567 483 600 modolibet
507 566 672 606 concessis,
693 564 886 598 confirmatis
911 569 940 596 et
964 564 1050 597 inno-

311 620 397 652 vatis.
416 620 531 659 Quibus
555 619 699 653 omnibus
717 623 746 651 et
763 617 904 660 singulis,
923 617 1047 649 illorum

311 677 434 706 tenores
458 673 674 717 praesentibus
707 682 765 714 pro
796 671 887 714 plene
911 673 941 703 et
964 671 1049 702 sulii-

311 727 428 759 cienter
456 726 609 770 expressis
638 725 808 766 habentes,
835 724 895 756 illis
919 724 994 756 alias
1018 723 1048 755 in

310 791 366 813 suo
391 780 504 813 robore
528 778 759 823 permansuris,
784 779 843 810 hac
868 777 933 810 vice
959 777 1049 810 dum-

310 838 391 866 taxat
414 833 589 876 specialiter
614 838 643 865 et
667 843 813 876 expresse
838 831 1047 874 derogamus,

310 886 482 930 ceterisque
507 886 673 919 contrariis
697 886 959 930 quibuscumque.

352 940 367 983 ἓ
393 939 420 972 7.
447 940 596 973 Volumus
629 944 754 981 autem,
780 945 813 973 ut
835 939 1049 983 praesentium

308 994 523 1037 transumptis,
537 994 630 1027 etiam
649 993 819 1037 impressis,
835 1004 870 1026 ae
888 1003 981 1025 manu
998 992 1050 1024 ali-

309 1046 397 1080 cuius
414 1047 527 1080 notarii
552 1047 669 1091 publici
687 1046 881 1090 subscriptis,
899 1051 928 1079 et
945 1046 1048 1088 sigillo

308 1100 439 1133 alicuius
456 1111 607 1144 personae
626 1101 656 1133 in
673 1101 822 1143 dignitate
839 1099 1047 1133 ecclesiastiea

308 1154 492 1188 constitutae
518 1155 659 1197 munitis,
683 1155 792 1187 eadem
815 1164 946 1198 prorsus
970 1153 1047 1186 fides

307 1207 424 1252 ubique
448 1208 647 1249 adhibeatur,
672 1219 750 1252 quae
776 1208 850 1251 ipsis
875 1207 1048 1251 praesenti-

307 1261 367 1294 bus
397 1261 619 1303 adhiberetur,
644 1262 669 1294 si
693 1262 795 1296 forent
819 1261 975 1294 exhibitae
999 1260 1046 1293 vel

308 1320 459 1349 ostensae.

350 1368 462 1401 Datum
487 1369 615 1408 Romae,
637 1368 721 1412 apud
747 1369 776 1402 S.
802 1367 930 1401 Mariam
955 1367 1047 1400 Maio-

307 1432 385 1462 rem,
396 1423 454 1455 sub
472 1422 587 1455 annulo
602 1422 778 1462 Piscatoris,
788 1421 837 1454 die
847 1431 924 1455 xxtx
938 1421 1046 1464 aprilis

307 1486 484 1516 iuncxxvin,
505 1476 707 1520 pontificatus
731 1475 829 1509 nostri
854 1485 935 1508 anno
960 1485 989 1507 v.

343 1539 400 1566 Dat.
418 1539 460 1567 die
476 1539 509 1566 29
526 1539 618 1575 aprilis
635 1539 712 1573 1628,
733 1538 828 1574 pontif.
845 1546 916 1565 anno
934 1545 959 1564 v.

625 1654 727 1688 CCXC.

304 1722 351 1755 De
375 1722 522 1755 electione
546 1722 754 1764 definitorum
780 1721 1045 1764 Conqregyationis

352 1776 560 1815 cassinensis,
584 1775 669 1807 alitis
692 1779 821 1808 saliciae
838 1775 985 1808 Iustinae
1009 1775 1046 1807 cle

350 1828 480 1869 Padua,
514 1828 648 1862 Ordinis
672 1829 776 1860 saneti
800 1828 981 1868 Benedicti,
1010 1839 1046 1861 ac

351 1882 388 1914 cle
421 1881 604 1914 eorumdem
638 1882 804 1914 vacatione
840 1881 880 1913 ab
916 1881 1042 1924 offici03

350 1945 471 1968 necnon
492 1935 529 1968 de
547 1935 740 1968 anctoritate
757 1935 860 1967 dietae
877 1935 962 1967 circa
982 1935 1046 1967 dis-

347 1988 522 2032 positiones
546 1988 714 2028 abbatum,
743 1998 916 2031 eorumque
940 1992 1046 2021 niuta-

353 2042 462 2082 tiones,
488 2052 524 2074 ac
548 2052 670 2082 eornm,
697 2041 756 2085 qui
780 2041 955 2074 decanatus
979 2052 1046 2075 mn-

350 2105 425 2128 nere
449 2095 544 2139 diqni
567 2099 659 2135 sunt,
687 2095 871 2128 electionem
881 2094 900 2129 ¹.

509 2165 645 2193 Urbanus
666 2166 744 2199 Papa
764 2167 841 2199 VIII,

425 2210 461 2238 ad
480 2214 655 2244 perpetuam
674 2210 720 2237 rei
740 2210 920 2238 memoriam,

351 2271 513 2305 Commissi
536 2272 626 2306 nobis
651 2283 707 2316 per
730 2272 952 2305 abundantiam
972 2272 1046 2305 divi-

306 2335 365 2358 nae
381 2326 499 2368 gratiae
522 2326 685 2370 pastoralis
711 2326 804 2360 officii
830 2326 969 2359 debitum
994 2337 1047 2370 po-

343 2389 354 2415 1
374 2387 457 2415 Huius
472 2388 690 2424 Congregationis
706 2388 845 2415 materiam
862 2388 920 2415 vide
935 2389 963 2415 in
979 2388 1045 2416 Con-

306 2432 392 2459 stitut.
413 2439 441 2466 11,
462 2432 522 2459 Iulii
541 2433 583 2467 11,
606 2434 700 2468 Super
719 2434 906 2466 cathedram,
928 2436 991 2460 tom.
1012 2441 1043 2467 v,

305 2486 367 2512 pag.
384 2477 444 2505 400.
461 2477 602 2504 Emanavit
619 2482 710 2514 postea
725 2479 862 2505 decretum
879 2486 894 2505 a
909 2486 987 2505 sacra
1003 2477 1045 2504 ni-

305 2526 379 2549 tuum
396 2522 606 2558 Congregatione
621 2531 702 2558 snper
717 2532 766 2550 usu
781 2523 935 2550 baldachini
951 2525 977 2550 et
991 2523 1044 2549 mi-

304 2566 449 2594 nistrorum
465 2570 491 2594 et
505 2567 617 2594 aliarum
628 2568 861 2595 caeremoniarum
877 2568 909 2594 ad
925 2567 1044 2595 favorem

305 2611 435 2638 abbatum
454 2611 537 2647 ipsius
554 2611 783 2647 Congregationis,
808 2612 922 2640 relatum
938 2615 964 2640 et
978 2621 1044 2640 con-

306 2656 443 2685 firmatum
461 2656 495 2684 ab
515 2656 625 2685 Urbano
640 2657 695 2684 Vttt
712 2661 741 2685 ut
754 2657 833 2685 insra.

1724 240 1780 273 ssi‘jt

1083 298 1185 338 sudat,
1199 302 1242 338 ut,
1258 307 1417 330 sacrarum
1435 296 1623 339 religionum
1639 296 1668 328 in
1686 297 1823 329 Ecclesia

1084 351 1135 383 nvi
1163 351 1361 385 militantium
1383 350 1462 383 l'elici
1489 349 1579 382 statui
1605 353 1634 383 et
1658 349 1821 382 directioni

1084 404 1191 437 sedulo
1217 404 1431 446 intendentes,
1457 414 1492 436 ea
1518 408 1691 435 statuamus
1716 407 1746 435 et
1770 403 1823 435 de-

1084 468 1267 498 cernamus,
1292 468 1371 501 quae
1401 468 1553 501 prospero
1582 457 1704 488 illarum
1734 456 1820 499 regi—

1085 510 1159 542 mini
1185 516 1215 543 et
1239 511 1394 553 gubernio
1415 511 1627 555 conspicimus
1644 511 1673 542 in
1691 510 1822 543 Domino

1083 564 1251 596 salubriter
1275 565 1431 607 expedire.

1128 617 1248 660 Exponi
1270 617 1423 659 siquidem
1444 617 1534 649 nobis
1559 628 1658 661 nuper
1683 618 1823 649 fecerunt

1083 669 1187 701 dilecti
1212 669 1267 701 filii
1292 670 1421 702 abbates
1450 670 1712 703 monasteriorum
1738 671 1823 703 Ordi-

1083 722 1130 754 nis
1155 722 1183 754 S.
1210 722 1367 755 Benedicti
1392 722 1650 764 Congregationis
1667 723 1824 755 Cassineu-

1084 775 1135 816 sis,
1154 775 1229 807 alias
1249 780 1373 807 sanctae
1395 775 1530 807 Iustinae
1555 775 1592 807 de
1610 776 1723 815 l‘adua‚
1741 776 1823 819 quod

1084 829 1143 872 ipsi
1169 829 1243 861 alias
1268 829 1305 861 de
1330 840 1410 862 anno
1435 829 1578 872 proxime
1604 829 1774 872 praeterito
1795 829 1824 861 iu

1083 882 1206 916 civitate
1221 883 1389 916 Perusinae
1406 883 1619 927 capitulariter
1632 884 1824 925 congregati,

1083 936 1316 969 considerantes
1340 936 1471 977 damna,
1497 947 1551 969 seu
1576 936 1824 975 inconvenienta,

1083 1001 1162 1034 quae
1187 990 1218 1023 in
1242 990 1323 1023 dicta
1348 991 1592 1033 congregatione
1622 990 1662 1022 ol)
1694 989 1823 1022 nimiam

1083 1049 1113 1076 et
1137 1044 1201 1076 sere
1218 1044 1391 1077 absolutam
1410 1044 1626 1077 auctoritatem
1645 1048 1675 1076 et
1691 1048 1824 1086 potesta-

1084 1102 1163 1138 tem,
1188 1108 1248 1141 qua
1273 1097 1370 1140 ipsius
1394 1097 1648 1139 congregationis
1673 1096 1820 1129 definito-

1084 1151 1165 1183 rium
1196 1153 1253 1184 sua
1288 1151 1495 1195 perpetuitate
1527 1151 1641 1184 fretum
1678 1162 1712 1183 ac
1741 1151 1824 1183 dieta

1082 1205 1259 1248 utebantur,
1278 1210 1407 1238 catenus
1432 1210 1539 1238 exorta
1564 1209 1662 1244 erant,
1680 1204 1824 1247 proinde-

1082 1269 1142 1302 que
1173 1259 1233 1291 illis
1263 1258 1301 1291 de
1333 1259 1438 1302 aliquo
1471 1264 1650 1302 opportuno
1684 1257 1823 1290 remedio

1081 1311 1247 1355 providere
1272 1312 1442 1355 cupientes,
1468 1311 1506 1343 ad
1531 1322 1587 1344 nos
1613 1316 1642 1343 et
1666 1310 1823 1354 Apostoli-

1082 1376 1148 1398 cam
1167 1365 1277 1398 Sedem
1299 1365 1434 1408 desuper
1454 1375 1617 1397 recursum
1638 1364 1756 1396 habere
1773 1364 1824 1396 de-

1081 1425 1256 1452 creverunt.
1282 1419 1383 1458 Quare
1407 1418 1497 1451 nobis
1521 1418 1683 1451 humiliter
1708 1418 1824 1461 suppli-

1081 1473 1144 1505 cari
1169 1473 1320 1513 fecerunt,
1345 1475 1497 1516 quatenus
1522 1482 1617 1515 super
1641 1471 1822 1515 praemissis

1080 1531 1257 1569 opportune
1281 1525 1448 1569 providere
1472 1525 1510 1557 de
1534 1524 1728 1567 benignitate
1753 1534 1824 1568 apo-

1080 1579 1189 1612 stolica
1214 1579 1427 1622 dignaremur.

1124 1633 1138 1676 ξ
1168 1633 1196 1664 1.
1221 1633 1304 1673 Nos,
1330 1632 1452 1665 damnis
1477 1635 1507 1666 et
1532 1632 1822 1665 inconvenientibus

1079 1685 1270 1725 huiusmodi,
1288 1690 1439 1728 quantum
1465 1696 1535 1718 cum
1557 1685 1689 1718 Domino
1714 1696 1823 1729 possu-

1080 1749 1168 1779 mus,
1194 1739 1318 1772 obviam
1349 1735 1416 1779 irc,
1442 1749 1477 1771 ac
1507 1739 1634 1771 abbates
1666 1739 1822 1782 praefatos

1081 1793 1269 1836 specialibus
1299 1792 1458 1826 favoribus
1482 1797 1511 1826 et
1535 1792 1643 1835 gratiis
1674 1792 1822 1836 prosequi

1081 1846 1240 1886 volentes,
1265 1856 1440 1889 eorumque
1472 1845 1647 1888 singulares
1672 1856 1823 1889 personas

1080 1909 1097 1931 a
1123 1899 1286 1943 quibusvis
1311 1899 1662 1939 exconununicationis,
1687 1910 1820 1943 suspen-

1081 1953 1177 1986 sionis
1202 1958 1232 1985 et
1255 1953 1423 1993 interdicti,
1449 1953 1580 1996 aliisque
1605 1952 1823 1986 ecclesiasticis

1081 2006 1251 2047 sententiis,
1276 2007 1417 2039 censuris
1442 2011 1472 2039 et
1496 2006 1614 2050 poenis,
1640 2017 1657 2038 a
1682 2006 1750 2039 iure
1774 2007 1821 2039 vel

1081 2059 1120 2092 ab
1152 2059 1300 2099 homine,
1329 2059 1438 2103 quavis
1465 2060 1629 2092 occasione
1652 2060 1700 2092 vel
1728 2061 1822 2092 causa

1081 2113 1171 2154 latis,
1197 2114 1223 2145 si
1247 2113 1359 2156 quibus
1389 2113 1627 2156 quomodolibet
1657 2113 1822 2146 innodatae

1082 2166 1228 2207 existunt,
1253 2166 1291 2198 ad
1318 2166 1463 2199 effectum
1488 2166 1699 2210 praesentium
1724 2166 1819 2199 dum-

1083 2223 1164 2252 taxat
1193 2219 1458 2263 eonsequendum,
1478 2220 1590 2252 harum
1616 2220 1695 2252 serie
1720 2219 1822 2252 absol-

1081 2278 1187 2306 ventes
1212 2278 1242 2306 et
1265 2273 1423 2306 absolutas
1444 2274 1510 2306 sore
1530 2278 1701 2313 censentes,
1719 2272 1824 2305 huius-

1081 2327 1166 2360 modi
1191 2327 1472 2371 supl‘ilieationilms
1496 2327 1651 2370 inclinati,
1677 2327 1759 2370 quod
1785 2326 1822 2359 de

1081 2385 1184 2415 cetero
1208 2381 1369 2425 perpetuis
1393 2381 1507 2414 suturis
1528 2381 1725 2425 temporibus
1749 2380 1824 2413 defi-

1080 2434 1228 2467 nitorium
1255 2434 1396 2467 eiusdem
1416 2434 1673 2477 Congregationis
1696 2444 1758 2467 non
1784 2434 1823 2467 sit

1079 2498 1136 2520 nec
1153 2498 1220 2520 esse
1237 2488 1334 2531 possit
1351 2493 1549 2531 perpetuum,
1568 2488 1621 2520 sed
1639 2487 1742 2531 quoad
1759 2499 1823 2521 om-

1078 2551 1133 2574 nes
1150 2541 1331 2574 definitores
1348 2541 1485 2574 vacabile
1503 2542 1562 2584 (ita
1578 2541 1662 2584 quod
1679 2541 1819 2584 ipsorum

1079 2594 1280 2628 definitorum
1300 2595 1437 2628 officium
1464 2595 1503 2627 sit
1527 2595 1647 2635 annale,
1665 2599 1694 2627 et
1712 2595 1820 2637 vigore

1078 2648 1304 2693 cuiuscumque
1337 2648 1584 2682 confirmationis
1616 2648 1697 2681 ultra
1725 2648 1815 2680 bien—

1833 250 1881 276 An.
1903 250 1932 276 C.
1951 250 2018 277 1628

1865 629 1946 649 Causae
1959 629 2021 650 huius

1839 656 2006 677 Cotistttuttunts.

1864 1640 1893 1660 De
1911 1640 2021 1662 electione.

1837 1667 1947 1686 duratione
1957 1669 1977 1686 et
1986 1672 2022 1685 va-

1837 1696 1920 1713 CdltOssn
1949 1693 2021 1713 defini·

1837 1722 1905 1740 torum
1934 1720 1960 1740 de
1988 1725 2021 1739 ce·

1838 1749 1888 1767 tero.
