2269 3235
129 259 180 284 An.
198 256 228 283 G.
243 255 314 283 1624

149 1597 271 1619 Exordium.

156 2133 291 2154 Confirmatio
302 2150 306 2156 ,

123 2159 148 2179 de
165 2165 207 2185 qua
231 2161 251 2180 in
274 2167 306 2181 ru-

122 2186 182 2207 brica

936 257 1076 280 rnnANt's
1103 257 1157 280 VIII
1183 257 1228 280 1²1³.

321 302 412 344 hum,
438 312 500 336 non
525 308 628 336 autem
647 314 704 348 per
721 304 875 336 clausulas
901 305 1063 345 generales

323 355 405 388 idem
425 355 639 399 ii‘nportantes,
659 357 775 389 mentio
791 367 845 389 seu
863 356 991 399 quaevis
1005 355 1063 388 alia

322 409 483 452 expressio
500 410 547 442 vel
562 410 732 453 aliquaalia
745 409 899 452 exquisita
913 409 1012 441 l'orma
1026 409 1064 440 ad

322 462 382 495 hoc
398 462 549 495 servanda
566 464 653 502 soret,
672 467 795 494 tenores
817 461 1005 501 lmiusmodi,
1028 472 1064 494 ac.

323 517 347 549 si
368 516 406 549 de
423 517 518 549 verbo
535 517 573 549 ad
590 516 720 549 verbum
737 516 961 555 insererentur,
978 526 1065 559 prae-

323 571 462 603 sentibus
480 581 538 614 pro
556 570 747 603 sullicicnter
764 569 920 613 expressis
946 569 1063 601 baben-

323 631 379 663 tes,
404 624 464 656 illis
489 624 564 656 alias
581 623 610 655 in
632 634 688 656 suo
706 623 820 656 robore
838 623 1063 666 permansuris,

323 677 380 710 bae
404 677 471 710 viee
496 677 655 709 dumtaxat
670 676 848 720 specialiter
869 680 896 710 et
918 687 1064 720 expresse

322 730 522 774 derogamus,
541 730 716 773 ceterisque
737 730 904 762 contrariis
928 730 1061 773 quibus-

322 794 466 828 cumque.

366 838 475 870 Datum
505 838 642 877 Romae,
667 838 748 881 apud
774 838 802 870 S.
830 837 956 870 Mariam
975 837 1065 870 Maio-

323 902 399 931 rem,
413 891 471 923 sub
484 891 599 924 annulo
613 890 792 931 Piscator-is,
817 891 867 923 die
892 901 969 923 xxvl
987 891 1063 923 iunii

322 955 481 985 uncxxw,
506 943 708 988 pontificatus
732 945 829 978 nostri
856 955 938 977 anno
962 955 981 977 1.

325 1011 328 1014 ⁴
358 1007 415 1035 Dat.
433 1007 476 1035 die
490 1007 524 1035 2²6
539 1008 604 1035 iunii
622 1008 698 1042 1624,
717 1008 810 1043 pontit.
833 1017 902 1035 anno
918 1016 937 1035 1.

644 1168 744 1200 LXIX.

325 1257 536 1300 Confirmatio
561 1257 811 1300 privilegiorum
842 1257 962 1291 Ordine?
989 1259 1061 1301 fra-

369 1315 455 1343 trum
465 1311 501 1343 M
502 1311 682 1343 mimorum
692 1311 723 1344 S.
730 1311 761 1343 F
762 1311 901 1343 rancisei
910 1311 947 1343 cle
954 1312 1064 1344 Ραυῖᾱ

367 1374 598 1397 concessorum.

527 1455 663 1482 Urbanus
684 1455 762 1489 Papa
780 1454 860 1486 VIII,

445 1508 482 1535 ad
502 1512 678 1543 perpetuam
698 1509 742 1536 rei
762 1509 942 1536 memoriam.

366 1589 499 1623 Iniuncti
524 1588 614 1622 nobis
638 1589 801 1632 apostolici
822 1589 962 1621 muneris
985 1590 1065 1623 ratio

321 1642 468 1686 postulat,
493 1647 527 1675 ut
552 1653 713 1675 sacrarum
740 1643 927 1685 religionum
950 1643 981 1674 in
1006 1643 1064 1675 mi-

321 1695 421 1729 litanti
447 1695 584 1728 Ecclesia
603 1706 713 1728 suaves
738 1696 769 1728 in
793 1696 925 1728 Domino
944 1696 1065 1729 fructus

321 1750 444 1783 assidue
461 1750 687 1794 praestantium
705 1755 867 1794 paternam
889 1761 997 1783 curam
1015 1762 1065 1794 ge-

321 1809 435 1844 rentes,
453 1804 629 1848 privilegia,
656 1804 772 1846 gratias
799 1809 829 1836 et
855 1804 975 1836 indulta
1004 1805 1064 1837 illis

321 1869 339 1891 a
363 1858 512 1891 Romanis
537 1858 742 1892 Pontificibus
768 1859 1064 1902 praedecessoribus

321 1912 437 1945 nostris
465 1917 495 1945 et
521 1912 701 1956 Apostolica
726 1913 804 1946 Sede
825 1923 983 1953 concessa,
1001 1924 1063 1956 quo

321 1966 453 1998 validius
478 1970 632 2010 perpetuo
657 1966 848 2007 subsistant,
873 1968 1064 2010 apostolicae

322 2019 570 2052 confirmationis
607 2019 722 2053 robore
758 2020 892 2053 libenter
921 2031 1063 2054 conmm-

320 2073 453 2106 niamus.

366 2127 423 2170 g‘l.
449 2127 594 2160 Volentes
608 2128 704 2170 igitur
721 2128 903 2161 universum
913 2128 1062 2162 Ordinem

322 2180 456 2212 fratrum
470 2180 670 2213 Mmimorum
686 2182 714 2214 S.
731 2182 888 2214 Francisci
905 2182 943 2214 de
958 2182 1062 2223 Paula,

322 2244 356 2265 ex
382 2244 444 2276 quo
469 2233 622 2266 uberrimi
648 2234 678 2266 in
703 2235 812 2267 eadem
838 2235 891 2267 Dei
924 2235 1062 2268 Ecclesia

321 2286 441 2319 fruetus
454 2287 492 2319 ad
505 2287 604 2331 ipsius
620 2288 844 2331 omnipotentis
858 2288 910 2320 Dei
937 2289 1062 2321 laudem

322 2343 351 2373 et
371 2340 557 2373 christianae
578 2341 770 2385 reipublicae
795 2342 957 2386 spirituale
981 2354 1063 2377 com-

322 2393 451 2426 modum
483 2399 513 2426 et
544 2394 726 2436 utilitatem,
752 2396 791 2428 ab
817 2396 913 2440 ipsius
938 2397 1062 2430 Ordinis

322 2447 420 2487 initio,
440 2457 566 2491 semper
586 2449 772 2491 prodierunt
790 2456 820 2482 et
844 2451 873 2483 in
898 2451 963 2484 dies
989 2463 1063 2495 pro-

322 2499 427 2539 deunt,
452 2511 488 2533 ac
512 2501 610 2544 ipsius
633 2502 757 2535 Ordinis
775 2509 986 2537 correctorem
1013 2516 1063 2548 ge-

322 2554 462 2586 neralem
492 2559 521 2586 et
544 2555 657 2588 fratres
684 2557 848 2590 universos
873 2559 1063 2601 specialibus

321 2607 483 2640 favoribus
507 2612 536 2641 et
560 2609 669 2650 gratiis
693 2611 863 2654 prosequi,
892 2622 928 2644 ac
951 2623 1062 2646 eorum

322 2661 494 2705 quemlibet
511 2673 527 2694 a
542 2662 703 2705 quibusvis
719 2666 1066 2709 excommunicationis,

408 2724 488 2752 Buce.
508 2725 591 2752 Rom.
613 2741 646 2745 —
665 2726 722 2753 Vol.
739 2727 822 2754 XIII.
968 2729 1002 2756 23

1098 304 1311 348 suspensionis
1336 309 1366 337 et
1392 304 1558 345 interdicti,
1584 305 1714 348 aliisque
1735 305 1838 339 eecle-

1098 357 1230 390 siasticis
1254 358 1433 397 sententiis,
1459 358 1600 391 censuris
1625 363 1654 390 et
1681 359 1800 401 poenis,
1825 369 1841 391 a

1100 410 1166 441 iure
1191 411 1237 442 vel
1264 411 1302 442 ab
1330 411 1468 451 bomine,
1482 411 1592 454 quavis
1609 411 1772 443 occasione
1795 413 1840 443 rel

1098 465 1191 495 causa
1216 463 1294 503 latis,
1320 464 1344 495 si
1370 464 1484 506 quibus
1501 464 1740 507 quomodolibet
1758 465 1842 497 inno-

1098 514 1188 547 datus
1221 515 1343 555 existit,
1375 516 1413 547 ad
1444 517 1588 549 elli-etum
1628 518 1841 560 praesentium

1098 568 1259 600 dumtaxat
1276 570 1542 611 consequemlum,
1563 570 1672 602 barum
1694 571 1774 603 serie
1791 571 1842 603 ab-

1098 621 1252 653 solventes
1265 627 1294 653 et
1308 622 1486 654 absolutum
1503 624 1569 655 t'orc
1586 630 1757 663 censentes,
1771 636 1842 668 sup-

1098 675 1320 718 plicationibus
1346 686 1455 707 eornm
1474 677 1600 708 nomine
1620 689 1675 720 per
1691 678 1840 710 dilectum

1098 728 1197 760 lilium
1224 728 1394 761 Deodatum
1421 729 1639 768 Lomellinum,
1659 731 1787 763 tratrem
1813 735 1842 764 et

1099 787 1338 825 procuratorem
1355 783 1535 825 generalem
1551 783 1691 815 eiusdem
1706 784 1840 825 Ordinis,

1098 836 1188 868 nobis
1212 846 1308 879 super
1334 836 1392 869 hoc
1419 836 1579 870 lmmiliter
1610 838 1765 880 porrectis
1794 838 1841 870 in·

1098 890 1223 929 clinati,
1249 890 1353 922 onmia
1379 894 1408 923 et
1432 890 1553 933 singula
1581 891 1762 935 privilegia,
1788 892 1842 924 im-

1099 944 1274 983 munitates,
1300 944 1529 987 exemptiones,
1555 945 1730 985 libertates,
1756 956 1842 989 prae-

1098 997 1264 1039 rogativas,
1279 998 1410 1036 favores,
1425 998 1689 1036 conservationes,
1707 999 1842 1031 declara-

1098 1050 1208 1090 tiones,
1234 1051 1403 1090 facultateS,
1429 1051 1687 1094 dispensationes,
1713 1052 1840 1094 gratias,

1098 1105 1327 1145 concessiones
1352 1105 1562 1147 indulgentias
1585 1111 1614 1138 et
1638 1106 1757 1138 indulta
1782 1107 1842 1151 spi-

1098 1158 1222 1190 ritualia
1247 1164 1276 1190 et
1300 1159 1497 1202 temporalia,
1522 1159 1613 1192 etiam
1634 1170 1691 1203 per
1712 1161 1840 1193 modum

1098 1212 1392 1244 communicationis
1412 1218 1441 1244 et
1458 1213 1649 1246 extensionis
1666 1214 1747 1246 inter
1764 1225 1795 1247 se
1812 1220 1841 1248 et

1099 1275 1170 1297 cum
1195 1265 1264 1297 aliis
1289 1265 1458 1298 Ordinibus
1472 1266 1713 1299 Mendicantium
1731 1274 1761 1300 et
1778 1279 1841 1301 non

1099 1318 1352 1359 lllendicantium,
1370 1319 1470 1352 eidem
1496 1320 1603 1353 Oroini
1630 1321 1840 1363 Minimorum,

1099 1372 1228 1415 eiusque
1253 1374 1425 1406 correctori
1451 1375 1608 1416 generali,
1633 1385 1669 1407 ac
1692 1376 1841 1409 fratribus

1099 1431 1129 1460 et
1148 1427 1321 1467 sororibus,
1347 1428 1477 1472 aliisque
1496 1429 1652 1471 religiosis
1677 1432 1840 1474 utriusque

1100 1492 1201 1522 sexus,
1215 1493 1388 1525 eorumque
1403 1483 1559 1523 domibus,
1574 1485 1781 1525 monasteriis,
1795 1496 1841 1518 ee-

1100 1536 1202 1568 clesiis
1218 1541 1247 1568 et
1265 1536 1341 1569 locis
1359 1537 1557 1579 regularibus
1577 1538 1840 1583 quilmscumque,

1099 1599 1155 1633 per
1165 1600 1383 1633 quoscumque
1405 1601 1557 1623 romanos
1576 1591 1741 1625 Pontifices
1755 1603 1841 1636 prae-

1099 1643 1281 1676 decessores
1297 1649 1423 1677 nostros
1447 1655 1482 1677 ac
1502 1655 1560 1677 nos
1577 1649 1606 1678 et
1626 1646 1839 1688 Apostolicam

1098 1697 1221 1738 Sedem,
1240 1698 1298 1730 sub
1319 1698 1573 1741 quibuscumque
1592 1699 1759 1732 verbormn
1781 1701 1841 1734 sor—

1099 1751 1157 1783 mis
1182 1756 1212 1783 et
1237 1751 1508 1794 expressionibus,
1534 1751 1564 1783 in
1589 1763 1705 1794 genere
1730 1754 1776 1785 vel
1809 1754 1839 1786 in

1098 1805 1211 1848 specie,
1236 1810 1289 1837 aut
1313 1805 1388 1837 alias
1413 1806 1652 1850 quomodolibet
1674 1817 1838 1847 concessa,

1097 1869 1133 1891 ac
1150 1859 1269 1902 pluries
1287 1859 1562 1899 confi1·niata,cuin
1577 1860 1723 1892 omnibus
1737 1866 1767 1893 et
1780 1861 1841 1893 sin-

1097 1913 1179 1956 gulis
1196 1914 1227 1945 in
1244 1913 1288 1946 eis
1306 1913 1460 1946 contentis
1484 1914 1642 1955 clausulis,
1659 1915 1793 1949 decretis
1810 1921 1840 1948 et

1097 1968 1371 2009 declarationibus,
1396 1979 1431 2001 ac
1458 1969 1598 2011 singulas
1622 1969 1751 2009 litteras,
1777 1975 1838 2003 tam

1097 2022 1155 2054 sub
1180 2023 1311 2066 plumbo
1335 2033 1429 2066 quam
1455 2023 1486 2055 in
1512 2024 1612 2056 l'orma
1640 2023 1762 2062 Brevis,
1787 2028 1840 2058 aut

1097 2075 1182 2116 alias,
1203 2075 1338 2119 desuper
1363 2077 1528 2115 consectas,
1554 2087 1687 2119 quarum
1714 2082 1839 2110 tenores

1096 2130 1313 2172 praesentibus
1336 2140 1394 2173 pro
1427 2130 1583 2173 expressis
1614 2130 1724 2163 baberi
1751 2132 1839 2163 rolu-

1097 2194 1176 2223 mus,
1201 2188 1353 2226 quatenus
1379 2183 1482 2215 ta'men
1507 2183 1568 2215 sint
1592 2183 1621 2215 iu
1647 2195 1705 2216 usu
1722 2189 1752 2216 et
1776 2195 1839 2217 non

1097 2236 1157 2269 sint
1182 2240 1342 2276 revocata,
1368 2247 1422 2269 scu
1448 2237 1505 2269 sub
1529 2237 1687 2280 aliquibus
1710 2248 1838 2270 revoca-

1096 2291 1233 2323 tionibus
1247 2291 1487 2334 comprehensa,
1502 2302 1538 2324 ac
1553 2291 1649 2323 saeris
1666 2292 1838 2325 canonibus

1097 2349 1126 2377 et
1150 2345 1279 2378 Concilii
1302 2345 1475 2377 Tridentini
1502 2345 1638 2377 decretis
1649 2356 1711 2378 non
1732 2346 1839 2379 adrer-

1097 2404 1224 2440 sentur,
1257 2410 1293 2431 ex
1326 2401 1412 2431 certa
1443 2401 1552 2432 nostra
1586 2400 1715 2432 scientia
1741 2411 1776 2434 ac
1800 2401 1838 2433 de

1096 2453 1287 2496 apostolicae
1313 2453 1476 2496 potestatis
1500 2453 1704 2497 plenitudine,
1730 2460 1838 2489 tenore

1096 2507 1483 2550 praesentium,perpetuo
1501 2508 1725 2541 confirmamus
1742 2515 1769 2541 et
1784 2520 1838 2553 ap-

1096 2561 1278 2604 probamus,
1295 2560 1419 2603 illisquc
1429 2566 1597 2604 perpetuae
1608 2567 1637 2593 et
1651 2562 1838 2596 inviolabilis

1097 2615 1286 2658 apostolieae
1303 2614 1460 2647 firmitatis
1477 2616 1577 2648 robur
1597 2615 1770 2649 adiicimus.

1140 2669 1155 2711 ἐ
1179 2668 1208 2700 2.
1233 2669 1276 2701 Ac
1301 2679 1410 2702 omnes
1441 2674 1471 2705 et
1502 2670 1642 2713 singulos
1668 2679 1729 2705 tam
1758 2671 1835 2703 iuris
1879 2676 1998 2697 Ctausulae·

1746 248 1810 281 1177
1858 261 1904 284 Λη.
1922 259 1949 285 C.
1974 259 2039 286 162⁴
