2269 3235
117 261 168 289 An.
185 260 213 288 C.
235 259 303 287 1624

147 536 178 557 De
197 535 304 558 fillationi-

120 563 166 585 bus.

184 1767 214 1788 Do
229 1772 316 1788 numero

131 1794 286 1820 religiosorum.

148 2222 151 2225 Ι
161 2195 192 2216 De
214 2195 321 2221 professo-

135 2228 167 2242 ruo
175 2225 222 2248 post
231 2223 320 2243 novitia-

136 2251 186 2270 tum.

923 254 1063 279 URBANUS
1089 253 1144 277 vm
1168 253 1215 277 PP.

317 311 521 350 serveturque
545 305 625 339 liber
649 311 679 339 et
695 304 888 339 custodiatur
905 302 936 334 in
953 302 1055 335 archi-

316 360 377 401 vio,
400 359 455 392 ubi
484 359 658 404 scripturae
685 359 724 392 ad
752 355 976 391 monasterium
1001 365 1055 387 seu

318 418 506 447 conventum
530 413 720 457 pertinentes
743 409 854 455 reponi
886 418 1056 442 consueve-

318 472 401 501 runt.

362 520 440 560 Quia
465 531 539 554 vero
563 520 595 552 in
619 517 806 564 quibusdam
829 515 997 550 Ordinibus
1022 513 1057 547 si-

319 573 455 607 liationis
485 584 575 617 usus*
590 578 637 605 est
669 576 834 615 receptus,
859 569 1058 608 declaratur,

320 627 414 671 quod,
439 627 512 660 licet
535 626 696 659 decretum
714 624 763 666 sit,
788 628 821 658 ut
844 622 969 657 novitiis
986 621 1060 655 edu-

321 681 427 714 candis
445 686 530 714 certa
546 678 738 713 monasteria
753 683 807 711 aut
822 682 993 711 conventus
1009 675 1060 708 de-

321 734 442 778 signata
460 733 593 778 quilibet
617 732 701 766 Ordo
725 732 844 765 habere
868 730 996 773 debeat,
1023 729 1060 762 li-

322 789 418 822 citum
441 794 546 822 tamen
562 787 602 821 sit
621 786 838 832 superioribus
854 784 1061 819 monasterio-

320 853 393 876 rum
417 848 448 876 et
471 847 681 876 conventuum
695 840 877 874 huiusmodi
898 839 1062 879 Ordinum,

321 896 354 929 in
377 896 492 940 quibus
520 895 681 929 filiationis
708 906 784 929 usus
809 900 873 937 est,
898 905 961 935 eos,
983 903 1063 937 quos

320 950 533 994 praenarratis
550 949 751 994 qualitatibus
776 948 920 982 suffultos
938 958 1062 992 repere-

321 1003 395 1045 rint,
419 1003 451 1037 in
475 1014 606 1037 suorum
631 1004 776 1037 locorum
800 1003 894 1044 filios,
913 1002 998 1035 iuxta
1015 1013 1066 1035 cu-

323 1057 434 1102 iusque
457 1057 583 1091 Ordinis
608 1057 855 1100 constitutiones,
874 1056 1064 1097 adscribere,

324 1112 431 1156 sicque
455 1111 651 1156 adscriptos,
678 1122 750 1145 cum
775 1112 861 1145 iuxta
884 1116 1066 1155 praesentes

324 1165 544 1208 institutiones,
560 1170 590 1198 et
603 1165 679 1198 alias
693 1165 824 1198 servatis
840 1163 1011 1204 servandis,
1028 1163 1066 1196 ad

325 1218 474 1252 Ordinem
499 1219 617 1262 recepti
641 1218 767 1259 fuerint,
792 1217 830 1250 ad
848 1218 916 1251 loca
939 1217 1069 1251 novitia-

327 1278 414 1306 tuum
439 1284 510 1306 cum
536 1272 799 1306 testimonialibus
824 1271 936 1305 litteris
967 1275 1067 1306 trans-

326 1325 460 1366 mittere,
485 1325 537 1359 ubi
562 1329 710 1369 tanquam
742 1325 899 1359 dictorum
925 1335 1067 1358 eonven-

326 1384 415 1413 tuum
440 1390 495 1413 seu
512 1379 778 1413 monasteriorum
794 1379 867 1420 filii,
884 1379 1068 1424 eorumdem

326 1433 454 1466 nomine
479 1439 509 1466 et
532 1433 695 1474 instantia,
729 1434 845 1477 recipi,
870 1444 905 1466 ac
930 1433 962 1466 in
986 1433 1070 1467 novi-

328 1487 404 1522 tiatu
422 1487 561 1532 probari,
579 1493 609 1521 et
629 1487 751 1529 deinde,
775 1493 943 1531 antequam
968 1487 1007 1520 ad
1023 1498 1071 1520 ea-

328 1540 399 1574 dem
425 1541 617 1574 monasteria
641 1552 697 1574 seu
721 1546 893 1575 conventus
910 1541 1070 1574 filiationis

328 1595 509 1629 huiusmodi
533 1596 746 1636 remittantur,
767 1595 798 1628 in
822 1594 1015 1639 professorio
1032 1595 1070 1627 ad

328 1649 564 1694 perfectionem,
588 1654 623 1683 ut
646 1649 837 1693 permissum
857 1653 914 1690 est,
930 1648 1070 1682 exerceri

329 1702 498 1737 debebunt.

374 1757 492 1799 Porro,
517 1767 556 1790 ne
579 1757 648 1790 loca
680 1756 774 1789 unius
807 1756 992 1790 monasterii
1017 1767 1072 1789 seu

331 1815 502 1846 conventus
527 1811 566 1844 ab
590 1811 652 1844 alio
676 1816 966 1855 praeoccupentur,
992 1811 1074 1854 capi-

331 1866 386 1899 tuli
400 1866 556 1909 generalis
568 1871 621 1899 aut
634 1865 836 1910 provincialis
851 1870 956 1910 partes
971 1870 1072 1905 erunt,

330 1930 499 1952 numerum
528 1919 746 1963 praescribere
771 1930 829 1963 pro
854 1918 1019 1959 omnibus,
1045 1922 1075 1953 et

332 1983 400 2006 eam
419 1973 565 2007 similiter
581 1973 736 2007 rationem
750 1973 834 2006 circa
851 1973 1074 2006 alimentorum

333 2026 598 2060 contributionem
624 2026 663 2070 (si
688 2037 767 2071 opus
792 2026 900 2070 fuerit)
925 2026 1015 2067 inire,
1040 2036 1075 2059 ac

333 2081 466 2124 singulis
488 2080 694 2114 conventibus
714 2084 744 2115 et
767 2080 967 2114 monasteriis
987 2091 1077 2124 prae-

334 2135 483 2176 scribere,
504 2145 583 2179 quae
608 2134 709 2178 magis
734 2134 883 2179 expedire
910 2134 1074 2167 videbitur.

379 2188 417 2222 Ut
440 2193 544 2222 autem
575 2188 685 2222 novitii
713 2189 776 2221 iam
801 2188 832 2221 in
857 2188 1076 2233 professorum

335 2239 501 2275 numerum
518 2242 611 2287 (sicut
628 2243 855 2287 praemittitur)
870 2243 1000 2287 recepti,
1016 2253 1078 2276 me-

336 2295 396 2328 lius
419 2296 452 2328 in
475 2296 558 2329 bono
583 2296 714 2340 spiritu,
740 2297 959 2341 regularisque
983 2297 1077 2330 disci-

336 2349 440 2392 plinae
464 2350 663 2383 observantia
688 2351 886 2385 stabiliantur
910 2357 941 2384 et
961 2351 1077 2384 confir—

337 2408 476 2443 mentur3
497 2404 677 2445 mandatur,
698 2410 732 2438 ut
752 2405 856 2438 statim
875 2411 946 2449 post
963 2406 1079 2449 profes-

337 2456 458 2489 sionem
488 2457 657 2498 emissam,
682 2457 708 2490 si
732 2457 763 2490 in
795 2458 1002 2491 conventibus
1027 2465 1080 2492 aut

337 2509 537 2542 monasteriis
550 2521 608 2554 pro
625 2511 827 2545 novitiatibus
843 2512 1020 2554 assignatus
1038 2513 1081 2546 lo-

338 2574 392 2596 eus
414 2563 524 2605 aderit,
542 2564 670 2597 secundi
690 2565 858 2599 novitiatus
876 2567 940 2599 sive
958 2568 1080 2610 profes-

338 2617 425 2658 sorii,
449 2617 487 2650 ab
512 2620 558 2658 ca,
582 2629 662 2662 quae
686 2619 879 2652 novitiorum
904 2625 960 2662 est,
987 2625 1082 2664 atque

339 2671 542 2715 antiquorum
574 2672 789 2716 professorum
817 2674 1010 2707 habitatione
1035 2673 1081 2706 di-

1091 466 1155 493 tum
1171 466 1223 493 aut
1237 461 1462 494 monasterium
1476 461 1714 500 transferantur,
1724 459 1756 492 in
1767 469 1829 502 quo

1091 513 1116 546 is
1136 514 1224 547 locus
1244 525 1316 546 cum
1337 513 1496 556 requisitis
1519 514 1557 547 ad
1576 513 1761 546 novitiatum
1781 522 1831 545 su-

1090 567 1284 612 pranarratis
1309 567 1496 611 reperiatur,
1522 568 1569 600 vel
1597 566 1831 607 accomodetur,

1092 627 1145 654 aut
1168 621 1206 654 de
1230 631 1312 654 novo
1337 625 1547 654 construatur.

1137 675 1182 708 Ab
1200 675 1260 708 hoe
1278 679 1381 709 tamen
1398 674 1469 707 illae
1486 674 1656 717 religiones
1676 673 1833 718 excipiun-

1094 734 1154 770 tur,
1175 740 1254 773 quae
1279 739 1407 762 suarum
1433 727 1694 762 constitutionum
1715 738 1770 760 seu
1791 727 1835 760 in-

1095 783 1275 817 stitutorum
1296 783 1404 827 vigore
1425 782 1554 816 maioris
1571 781 1724 826 temporis
1740 791 1836 814 cursu

1095 848 1193 871 novos
1213 838 1373 882 professos
1394 837 1476 869 intra
1492 836 1677 870 novitiatum
1695 834 1837 868 detinere

1096 897 1316 933 consuescunt,
1329 891 1442 936 quibus
1459 891 1491 924 in
1503 891 1562 924 hac
1574 894 1663 934 parte
1676 899 1739 923 non
1749 889 1838 922 dero-

1097 952 1198 990 gatur:
1213 946 1272 979 illis
1282 951 1386 979 tamen
1399 945 1601 989 permittitur,
1612 949 1655 985 ut,
1669 943 1838 988 praedictis

1097 1012 1207 1035 earum
1231 999 1508 1034 constitutionibus
1531 1009 1595 1032 non
1624 998 1838 1039 obstantibus,

1098 1055 1129 1088 id
1153 1055 1256 1099 ipsum
1280 1054 1383 1087 facere
1406 1053 1536 1097 possint,
1554 1052 1579 1085 si
1604 1051 1635 1084 id
1659 1051 1784 1093 rationi,
1804 1061 1840 1085 ac

1098 1109 1244 1152 religioni
1262 1108 1362 1151 magis
1376 1107 1523 1151 expedire
1541 1106 1761 1146 iudicaverint3
1776 1105 1842 1150 qui-

1099 1164 1159 1196 bus
1183 1163 1215 1195 in
1237 1162 1315 1195 locis
1339 1162 1455 1205 degant
1479 1160 1537 1194 sub
1562 1160 1680 1204 regulis
1698 1165 1728 1193 et
1745 1159 1840 1193 modo

1100 1217 1223 1250 vivendi
1248 1216 1350 1249 adhuc
1376 1214 1514 1256 arctiori,
1532 1225 1627 1258 quam
1647 1219 1773 1247 servent
1791 1223 1842 1246 an-

1101 1270 1253 1314 tiquiores
1284 1268 1434 1313 professi,
1464 1268 1506 1301 ita
1536 1268 1622 1312 quod
1652 1267 1685 1300 in
1707 1267 1842 1310 negotiis

1101 1325 1368 1358 monasteriorum
1400 1329 1453 1357 aut
1483 1328 1695 1357 conventuum
1722 1332 1786 1356 non
1810 1332 1843 1356 se

1102 1379 1322 1419 intromittere,
1342 1389 1400 1411 nec
1417 1377 1639 1411 communibus
1660 1376 1843 1411 tractatibus

1102 1433 1271 1473 interesse,
1297 1442 1399 1476 neque
1428 1432 1560 1464 alicuius
1584 1430 1748 1464 exterioris
1772 1429 1845 1464 obe-

1103 1487 1237 1520 dientiae
1254 1486 1394 1519 officium
1411 1495 1559 1518 exercere
1577 1485 1720 1525 debeant,
1739 1484 1845 1528 ibique

1103 1545 1318 1585 permaneant,
1343 1550 1508 1583 quousque
1531 1539 1569 1571 ad
1589 1544 1723 1572 aetatem
1748 1538 1845 1571 sacris

1104 1594 1270 1628 ordinibus
1295 1593 1502 1636 suscipiendis
1527 1593 1732 1625 sufficientem
1758 1591 1847 1625 deve-

1104 1648 1218 1687 nerint,
1233 1647 1280 1680 vel
1297 1647 1406 1679 sallem
1425 1657 1484 1690 per
1501 1646 1672 1679 triennium
1689 1650 1760 1689 post
1777 1656 1847 1689 pro-

1106 1702 1291 1742 fessionem,
1315 1712 1378 1745 quo
1403 1700 1498 1733 etiam
1523 1705 1666 1744 tempore
1689 1704 1848 1743 poterunt,

1105 1755 1281 1800 quinimmo
1301 1760 1331 1787 et
1355 1754 1523 1795 debebunt,
1541 1754 1720 1787 litterarum
1738 1752 1849 1786 studiis

1106 1819 1238 1854 operam
1251 1819 1365 1841 navare
1379 1807 1436 1840 sub
1450 1807 1623 1840 directione
1641 1818 1676 1840 ac
1694 1806 1849 1850 regimine

1107 1863 1290 1907 superioris,
1307 1862 1360 1906 qui
1378 1872 1431 1894 eas
1452 1862 1618 1905 qualitates
1643 1861 1766 1901 habeat,
1784 1860 1850 1904 qui-

1106 1919 1165 1951 bus
1179 1918 1373 1951 novitiorum
1392 1916 1579 1959 magistrum
1590 1915 1767 1960 praeditum
1781 1925 1849 1948 esse

1107 1977 1256 2017 oportere
1280 1971 1398 2004 dictum
1423 1974 1479 2004 est.

1152 2026 1335 2059 Declaratur
1358 2030 1475 2065 tamen,
1500 2023 1585 2067 qnod
1608 2028 1741 2068 propter
1764 2033 1852 2067 prae-

1109 2082 1202 2114 missa
1215 2091 1279 2114 non
1292 2085 1458 2113 censeatur
1471 2088 1620 2111 concessa
1633 2077 1759 2110 licentia
1775 2077 1852 2110 reci-

1109 2135 1216 2180 piendi
1244 2133 1380 2167 novitios
1408 2133 1439 2165 in
1468 2132 1545 2165 locis
1572 2130 1656 2164 nisi¹
1685 2131 1851 2165 novitiatus

1109 2189 1290 2232 designatis,
1303 2192 1356 2220 aut
1372 2187 1583 2230 imposterum
1599 2184 1808 2228 designandis,
1823 2189 1853 2217 et

1110 2255 1168 2288 pro
1192 2253 1326 2275 numero
1351 2241 1511 2274 dumtaxat
1536 2239 1567 2272 in
1591 2250 1700 2272 earum
1721 2239 1852 2282 singulis

1111 2296 1306 2342 praescripto
1332 2295 1380 2327 vel
1405 2292 1662 2338 praescribendo.

1156 2350 1297 2393 Denique
1311 2349 1335 2381 si
1350 2348 1404 2388 illi,
1419 2347 1474 2391 qui
1487 2348 1568 2380 inter
1579 2346 1744 2389 religiosos
1753 2346 1853 2389 gradu

1113 2410 1143 2438 ct
1162 2404 1274 2437 ordine
1291 2402 1472 2446 superiores
1492 2406 1573 2441 sunt,
1591 2405 1621 2433 et
1638 2400 1700 2442 alii,
1721 2400 1759 2432 ad
1775 2411 1854 2444 quos

1114 2463 1243 2503 spectat,
1261 2458 1292 2490 in
1309 2456 1476 2501 praedictis
1500 2455 1658 2496 omnibus,
1678 2455 1726 2488 vel
1744 2465 1854 2488 eorum

1114 2513 1219 2556 aliquo
1236 2510 1458 2554 delinquerint,
1476 2519 1530 2542 seu
1547 2509 1658 2552 quovis
1673 2508 1767 2542 modo
1785 2518 1856 2542 con-

1115 2566 1305 2605 tralcccrint,
1325 2564 1502 2597 officiorum
1519 2563 1671 2603 omnium,
1686 2573 1765 2606 quae
1783 2567 1856 2596 tunc

1116 2619 1299 2653 obtinebunt
1321 2617 1540 2662 privationem,
1557 2616 1782 2660 gravioresque
1799 2627 1857 2660 pro

1153 2684 1161 2708 1
1181 2681 1227 2708 vel
1244 2681 1334 2717 potius
1349 2679 1495 2716 legendum
1512 2680 1569 2708 nisi
1584 2681 1616 2708 in
1633 2680 1701 2707 locis
1718 2682 1754 2714 (a.
1772 2679 1820 2714 T.).

1729 238 1793 272 219
1841 248 1891 275 An.
1908 247 1937 274 c.
1955 248 2025 276 1621

1088 302 1218 334 stinctus
1243 305 1272 333 et
1296 304 1490 343 segregatus,
1517 298 1559 331 ibi
1579 297 1784 337 collocentur,
1801 297 1827 329 si

1089 354 1313 387 monasterium
1327 358 1379 388 aut
1389 358 1561 387 conventus
1570 362 1623 385 cos
1632 352 1716 384 alere
1725 355 1828 395 queat;

1089 408 1138 440 sin
1155 408 1258 441 minus
1275 408 1306 440 in
1320 407 1415 440 alium
1433 407 1683 440 commodiorem
1697 415 1829 438 conven-

1891 2029 1970 2051 Novitii
1997 2032 2050 2052 reri-

1866 2057 1937 2082 piendi
1958 2058 1978 2077 in
1998 2059 2051 2079 locis

1867 2084 1989 2110 designatis.

1880 2380 1882 2382 Ι
1896 2352 2052 2372 ΟΜΝ-Μαρίω-

1869 2382 1921 2400 uum
1937 2385 2026 2405 poenae.
