2269 3235
253 258 348 299 Anfc.
375 271 440 298 10⁶..)ss

278 441 399 462 Exorrluuu.

286 1293 356 1313 sunu<
369 1292 383 1311 V
394 1294 435 1312 sta-

251 1319 359 1344 tumprotj
370 1325 413 1339 *nie
424 1327 437 1334 ¹·

251 1347 342 1366 tuzilibuz
370 1346 436 1365 refor-

251 1375 312 1393 nmtis
326 1373 382 1392 edita
399 1378 435 1398 ap·

251 1401 356 1425 probatu.

489 263 551 297 tae

647 320 781 347 Urbanus
811 319 888 353 Papa
908 318 993 349 vnn

570 365 606 392 ad
626 367 800 398 perpetuam
819 363 864 390 rei
884 363 1066 390 memoriam.

496 427 653 459 Romanus
685 425 842 466 Pontifex,
868 435 962 468 quem
996 424 1136 459 Salvator
1160 430 1190 458 et

451 479 599 513 Dominus
623 483 729 511 noster
759 478 900 511 oninium
931 478 1087 511 Ecclesiae
1116 488 1190 512 suae

451 533 597 566 ordinum
622 537 743 576 patrem
769 537 799 564 et
822 524 980 576 pastor'em
1009 531 1190 573 constituit,

452 592 484 619 ut
502 587 587 618 iuxta
604 586 735 618 verbum
760 585 979 629 propheticum
1004 585 1096 618 noxia
1113 585 1192 618 evel-

452 640 493 672 lat>
513 643 543 673 ct
559 639 707 679 destruat,
732 638 882 682 utiliaque
901 643 928 671 ct
947 638 1083 671 salubria
1107 639 1191 682 plan-

452 697 494 725 tet
518 698 548 725 et
572 692 725 731 aedificet,
743 702 780 724 ca
800 691 968 732 interdum,
994 702 1073 735 quac
1098 692 1191 724 certis

451 746 544 779 etiam
561 745 799 779 rationabilibus
816 755 853 778 ex
867 745 967 778 causis
983 755 1000 777 a
1017 745 1095 778 Sede
1114 746 1193 789 Apo-

451 801 559 834 stolica
574 800 690 833 sancita
704 806 786 840 sunt,
800 800 864 843 ipsa
879 799 1010 832 subinde
1023 810 1130 832 rerum
1144 809 1193 832 ex-

451 853 603 898 perientia
624 853 782 895 suadente,
798 858 876 885 etex
893 852 1067 885 maioribus
1081 851 1192 892 causis,

452 907 566 951 quihus
578 906 761 950 praesertim
772 905 852 938 felici
865 905 1087 947 religiosorum
1101 904 1192 938 statui

452 971 524 993 cum
549 959 646 992 divini
671 959 772 992 cultus
788 958 984 991 incremento
1008 957 1191 1005 consulitur,

451 1018 575 1047 revocat
593 1018 622 1045 et
636 1012 789 1052 immutat,
802 1011 832 1043 in
845 1011 958 1055 hisque
975 1010 1193 1044 sollicitudinis

450 1073 480 1101 et
503 1066 720 1111 providentiae
744 1076 817 1099 suae
843 1065 979 1099 studium
1004 1064 1189 1109 interponit,

450 1125 544 1165 prout
560 1130 667 1153 rerum
686 1125 715 1152 et
731 1123 908 1163 temporum
926 1117 1195 1162 qualitatihus-de-

451 1174 514 1206 bite
529 1172 667 1217 pensatis
687 1172 839 1216 conspicit
860 1171 891 1204 in
909 1171 1041 1204 Domino
1062 1170 1194 1203 salubri-

452 1231 499 1261 ter
514 1226 671 1270 expedire.

496 1281 510 1324 g
528 1281 556 1313 ’1.
572 1280 655 1314 Alias
669 1279 834 1323 siquidem,
849 1278 947 1311 felicis
964 1277 1193 1311 recordationis

451 1334 536 1367 Sixto
561 1334 663 1378 Papae
693 1334 717 1366 V
742 1332 977 1377 praedecessori
1001 1336 1110 1365 nostro
1134 1342 1193 1375 pro

451 1394 538 1432 parte
563 1388 751 1420 dilectorum
776 1386 914 1419 filiorum
939 1386 1073 1419 fratrum
1100 1385 1194 1418 Mino-

451 1452 522 1474 rum
531 1440 789 1475 Conventualium
801 1440 1055 1473 Reformatorum
1065 1438 1094 1471 S.
1101 1438 1195 1471 Fran-

451 1494 524 1528 cisci
541 1494 694 1538 exposito,
716 1492 800 1537 quod
813 1493 872 1536 ipsi
892 1491 1081 1525 strictiorem
1098 1491 1193 1524 vitam

451 1558 545 1591 agere
563 1552 592 1580 et
610 1557 641 1580 se
660 1547 835 1579 reformare
856 1549 1036 1589 coeperant,
1054 1544 1193 1589 aliquos-

450 1612 511 1646 que
535 1605 705 1634 conventus
726 1599 966 1643 acquisiverant,
984 1602 1012 1632 et
1030 1598 1061 1630 in
1078 1597 1116 1630 iis
1136 1598 1193 1630 sub

451 1654 628 1688 obedientia
653 1652 843 1696 protectoris
867 1657 898 1684 et
921 1651 1122 1695 superiorum
1142 1650 1195 1684 Or-

451 1707 532 1740 dinis
563 1706 745 1740 huiusmodi
777 1706 939 1746 vivebant,
970 1705 1052 1738 idem
1089 1704 1194 1737 Sixtus

451 1760 684 1805 praedecessor,
702 1770 741 1792 ne
761 1759 846 1803 ipsos
865 1759 979 1791 fratres
996 1758 1194 1799 reformatos,

452 1824 626 1858 eorumque
643 1813 921 1857 congregationem
936 1823 1032 1856 super
1046 1813 1196 1845 reforma-

452 1869 535 1903 tione
566 1867 748 1901 huiusmodi
781 1867 948 1911 inquietari
979 1867 1194 1910 contingeret,

452 1921 733 1966 supplicationibus
750 1920 935 1954 eorumdem
949 1920 1082 1952 fratrum
1099 1920 1195 1953 refor-

454 1981 610 2008 matorum
631 1974 758 2007 nomine
779 1973 837 2007 sibi
862 1973 1024 2006 humiliter
1041 1973 1196 2017 porrectis

453 2030 629 2071 inclinatus,
646 2028 903 2062 reformationem
920 2028 1110 2072 praedictam
1129 2027 1196 2060 ubi-

452 2094 587 2128 cumque
606 2083 749 2116 locorum
767 2087 909 2126 coeptam
928 2086 957 2115 et
974 2081 1194 2122 introductam,

452 2142 482 2170 et
507 2148 543 2170 ex
568 2141 641 2169 tunc
666 2136 698 2168 in
715 2135 781 2168 dies
801 2134 1071 2175 introducendam,
1086 2144 1120 2167 ac
1137 2145 1195 2178 pro
1212 2154 1213 2157 =

454 2192 491 2224 ea
515 2196 543 2223 et
570 2190 653 2223 illius
678 2189 759 2222 felici
780 2188 953 2221 directione
977 2188 1057 2220 facta
1081 2192 1195 2221 statuta

453 2250 481 2277 et
500 2243 721 2283 ordinationes,
736 2253 808 2275 eum
825 2242 897 2274 inde
914 2241 1054 2285 sequutis
1071 2241 1196 2285 quibus-

453 2307 598 2341 cumque‚
624 2296 796 2340 apostolica
826 2295 1010 2329 auctoritate
1042 2298 1195 2339 perpetuo

454 2350 638 2395 approbavit
671 2355 700 2383 et
732 2348 951 2389 confirmarit,
982 2348 1195 2392 nonnullaque

454 2405 513 2438 alia
539 2404 627 2445 fecit,
653 2403 759 2438 statuit
783 2408 813 2436 et
837 2402 991 2436 ordinavit
1018 2402 1075 2435 sub
1100 2401 1194 2436 certis

455 2458 548 2492 modo
573 2463 602 2491 et
627 2459 728 2491 forma
752 2462 825 2490 tunc
850 2457 1020 2501 expressis,
1045 2461 1141 2500 prout
1164 2455 1196 2488 in

455 2512 526 2545 dicti
553 2511 628 2545 sixti
643 2511 896 2556 praedecessoris
913 2511 970 2544 sub
994 2510 1124 2555 plumbo
1141 2510 1196 2543 de-

455 2576 560 2609 super,
575 2565 632 2598 sub
646 2565 751 2598 datum
765 2565 893 2606 Romae,
906 2564 990 2609 apud
1003 2564 1032 2598 S.
1046 2565 1197 2605 Marcum,

456 2629 537 2651 anno
555 2618 778 2652 lncarnationis
796 2618 977 2652 Dominicae
994 2628 1197 2659 MDCLxxxvn,

455 2672 557 2706 idibus
579 2673 727 2714 octobris,
748 2672 947 2716 pontificatus
973 2672 1020 2706 sui
1045 2682 1127 2706 anno
1153 2682 1196 2716 111,

1032 269 1208 293 BULLARIUM
1233 269 1387 293 ROMANUM

1977 271 2026 298 An.
2043 271 2070 298 C.
2092 271 2161 298 1626

1224 328 1279 350 scu
1292 317 1353 351 alio
1371 316 1487 351 veriori
1505 319 1658 361 tempore,
1673 317 1826 362 expeditis
1841 318 1963 360 litteris,

1223 380 1357 414 quarum
1377 375 1513 412 tenores,
1538 369 1670 414 perinde
1694 380 1730 403 ac
1754 370 1779 403 si
1803 371 1842 405 de
1865 372 1964 405 verbo

1223 424 1261 457 ad
1279 423 1411 458 verbum
1428 424 1652 465 insererentur,
1669 424 1885 468 praesentibus
1905 437 1964 470 pro

1223 478 1379 521 expressis
1403 477 1513 510 haberi
1538 477 1692 518 volumus,
1716 476 1839 521 plenius
1864 479 1963 512 conti-

1222 535 1313 564 netur
1326 528 1346 563 ¹.

1268 584 1283 627 g
1307 584 1336 616 02.
1361 583 1437 617 Cum
1462 588 1583 624 autem,
1609 583 1689 616 sicut
1712 583 1902 628 accepimus,
1927 594 1963 618 ex

1225 636 1469 680 congregatione
1493 637 1626 670 fratrum
1642 636 1900 670 Conventualium
1919 648 1966 671 re-

1225 690 1434 724 formatorum
1450 689 1641 731 huiusmodi,
1657 700 1720 723 non
1737 690 1757 723 ii
1775 690 1807 723 in
1826 691 1965 724 Ecclesia

1226 743 1280 776 Dei
1303 743 1482 787 spirituales
1506 744 1638 785 fructus,
1663 743 1717 787 qui
1741 743 1965 787 sperabantur,

1226 796 1413 840 prodierint,
1427 797 1481 830 sed
1493 797 1699 841 quamplures
1716 796 1911 830 differentiae
1924 797 1967 831 in-

1227 853 1273 883 ter
1290 849 1417 882 eosdem
1441 850 1555 883 fratres
1579 851 1776 893 reformatos,
1794 861 1829 883 ac
1853 851 1966 884 fratres

1226 901 1452 935 Conventuales
1469 912 1533 935 non
1549 903 1738 937 reformatos
1754 903 1829 936 dicti
1841 903 1965 937 Ordinis

1226 959 1313 987 ortae
1338 954 1399 987 sint
1431 960 1461 988 et
1494 955 1619 998 vigeant
1645 956 1684 988 ad
1708 966 1874 999 praesens:
1898 967 1965 999 nos,

1226 1007 1416 1051 praemissis,
1436 1013 1587 1051 quantum
1613 1018 1684 1041 cum
1708 1009 1841 1042 Domino
1859 1020 1967 1053 possu-

1227 1071 1308 1101 mus,
1326 1060 1464 1101 obviare,
1482 1072 1517 1094 ac
1534 1061 1609 1094 alias
1628 1061 1766 1105 desuper
1790 1067 1968 1105 opportune

1227 1114 1394 1158 providere
1418 1115 1575 1155 volentes,
1605 1120 1694 1148 motu
1721 1116 1853 1160 proprio
1878 1120 1908 1149 et
1931 1126 1969 1149 ex

1227 1169 1313 1201 certa
1329 1167 1459 1200 scientia
1473 1178 1508 1201 ac
1525 1164 1649 1201 matura
1666 1168 1892 1203 deliberatione
1911 1180 1968 1203 no-

1227 1221 1309 1262 stris,
1320 1221 1420 1265 deque
1430 1222 1619 1265 apostolicae
1632 1223 1793 1266 potestatis
1805 1223 1970 1266 plenitudi-

1226 1285 1275 1315 ne,
1282 1285 1318 1308 ex
1326 1275 1516 1319 praemissis,
1525 1275 1657 1319 aliisque
1666 1276 1755 1310 iustis
1766 1281 1795 1311 et
1803 1277 1970 1310 rationabi-

1227 1328 1309 1362 libus
1327 1328 1428 1361 causis
1444 1328 1584 1362 animum
1601 1334 1744 1363 nostrum
1760 1331 1969 1372 moventibus,

1227 1381 1505 1424 congregationem
1537 1382 1671 1415 fratrum
1711 1383 1969 1417 Conventualium

1227 1435 1472 1468 reformatorum
1503 1435 1707 1477 huiusmodi,
1740 1436 1907 1480 omniaque
1939 1443 1969 1470 et

1227 1499 1444 1533 quaecumque
1456 1489 1538 1522 illius
1548 1489 1650 1523 officia
1663 1495 1693 1522 et
1706 1490 1888 1531 ministeria,
1899 1501 1968 1524 nec-

1227 1553 1290 1576 non
1307 1543 1418 1576 domus
1435 1554 1471 1576 ac
1487 1544 1555 1577 loca
1572 1544 1730 1587 regularia
1750 1555 1968 1590 quaecumque

1228 1602 1257 1629 et
1281 1597 1312 1629 in
1337 1597 1498 1640 quibusvis
1524 1597 1694 1641 provinciis
1720 1597 1905 1639 existentia,
1933 1608 1969 1632 ac

1227 1650 1265 1683 ad
1279 1662 1332 1684 eos
1348 1651 1530 1695 spectantia,
1548 1655 1710 1692 etstatuta,
1727 1652 1969 1686 consuetudines

1228 1709 1257 1737 et
1271 1704 1405 1745 decreta,
1419 1705 1512 1737 etiam
1529 1704 1716 1745 iuramento,
1730 1705 1970 1740 confirmatione

1228 1757 1410 1801 apostolica,
1428 1758 1476 1790 vel
1497 1758 1606 1802 quavis
1623 1757 1771 1791 firmitate
1795 1759 1854 1792 alia
1875 1759 1971 1794 robo-

1228 1816 1304 1852 rata,
1329 1821 1365 1844 ac
1389 1811 1508 1855 pariter
1531 1811 1697 1855 privilegia
1722 1816 1752 1846 et
1776 1812 1897 1846 indulta
1922 1823 1973 1856 ge-

1228 1865 1347 1898 neralia
1361 1870 1391 1898 et
1408 1865 1565 1909 specialia,
1578 1876 1715 1909 quorum
1731 1865 1872 1899 omniun]
1889 1872 1973 1900 teno-

1229 1929 1290 1959 res,
1300 1929 1335 1951 ac
1345 1918 1370 1951 si
1384 1918 1422 1951 de
1435 1918 1533 1952 verbo
1547 1918 1585 1951 ad
1598 1919 1731 1952 verbum
1746 1919 1972 1962 insererentur,

1229 1971 1447 2016 praesentibus
1460 1982 1518 2016 pro
1530 1971 1684 2016 expressis
1696 1972 1805 2006 haberi
1817 1973 1972 2016 volumus,

1230 2025 1482 2070 quibuscumque
1499 2026 1552 2059 illa
1569 2026 1632 2059 sint
1649 2032 1802 2071 concepta
1815 2027 1971 2069 formulis,

1228 2089 1352 2113 necnon
1383 2080 1579 2114 irritantibus
1608 2086 1638 2114 et
1669 2080 1737 2114 aliis
1769 2080 1904 2114 decretis
1935 2092 1971 2115 ac

1229 2133 1361 2167 vinculis
1385 2134 1515 2175 munita,
1531 2139 1640 2167 tenore
1659 2134 1883 2178 praesentium,
1900 2144 1969 2178 per-

1230 2192 1325 2231 petuo
1354 2187 1582 2231 suppriminms
1614 2192 1644 2220 et
1676 2187 1911 2231 extinguimus,
1935 2199 1972 2221 ae

1229 2251 1446 2284 quaecumque
1466 2241 1704 2284 congregationi
1721 2241 1765 2274 sic
1783 2251 1972 2285 suppressae

1229 2294 1340 2336 officia,
1365 2294 1652 2328 administrationes
1676 2299 1706 2328 et
1729 2294 1896 2338 dignitates
1915 2296 1972 2328 tol-

1228 2348 1322 2381 limus
1346 2352 1376 2381 et
1400 2348 1609 2391 abrogamus,
1634 2347 1673 2382 ab
1706 2348 1814 2393 eisque
1839 2348 1950 2382 domos
1965 2376 1973 2390 ‚

1229 2406 1401 2435 conventus
1434 2406 1464 2434 et
1495 2402 1580 2442 loca,
1605 2411 1641 2435 ac
1670 2401 1754 2435 bona
1777 2401 1972 2443 immobilia,

1230 2455 1359 2489 mobilia
1391 2459 1421 2488 et
1449 2455 1659 2498 semoventia,
1684 2455 1802 2498 ubique
1834 2454 1973 2498 gentium

1231 2509 1408 2549 constituta,
1428 2519 1550 2541 sacram
1570 2519 1696 2553 quoque
1717 2513 1747 2541 et
1771 2518 1973 2542 communem

1231 2563 1490 2608 suppellectilem,
1502 2563 1708 2607 ipsorumque
1718 2562 1859 2596 omnium
1870 2573 1972 2603 usum,

1232 2618 1474 2658 usumfructum,
1499 2616 1812 2657 administrationem,
1832 2626 1868 2649 ac
1893 2626 1971 2660 pos-

1269 2682 1279 2708 1
1298 2680 1370 2711 Quas
1381 2679 1440 2707 ride.
1450 2679 1502 2707 loc.
1515 2679 1561 2707 cit.
1573 2679 1600 2706 in
1611 2679 1673 2707 nota
1684 2678 1718 2707 ad
1728 2677 1864 2707 rubricam
1873 2678 1911 2714 (R.
1923 2678 1972 2713 τ.),

2021 600 2077 619 ouis
2093 601 2163 620 tamen

1979 628 2053 653 postea
2061 626 2164 650 dissidiis,

2009 1557 2107 1579 Urbanus
2115 1557 2168 1578 Con-

1983 1585 2128 1611 gregationem
2136 1590 2169 1605 re·

1983 1611 2119 1641 formatorum
2125 1616 2171 1638 sup-

1983 1641 2062 1665 primu.
