2269 3235
252 276 303 302 Λη.
325 276 351 303 C,
370 275 439 303 162ss

485 267 549 300 440

449 325 560 358 clesiac
585 324 754 358 Furnensis
785 323 860 356 olim
893 322 1077 356 Morinensis
1101 322 1186 355 dioe-

449 377 528 411 cesis
552 377 786 421 praeposituras
804 376 897 408 etiam
918 375 1124 419 principales,
1141 385 1186 416 ac,

448 431 500 474 qui
526 441 582 474 pro
606 435 693 473 parte
722 429 795 461 dicti
821 428 956 472 Philippi
986 429 1070 472 regis
1102 429 1186 461 iuxta

448 482 642 517 conditiones
667 481 846 516 huiusmodi
872 481 972 515 relicti
998 481 1069 522 sint,
1097 481 1187 515 deca-

448 541 554 569 natum
580 536 684 568 forsan
703 535 864 576 maiorem,
882 545 1004 568 necnon
1029 534 1188 579 poeniten-

448 589 581 629 tiariam,
607 589 790 629 cantoriam,
815 588 1042 630 scholastriam,
1064 588 1188 621 thesau-

448 642 574 683 rariam,
592 652 654 675 non
676 642 811 676 maiores
826 647 895 687 post
915 641 1126 686 pontificalem
1146 641 1189 674 di-

447 695 599 738 gnitates,
624 705 746 728 necnon
771 695 909 739 quinque
934 695 1134 728 canonicatus
1158 700 1188 728 et

447 749 585 793 quinque
601 748 795 792 praebendas
812 759 848 781 ex
868 748 1013 792 pluribus
1029 748 1098 781 aliis
1114 758 1187 792 sup-

446 812 573 845 pressae
607 801 793 835 Morinensis
823 801 972 834 ecclcsiae
1004 801 1187 834 huiusmodi

447 866 506 899 pro
530 860 619 899 parte
643 855 716 888 dicti
742 854 876 898 Philippi
896 854 979 896 regis
1003 864 1060 897 per
1084 853 1188 886 condi-

447 908 547 941 tiones
577 907 662 951 pacis
691 906 871 940 huiusmodi
899 906 981 939 inter
1011 906 1070 938 alia
1094 906 1187 939 etiam

447 962 583 1001 relictos,
600 961 724 1004 penitus
749 960 976 1004 supprimimus
992 965 1021 992 et
1039 959 1189 1002 extingui-

447 1026 532 1047 mus:
554 1015 597 1047 Ac
621 1025 657 1047 ex
681 1014 762 1047 dicta
788 1013 918 1046 ecclesia
943 1013 1110 1046 Morinensi
1137 1024 1185 1045 ar—

446 1068 697 1102 chidiaconatum
715 1067 890 1107 Flandriae,
904 1066 1086 1109 dignitatem
1110 1066 1186 1098 inibi

446 1132 508 1156 non
533 1127 636 1154 tamen
653 1126 724 1165 post
743 1120 956 1164 pontificalem
978 1119 1141 1160 maiorem,
1159 1123 1188 1153 et

447 1186 482 1209 ex
496 1174 674 1219 quindecim
690 1172 908 1218 cappellanus¹
924 1173 956 1205 in
973 1173 1041 1217 ipsa
1056 1173 1187 1206 ecclesia

447 1228 614 1262 Morinensi
646 1233 717 1261 octo
749 1227 959 1271 cappellanias
983 1237 1041 1270 per
1065 1226 1188 1270 praedi-

446 1288 512 1316 ctos
537 1281 757 1324 subdelegatos
781 1280 996 1324 speciticatas,
1022 1290 1058 1312 ac
1078 1279 1186 1313 decem

446 1335 585 1369 eiusdem
610 1334 758 1368 ecclesiae
792 1333 975 1367 Morinensis
1010 1344 1068 1377 pro
1098 1338 1186 1377 parte

446 1388 519 1422 dicti
539 1387 673 1432 Philippi
693 1386 777 1430 regis
793 1387 878 1419 iuxta
892 1386 1085 1420 conditiones
1100 1397 1187 1430 prae-

446 1443 532 1483 fatas,
555 1442 690 1482 relictas,
711 1445 740 1474 et
765 1452 802 1474 ex
826 1440 893 1484 ipsa
914 1440 1068 1473 Furnensi
1093 1440 1188 1473 eccle-

447 1497 500 1537 sia,
518 1496 549 1528 in
573 1506 634 1539 qua
647 1495 777 1537 ¹triginta
795 1494 996 1527 canonicatus
1014 1498 1044 1526 et
1061 1493 1188 1536 triginta

446 1549 642 1595 praebendae
657 1559 728 1582 cum
746 1548 899 1581 decanatu
916 1547 1061 1587 existunt,
1079 1547 1187 1580 decem

446 1604 522 1637 alios
555 1602 756 1636 canonicatus
788 1607 818 1635 et
850 1601 957 1634 decem
992 1601 1188 1645 praebendas

446 1657 589 1690 similiter
607 1657 698 1700 (quos
722 1655 826 1699 primo
847 1665 904 1699 per
927 1665 1049 1688 cessum
1070 1655 1117 1688 vel
1138 1655 1189 1687 de-

446 1721 569 1744 cessum
590 1710 659 1743 illos
684 1709 901 1751 obtinentium,
924 1709 971 1741 vel
992 1708 1077 1749 alias,
1095 1708 1187 1741 simul

446 1765 493 1798 vel
507 1763 681 1796 successive
694 1772 804 1794 vacare
814 1761 991 1804 contigerit,
1001 1766 1054 1794 aut
1067 1761 1188 1795 etiamsi

446 1817 484 1850 ad
497 1826 645 1861 praesens
659 1820 778 1855 vacent,
794 1820 823 1847 et
838 1815 930 1848 etiam
943 1819 1028 1848 tanto
1044 1819 1187 1858 tempore

447 1870 633 1912 vacaverint,
652 1868 736 1913 quod
761 1868 904 1901 similiter
924 1878 1035 1901 eorum
1062 1868 1187 1901 collatio

447 1925 531 1958 iuxta
556 1923 663 1956 eadem
688 1922 904 1956 Lateranensis
926 1926 1039 1954 statuta
1063 1921 1187 1954 concilii

446 1979 485 2013 ad
501 1979 613 2014 Sedem
627 1979 770 2012 eamdem
788 1978 926 2021 legitime
943 1977 1098 2018 devoluta,
1117 1976 1188 2020 ipsi·

446 2043 507 2077 que
530 2032 802 2066 archidiaconatus
827 2036 857 2063 et
880 2030 1071 2074 capellaniae
1092 2034 1121 2063 et
1139 2040 1188 2063 ca-

445 2085 609 2119 nonicatus
633 2090 662 2118 et
686 2084 882 2129 praebendae
915 2084 1016 2117 eidem
1047 2082 1184 2127 disposi-

446 2139 522 2173 tioni
546 2139 738 2183 apostolicae
769 2137 946 2182 specialiter
981 2137 1029 2170 vel
1055 2147 1186 2180 genera-

445 2193 516 2226 liter
533 2192 683 2225 reservati
700 2192 841 2231 existant,
859 2196 887 2224 et
908 2191 946 2223 ad
966 2191 1036 2223 illos
1060 2201 1188 2223 consue-

446 2247 547 2280 verint
567 2247 620 2290 qui
644 2257 702 2290 per
727 2246 912 2279 electionem
936 2245 1062 2286 assumi,
1080 2244 1187 2289 eisque

447 2311 521 2333 cura
545 2300 638 2333 etiam
662 2299 917 2332 iurisdictionalis
935 2298 1096 2331 immineat
1119 2298 1186 2331 ani-

447 2364 579 2396 marum,
598 2359 628 2386 et
644 2364 740 2398 super
764 2353 808 2386 eis
833 2353 914 2385 inter
930 2353 1052 2396 aliquos
1069 2352 1117 2392 lis,
1138 2362 1187 2385 cu-

446 2404 493 2437 ius
518 2409 631 2437 statum
663 2404 806 2438 similiter
829 2403 1046 2447 praesentibus
1076 2403 1186 2436 haberi

446 2459 589 2491 volumus
614 2469 673 2502 pro
697 2468 857 2502 expresso,
879 2457 1012 2502 pendeat
1036 2457 1186 2501 indecisa)

447 2511 484 2543 ad
510 2511 624 2545 dictam
650 2511 813 2545 ecclesiam
838 2512 999 2555 Iprensem
1034 2521 1092 2556 pro
1123 2521 1186 2545 uno

448 2565 668 2599 archidiacono
689 2570 719 2598 et
742 2565 870 2599 totidem
888 2564 1045 2599 canonicis
1066 2568 1096 2599 et
1114 2575 1186 2609 cap-

449 2618 580 2662 pellanis
612 2619 643 2650 in
670 2619 751 2652 dicta
783 2618 914 2652 ecclesia
938 2618 1058 2663 Iprensi
1088 2624 1187 2652 trans-

485 2682 495 2707 1
514 2679 584 2707 Edit.
601 2679 679 2707 Main.
696 2680 779 2708 habet
793 2681 972 2716 cappellanis
985 2681 1027 2716 (R.
1039 2682 1088 2716 12).

1030 274 1207 298 ltULLAl'llUM
1233 273 1386 298 ROMANUM

1221 321 1371 355 serimus:
1397 322 1440 355 Ac
1475 320 1504 354 in
1532 321 1641 354 eadem
1674 322 1805 355 ecclesia
1838 323 1956 366 Iprensi

1220 385 1319 408 unum
1362 374 1702 419 archipresbyteratum
1745 374 1956 409 civitatensem

1221 429 1294 473 (pro
1317 438 1380 462 uno
1404 427 1679 472 archipresbytero
1703 427 1886 471 civitatensi,
1904 429 1957 472 qui

1221 492 1329 515 curam
1358 485 1517 515 rectorum
1552 480 1780 525 parochialium
1812 481 1957 514 eeclesia-

1220 546 1304 577 rum,
1328 546 1364 569 ac
1388 535 1476 568 verbi
1492 535 1546 569 Dei
1567 539 1597 568 et
1618 539 1887 568 sacramentorum
1902 545 1959 579 per

1221 587 1448 622 civitatensem¹
1466 587 1590 632 gerat2)
1607 593 1636 621 et
1651 598 1746 621 unam
1759 588 1960 632 poenitentia-

1220 642 1299 675 riam
1312 642 1529 676 dioecesanam
1542 641 1781 685 nuncupandos,
1793 641 1959 684 dignitates

1220 695 1295 729 inibi
1309 705 1372 729 non
1385 700 1489 728 tamen
1502 700 1571 740 post
1586 694 1799 739 pontificalem
1814 695 1959 736 maiores,

1221 759 1279 793 pro
1295 759 1358 782 uno
1375 748 1616 793 poenitentiario
1636 748 1822 782 dioecesano
1842 758 1960 782 nuncu-

1219 801 1332 846 pando,
1353 801 1406 846 qui
1434 812 1544 835 curam
1561 801 1824 835 conscientiarum
1849 801 1960 845 populi

1219 864 1276 898 per
1292 854 1461 888 dioecesim
1471 855 1633 899 Iprensem
1646 854 1768 894 habeat3
1787 859 1817 888 et
1829 855 1960 888 ulterius

1220 907 1252 940 in
1276 907 1408 940 ecclesia
1439 907 1559 951 Iprensi
1583 907 1762 941 huiusmodi
1788 918 1887 941 unum
1906 907 1960 941 de-

1220 964 1375 1001 canatum,
1399 960 1583 1003 dignitatem
1608 960 1686 993 inibi
1713 960 1866 994 maiorem
1891 967 1961 1005 post

1220 1013 1442 1057 pontificalem,
1466 1013 1504 1045 ad
1529 1012 1679 1056 suffragia
1700 1013 1842 1047 omnium
1867 1024 1960 1047 cano-

1219 1066 1365 1100 nicorum
1385 1066 1525 1099 eiusdem
1542 1066 1691 1099 ecclesiae
1709 1066 1884 1107 electivum,
1901 1077 1959 1111 pro

1219 1119 1400 1163 praeposito
1423 1119 1521 1163 ipsius
1541 1118 1691 1152 ecclesiae
1711 1119 1857 1163 Iprensis‚
1878 1120 1961 1154 dein-

1220 1183 1293 1216 ceps
1310 1172 1438 1214 decano,
1459 1173 1528 1206 loco
1553 1182 1741 1216 suppressae
1765 1173 1962 1217 praepositu-

1220 1237 1274 1259 rae
1298 1226 1490 1267 huiusmodi‚
1507 1226 1561 1270 qui
1585 1225 1745 1269 duplicem
1769 1226 1962 1260 distributio-

1219 1290 1290 1313 nem
1305 1280 1337 1312 in
1348 1279 1446 1313 choro
1459 1279 1622 1323 percipiat,
1635 1284 1666 1312 et
1678 1289 1773 1312 unam
1788 1279 1961 1314 cantoriam

1220 1344 1279 1377 pro
1303 1343 1366 1366 uno
1397 1338 1540 1374 cantore,
1562 1337 1592 1365 et
1616 1343 1711 1365 unam
1743 1333 1961 1366 scholastriam

1220 1398 1277 1430 pro
1291 1397 1353 1420 uno
1367 1386 1563 1427 scholastico,
1574 1391 1603 1419 et
1616 1397 1711 1419 unam
1722 1387 1962 1428 thesaurariam,

1220 1441 1314 1473 etiam
1331 1440 1498 1483 dignitates
1515 1439 1591 1472 inibi
1608 1450 1672 1473 non
1685 1443 1789 1474 tamen
1800 1446 1871 1485 post
1887 1451 1963 1485 pon-

1221 1494 1366 1528 tificalem
1390 1494 1536 1534 maiores,
1550 1504 1608 1537 pro
1624 1504 1688 1527 uno
1706 1494 1912 1535 thesaurario,
1927 1505 1962 1528 ac

1220 1547 1387 1580 duodecim
1411 1547 1488 1580 alios
1513 1547 1715 1580 canonicatus
1740 1552 1770 1580 et
1794 1547 1961 1581 duodecim

1220 1601 1295 1633 alias
1318 1600 1513 1645 praebendas
1541 1610 1600 1644 pro
1624 1599 1791 1633 duodecim
1822 1600 1891 1633 aliis
1916 1612 1962 1634 ca-

1220 1654 1341 1688 nonicis
1366 1654 1506 1687 eiusdem
1526 1653 1676 1687 ecclesiae
1700 1654 1848 1697 Iprensis,
1866 1654 1961 1688 etiam

1220 1713 1374 1752 perpetuo
1385 1707 1538 1750 erigimus
1552 1713 1579 1740 et
1595 1707 1796 1740 instituimus:
1807 1708 1850 1741 Ac
1863 1719 1961 1741 unum

1221 1765 1250 1795 et
1275 1771 1369 1794 unam
1393 1771 1430 1794 ex
1463 1760 1572 1794 decem
1597 1760 1831 1794 canonicatibus
1853 1766 1883 1794 et
1907 1761 1961 1794 de-

1221 1825 1288 1848 cem
1309 1814 1509 1859 praebendis,
1527 1824 1564 1847 ex
1581 1814 1714 1847 ecclesia
1731 1814 1909 1855 Morinensi,
1928 1820 1962 1848 ut

1220 1869 1407 1913 praefertur,
1430 1867 1587 1901 translatis
1612 1877 1738 1901 mensae
1763 1868 1883 1911 Iprensi
1904 1869 1962 1902 hu-

1220 1921 1356 1955 iusmodi
1374 1921 1518 1954 similiter
1542 1926 1696 1965 perpetuo
1716 1921 1853 1963 unimus,
1872 1932 1962 1955 anne-

1220 1976 1334 2009 ctimus
1351 1981 1381 2008 et
1404 1975 1664 2019 incorporamus,
1681 1975 1723 2007 ita
1743 1975 1828 2019 quod
1846 1975 1963 2019 episco-

1220 2041 1277 2075 pus
1294 2030 1440 2074 Iprensis,
1461 2030 1590 2063 illorum
1608 2029 1739 2070 ratione,
1756 2040 1894 2073 persona
1911 2041 1961 2063 ca-

1220 2084 1364 2128 pitularis
1388 2093 1466 2125 esse,
1491 2094 1527 2117 ac
1551 2093 1672 2124 vocem,
1697 2083 1916 2116 auctoritatem
1933 2088 1962 2118 et

1219 2137 1510 2182 praeeminentiam,
1536 2136 1630 2170 etiam
1651 2137 1683 2169 in
1700 2136 1846 2180 capitulo,
1865 2148 1962 2181 supra

1219 2191 1384 2231 decanum,
1401 2195 1431 2223 et
1454 2190 1530 2223 alias
1546 2190 1724 2233 dignitates,
1745 2200 1780 2223 ac
1797 2191 1962 2224 canonica-

1220 2244 1285 2278 tus8
1302 2250 1331 2276 et
1347 2243 1543 2287 praebendas
1561 2243 1637 2276 inibi
1654 2244 1829 2278 obtinentes
1845 2244 1962 2277 habere

1219 2296 1348 2337 debeat,
1366 2296 1520 2341 liceatque
1540 2296 1599 2330 sibi
1617 2296 1743 2330 illorum
1764 2297 1962 2341 corporalem

1219 2350 1452 2395 possessionem
1483 2350 1613 2394 propria
1646 2350 1831 2384 auctoritate
1863 2351 1963 2384 libere

1219 2404 1466 2449 apprehendere,
1492 2408 1521 2438 et
1545 2408 1699 2448 perpetuo
1723 2404 1872 2445 retinere,
1892 2405 1961 2439 illo-

1220 2468 1355 2502 rumque
1378 2458 1508 2500 sructus,
1527 2457 1668 2491 redditus
1685 2463 1714 2491 et
1737 2463 1908 2502 proventus
1930 2459 1962 2492 in

1258 2550 1268 2575 1
1287 2548 1401 2576 Videtur
1415 2548 1557 2584 legendum
1573 2549 1721 2577 civitatem
1736 2550 1773 2585 (n.
1789 2550 1838 2585 τ.).

1254 2594 1270 2620 2
1290 2594 1391 2620 Vocem
1409 2596 1492 2628 ρετ-αι
1512 2602 1562 2621 nos
1583 2593 1707 2621 addimus
1726 2596 1763 2629 (R.
1784 2594 1834 2630 T.).

1254 2637 1270 2665 3
1286 2637 1355 2665 Edit.
1382 2637 1455 2665 Maiu
1476 2638 1559 2666 habet
1579 2639 1781 2673 canonicato&
1801 2638 1893 2667 forsan
1912 2645 1962 2666 ca-

1218 2682 1335 2711 nonicos
1358 2683 1394 2719 (a.
1411 2682 1461 2718 τ.).

1970 274 2021 301 Λη.
2042 273 2071 300 C.
2090 272 2158 301 ¹626
