2269 3235
119 259 168 293 An.
186 257 214 285 C.
237 257 304 284 1623

149 745 299 771 Quaecumque

115 772 198 792 litterae
214 775 299 797 apost-›-

115 799 168 819 licac
200 805 238 824 pro
269 799 299 819 cis

115 827 179 850 gratis
188 825 299 852 expedien-

114 852 162 873 dae.

133 1492 258 1512 llabtlitatm
269 1491 295 1511 :ut

111 1519 223 1545 pansinnes
242 1518 296 1537 obtiv

111 1546 207 1566 condas.
230 1547 294 1570 atque

111 1575 175 1592 ctiam
188 1572 295 1596 resignan-

111 1599 162 1624 «Νη

934 254 1076 278 UnssANth
1102 256 1157 279 VIII
1182 256 1229 280 Pr.

316 314 373 337 nee
396 303 586 348 principales
602 304 634 337 in
651 303 824 347 collegiatis
844 301 984 336 ecclesiis
1008 302 1062 334 liu-

315 357 451 390 iusmodi
469 358 610 402 fuerint),
624 357 650 391 si
664 357 722 390 sibi
735 356 810 390 alias
824 355 974 389 canonice
991 365 1062 388 con-

316 411 466 451 ferantur,
481 415 534 444 aut
547 411 605 455 ipsi
627 410 793 453 eligantur,
809 414 1060 454 praesententur,

315 464 362 496 vel
388 463 465 497 alias
489 468 688 497 assumantur
712 463 750 496 ad
770 462 833 504 illa,
850 467 881 496 et
899 462 1061 495 instituan-

315 520 365 550 tur
377 516 410 549 in
424 516 552 557 eisdem,
570 515 723 560 recipere,
745 519 785 556 et,
804 515 977 548 dummodo
993 515 1061 559 plu-

315 580 349 602 ra
373 570 465 603 simul
489 580 554 603 non
577 569 648 611 sint,
666 579 761 613 quam
778 579 858 613 quae
882 579 900 602 a
921 568 1059 602 Concilio

314 623 495 657 Tridentino
519 622 769 667 permittuntur,
793 622 932 656 retinere
959 623 1059 656 libere

315 681 344 709 ct
368 674 452 710 licite
477 677 616 716 valeant,
642 676 788 709 similiter
812 676 1039 720 dispensamus.

358 730 373 773 ἓ
397 729 448 763 10.
474 729 626 773 Quodque
651 739 761 762 omnes
785 734 816 762 et
840 740 1058 774 quaecumque

314 782 443 825 gratiae,
463 782 671 826 provisiones,
686 782 901 823 commendae,
919 793 954 815 ac
971 793 1060 826 prac-

315 840 417 869 scntes
431 840 461 868 et
477 835 606 880 quaevis
622 836 700 869 aliae
718 836 840 869 litterae
857 836 1057 880 apostolicae,

314 899 350 922 ac
373 889 465 923 etiam
486 889 519 923 in
542 890 644 923 forma
669 890 787 931 Brevis,
808 901 867 934 pro
888 890 949 923 illis
969 900 1059 934 cxpe-

313 943 454 984 diendae,
479 944 578 987 gratis
603 944 718 988 ubique
744 944 969 988 expediantur,
995 948 1057 977 tam

312 996 350 1029 de
375 997 526 1041 capienda
542 997 743 1041 possessione
763 998 891 1030 nomine
913 1008 1057 1031 camerae

312 1051 513 1094 apostolicae,
539 1062 633 1095 quam
658 1051 690 1084 in
714 1051 855 1085 favorem
879 1051 1055 1085 litterarum

312 1104 567 1148 apostolicarum,
593 1104 645 1137 ubi
671 1105 732 1138 illis
752 1116 849 1149 super
873 1104 1058 1148 provisioni-

313 1158 370 1191 bus
394 1169 668 1202 quorumcumque
700 1158 927 1191 beneficiorum
962 1159 1057 1191 eccle-

313 1211 510 1245 siastic-ortui]
540 1211 607 1244 dari
632 1217 796 1255 poterunt,
821 1217 916 1255 prout
939 1212 1056 1244 nostris

313 1264 519 1297 familiaribus
544 1265 701 1298 continuis
734 1265 1000 1298 commensalibus
1028 1276 1073 1298 ew

312 1317 387 1349 tiam
417 1317 515 1360 gratis
547 1318 660 1350 dentur
697 1323 727 1350 ct
761 1318 990 1356 concedantur,
1020 1325 1073 1352 act

312 1370 379 1403 dari
405 1376 435 1403 et
459 1371 589 1404 concedi
614 1371 761 1411 debeant,
786 1372 1000 1415 praecipimus
1026 1378 1055 1404 et

313 1424 506 1457 mandamus.

355 1479 371 1522 g
396 1478 447 1511 ll.
466 1478 509 1511 Ac
534 1477 682 1521 dapiferis
700 1476 880 1520 praedictis,
898 1481 927 1511 et
944 1488 1054 1510 eorum

311 1531 454 1575 singulis,
472 1536 506 1564 ut
531 1531 723 1575 quicumque
741 1531 802 1564 loci
820 1530 987 1571 Ordinarii,
1007 1532 1053 1563 vcl

311 1585 452 1620 canonici
478 1585 811 1629 metropolitanarum,
844 1596 897 1618 seu
922 1585 1054 1618 aliarum

312 1639 535 1680 ecclesiarum,
565 1645 617 1673 aut
650 1649 804 1683 personae
836 1650 1054 1683 quaecumque

312 1693 552 1734 ecclesiasticae,
573 1698 634 1726 tam
653 1693 684 1725 in
702 1694 841 1726 Romana
856 1693 943 1726 curia
960 1704 1053 1737 quam

311 1752 400 1780 extra
417 1757 497 1787 eam,
516 1746 553 1779 ad
572 1746 602 1779 id
619 1757 675 1790 per
695 1757 748 1779 eos
765 1751 795 1779 ct
820 1758 930 1780 eorum
947 1746 1054 1790 singu-

311 1801 358 1834 los
382 1799 536 1843 eligendi,
562 1810 617 1832 seu
641 1799 813 1842 eligendae,
839 1810 1053 1844 quascumque

311 1854 479 1898 pensiones
502 1864 621 1886 annuas
646 1853 690 1886 eis
723 1859 753 1886 et
784 1864 895 1887 eorum
921 1854 1053 1897 singulis

311 1917 406 1951 super
423 1907 676 1951 quibuscumque
696 1907 861 1948 fructibus,
878 1907 1053 1940 redditibus

311 1965 341 1995 ct
364 1961 568 2005 proventibus
590 1971 864 2005 quorumcumque
888 1961 1054 1995 beneficio-

311 2025 382 2047 rum
407 2014 694 2048 ecclesiasticorum
720 2026 791 2048 cum
822 2017 898 2048 cura
927 2020 957 2047 et
987 2015 1052 2048 sine

311 2070 397 2109 cura,
415 2068 604 2101 secularium
622 2073 674 2101 aut
691 2068 875 2112 quorumvis
899 2068 1051 2101 Ordinum
1068 2103 1070 2115 γ

312 2122 515 2165 regularium,
536 2133 592 2156 seu
616 2123 746 2162 fructus,
763 2122 904 2156 redditus
929 2127 957 2155 et
983 2133 1053 2166 pro-

312 2180 421 2209 ventus
435 2176 615 2209 huiusmodi
628 2176 866 2217 beneficiorum,
877 2181 1052 2209 reservatas

311 2241 365 2263 seu
389 2235 575 2272 reservatos,
593 2241 630 2264 ac
643 2231 849 2264 reservandas
875 2241 929 2264 seu
954 2241 1053 2264 reser-

312 2284 437 2325 vandos,
462 2284 583 2317 etiarnsi
610 2284 696 2324 alias,
722 2285 829 2324 semel,
856 2285 903 2317 vel
932 2285 1051 2328 pluries

312 2337 487 2378 translatae,
512 2349 568 2371 seu
593 2338 733 2371 translati
758 2338 884 2379 fuerint,
901 2349 1000 2382 usque
1014 2339 1051 2372 ad

310 2401 467 2423 summam
491 2395 617 2424 centum
641 2391 827 2424 ducatorum
854 2391 1003 2425 similium
1021 2392 1052 2424 in

311 2448 376 2479 toto
394 2444 441 2477 vel
458 2444 490 2476 in
504 2449 604 2488 parte,
620 2455 655 2478 ac
669 2445 763 2478 etiam
781 2445 891 2478 mortis
908 2445 1051 2486 articulo,

311 2508 435 2532 cassare
460 2502 490 2530 et
514 2498 707 2541 extinguere,
732 2509 778 2540 ac,
796 2502 962 2543 postquam
988 2509 1052 2532 cas-

311 2557 395 2585 satae
418 2551 545 2594 fuerint,
566 2551 642 2584 alias
665 2552 784 2586 similes
809 2552 977 2597 pensiones
1001 2564 1054 2585 an-

311 2617 399 2647 nuas,
419 2616 475 2639 seu
499 2605 632 2646 fructus,
648 2605 801 2647 redditus,
826 2611 856 2639 et
880 2611 1052 2650 proventus

310 2659 492 2694 huiusmodi
516 2669 615 2703 usque
633 2659 671 2692 ad
687 2670 844 2693 summam
860 2660 1052 2705 praedictam

393 2721 471 2750 Ball.
492 2721 575 2750 Rom.
592 2736 626 2740 —
643 2721 703 2749 Vol.
718 2720 798 2749 XIII.
964 2721 996 2748 12

1761 247 1810 288 89,
1849 257 1943 284 amc.
1968 257 2033 285 1623

1096 303 1149 335 uni
1174 305 1221 337 vel
1246 304 1389 348 pluribus
1405 304 1474 338 aliis
1490 304 1634 348 personis
1654 304 1836 337 ecclesiasti-

1095 355 1139 388 cis
1162 366 1220 400 per
1244 357 1370 390 eosdem
1395 357 1554 402 dapiferos
1577 362 1608 390 et
1631 367 1742 390 eorum
1767 357 1838 389 sin—

1095 409 1185 451 gulos
1210 410 1418 452 nominandis,
1443 415 1473 445 et
1496 421 1724 454 quaecumque,
1749 416 1837 454 quot-

1095 473 1231 507 cumque
1262 468 1292 498 et
1326 465 1568 510 qualiacumque
1602 465 1757 498 beneficia
1786 476 1837 499 ec-

1094 516 1267 550 clesiastica
1291 518 1504 551 obtinentibus
1529 524 1559 551 et
1583 518 1835 563 expectantibus,

1094 570 1240 603 similiter
1271 571 1315 604 cis
1346 572 1449 614 quoad
1475 573 1625 613 vixerint,
1652 573 1697 606 vel
1723 583 1834 606 corum

1093 623 1353 666 procuratoribus
1378 624 1535 667 legitimis,
1553 626 1670 659 eisdem
1695 626 1790 659 modo
1806 631 1836 659 et

1094 677 1205 717 forma,
1223 677 1339 721 quibus
1357 677 1475 711 eisdem
1496 679 1643 722 dapiferis
1658 683 1836 714 reservatae

1093 740 1147 762 seu
1171 730 1322 763 reservati
1340 731 1466 772 fuerint,
1487 732 1581 764 etiam
1603 732 1720 776 absque
1744 733 1836 766 bene-

1093 782 1163 816 ficia
1185 783 1346 827 praedicta
1372 784 1580 818 obtinentium
1605 796 1769 826 consensu,
1794 786 1836 819 in·

1094 841 1180 879 tegre
1204 837 1431 880 persolvendas
1464 849 1518 871 seu
1546 838 1781 882 persolvend05‚
1806 846 1836 873 et

1092 901 1148 933 per
1173 901 1226 924 eos
1250 891 1482 935 percipiendaS,
1499 892 1670 936 exigendas
1690 897 1719 925 et
1734 892 1836 925 levan-

1092 943 1164 985 das,
1189 954 1244 977 seu
1268 944 1511 988 percipiendos,
1538 943 1706 989 exigendos
1737 951 1767 978 et
1791 945 1834 978 le-

1091 997 1218 1037 vandos,
1243 1007 1416 1038 reservare,
1442 998 1643 1039 constituere,
1661 999 1835 1032 concedere

1091 1054 1120 1082 et
1144 1050 1306 1092 assignare
1323 1051 1455 1091 valeant,
1474 1056 1566 1094 atque
1588 1051 1619 1084 in
1638 1051 1835 1095 possessione

1091 1103 1188 1136 dictas
1211 1103 1375 1146 pensiones
1396 1104 1553 1147 exigendi,
1571 1104 1600 1137 in
1621 1115 1682 1149 qua
1706 1105 1764 1149 ipsi
1785 1105 1835 1138 da-

1090 1156 1181 1200 piferi
1200 1161 1340 1201 ternpore
1363 1158 1575 1191 translationis
1602 1169 1659 1202 per
1676 1169 1730 1191 cos
1746 1170 1834 1203 prac-

1090 1210 1225 1243 sentium
1250 1211 1359 1253 vigore
1393 1211 1554 1244 faciendae
1591 1212 1776 1253 existebant,
1802 1213 1833 1245 in

1090 1263 1236 1296 omnibus
1254 1269 1283 1296 et
1299 1275 1356 1307 per
1372 1264 1480 1297 omnia
1496 1265 1659 1308 subrogati
1676 1275 1744 1298 esse
1760 1277 1833 1299 cen-

1090 1321 1225 1357 seantur,
1242 1317 1335 1350 etiam
1350 1318 1552 1350 concedimus
1571 1324 1601 1351 ct
1622 1319 1831 1362 indulgemus.

1134 1370 1148 1413 g
1178 1370 1224 1402 12.
1251 1370 1287 1402 Et
1311 1370 1335 1403 si
1356 1370 1491 1403 similem
1516 1371 1649 1414 gratiam
1669 1382 1686 1404 a
1704 1372 1833 1415 praede·
1874 1383 1960 1403 naam
1976 1391 2030 1403 »nm-

1090 1423 1268 1457 cessoribus
1280 1424 1396 1457 nostris
1413 1424 1488 1457 alias
1506 1415 1612 1457 [οι-ὢ
1629 1425 1831 1466 obtinuerint,
1846 1410 1886 1457 iii?
1897 1417 1937 1456 Ϊιζίῗ
1956 1444 1974 1456 ω
1985 1419 2019 1456 ..,.“

1090 1488 1145 1510 scu
1169 1477 1301 1520 quilibet
1321 1488 1431 1510 eorum
1449 1478 1630 1519 obtinuerit,
1655 1479 1738 1511 illius
1763 1479 1833 1512 estc-

1072 1553 1073 1556 =
1090 1536 1141 1562 ctu
1165 1530 1353 1563 cuinulative
1371 1542 1424 1564 eos
1449 1531 1598 1574 gaudere,
1620 1538 1648 1564 et
1665 1532 1759 1576 potiri
1780 1544 1831 1566 vo-

1088 1584 1203 1616 lumus.
1224 1584 1443 1625 Deccrncntes,
1463 1584 1546 1628 ipsas
1568 1585 1786 1619 translationes
1803 1592 1832 1619 ct

1088 1648 1184 1671 novas
1208 1638 1448 1679 reservationes,
1474 1639 1711 1672 constitutiones
1727 1646 1757 1673 et
1776 1652 1827 1673 as-

1089 1692 1280 1734 signationes
1318 1692 1527 1736 pensionum,
1557 1703 1613 1726 seu
1648 1693 1830 1735 fructuum,

1089 1746 1268 1779 reddituum
1282 1751 1312 1779 et
1325 1751 1534 1790 proventuum
1552 1746 1744 1788 huiusmodi,
1766 1749 1830 1791 ple-

1088 1810 1159 1832 nam
1171 1799 1296 1833 roboris
1313 1799 1494 1833 firmitatem
1512 1799 1666 1841 obtinere,
1683 1800 1831 1845 ipsosque.

1089 1853 1259 1894 beneficia,
1285 1864 1379 1898 super
1404 1865 1540 1898 quorum
1568 1855 1739 1895 fructibus,
1765 1856 1831 1888 red-

1088 1906 1205 1940 ditibus
1226 1912 1256 1940 et
1279 1907 1487 1951 proventibus
1511 1913 1688 1941 reservatae
1704 1908 1829 1948 fuerint,

1088 1959 1274 2001 obtinentes,
1299 1953 1336 1993 ad
1361 1960 1430 1993 illas
1453 1961 1676 2005 persolvendas
1701 1961 1830 1994 efficaci-

1088 2018 1135 2046 ter
1160 2013 1316 2056 cbligatos
1342 2014 1418 2047 sore.

1132 2067 1146 2111 ἓ
1168 2066 1214 2099 13.
1232 2067 1275 2100 Ac
1296 2067 1413 2100 eisdem
1431 2067 1590 2111 dapiferis,
1608 2067 1692 2111 quod
1708 2068 1828 2100 ratione
1884 2078 1993 2113 inicium
2008 2081 2025 2096 --ι

1087 2131 1360 2165 quarumcumque
1376 2121 1585 2165 pensionum¹
1605 2121 1649 2154 eis
1669 2126 1694 2154 et
1718 2132 1829 2154 eorum
1844 2111 1889 2147 wib
1944 2111 1983 2123 ’Μ’
1999 2112 2027 2124 “”’

1087 2174 1215 2207 cuilibet
1247 2185 1343 2218 super
1378 2174 1630 2218 quibuscumtpte
1670 2174 1829 2207 beneficiis
1870 2163 1903 2176 Μ
1946 2165 1949 2176 ¹

1087 2227 1316 2269 ecclesiasticis,
1332 2234 1365 2261 ut
1388 2229 1565 2272 praefertur
1591 2228 1636 2260 vel
1663 2228 1737 2261 alias
1755 2239 1829 2271 quo-

1087 2282 1259 2316 modolibet
1288 2283 1474 2327 qualilicatis
1500 2283 1582 2321 (non
1613 2287 1716 2315 tamen
1747 2283 1828 2315 ultra

1087 2347 1244 2369 summam
1268 2337 1477 2370 ducentorum
1502 2336 1687 2369 ducatorum
1704 2336 1828 2379 parium

1086 2400 1144 2434 pro
1165 2390 1337 2434 quolibet),
1361 2400 1445 2422 nunc
1476 2394 1505 2421 ct
1529 2399 1587 2432 pro
1613 2394 1754 2432 tempore
1779 2399 1828 2421 rc-

1087 2449 1281 2477 servatarum
1307 2454 1361 2476 seu
1386 2447 1638 2483 reservatorum,
1663 2453 1698 2475 ac
1731 2453 1830 2475 reser-

1088 2498 1259 2530 vandarum
1285 2501 1313 2531 et
1335 2496 1608 2537 reservandcrum,
1634 2496 1773 2530 habitum
1799 2502 1828 2528 ct

1088 2555 1248 2585 tonsuram
1279 2551 1440 2583 clericales
1473 2554 1614 2593 gestare,
1645 2555 1675 2583 et
1705 2550 1737 2582 in
1767 2550 1827 2583 illis

1124 2624 1135 2650 1
1149 2622 1214 2649 lleic
1225 2621 1297 2649 aliud
1308 2621 1518 2656 substantivum,
1530 2630 1560 2649 ex
1571 2630 1598 2657 g.
1609 2629 1657 2650 seu
1666 2623 1825 2657 fructuum,

1087 2668 1182 2695 deesse
1197 2666 1317 2694 cernitur
1332 2675 1363 2694 ex
1378 2674 1453 2702 seqq.
1472 2667 1510 2702 (n.
1527 2665 1577 2702 T.).
