2269 3235
206 267 255 294 An.
273 266 301 293 c.
326 265 392 292 mat
442 257 502 291 102>

254 2299 307 2319 Sixti
328 2305 412 2327 quoquc

228 2329 300 2354 Papae
330 2330 411 2351 interae

228 2356 354 2378 reseruntur.

408 315 544 347 naslei-ia
577 323 631 347 seu
655 312 808 347 beneficia
840 312 905 356 ipsa
933 312 1149 357 possiderent,

409 368 447 400 :ul
479 367 664 401 ¹solutionem
697 366 934 407 communium,
964 371 1149 399 annatarum

410 426 440 453 et
464 421 598 454 aliorum
625 421 741 454 iurium
773 419 1007 463 praedictorum
1032 419 1149 453 eisdem

411 484 571 514 camerae,
596 473 729 515 collegio
754 476 784 506 et
811 473 998 506 officialibus
1029 473 1151 506 ratione

409 527 571 567 unionum,
596 527 817 567 annexionum,
835 536 889 559 seu
905 526 1151 570 applicationum

410 581 642 624 praedictarum
668 579 800 623 singulis
824 579 1004 624 quindecim
1028 580 1117 613 annis
1133 591 1151 613 a

411 634 479 674 (lic,
503 644 565 677 qua
590 634 660 667 illae
685 644 776 666 suum
801 633 930 667 sortitae
954 633 1086 667 fuissent
1108 633 1152 666 cs-

411 688 552 727 scctuui,
589 686 763 719 faciendam
798 686 898 720 teneri
932 691 963 720 ct
997 686 1153 729 obligatos

412 752 489 781 esse,
508 741 591 775 etad
616 741 646 773 id
670 752 729 785 per
753 741 935 781 sententias,
957 750 1106 774 censuras
1123 745 1154 773 et

411 806 528 840 poenas
556 795 588 828 in
617 795 750 838 singulis
782 795 868 828 Pauli
894 793 939 828 11¹
964 800 995 827 et
1018 794 1152 828 aliorum

412 849 691 892 praedecessorum
714 858 845 881 suorum
866 858 1064 881 summorum
1078 847 1155 880 Pon-

415 902 532 935 uticum
550 901 680 935 litteris²
697 904 858 934 contentas
875 901 945 944 cogi
962 905 992 934 et
1008 900 1154 944 compelli

412 967 515 1001 posse,
528 956 666 989 decrevit
679 961 709 988 et
724 954 908 989 declaravit:
922 954 1073 987 mandans
1085 964 1157 998 pro—

413 1016 520 1054 pterca
544 1010 645 1042 bonae
669 1008 842 1041 memoriae
862 1007 1065 1052 Hieronymo,
1082 1012 1157 1040 tunc

414 1063 562 1106 episcopo
586 1060 789 1095 Maccratensi
814 1065 844 1093 et
868 1070 1013 1093 camerae
1034 1065 1157 1104 aposto—

415 1116 492 1149 lirae
517 1115 650 1155 clerico,
675 1119 925 1158 annatarumque
955 1113 1052 1146 iudici
1084 1118 1158 1146 tunc

416 1169 569 1209 existenti,
588 1173 621 1201 ut
636 1178 694 1212 pro
708 1167 841 1201 faciliori
855 1166 1055 1210 indagatione
1071 1166 1159 1200 unio-

415 1233 491 1256 num
516 1222 751 1266 praedictarum
776 1221 882 1254 omnia
906 1225 936 1254 et
960 1220 1082 1264 singula
1107 1230 1158 1253 ca-

416 1276 625 1317 thedralium,
651 1276 744 1309 etiam
768 1274 1104 1319 metropolitanarum,
1129 1279 1159 1307 et

416 1330 653 1373 collegiatarum
686 1329 891 1363 ecclesiarum
915 1327 1069 1372 capitula,
1095 1328 1159 1361 col-

417 1384 509 1427 legia,
534 1394 656 1417 necnon
676 1389 740 1416 tam
764 1383 906 1416 virorum
930 1393 1025 1426 quam
1052 1382 1161 1416 mulie-

417 1448 489 1470 rum
514 1438 670 1471 seculares
691 1442 720 1470 ct
737 1436 922 1480 quorumvis
943 1435 1096 1470 Ordinum
1113 1446 1161 1469 re-

418 1492 544 1535 gulares
569 1490 850 1534 congregationes,
875 1500 930 1523 seu
954 1489 1105 1532 collegia,
1131 1494 1161 1522 et

418 1545 468 1588 pia
494 1545 561 1578 loca
585 1543 777 1584 huiusmodi,
802 1543 1051 1587 eorumdemque
1075 1553 1162 1587 prae-

418 1600 499 1632 latos
523 1603 553 1631 et
576 1602 801 1641 procuratores
830 1597 868 1630 ad
900 1597 1101 1630 indicandum
1132 1601 1162 1629 et

421 1652 635 1697 profitendum
665 1652 770 1685 medio
801 1651 978 1685 iuramento
1002 1650 1109 1685 omnia
1133 1656 1163 1684 et

422 1706 544 1749 singula
568 1705 770 1745 monasteria,
793 1704 969 1749 prioratus,
993 1704 1159 1749 praeposi-

422 1764 518 1800 turas,
542 1759 782 1804 praepositatus,
799 1758 996 1802 parochiales
1015 1758 1163 1791 ecclesias

423 1817 452 1847 et
469 1813 528 1846 alia
545 1823 762 1857 quaecumque
778 1812 932 1845 beneficia
942 1811 1163 1852 ecclesiastica,

423 1877 502 1910 quae
527 1867 593 1911 ipsa
617 1866 762 1910 capitula,
783 1865 1045 1909 congregationes
1058 1870 1088 1898 et
1105 1865 1165 1898 alia

423 1921 492 1953 loca
512 1919 672 1964 praedicta
696 1919 909 1963 possiderent,
934 1924 965 1952 et
988 1929 1050 1962 quo
1074 1918 1165 1952 titulo

425 1974 476 2006 illa
496 1973 709 2017 possidebant,
733 1973 924 2016 illorumque
948 1982 1069 2005 annuos
1085 1972 1165 2005 valo-

426 2037 487 2066 res,
513 2027 570 2059 sub
595 2026 781 2070 privationis
801 2030 831 2060 et
850 2026 918 2059 aliis
943 2025 974 2058 in
998 2025 1110 2059 litteris
1135 2025 1167 2058 in

427 2080 527 2113 forma
552 2085 656 2113 motus
673 2079 795 2124 proprii
812 2079 858 2112 Pii
874 2079 897 2112 V
915 2079 1167 2124 praedecessoris

427 2134 608 2167 huiusmodi
634 2133 787 2167 contentis
820 2133 1000 2174 sententiis,
1026 2132 1168 2166 censuris

428 2193 458 2221 et
477 2188 586 2232 poenis
610 2188 642 2220 in
666 2189 807 2221 Romana
831 2187 918 2221 curia
943 2192 973 2221 et
997 2192 1083 2220 extra
1100 2198 1168 2220 eam

428 2247 573 2275 moneret
600 2247 630 2274 et
660 2242 845 2285 requireret.
870 2242 908 2275 Et
932 2242 1107 2275 successive
1130 2242 1170 2275 fe-

428 2295 495 2328 licis
520 2295 748 2329 recordationis
779 2295 883 2328 Sixtus
915 2295 997 2340 Papa
1021 2296 1055 2336 V,
1076 2295 1168 2329 etiam

428 2349 652 2393 praedecessor
675 2354 791 2391 noster,
813 2349 984 2391 attendens,
997 2349 1082 2394 quod
1102 2354 1168 2383 tan-

464 2458 474 2483 1
494 2457 566 2483 llaec
580 2456 697 2484 habetur
712 2456 738 2483 in
754 2459 818 2484 tom.
834 2464 861 2490 v,
880 2465 939 2492 pag.
956 2457 1005 2485 197
1022 2457 1059 2492 (n.
1077 2457 1124 2488 r).

462 2502 478 2527 '2
500 2502 612 2528 Praeter
632 2502 726 2528 citatas
745 2503 771 2528 in
791 2506 854 2529 nota
873 2502 905 2529 ad
926 2502 1073 2538 rubricam,
1090 2502 1171 2530 habe-

430 2551 470 2572 uu·
487 2547 595 2573 constit.
612 2553 636 2573 iv
657 2547 763 2574 loannis
782 2547 841 2574 Vlll
856 2547 883 2574 iu
898 2552 963 2576 tom.
981 2555 1007 2581 v,
1029 2556 1089 2583 pag.
1107 2548 1168 2582 311,

429 2593 456 2617 ct
471 2591 577 2618 constit.
594 2599 621 2618 vi
637 2590 695 2619 lulii
711 2592 733 2618 lI
749 2592 815 2620 ibid.
832 2601 892 2629 pag.
910 2593 972 2627 4083
989 2596 1015 2620 et
1029 2593 1112 2620 Clem.
1125 2592 1169 2620 VIl

984 262 1164 289 BULLARIUM
1187 263 1343 290 ROMANUM

1182 313 1323 347 tumdem
1347 312 1528 347 detrimenti
1552 322 1710 355 camerae,
1734 314 1868 359 collegio
1892 320 1923 350 ct

1183 367 1369 401 officialibus
1393 367 1561 412 praedictis
1586 379 1623 401 ex
1647 368 1826 411 unionibus,
1842 380 1924 415 quae

1183 421 1222 453 ab
1247 421 1421 455 Ordinariis
1440 422 1582 455 locorum
1608 425 1638 456 et
1657 422 1725 456 aliis
1748 423 1837 464 siunt,
1853 434 1924 468 pro·

1184 474 1278 515 venit,
1294 473 1347 508 ac¹
1365 479 1536 519 propterca
1551 485 1688 519 aequum
1705 486 1773 509 esse
1793 477 1923 518 censuit,

1184 531 1219 560 ut
1242 527 1327 570 quod
1351 527 1382 560 in
1407 527 1575 561 unionibus
1595 537 1652 571 per
1668 527 1781 561 Sedem
1797 529 1926 572 Aposto-

1184 580 1277 613 licam
1302 580 1390 614 factis
1414 580 1518 614 locum
1543 580 1672 621 obtinet,
1696 580 1773 613 illud
1794 580 1876 614 idem
1896 585 1926 616 et

1185 633 1297 667 fortius
1317 633 1349 666 in
1368 633 1538 668 unionibus
1562 644 1619 678 per
1636 633 1723 678 ipsos
1743 633 1926 668 Ordinarios

1185 687 1274 720 sactis
1299 692 1329 721 et
1352 688 1502 721 faciendis
1535 688 1776 729 observaretur3
1800 693 1831 723 et
1854 688 1927 723 licet

1187 739 1218 772 in
1243 740 1521 774 constitutionibus
1551 746 1581 774 et
1605 741 1718 774 litteris
1740 741 1928 786 praedeces-

1187 804 1295 828 sorum
1321 805 1452 828 suorum
1477 795 1703 839 comprehendi
1735 795 1928 837 viderentur,

1187 852 1302 889 tamen,
1319 853 1354 881 ut
1373 848 1467 882 huius
1491 848 1669 893 disputandi
1694 849 1817 884 occasio
1841 860 1930 894 prae-

1189 901 1361 943 cideretur,
1386 906 1475 935 motu
1500 907 1531 935 et
1554 902 1684 935 scientia
1712 902 1866 937 similibus
1890 903 1930 936 de

1189 954 1380 997 apostolicae
1404 955 1566 998 potestatis
1590 956 1785 1000 plenitudine
1809 957 1928 999 statuit,

1190 1007 1330 1040 decrevit
1353 1012 1383 1040 et
1407 1007 1585 1049 declaravit,
1603 1008 1705 1052 quod³
1720 1009 1862 1051 uniones,
1879 1020 1931 1043 an-

1190 1060 1349 1101 nexiones,
1363 1061 1646 1104 incorporationes‚
1660 1062 1887 1106 applicationes
1901 1068 1931 1096 et

1191 1114 1417 1148 submissiones
1442 1114 1480 1148 de
1498 1115 1752 1159 quibuscumque
1769 1116 1931 1150 beneficiis

1192 1167 1411 1200 ecclesiasticis
1440 1171 1503 1200 tam
1533 1168 1728 1201 secularibus
1757 1179 1851 1212 quam
1881 1180 1932 1203 re-

1191 1221 1356 1263 gularibus
1377 1220 1513 1264 (etiamsi
1537 1221 1727 1255 monasteria
1747 1222 1932 1256 monialium

1192 1279 1222 1307 et
1235 1274 1402 1318 hospitalia
1414 1274 1554 1316 fuissent,
1568 1285 1648 1318 quae
1660 1279 1776 1315 tamen,
1790 1280 1934 1319 tempore

1192 1329 1332 1372 ipsarum
1345 1328 1508 1369 unionum,
1522 1329 1609 1369 cura,
1622 1333 1777 1362 conventu
1790 1333 1820 1362 et
1832 1328 1935 1373 hospi-

1192 1381 1311 1414 talitate
1328 1381 1500 1423 caruerint,
1519 1386 1549 1414 et
1565 1392 1702 1425 quorum
1720 1382 1933 1425 singulorum,

1193 1435 1259 1476 vel,
1277 1435 1303 1467 si
1323 1435 1414 1479 plura
1430 1434 1584 1468 beneficia
1599 1435 1701 1468 unicis
1717 1435 1829 1469 litteris
1846 1446 1933 1469 com-

1194 1489 1351 1533 prehensa
1380 1489 1462 1530 sint,
1492 1499 1628 1533 quorum
1658 1488 1789 1533 quilibet
1811 1499 1934 1523 annuus

1196 1542 1281 1575 valor
1306 1542 1555 1586 vigintiquatuor
1579 1541 1709 1576 ducatos
1733 1542 1801 1575 auri
1826 1542 1864 1575 de
1888 1552 1936 1575 ca-

1195 1598 1292 1638 mera,
1318 1595 1491 1629 secundum
1516 1606 1719 1629 communem
1743 1595 1935 1629 aestimatio-

1195 1659 1267 1682 nem
1296 1648 1437 1682 valoris³
1460 1659 1525 1682 non
1553 1649 1738 1690 excederet,
1763 1648 1936 1682 dummodo

1196 1707 1300 1737 tamen
1319 1703 1440 1736 fructus
1454 1702 1594 1736 omnium
1611 1703 1739 1735 insimul
1752 1702 1840 1735 illum
1856 1706 1937 1736 tran-

1197 1756 1379 1800 scenderet)
1393 1756 1580 1799 cuicumque
1598 1756 1757 1797 ecclesiae,
1780 1760 1937 1789 monaste-

1196 1810 1255 1851 rio,
1280 1810 1423 1853 collegio,
1448 1809 1566 1851 domui,
1592 1809 1742 1851 societati,
1767 1820 1939 1853 congrega-

1198 1864 1285 1905 tioni,
1303 1863 1416 1905 ordini,
1430 1863 1569 1904 militiae,
1582 1863 1740 1908 hospitali,
1758 1863 1938 1905 seminario,

1198 1922 1252 1950 aut
1275 1916 1336 1950 alio
1360 1917 1431 1951 loco
1455 1917 1507 1960 pio
1521 1943 1529 1958 ‚
1553 1920 1617 1951 tam
1641 1927 1698 1960 per
1721 1927 1940 1961 quoscumque

1199 1971 1357 2003 Romanos
1382 1970 1548 2003 Pontifices
1571 1970 1830 2014 praedecessores
1855 1980 1939 2011 suos,

1200 2034 1258 2057 nec
1281 2034 1345 2057 non
1373 2034 1430 2068 per
1461 2023 1548 2057 Sedis
1580 2023 1779 2067 Apostolicae
1808 2023 1939 2066 legatos,

1201 2078 1332 2112 nuncios
1346 2083 1376 2111 et
1388 2078 1465 2111 alios
1478 2087 1696 2121 quoscumque
1709 2077 1939 2120 subdelegatos,

1201 2137 1254 2165 aut
1270 2132 1345 2165 alias
1362 2131 1601 2176 quomodolibet
1620 2131 1805 2165 auctoritate
1820 2135 1941 2175 aposto-

1202 2186 1271 2227 lica,
1292 2196 1386 2230 quarn
1406 2195 1463 2229 per
1486 2195 1718 2229 quemcumque
1735 2184 1795 2218 loci
1814 2184 1941 2218 Ordina-

1202 2240 1284 2273 rium
1310 2239 1342 2273 in
1366 2239 1504 2283 qualibet
1535 2238 1644 2271 mundi
1672 2243 1761 2282 parte
1788 2238 1941 2272 hactenus

1202 2294 1300 2327 sactae
1331 2296 1361 2327 et
1390 2293 1422 2326 in
1450 2292 1590 2325 futurum
1615 2291 1794 2333 faciendae,
1819 2292 1942 2326 etiamsi

1202 2347 1360 2381 manualia
1384 2351 1414 2380 et
1436 2345 1475 2380 de
1500 2345 1752 2391 iurepatronatus
1777 2346 1942 2388 laicorum,

1202 2402 1295 2435 etiam
1320 2400 1529 2445 imperatoris,
1554 2410 1684 2443 regum,
1709 2400 1838 2441 ducum,
1863 2411 1944 2434 mar-

1203 2455 1363 2496 chionum,
1387 2454 1558 2494 baronum,
1583 2453 1735 2487 comitum
1756 2458 1786 2487 et
1808 2453 1942 2487 aliorum

1240 2547 1250 2572 1
1269 2544 1307 2572 Ex
1321 2543 1422 2580 syntaxi
1438 2542 1569 2579 particula
1584 2551 1616 2569 ac
1631 2542 1765 2570 redundat
1777 2543 1815 2578 (n.
1832 2542 1881 2578 τ.).

1238 2590 1255 2617 2
1276 2589 1383 2617 Videbis
1402 2591 1496 2625 postea
1514 2587 1676 2624 particulam
1697 2588 1772 2623 quod
1791 2587 1944 2616 redundare

430 2637 539 2663 constit.
564 2643 606 2663 xm
632 2638 658 2663 iu
683 2640 749 2664 tom.
775 2644 816 2672 Vl,
844 2646 904 2674 pag.
933 2637 996 2671 152;
1017 2641 1045 2665 et
1062 2637 1122 2665 Iulii
1134 2637 1169 2665 111
1205 2635 1243 2671 (n.
1260 2634 1310 2669 Τ.).

431 2682 538 2710 constit.
554 2688 632 2718 xxvu,
648 2682 713 2710 ibid.
731 2691 792 2718 pag.
808 2683 861 2711 473
875 2685 914 2718 (R.
931 2683 980 2717 T.).

1238 2679 1255 2708 3
1268 2679 1324 2707 Vox
1338 2678 1444 2708 valoris
1459 2678 1575 2706 delenda
1588 2677 1725 2706 videretur
1741 2678 1776 2715 (a.
1793 2677 1842 2714 τ.).

1933 268 1983 296 An.
2000 268 2030 296 G.
2051 267 2120 296 1624
