2269 3235
258 262 304 288 Λιι.
317 260 344 289 C.
368 260 433 288 1627

297 855 438 878 ltulntgeuttae

256 882 363 906 plenariae
386 881 438 900 etar-

257 911 314 933 gili-⁸.

315 1757 445 1784 Approbalio

262 1787 385 1806 statutorum
432 1789 445 1803 a

270 1813 438 1837 Cone-rogatione

263 1840 288 1859 de
306 1838 446 1864 Propaganda

263 1866 314 1886 Fide
330 1871 367 1890 pro
381 1866 446 1890 ipsius

263 1893 345 1918 collegii
373 1892 446 1916 gnber-

263 1920 446 1939 nice-titornmeo·

264 1945 399 1971 rumdemque
411 1945 446 1965 ob-

265 1973 378 1992 servantia.

343 2502 452 2523 clausum

270 2529 447 2555 praeservativae.
487 2546 491 2551 ,

454 319 491 342 eo
516 308 654 350 legentes
674 306 782 350 quovis
800 305 893 338 modo
910 306 1051 344 utuntur,
1069 302 1191 347 potiun-

454 366 505 395 tur
529 367 558 394 et
582 361 725 403 gaudent,
743 370 778 392 ac
803 360 857 399 uti,
881 358 975 402 potiri
1001 362 1031 390 et
1054 356 1191 399 gaudere

455 420 586 459 possunt
610 420 637 446 ct
665 417 810 456 poterunt
836 411 1073 456 quomodolibet
1094 410 1124 442 in
1144 410 1190 442 su-

455 474 570 508 turum,
587 467 764 510 quibusque
782 465 949 508 collegium
967 469 997 497 et
1022 464 1191 503 scholares,

453 532 488 554 ac
498 525 635 553 rectores
649 524 678 551 et.
690 519 917 561 gubernatores
931 516 1121 557 huiusmodi,
1130 526 1193 550 non

454 574 554 605 solum
580 572 618 605 ad
639 582 748 605 corum
774 572 881 612 instar,
899 571 953 604 scd
978 570 1193 615 parisormitcr

455 631 483 661 et
496 637 593 670 aeque
604 625 822 670 principaliter
835 625 889 665 uti,
904 624 999 668 potiri
1013 628 1042 658 ct
1056 623 1193 666 gaudere

454 680 574 723 possint
592 684 621 712 et
638 679 769 720 valeant,
789 678 821 711 in
838 678 984 712 omnibus
1002 682 1032 709 ct
1056 687 1113 720 per
1130 686 1194 709 om-

453 734 504 766 nia
528 733 646 766 eisdem
671 732 857 765 auctoritate
877 736 907 765 et
927 736 1035 764 tenore
1053 739 1195 763 commu-

454 787 605 820 nicanius.

499 842 514 884 ᾗ
538 840 589 873 12.
608 840 646 872 Ut
672 849 744 872 vcro
770 837 996 882 temporalibus
1021 834 1195 869 commodis

455 893 628 937 spiritualia
653 902 783 925 munera
807 901 932 934 quoque
957 889 1194 931 coniungamus‚

455 946 568 990 quibus
589 946 727 978 fidelium
742 944 865 977 devotio
883 948 912 976 ct
929 942 1040 976 merita
1054 951 1195 974 crescere

457 999 557 1041 magis
581 1003 610 1031 et
634 997 742 1040 augeri
768 996 897 1041 possint,
915 996 953 1028 de
978 994 1117 1028 eiusdem
1133 1004 1196 1027 om-

455 1051 625 1096 nipotentis
650 1051 704 1083 Dei
729 1049 946 1083 misericordia
971 1059 1007 1082 ac
1030 1048 1194 1080 beatorum

457 1105 538 1137 Petri
557 1110 586 1137 et
604 1104 689 1136 I‘auli
703 1104 919 1147 apostolorum
933 1102 998 1135 cius
1010 1100 1196 1134 auctoritate

456 1158 574 1199 confisi,
601 1157 747 1190 omnibus
773 1161 803 1190 et
831 1156 962 1199 singulis
987 1154 1195 1194 scholaribus,

455 1211 630 1245 rectoribus
655 1215 684 1243 ct
709 1210 869 1251 ministris,
896 1209 948 1252 qui
974 1209 1003 1241 in
1028 1208 1110 1241 idem
1132 1208 1196 1240 col-

456 1265 572 1308 legium
589 1263 705 1307 reccpti
722 1264 848 1305 suerint,
867 1262 896 1295 in
914 1262 981 1306 ipso
999 1262 1153 1304 ingressu,
1168 1265 1197 1293 et

456 1318 566 1351 deinde
581 1318 612 1349 in
626 1317 719 1356 exitu,
733 1315 774 1349 si¹
789 1316 917 1359 quidem
932 1314 1064 1348 confessi
1081 1318 1110 1346 ct
1128 1324 1197 1347 con-

457 1372 519 1406 triti
538 1370 769 1403 sanctissimum
788 1369 1001 1402 Eucharistiae
1019 1378 1196 1401 sacramen-

458 1429 522 1459 tum
540 1423 740 1468 sumpserint,
758 1428 850 1466 atque
868 1422 971 1462 ctiam,
992 1421 1017 1453 si
1038 1421 1068 1453 in
1086 1421 1196 1454 codem

458 1478 590 1521 collegio
608 1476 759 1509 decedere
777 1486 830 1508 eos
847 1475 885 1507 ab
902 1475 1049 1508 humanis
1063 1474 1198 1517 contige-

457 1532 507 1572 rit,
524 1532 555 1564 in
574 1530 682 1563 mortis
699 1529 841 1571 articulo,
861 1528 1033 1572 plenariam
1055 1528 1197 1561 omnium

458 1590 488 1618 et
512 1585 709 1627 singulorum
726 1588 929 1627 peccatorum
950 1592 1079 1615 snorum
1098 1581 1198 1613 indul-

459 1638 595 1681 gentiam
614 1642 643 1670 et
663 1636 881 1669 remissionem
903 1634 1151 1668 misericorditer
1168 1634 1199 1666 in

459 1690 591 1724 Domino
608 1689 809 1722 concedimus
826 1694 855 1722 et
871 1688 1051 1731 elargimur.

506 1745 520 1787 ξ
544 1743 590 1776 13.
613 1744 774 1775 Postremo
792 1751 1007 1786 quascumque
1027 1740 1153 1784 regulas
1171 1744 1201 1773 et

462 1797 699 1831 constitutiones
723 1796 762 1829 ad
787 1795 927 1828 eiusdem
953 1794 1088 1838 collegii,
1106 1794 1201 1827 illius—

461 1862 521 1895 que
538 1861 753 1894 personarum,
772 1860 879 1882 rerum
895 1854 926 1882 et
940 1849 1098 1882 bonorum
1114 1848 1202 1892 spiri-

462 1905 591 1938 tualium
610 1910 639 1936 et
665 1903 885 1947 temporalium
911 1912 1030 1945 curam,
1048 1902 1200 1944 regimen,

462 1958 650 2002 gubernium
671 1962 701 1990 et
721 1957 927 1989 directionem
952 1960 982 1988 et
1006 1955 1202 1988 administra-

462 2013 589 2053 tionem,
606 2022 641 2044 ac
661 2011 861 2044 alumnorum
885 2010 1099 2054 praefatorum
1120 2019 1203 2042 rece-

462 2066 612 2110 ptionem,
630 2065 862 2105 admissionem,
889 2064 1015 2105 victum,
1042 2063 1201 2104 amictum,

464 2119 711 2159 instructionem,
729 2118 926 2162 disciplinam
944 2122 974 2150 et
990 2118 1049 2150 alia
1074 2128 1204 2161 quomo-

463 2172 579 2205 dolibet
603 2172 800 2216 pertinentia,
819 2182 835 2204 a
856 2172 937 2204 dicta
961 2172 1050 2204 sacra
1069 2170 1107 2203 de
1132 2170 1204 2204 Pro-

463 2226 606 2270 paganda
622 2226 695 2258 Fide
712 2225 960 2269 Congregatione
980 2225 1030 2258 die
1046 2225 1130 2258 nona
1150 2235 1204 2258 no-

464 2280 601 2312 vembris
627 2279 784 2312 millesimi
813 2279 1031 2313 sexcentesimi
1055 2278 1203 2322 'vigesimi

465 2333 541 2366 sexti
558 2333 648 2374 edita,
665 2334 757 2367 etiam
775 2338 927 2377 perpetuo
947 2333 1157 2377 approbamus
1175 2337 1205 2365 et

466 2387 697 2427 confirmamus,
716 2386 846 2430 illasque
863 2387 901 2419 ab
917 2386 1062 2420 omnibus
1079 2385 1206 2420 inviola-

467 2440 568 2473 hiatu·
585 2439 744 2473 observari
759 2440 902 2473 volumus
920 2445 949 2473 et
966 2440 1159 2473 mandamus.

513 2498 527 2537 ‘3
551 2493 601 2526 tt.
622 2494 839 2534 Decernentcs,
856 2494 1029 2537 praemissa
1054 2493 1159 2527 omnia
1176 2497 1206 2526 et

470 2547 600 2586 singula,
611 2557 646 2580 ac
657 2552 835 2590 praesentes
846 2552 968 2581 nostras
978 2548 1107 2590 litteras,
1119 2547 1205 2580 nullo

473 2610 607 2643 unquam
629 2605 769 2643 tempore
786 2611 821 2633 ex
839 2601 1088 2645 quibuscumque
1105 2601 1206 2635 causis

507 2663 517 2689 1
537 2660 697 2688 Particutam
710 2663 735 2690 si
749 2671 798 2690 nos
814 2662 936 2692 addimus
949 2663 988 2698 (n.
1004 2664 1053 2699 T.).

1033 255 1210 279 BULLARIUM
1234 253 1388 278 ROMANUM

1978 249 2029 278 An.
2041 248 2069 278 C.
2091 248 2158 278 ¹627

1224 300 1262 335 de
1287 299 1500 344 subreptionis
1526 299 1573 332 vel
1599 297 1792 342 obreptionis
1816 308 1872 332 seu
1897 298 1963 332 nul-

1224 352 1318 385 litatis
1348 351 1444 392 vitio,
1469 354 1521 383 aut
1552 349 1732 383 intentionis
1759 354 1884 383 nostrae
1914 349 1963 382 vel

1225 415 1424 449 quocumque
1438 403 1498 438 alio
1512 403 1633 436 defectu
1646 402 1758 443 notari,
1773 403 1962 447 impugnari,

1225 458 1404 500 retractari,
1422 468 1476 491 scu
1505 457 1598 490 etiam
1627 455 1790 497 revocari,
1807 456 1963 499 suspendi,

1226 511 1384 554 restringi,
1410 510 1548 551 limitari,
1569 514 1622 542 aut
1647 509 1678 541 in
1703 509 1751 541 ius
1771 509 1819 541 vcl
1844 513 1965 542 contro-

1227 565 1361 597 versiam
1395 563 1516 605 vocari,
1547 573 1603 595 seu
1633 562 1671 594 ad
1705 561 1856 594 terminos
1888 560 1965 593 iuris

1227 618 1334 652 reduci
1358 628 1460 662 posse,
1481 628 1538 650 nec
1562 625 1753 660 quemquam
1777 614 1816 647 ad
1841 615 1965 648 casdem

1226 676 1406 715 praesentes
1420 672 1451 704 in
1465 672 1591 704 camera
1606 668 1786 713 apostolica,
1800 668 1884 701 iuxta
1897 678 1968 701 con-

1228 725 1422 758 stitutionem
1445 725 1514 769 piae
1540 723 1711 757 memoriae
1731 722 1776 755 Pii
1801 722 1901 766 Papae
1920 723 1967 763 lV,

1228 779 1321 811 etiam
1342 778 1596 822 praedecessoris
1619 777 1730 817 nostri,
1746 776 1883 820 desuper
1903 775 1967 808 edi-

1228 837 1300 873 tam,
1318 836 1371 864 aut
1389 832 1463 864 alias
1479 831 1669 875 quandoque
1692 829 1967 874 praesentandum,

1228 885 1449 917 insinuandum
1460 888 1490 918 et
1500 884 1662 927 registrari
1672 883 1848 916 faciendum
1860 883 1967 925 teneri,

1228 948 1329 981 neque
1341 942 1509 981 propterea
1521 937 1573 970 illa
1585 937 1720 970 invalida
1730 947 1808 977 esse,
1818 936 1872 969 sed
1883 936 1968 969 omni

1230 991 1323 1024 modo
1342 991 1460 1032 valere,
1479 1001 1514 1023 ac
1534 990 1559 1023 si
1579 990 1760 1023 constitutio
1784 990 1923 1033 praefata
1939 994 1969 1022 et

1229 1044 1289 1076 alia
1313 1043 1471 1076 contraria
1496 1043 1625 1076 minime
1650 1047 1864 1082 emanassent;

1274 1098 1288 1140 ἓ
1314 1097 1364 1136 15.
1390 1097 1503 1141 Siequc
1527 1108 1584 1141 per
1611 1107 1828 1141 quoscumque
1853 1096 1969 1130 iudices

1230 1150 1407 1183 ordinarios
1417 1156 1446 1183 et
1455 1150 1625 1193 delegatos,
1636 1150 1729 1183 etiam
1743 1160 1885 1183 camerae
1898 1161 1971 1194 apo-

1230 1204 1357 1237 stolicae
1378 1204 1595 1247 praesidentes
1619 1208 1649 1236 et
1668 1204 1809 1289 (ssricos,
1830 1203 1970 1236 ciusdem

1231 1262 1355 1290 sanctae
1379 1258 1538 1290 Romanae
1562 1251 1680 1290 Eeclesi
1704 1267 1720 1289 e
1750 1257 1970 1300 camerarium,

1231 1310 1511 1343 vicecamerarium
1536 1316 1566 1343 et
1590 1321 1756 1343 causarum
1773 1310 1879 1354 palatii
1900 1321 1973 1355 apo-

1231 1363 1331 1396 stolici
1357 1364 1526 1404 auditores,
1540 1374 1575 1397 ac
1592 1364 1669 1396 alios
1689 1364 1789 1397 dictae
1814 1365 1972 1398 Romanae

1232 1417 1387 1450 Ecclesiae
1408 1417 1582 1450 cardinales
1600 1417 1735 1461 (sublata
1752 1412 1798 1450 eis*
1812 1421 1842 1452 et
1861 1429 1972 1451 eorum

1232 1470 1359 1503 cuilibet
1383 1471 1491 1514 quavis
1516 1471 1606 1503 aliter
1634 1470 1792 1503 iudicandi
1817 1476 1846 1504 et
1870 1471 1970 1504 inter-

1231 1524 1373 1568 pretandi
1398 1524 1544 1557 facultate
1569 1529 1599 1556 et
1622 1524 1822 1568 auctoritate)
1843 1524 1973 1557 iudicari

1232 1583 1262 1611 et
1285 1578 1409 1610 definiri
1434 1577 1559 1620 debere,
1578 1577 1703 1610 irritum
1721 1588 1847 1622 quoque
1866 1583 1896 1611 et
1912 1578 1975 1611 ina-

1231 1642 1280 1672 ne,
1298 1630 1448 1674 quicquid
1473 1641 1562 1664 secus
1587 1641 1682 1674 super
1702 1631 1750 1664 his
1768 1641 1784 1663 a
1805 1641 1974 1676 quoquam,

1233 1685 1340 1729 quavis
1356 1685 1551 1725 auctoritate,
1569 1685 1703 1718 scienter
1721 1686 1767 1718 vel
1782 1685 1974 1728 ignoranter,

1233 1738 1401 1781 contigerit
1420 1738 1574 1772 attentari.

1278 1792 1293 1835 g
1310 1791 1356 1824 16.
1375 1791 1527 1831 Quocirca
1538 1791 1708 1824 venerabili
1722 1791 1810 1826 fratri
1828 1792 1975 1836 episcopo
1991 1832 1995 1835 ,
2016 1804 2174 1834 exequutomm

1235 1844 1410 1887 Viennensi,
1425 1849 1455 1878 et
1472 1844 1583 1878 nuntio
1600 1845 1749 1888 praefato,
1763 1855 1886 1879 necnon
1903 1845 1976 1878 dile·
1990 1833 2052 1888 {32¹1}
2069 1831 2175 1884 Cfissiaiii'zil

1235 1903 1284 1933 cto
1303 1899 1369 1932 filio
1390 1909 1554 1932 causarum
1572 1899 1677 1932 euriae
1698 1909 1841 1932 camerae
1854 1904 1977 1943 aposto·
1989 1887 2027 1906 ‘¹⁰'

1235 1953 1312 1986 licae
1329 1953 1468 1997 generali
1488 1953 1624 1986 auditori
1644 1958 1731 1987 motu
1750 1953 1819 1998 pari
1835 1964 1894 1998 per
1906 1965 1977 1999 apo-

1236 2007 1345 2040 stolica
1369 2007 1484 2051 scripta
1509 2006 1705 2048 mandamus,
1730 2012 1883 2051 quatenus
1908 2007 1976 2052 ipsi,

1237 2062 1284 2094 vel
1297 2061 1368 2104 duo,
1384 2066 1436 2094 aut
1448 2071 1529 2094 unus
1542 2071 1663 2102 eorum,
1679 2072 1736 2105 per
1750 2072 1792 2102 se,
1806 2062 1853 2095 vel
1870 2061 1976 2105 alium,

1237 2126 1290 2149 seu
1316 2115 1406 2158 alios,
1432 2120 1613 2159 praesentes
1637 2119 1761 2148 nostras
1785 2114 1922 2156 litteras,
1947 2121 1978 2148 et

1237 2170 1268 2202 in
1283 2170 1326 2202 eis
1341 2175 1485 2203 contenta
1502 2179 1728 2213 quaecumque,
1741 2169 1796 2201 ubi
1811 2173 1840 2201 et
1853 2169 1978 2212 quando

1237 2234 1315 2267 opus
1335 2223 1439 2264 suerit,
1457 2233 1492 2256 ac
1509 2223 1631 2267 quoties
1655 2233 1713 2266 pro
1734 2227 1822 2266 parte
1846 2222 1978 2257 rectoris

1238 2283 1268 2310 et
1287 2277 1487 2310 alumnorum
1512 2276 1636 2319 collegii
1657 2276 1837 2309 huiusmodi
1862 2276 1979 2310 suerint

1237 2330 1390 2375 requisiti,
1415 2330 1596 2363 solemniter
1620 2330 1829 2374 publicantes,
1854 2330 1979 2374 illisque

1238 2384 1373 2418 efficacis
1397 2383 1587 2417 defensionis
1603 2383 1762 2428 pracsidio
1783 2383 1978 2426 assistentes,

1237 2438 1352 2472 saciant
1375 2438 1562 2472 auctoritate
1578 2439 1685 2471 nostra
1699 2437 1825 2471 easdem
1837 2447 1981 2481 praesen-

1239 2498 1284 2526 tes
1302 2497 1332 2526 et
1348 2492 1380 2525 in
1400 2492 1444 2525 eis
1464 2496 1609 2525 contenta
1627 2491 1809 2525 huiusmodi
1825 2492 1864 2525 ab
1882 2491 1982 2525 omni-

1239 2547 1314 2588 bus,
1339 2546 1378 2579 ad
1403 2556 1481 2590 quos
1509 2549 1627 2590 spectat
1651 2545 1732 2578 etin
1755 2545 1897 2578 futurum
1921 2555 1981 2589 pro

1240 2605 1383 2645 tempore
1395 2599 1556 2644 spectabit,
1569 2599 1704 2633 firmiter
1714 2605 1743 2632 et
1759 2599 1981 2633 inviolabiliter

1240 2653 1411 2695 observari,
1435 2664 1471 2688 ac
1494 2657 1652 2688 rectorem
1671 2658 1701 2688 et
1718 2653 1862 2688 alumnos
1875 2652 1981 2687 huius-

2007 1110 2106 1131 Ctausula
2123 1110 2168 1131 sub-

1985 1138 2033 1158 latii.
