2269 3235
115 258 167 286 An.
189 259 218 285 C.
236 257 302 285 1624

920 256 1059 280 t'mmuus

311 315 433 338 necnon
458 304 654 338 irritantibus
679 308 708 338 et
725 304 792 337 aliis
809 304 953 344 decretis,
971 315 1050 347 quo-

312 369 382 391 rum
408 364 532 391 tenores
551 359 660 391 baberi
685 358 782 390 voluit
802 368 859 401 pro
884 356 1050 400 expressis,

311 413 357 444 vel
379 411 454 444 alias
474 412 585 456 quovis
610 411 703 444 modo
731 416 760 444 et
778 421 815 442 ex
831 410 940 453 (pulvis
958 411 1049 441 causa

312 464 434 506 l'actae',
456 465 577 498 etiamsi
595 465 720 497 illorum
742 464 850 506 vigore
870 463 907 495 ad
925 463 1051 506 deputa-

313 518 427 551 tioncm
452 524 482 552 ct
507 518 750 562 resignationem
778 516 977 556 huiusmodi,
1002 511 1068 549 veli

312 571 403 604 aliam
430 572 571 620 quamvis
603 571 838 615 dispositionem
867 580 1067 619 processum¹

315 625 431 667 suisset,
442 636 478 658 ae
488 625 609 658 etiamsi
625 624 728 657 officia
741 624 809 668 ipsa
822 629 966 667 tempore
980 634 1051 656 con-

313 678 462 712 cessionis
487 678 680 711 indultorum
707 677 887 710 huiusmodi
912 682 982 709 actu
1004 687 1051 708 va-

312 737 429 772 carent,
454 732 485 764 in
505 733 542 764 ea
562 735 661 775 parte,
682 742 744 774 qua
767 731 889 764 vivente
909 731 1050 763 Romano

313 785 461 818 l'ontifice
480 785 607 818 illorum
636 790 765 818 auctore
786 789 1004 818 consummata
1021 788 1051 817 et

312 838 428 870 realem
454 837 599 870 effectum
625 837 734 870 sortita
758 848 820 871 non
846 842 933 878 sunt,
959 837 1069 870 salvis

1086 256 1138 279 vm
1164 257 1210 280 rr.

1085 315 1142 337 nos
1163 304 1328 337 l‘ontitices
1350 302 1607 347 praedecessores
1624 312 1706 343 suos,
1728 312 1822 344 quam

1084 356 1285 389 Sanctitatcm
1310 357 1404 389 Suam
1430 365 1579 389 concessa
1603 355 1762 393 hactenus,
1779 364 1824 386 re-

1086 409 1214 449 vocavit,
1239 409 1371 441 cassavit
1395 414 1425 441 et
1449 407 1628 447 annullavit,
1645 418 1680 440 ac
1706 406 1823 438 viribus

1085 467 1113 493 ct
1131 462 1242 494 cll'ectu
1268 463 1444 499 macliavi&
1463 462 1504 494 ita
1521 467 1623 494 tamen
1645 465 1677 493 ut
1696 460 1823 492 faculta-

1085 519 1130 546 tes
1148 515 1353 547 transferendi
1372 515 1539 558 pensiones
1557 513 1748 553 huiusmodi,
1766 524 1824 556 pro

1086 568 1121 600 ca
1132 573 1231 611 parte,
1244 578 1324 611 quae
1341 567 1538 600 medietatem
1551 569 1719 606 fructuum,
1730 566 1823 599 etiam

1085 621 1290 661 incertorum,
1312 622 1359 654 vel
1384 621 1653 662 distributionum,
1671 626 1824 664 quatenus

1086 685 1180 718 super
1197 675 1257 708 illis
1278 675 1339 708 sint
1356 675 1520 718 impostae,
1537 685 1599 707 non
1617 674 1755 714 excedat,
1769 673 1822 706 sir-

1086 739 1154 762 mae
1172 733 1200 762 et
1218 729 1342 761 illaesae
1360 733 1551 761 remaneant.
1574 729 1609 760 Et
1624 728 1754 772 insuper
1772 739 1824 762 vo-

1086 783 1142 816 luit
1160 788 1189 816 et
1206 783 1361 816 ordinavit
1378 793 1441 825 eos,
1456 783 1521 827 qui,
1539 787 1701 826 praetextu
1718 793 1823 815 exces-

1087 848 1138 870 sus
1162 837 1338 870 medietatis
1363 838 1521 870 fructuum
1551 846 1606 868 sen
1629 835 1824 868 distributio-

1731 243 1792 275 r107
1840 253 1888 277 An.
1909 251 2021 278 01624

313 896 415 923 tamen
439 890 675 924 remanentibus
703 890 837 923 decretis
862 896 892 923 et
916 900 1069 923 reserva<
1086 901 1162 923 num
1181 890 1377 932 huiusmodi,
1394 895 1515 934 partem
1529 889 1716 933 pensionum
1729 893 1826 921 trans-

312 944 449 977 tionihus
473 944 713 988 dispositionum
738 944 769 976 in
786 944 989 977 concessione
1006 945 1051 978 of·
1068 982 1069 988 ἵ
1088 946 1219 977 latarum
1236 945 1357 978 solvere
1371 943 1595 982 recusaverint,
1609 942 1646 975 ad
1663 953 1824 975 excessum

312 996 457 1029 liciorum
483 1001 557 1031 tunc
581 1002 651 1030 actu
676 997 850 1031 vacantium
888 998 1189 1045 particula-„ipsum
1215 998 1412 1042 probandum
1438 997 1554 1036 teneri:
1585 1007 1642 1029 nec
1679 996 1825 1031 interim.

314 1050 401 1083 ribus
426 1051 570 1094 personis
593 1051 764 1087 dumtaxat,
784 1061 847 1083 non
865 1055 968 1084 autem
989 1051 1053 1083 col·
1068 1056 1070 1094 t
1087 1052 1261 1096 praesentis
1274 1051 1488 1095 dispositionis
1509 1055 1683 1094 praetextu,
1703 1060 1827 1093 proces—

314 1104 413 1146 legiis,
424 1104 743 1145 conl'raternitatibus,
753 1104 1053 1148 congregationibus
1087 1118 1156 1139 sum
1176 1106 1399 1149 exequutivum
1413 1109 1465 1139 aut
1482 1105 1669 1138 solutionem
1687 1105 1826 1147 integrae

316 1157 1052 1201 x·elcapitulis,factainterpositis,ipsorumque
1088 1160 1268 1204 pensionis,
1293 1165 1447 1203 quatenus
1475 1159 1549 1191 alias
1575 1159 1634 1191 illis
1659 1159 1746 1191 lorus
1771 1158 1826 1194 sit=

315 1210 515 1243 decretorum
541 1211 814 1244 translationibus:
1069 1207 1233 1256 {impediri
1257 1218 1309 1245 aut
1335 1212 1487 1245 retardari
1513 1212 1635 1244 debere.

398 1264 426 1296 2.
453 1265 580 1297 Necnon
604 1264 810 1296 transferendi
839 1275 1070 1307 quascumque
1133 1266 1146 1307 ξ
1171 1265 1199 1297 3.
1222 1265 1468 1305 Dece1·nens‚sic
1502 1265 1533 1297 in
1560 1265 1741 1308 praemissis
1772 1276 1828 1308 per

313 1317 479 1359 pensiones
505 1327 622 1349 annuas
646 1328 742 1360 super
766 1310 1052 1360 patriarcliialium‚
1069 1314 1072 1350 i
1087 1330 1305 1362 quoscumque
1334 1319 1451 1351 iudices
1483 1317 1660 1351 ordinarios
1684 1323 1712 1350 et
1737 1318 1827 1351 dele-

313 1370 640 1413 metropolitanarum,
659 1370 895 1410 cathedralium,
914 1375 943 1404 et
963 1371 1054 1403 abba-
1069 1355 1071 1404 i
1088 1378 1193 1414 gatos,
1218 1372 1311 1405 etiam
1337 1382 1502 1405 causarum
1532 1371 1639 1415 palatii
1664 1372 1826 1415 apostolici

314 1422 431 1456 tialium
450 1434 643 1464 mensarum,
660 1429 688 1456 et
708 1423 895 1468 quorumvis
909 1424 1054 1457 ecclesia-
1070 1422 1071 1435 ³
1088 1426 1257 1465 auditores,
1278 1426 1426 1469 ipsosmet
1442 1425 1616 1458 cardinales
1633 1425 1769 1467 <sublata
1785 1426 1829 1458 eis

312 1476 481 1517 sticorum,
507 1482 569 1509 tarn
596 1477 784 1510 secularium
811 1489 905 1521 quam
932 1478 1054 1520 regula·
1069 1499 1072 1531 ἑ
1088 1486 1117 1512 et
1134 1490 1244 1512 corum
1263 1479 1389 1513 cuilibet
1405 1479 1545 1522 qualibet
1565 1479 1654 1511 aliter
1672 1478 1828 1511 iudicandi

314 1531 406 1570 rium,
419 1531 647 1564 beneficiorum
665 1532 962 1575 quomodocumque
981 1542 1054 1575 qua-
1070 1534 1071 1575 ξ
1089 1539 1118 1565 et
1141 1533 1365 1577 interpretandi
1397 1533 1540 1565 facultate
1563 1537 1592 1564 et
1612 1532 1828 1575 auctoritate).

312 1584 500 1617 liticatorum
538 1585 714 1625 fructibus,
740 1590 802 1617 tam
832 1585 926 1618 certis
959 1595 1052 1628 quam
1070 1585 1071 1625 ξ
1089 1586 1220 1619 iudicari
1246 1592 1273 1618 ct
1300 1586 1424 1618 deliniri
1449 1585 1580 1625 debere,
1604 1595 1725 1617 necnon
1755 1584 1829 1617 irri-

313 1637 450 1678 incertis‚
476 1648 510 1670 ac
536 1638 628 1672 etiam
653 1638 927 1672 distributionibus
951 1639 1053 1682 quoti·
1070 1656 1071 1677 i
1090 1645 1153 1674 tum
1180 1645 1209 1672 et
1230 1640 1321 1673 inane
1346 1639 1495 1683 quicquid
1520 1649 1609 1672 secus
1630 1650 1724 1682 super
1741 1649 1829 1682 prae-

312 1691 412 1724 dianis
429 1698 613 1733 reservatas,
627 1703 706 1736 quac
723 1698 826 1726 tamen
844 1703 900 1736 per
917 1693 1053 1726 exactio-
1070 1727 1071 1741 ¹
1090 1694 1192 1726 missis
1217 1705 1274 1738 per
1299 1703 1526 1737 quoscumque,
1548 1692 1641 1725 etiam
1666 1697 1829 1736 praetextu

312 1755 383 1777 nem
398 1745 592 1788 integrarum
609 1746 795 1790 pensionum
810 1746 1002 1786 huiusmodi,
1016 1746 1053 1778 ab
1070 1749 1071 1778 Ξ
1088 1747 1287 1787 facultatum,
1313 1746 1508 1779 indultorum
1534 1751 1563 1778 et
1590 1745 1829 1789 privilegiorum

313 1799 388 1842 ipsis
406 1799 611 1832 translatariis
625 1800 749 1841 factam,
766 1800 883 1832 realem
901 1805 929 1832 ct
947 1805 1053 1832 actua-
1070 1793 1072 1820 7
1088 1800 1333 1844 praedictorum,
1348 1800 1482 1834 scienter
1496 1799 1542 1832 vel
1561 1799 1832 1841 ignoranteraeon-

139 1275 257 1297 Moderatio
270 1278 298 1298 in-
359 1265 373 1307 ἓ

114 1301 219 1323 nullorum
230 1306 298 1324 trans-

115 1328 194 1349 ferendi
215 1335 298 1355 pensto-

113 1360 155 1374 nes.

1871 1274 2026 1303 Appositw'de-

1844 1304 1894 1320 creti
1917 1306 1939 1320 tr·
1948 1303 2025 1320 ilenti».

314 1852 374 1884 lem
399 1852 543 1886 effectum
574 1853 718 1885 sii-uiliter
743 1854 852 1886 sortita
876 1864 938 1886 non
965 1858 1053 1894 sunt,

314 1915 372 1947 pro
397 1907 531 1945 summa,
553 1916 633 1948 quae
651 1906 851 1938 medietatem
873 1906 937 1938 veri
959 1906 1053 1938 annui

315 1958 428 1991 valoris
445 1959 604 1991 fructuum
620 1970 746 1994 mensae
764 1970 818 1992 seu
835 1959 990 2000 beneficii,
1008 1970 1055 1992 su·
1070 1954 1073 1988 ἶ

313 2022 369 2055 per
388 2012 502 2056 quibus
521 2013 630 2056 pensio
652 2014 865 2047 transferenda
887 2024 941 2046 seu
959 2018 1056 2046 trans-

313 2067 374 2099 lata
391 2074 550 2100 reservata
559 2068 730 2112 reperitur,
741 2067 880 2107 excedat,
889 2067 1055 2110 quibusvis

313 2121 457 2164 personis
482 2121 576 2154 etiam
602 2121 763 2162 abbatiali,
788 2121 978 2164 episcopali,
1003 2132 1053 2153 ar—

313 2174 544 2219 chiepiscopali,
568 2175 779 2219 patriarchali,
798 2175 844 2207 vet
861 2174 922 2207 alia
947 2174 1056 2218 quavis

313 2227 463 2270 dignitate
480 2228 572 2262 etiam
586 2228 796 2261 cardinalatus
805 2228 924 2261 bonore
936 2228 1057 2271 fulgen-

314 2281 407 2323 tibus,
425 2282 488 2315 sive
505 2281 599 2315 etiam
621 2282 659 2315 ad
677 2283 816 2315 savorem
833 2293 1057 2325 quorumcum-
1072 2295 1074 2319 ι

314 2346 375 2379 que
392 2336 534 2369 locorum
556 2336 682 2380 piorum
701 2341 731 2369 et
752 2337 959 2379 collegiorum
981 2347 1057 2380 quo-

316 2389 360 2421 vis
382 2389 495 2421 intuitu
516 2394 546 2422 et
570 2389 830 2428 consideratione,
848 2390 940 2422 etiam
958 2395 1055 2429 motu,

314 2441 462 2478 scientia,
488 2447 518 2474 et
542 2443 704 2486 potestatis
727 2442 921 2486 plenitudine
949 2442 1057 2476 simili·

315 2496 382 2538 bus,
400 2505 521 2528 necnon
546 2496 693 2528 clausulis
710 2501 736 2528 ct
757 2496 891 2529 decretis
916 2496 1055 2539 paribus,

314 2559 450 2592 quorum
484 2553 609 2582 tenores
641 2549 785 2582 similiter
816 2559 873 2592 pro
898 2549 1055 2592 expressis

315 2602 424 2636 haberi
438 2602 549 2643 voluit,
562 2606 625 2635 tam
640 2612 695 2645 per
708 2612 926 2646 quoscumque
943 2603 1056 2635 Roma-

352 2666 363 2692 1
380 2664 474 2692 Potius
488 2663 632 2700 tegendum
646 2651 723 2699 s'czc‘ta
739 2665 777 2700 (a.
792 2665 842 2700 n).

1089 1853 1194 1896 tigerit
1218 1854 1374 1886 attentari.

1133 1910 1147 1950 ᾗ
1172 1907 1201 1939 4.
1219 1907 1442 1947 Fzmuhatibus,
1457 1907 1584 1940 indultis
1601 1913 1629 1939 et
1647 1906 1830 1950 privilegiis,

1089 1961 1220 2004 aliisque
1245 1960 1439 2004 praemissis,
1459 1970 1581 1993 necnon
1607 1963 1731 1999 statuto,
1749 1959 1831 1992 ordi—

1088 2013 1230 2053 natione,
1255 2018 1283 2045 ct
1309 2012 1520 2046 declaratione
1546 2012 1624 2045 Suae
1653 2011 1830 2045 Sanctitatis

1090 2068 1120 2100 in
1137 2066 1308 2100 crastinum
1327 2066 1393 2099 eius
1417 2065 1640 2109 assumptionis
1656 2065 1694 2098 ad
1714 2066 1828 2098 summi

1089 2122 1283 2166 apostolatus
1300 2121 1422 2164 apicem
1440 2120 1541 2160 editis,
1556 2120 1629 2152 etin
1643 2119 1830 2152 cancellaria

1089 2174 1262 2218 apostoliea
1293 2174 1350 2206 sub
1377 2173 1426 2206 die
1457 2183 1512 2206 xxi
1544 2173 1661 2205 mensis
1693 2172 1831 2205 octobris

1090 2229 1162 2261 anni
1191 2238 1336 2262 MDcxxni
1359 2227 1525 2271 publicatis
1536 2226 1554 2268 ¹,
1579 2227 1726 2271 quodque
1756 2226 1829 2260 dicti

1091 2283 1119 2316 S.
1138 2284 1172 2317 R.
1189 2283 1221 2316 E.
1240 2282 1415 2316 cardinales
1439 2281 1715 2315 constitutionibus
1736 2286 1766 2313 et
1785 2290 1830 2313 re-

1091 2337 1182 2379 gulis,
1196 2347 1253 2380 per
1269 2335 1471 2369 Sanctitatem
1489 2335 1582 2368 Suam
1600 2338 1670 2378 post
1687 2334 1829 2378 priorum

1091 2401 1217 2422 suarum
1243 2389 1501 2422 constitutionum
1517 2394 1547 2421 et
1564 2388 1746 2431 regularum
1767 2387 1830 2420 edi-

1090 2443 1207 2475 tionem
1224 2448 1253 2475 et
1270 2442 1517 2486 publicationem
1538 2441 1697 2482 faciendis,
1709 2451 1772 2473 non
1786 2440 1830 2472 in—

1090 2495 1265 2535 cludantur,
1290 2494 1350 2528 nisi
1375 2495 1444 2527 illae
1470 2494 1655 2527 eorumdem
1684 2493 1828 2527 cardina-

1089 2548 1166 2581 lium
1190 2549 1330 2581 savorem
1355 2552 1554 2587 concernant,
1579 2547 1626 2580 vel
1652 2547 1738 2590 ipsae
1758 2556 1829 2579 con-

1089 2602 1264 2635 stitutiones
1282 2606 1311 2634 et
1327 2601 1455 2644 regulae
1475 2600 1612 2634 edendae
1629 2600 1666 2633 de
1685 2601 1827 2644 ipsorum

1127 2665 1136 2690 t
1155 2664 1227 2695 Quas
1242 2663 1301 2691 vide
1316 2671 1397 2698 supra
1412 2671 1473 2700 pag.
1490 2663 1522 2691 57
1539 2662 1618 2691 huius
1633 2663 1697 2691 tomi
1711 2663 1747 2698 (a.
1765 2663 1811 2696 r).

1916 1913 2029 1937 tter-:gana

1847 1943 2006 1959 cnntrarmrum.
