2269 3235
213 237 261 265 An.
276 238 303 266 c.
328 237 395 265 1625
440 228 505 263 Sosi

245 405 269 426 Ei
286 406 393 427 confirma-

409 287 475 319 eius
501 285 578 318 rotis
599 283 777 317 huiusmodi
797 292 935 316 annuere
952 282 990 315 de
1008 282 1147 325 benigni·

411 344 471 372 tate
489 338 660 381 apostolica
685 337 900 378 dignaremur.

453 394 468 435 ς’
491 392 520 424 13.
539 393 600 424 Nos
619 390 723 431 igitur,
741 389 859 422 dietum
881 388 1067 423 modernum
1085 389 1149 433 epi-

409 456 537 488 scopum
562 443 704 487 specialis
729 442 847 485 gratiae
872 443 976 475 l'avore
1001 443 1149 486 prosequi

409 499 567 539 volentes,
597 501 627 529 et
654 506 671 528 a
703 495 863 539 quibusvis
894 495 1147 529 exeommunica-

408 551 510 590 tionis,
534 548 748 593 suspensionis
773 553 803 582 ct
827 548 992 591 interdicti,
1018 548 1148 592 aliisque

407 602 627 635 ecciesiasticis
641 601 812 643 sententiis,
827 601 968 635 censuris
982 606 1012 635 et
1028 601 1146 645 poenis,

407 667 424 688 a
448 657 517 689 iure
537 656 583 688 vel
608 655 646 688 ab
678 655 817 696 homine,
844 655 953 699 quavis
984 655 1148 689 occasione

408 710 455 742 vel
481 710 573 742 causa
598 709 688 750 latis,
714 709 739 742 si
768 709 882 753 quibus
913 709 1149 752 quomodolibet

408 763 572 796 innodatus
589 762 700 803 existit,
717 762 755 795 ad
771 762 919 796 effectum
935 762 1147 805 praesentium

407 816 567 849 dumtaxat
590 816 856 859 consequendum,
873 817 985 849 harum
1003 816 1083 849 serie
1099 816 1149 848 ab-

407 870 563 902 solventes
594 874 624 902 et
653 869 832 902 absolutum
869 869 936 902 sore
967 873 1147 910 censentes,

991 233 1174 260 BULLARIUM
1193 233 1346 260 ROMANUM

1509 281 1589 315 CLV.

1182 353 1353 387 Absolutio
1377 353 1462 397 reglis
1490 352 1642 386 catholici
1669 354 1800 397 eiusque
1823 354 1919 387 mini-

1226 413 1368 442 strorum
1393 418 1412 440 a
1432 407 1585 447 censuris,
1613 407 1650 439 in
1670 417 1752 450 quas
1777 408 1920 441 incurre-

1225 465 1301 494 rant
1325 460 1359 493 ob
1384 464 1532 493 exactum
1549 459 1713 503 quoddam
1733 460 1869 503 vectiqal
1883 460 1920 493 ab

1226 514 1447 547 ecclesiasticis
1464 512 1555 546 ultra
1575 513 1768 546 seaeemzz'um
1791 523 1812 546 α
1836 513 1921 546 Pau-

1228 567 1257 600 lo
1287 567 1313 600 V
1334 565 1543 600 conccssum'.

1183 646 1362 675 Charissimo
1382 646 1412 674 in
1433 646 1549 674 Christo
1569 645 1630 673 filio
1651 648 1754 674 nostro
1774 645 1920 681 Philippo,

1314 692 1524 726 Hispaniarum
1543 691 1608 726 regi
1627 690 1790 724 catholico,

1383 745 1519 772 Urbanus
1541 745 1619 779 Papa
1638 745 1715 772 VIII.

1266 796 1444 835 charissime
1464 807 1495 834 in
1516 807 1633 834 Christo
1653 807 1696 834 fin
1716 808 1837 840 noster,

1217 852 1347 878 salutem
1370 855 1401 879 et
1423 852 1620 886 apostolicam
1639 852 1886 879 benedictionem.

1939 235 1988 263 An.
2001 235 2030 263 C.
2053 235 2120 263 1625

406 922 585 955 huiusmodi
606 921 885 966 supplicationibus
910 921 1070 962 inclinati,
1094 921 1148 954 de-

408 982 528 1008 cretum
542 976 772 1020 praeinsertum
786 975 965 1008 huiusmodi
975 975 1149 1019 apostolica

407 1029 609 1069 auctoritate,
640 1034 747 1062 tenore
772 1027 1005 1072 praesentium,
1034 1038 1148 1071 perpe-

408 1087 461 1114 tuo
485 1082 699 1125 approbamus
724 1086 754 1114 et
778 1081 1015 1122 confirmamus,
1040 1080 1149 1124 illique

1983 934 2122 954 Concesserat

1938 962 2016 982 Paulus
2028 961 2043 981 V
2058 961 2122 981 saeui-

1938 991 2001 1009 tatein
2022 988 2122 1008 ecclesia-

1227 921 1242 964 ξ
1256 921 1284 954 1.
1304 921 1396 962 Alias,
1410 932 1467 965 per
1486 922 1585 955 felicis
1601 922 1830 956 recordationis
1847 923 1924 956 Pau-

1182 973 1248 1006 lum
1274 974 1355 1017 Papa
1372 975 1393 1006 V
1411 975 1688 1018 praedecessorem
1712 980 1855 1009 nostrum
1871 987 1922 1009 ac·
1960 1016 1962 1019 .
2118 1013 2121 1016 ,

1183 1032 1293 1071 cepto,
1318 1027 1402 1071 quod
1434 1028 1550 1067 subditi
1581 1039 1753 1071 regnorum
1787 1040 1923 1063 coronae
1938 1018 1996 1071 {iiii-⁵
2017 1013 2122 1067 ‹fiffllfss‘ll

1182 1080 1330 1113 Castellae
1354 1080 1386 1113 in
1410 1081 1544 1114 comitiis
1569 1081 1633 1114 sive
1653 1081 1748 1114 curiis
1772 1085 1845 1116 tune.
1869 1069 2067 1115 l1a-33'3-2ffi'um.
2085 1072 2122 1093 ’Ἦ

236 1362 355 1383 Clausulas.

284 2001 398 2026 Derogaiio

215 2029 376 2050 contrariorum.

408 1135 596 1169 inviolabilis
632 1135 822 1179 apostolicae
857 1134 1014 1167 firmitatis
1051 1134 1150 1168 robur

407 1189 581 1229 adiicimus,
599 1199 634 1221 ac
651 1199 762 1222 omnes
778 1193 809 1221 ct
836 1188 975 1231 singulos
992 1191 1054 1222 tam
1072 1188 1149 1221 iuris

406 1253 499 1287 quam
516 1242 588 1276 sacti
602 1242 751 1283 desectus,
768 1241 793 1275 si
806 1242 859 1285 qui
873 1241 1008 1285 desuper
1021 1252 1150 1285 quomo-

407 1296 524 1329 dolibet
545 1295 779 1336 intervenerint,
794 1295 985 1339 supplemus.

452 1351 467 1393 ἓ
491 1350 519 1382 li.
537 1350 756 1390 Deccrnentes‚
777 1349 938 1383 decretum
970 1348 1149 1382 huiusmodi

407 1413 530 1436 necnon
553 1408 733 1447 praesentes
766 1402 885 1435 litteras
910 1401 1032 1443 valida,
1058 1402 1150 1434 firma

408 1461 437 1491 ct
454 1457 590 1489 efficacia
607 1468 673 1490 csse
694 1462 724 1490 et
741 1457 817 1497 sore,
835 1467 971 1500 suosque
991 1455 1149 1499 plenarios

408 1517 438 1543 et
462 1511 601 1553 integros
622 1510 750 1543 ess‘ectus
768 1510 874 1543 sortiri
891 1515 921 1542 et
945 1509 1097 1551 obtinere,
1115 1519 1150 1541 ac

408 1564 446 1596 ab
458 1564 615 1607 omnibus,
631 1564 669 1596 ad
686 1574 765 1607 quos
779 1567 897 1607 spectat
914 1568 944 1596 et
960 1563 991 1595 in
1008 1563 1150 1596 futurum

409 1618 572 1662 spectabit,
598 1617 818 1651 inviolabiliter
843 1616 1020 1656 observari,
1044 1616 1150 1660 sicque

410 1682 466 1714 per
483 1681 699 1714 quoscumque
716 1670 834 1703 iudices
859 1669 1035 1703 ordinarios
1057 1675 1086 1702 et
1103 1670 1152 1702 de-

410 1725 539 1766 legatos,
557 1724 650 1756 etiam
671 1734 835 1756 causarum
860 1723 967 1766 palatii
989 1723 1151 1766 apostolici

411 1778 580 1819 auditores,
606 1777 737 1810 iudicari
763 1781 792 1810 et
815 1776 939 1810 definiri
964 1777 1095 1817 debere,
1117 1787 1152 1810 ac

412 1831 537 1863 irritum
563 1836 594 1863 et
628 1831 740 1871 inane,
766 1830 791 1863 si
823 1841 911 1863 secus
942 1841 1038 1874 super
1062 1830 1110 1863 his
1135 1840 1152 1862 a

412 1884 702 1928 quoquain,spiavis
723 1884 918 1925 auctoritate,
945 1884 1080 1917 scienter
1104 1884 1152 1917 vel

412 1937 608 1980 ignoranter,
626 1937 793 1980 eontigerit
809 1937 963 1970 attentari.

458 1992 473 2035 ἓ
498 1991 526 2025 5.
551 1992 619 2025 Non
652 1990 846 2025 obstantibus
880 1990 1154 2024 constitutionibus

414 2050 444 2078 et
461 2044 712 2079 ordinationibus
732 2045 923 2088 apostolicis,
940 2056 986 2085 ac,
1003 2049 1154 2089 quatenus

415 2109 493 2143 opus
518 2099 566 2141 sit,
584 2098 685 2132 dictae
709 2099 858 2132 ecclesiae
882 2099 1029 2131 Limanae
1048 2099 1155 2142 (etiam

416 2153 606 2193 iuramento,
632 2152 871 2185 confirmatione
895 2152 1067 2196 apostolica
1083 2179 1089 2192 ,
1107 2152 1155 2184 vel

415 2206 524 2249 quavis
548 2206 702 2239 firmatate
719 2205 779 2239 alia
801 2205 971 2249 roboratis)
989 2206 1109 2239 statutis
1127 2210 1156 2240 et

416 2260 706 2301 consuetudinilnis,
720 2259 895 2303 ceterisque
909 2259 1074 2293 contrariis
1092 2260 1156 2304 qui-

415 2313 620 2357 buseumque.

460 2367 571 2399 Datum
596 2368 722 2407 Romae,
748 2367 830 2411 apud
847 2367 876 2401 S.
902 2367 1031 2399 Mariam
1055 2366 1153 2400 Maio-

416 2432 493 2463 rem,
511 2421 568 2453 sub
582 2421 698 2453 annulo
712 2420 888 2461 Piscatoris,
899 2420 949 2453 die
964 2420 1157 2464 x'111augusti

417 2485 557 2516 iuncxxv,
575 2475 774 2519 pontificatus
787 2475 888 2509 nostri
905 2485 986 2508 anno
1011 2484 1056 2508 111.

454 2538 511 2565 Dat.
530 2537 573 2566 die
588 2538 605 2565 8
619 2538 726 2574 augusti
743 2537 825 2573 1625,
846 2537 941 2574 pontif.
961 2545 1031 2566 anno
1050 2544 1089 2565 111.

1181 1133 1254 1166 bitis
1287 1134 1583 1177 (animadvertentes
1616 1135 1718 1168 clarae
1753 1135 1924 1169 memoriae

1183 1187 1362 1231 Philippum
1383 1187 1421 1220 ΙΙΙ
1450 1187 1672 1232 Hispaniarum
1689 1199 1797 1231 regem
1819 1189 1925 1223 catho-

1182 1240 1289 1281 licum,
1304 1241 1479 1283 genitorem
1497 1246 1595 1281 tuum,
1609 1252 1667 1285 pro
1691 1241 1863 1274 catholicae
1879 1252 1924 1275 re—

1183 1293 1309 1336 ligionis
1345 1294 1527 1327 defensione
1561 1299 1591 1327 et
1621 1294 1817 1329 obedientiae
1848 1305 1923 1338 erga

1184 1353 1324 1381 sanctam
1356 1349 1529 1382 Romanam
1561 1348 1731 1381 Ecclesiam
1761 1359 1924 1382 conserva-

1184 1401 1279 1442 tione,
1304 1401 1336 1434 in
1360 1401 1424 1434 suis
1448 1408 1478 1434 et
1502 1401 1617 1434 exteris
1640 1401 1809 1435 ditionibus
1827 1412 1862 1435 ac
1879 1412 1925 1435 re-

1184 1455 1263 1497 gnis,
1278 1454 1471 1497 gravissimis
1482 1455 1605 1488 assidue
1621 1455 1797 1499 sumptibus
1805 1455 1924 1498 urgeri,

1184 1508 1313 1552 eiusque
1330 1508 1451 1541 aeraria
1471 1519 1551 1552 pene
1571 1508 1721 1542 exhausta
1737 1509 1817 1552 esse)
1834 1519 1925 1552 quae-

1185 1562 1257 1594 dam
1278 1561 1576 1605 supcradditionalia
1604 1565 1782 1605 nuncupata
1799 1561 1925 1594 servitia

1186 1615 1249 1648 sive
1278 1615 1416 1648 subsidia
1448 1615 1542 1659 (quac
1574 1615 1605 1647 in
1636 1620 1737 1648 totum
1769 1625 1924 1648 summam

1186 1668 1294 1701 decem
1319 1673 1349 1701 ct
1368 1673 1439 1701 octo
1460 1668 1636 1702 millionum
1653 1678 1858 1701 nummorum
1875 1678 1926 1700 au-

1186 1733 1315 1756 reorum
1347 1722 1502 1756 conficere
1536 1722 1706 1763 deberent,
1730 1733 1766 1755 ex
1802 1722 1925 1765 gabellii

1186 1776 1251 1809 sisi?
1272 1777 1454 1820 nuncupata
1474 1786 1567 1819 super
1591 1776 1674 1817 vino,
1695 1781 1808 1817 musto,
1827 1780 1927 1816 aceto,

1187 1834 1311 1874 aquato',
1337 1830 1406 1863 oleo
1431 1834 1461 1863 et
1485 1829 1631 1862 carnibus
1655 1829 1687 1861 in
1711 1829 1801 1862 dictis
1820 1828 1927 1872 regnis

1188 1883 1371 1927 colligendis
1407 1888 1436 1916 ct
1476 1882 1697 1916 consumendis
1737 1882 1927 1926 imponenda

1187 1948 1250 1971 non
1275 1938 1376 1970 solum
1400 1947 1457 1981 per
1481 1941 1619 1970 ementes
1637 1941 1666 1969 et
1685 1936 1853 1969 vendentes
1871 1935 1929 1969 sol-

1188 1991 1298 2032 venda,
1323 1990 1377 2023 sed
1402 1990 1495 2023 ctiam
1520 2000 1577 2033 per
1602 2000 1672 2031 eos,
1698 1989 1751 2032 qui
1775 1989 1929 2033 percipie-

1188 2043 1262 2076 bant
1286 2044 1389 2077 oleum
1415 2048 1445 2076 et
1469 2043 1575 2075 vinum
1600 2053 1637 2075 ex
1668 2041 1808 2086 propriis
1832 2046 1929 2074 terre-

1188 2097 1246 2137 nis,
1263 2101 1316 2130 aut
1332 2096 1494 2139 afflctibus,
1508 2100 1561 2129 aut
1577 2095 1722 2128 emebant
1735 2095 1766 2127 in
1781 2094 1859 2135 uvis,
1877 2100 1929 2127 aut

1189 2150 1289 2191 olivis,
1314 2161 1369 2183 seu
1393 2150 1583 2193 colligebant
1613 2159 1672 2193 pro
1703 2148 1853 2189 decimis,
1877 2153 1929 2180 aut

1190 2204 1283 2237 etiam
1301 2204 1384 2236 dono
1404 2203 1609 2247 accipiebant,
1627 2212 1683 2235 seu
1702 2201 1777 2234 alias
1801 2212 1839 2234 ex
1856 2212 1930 2245 quo-

1190 2257 1235 2290 vis
1260 2257 1321 2291 alio
1345 2257 1469 2291 redditu
1494 2262 1524 2290 et
1547 2256 1677 2290 introitu
1707 2255 1874 2295 habebant,
1900 2260 1930 2288 et

1190 2311 1430 2355 consumebant)
1456 2315 1617 2355 praestare
1641 2314 1788 2354 prompte
1812 2309 1931 2343 obtule-

1190 2370 1269 2406 rant,
1287 2375 1459 2408 omnesque
1473 2364 1543 2397 laici
1561 2364 1786 2407 cuiuscumque
1802 2362 1930 2406 gradus,

1191 2422 1297 2459 status,
1322 2417 1509 2451 conditionis
1534 2422 1564 2450 et
1595 2415 1860 2460 praeeminentiae
1885 2426 1931 2448 ea-

1191 2472 1262 2505 dem
1283 2472 1420 2505 subsidia
1436 2471 1636 2505 contribuere
1654 2476 1684 2504 et
1699 2470 1856 2514 gabellam
1873 2469 1932 2502 sol-

1191 2537 1263 2560 vere
1287 2526 1451 2568 debebant,
1476 2535 1577 2570 neque
1601 2525 1684 2559 ullus
1709 2523 1859 2559 immunis
1883 2523 1932 2557 su-

1229 2644 1239 2670 1
1257 2642 1296 2673 Ex
1310 2642 1417 2680 Regest.
1433 2642 1461 2673 in
1475 2642 1577 2674 secret.
1598 2642 1732 2673 Brevium.
