2269 3235
219 274 265 300 An.
284 275 313 300 C.
334 274 401 301 1626

239 551 360 570 (luminu-iu
371 549 400 567 lii⁴

218 606 327 624 rivin-uu...
359 582 400 618 ¹'³,⁴.'.'
418 587 529 630 poldus
544 598 578 618 ev
601 587 825 619 arrliidueiluis
838 586 980 619 Austriae
994 586 1085 619 nobis
1102 597 1155 618 nu-

219 634 302 682 :3;:}‡;·.t·:
320 631 400 675 ¹3:522:

218 690 264 703 (Ἰιιιι
278 686 399 702 uuiti-:sitii-

219 712 237 729 1.-
254 710 315 728 stu-lii

217 737 267 756 ralis
284 743 301 755 ei
323 742 334 755 :t

273 1185 400 1211 fundusque

217 1219 255 1238 pro
277 1213 325 1232 ilole
349 1218 399 1232 asst-

219 1242 276 1265 gual.

447 265 510 298 litt}

415 335 485 355 euin
503 335 517 354 a
537 323 625 354 nobis
644 322 768 365 petitur,
786 320 949 364 apostoliei
972 319 1151 352 unuiiuiiuis

417 376 600 408 unnulzuuus
618 375 706 407 a‹lii‹·i
727 374 918 412 liriuilateui,
934 377 1027 416 prout
1042 371 1152 415 princi-

416 440 489 472 pum
509 429 645 460 virorum
666 434 733 459 vota
752 431 934 470 exposmut,
947 436 1065 469 nosque
1083 436 1153 459 con-

417 482 565 525 spiriiuus
591 481 620 512 iu
647 480 777 512 llouiiuo
802 479 971 522 salubriter
995 479 1151 522 expedire.

460 536 474 575 ξ
500 534 523 566 l.
543 535 631 571 Sane,
650 534 780 566 dilectus
795 533 876 565 lilius
890 533 1002 565 nobilis
1018 533 1063 565 vir
1078 533 1152 565 Leo-

417 651 472 682 per
495 639 607 682 exponi
637 635 723 679 l'e‹·it,'
747 639 830 682 quod
859 640 934 671 alias
962 639 1062 671 honac
1092 650 1155 671 nie-

340 716 400 732 m
417 692 535 723 moriae
553 692 682 725 Carolus
702 692 846 726 simililer
871 704 906 724 ex
933 692 1155 725 arcliidueibus

416 745 568 785 nustriae,
590 745 794 778 ecelesiarum
820 745 987 778 Brixieusis
1011 750 1040 779 et
1064 746 1155 778 Wra-

417 798 612 839 tislaviensis,
629 799 702 831 dum
722 799 806 839 vixit,
824 799 1060 831 administrator
1085 809 1157 841 apo-

416 852 523 884 stoliea
548 853 732 885 auctoritate
756 852 932 895 deputatus,
950 852 986 884 ad
1013 852 1154 895 omnipo-

416 906 508 938 tentis
534 906 586 938 Dei
612 906 745 947 gloriam
765 910 792 938 et
814 905 974 937 militantis
1000 905 1156 937 Ecclesiae

416 960 645 999 exaltationem,
660 960 689 991 in
707 959 823 1002 oppido
837 959 960 991 civitate
978 964 1156 1002 nuncupato

416 1013 522 1045 Nissae
537 1012 801 1045 Vi'ratislaviensis
819 1012 970 1045 dioecesis
988 1022 1083 1044 unum
1097 1012 1158 1045 col-

415 1066 531 1107 legium
565 1066 753 1098 clericorum
786 1065 947 1098 Socielatis
980 1066 1050 1098 lesu
1085 1076 1155 1098 cum

415 1119 575 1151 academia
607 1130 643 1151 ae.
672 1119 795 1162 publica
829 1119 921 1151 studii
955 1119 1168 1151 universitate

416 1173 514 1205 erexit
539 1178 565 1204 et
592 1173 741 1211 fundavit,
767 1173 873 1215 illique
900 1173 980 1205 inter
1004 1173 1063 1205 alia
1088 1173 1157 1205 sun—

416 1225 489 1257 dum
512 1225 698 1258 Olbersdors
717 1226 747 1257 in
766 1226 874 1259 Silesia
898 1225 991 1257 situm
1011 1225 1097 1268 (olim
1119 1225 1157 1257 ad

417 1279 559 1310 militiam
574 1279 855 1311 Tbeutonisorum¹
871 1290 906 1311 ex
924 1290 961 1312 eo
978 1279 1071 1322 quod,
1086 1290 1155 1311 cum

417 1332 491 1364 alias
511 1332 715 1365 charissimus
740 1333 770 1364 in
796 1333 919 1365 Christo
944 1333 1026 1366 filius
1052 1336 1158 1366 noster

417 1385 631 1417 Ferdinaudus
656 1386 869 1418 Romanorum
896 1396 951 1418 rex
968 1385 1000 1417 in
1021 1385 1157 1429 impera-

417 1443 518 1470 torem
541 1438 658 1471 electus
679 1438 779 1471 eidem
803 1438 931 1471 militiae
951 1450 1009 1482 pro
1024 1439 1157 1482 quadam

418 1492 501 1524 illius
520 1493 737 1536 praeceptoria
756 1504 810 1525 seu
825 1493 1012 1526 commenda
1027 1499 1056 1526 et
1074 1495 1158 1526 certa

416 1546 620 1589 pecuniarum
647 1548 771 1579 summa
796 1547 844 1579 vel
870 1547 901 1578 in
926 1546 1016 1579 honis
1041 1547 1159 1579 stabili-

416 1598 474 1631 hus
503 1600 551 1631 vel
584 1600 614 1631 in
647 1600 780 1643 pecunia
804 1599 983 1632 satisfacere
1009 1600 1159 1640 deberet,

418 1663 518 1695 eoque
543 1653 670 1685 nomine
695 1653 857 1697 praedicto
882 1653 993 1686 Carolo
1019 1653 1159 1685 eiusdem

418 1707 547 1739 militiae
572 1718 686 1750 magno
711 1708 863 1749 magistro
884 1718 939 1739 sen
966 1707 1161 1739 administra-

418 1761 478 1793 tori
504 1762 675 1804 apostolica
700 1762 884 1794 auetoritate
915 1761 1062 1804 deputato
1092 1761 1161 1793 sun-

418 1813 491 1845 dum
519 1814 710 1854 huiusmodi,
736 1814 777 1846 ita
802 1819 835 1846 ut
860 1814 958 1853 illum,
984 1814 1031 1845 vel
1061 1813 1160 1847 dictae

418 1868 547 1900 militiae
565 1869 733 1912 applicare,
750 1869 795 1901 vel
816 1869 885 1910 alio,
905 1874 999 1912 prout
1015 1868 1042 1900 ei
1059 1868 1159 1900 visum

419 1922 536 1963 suisset,
556 1923 731 1955 distrahere
745 1928 859 1966 posset,
876 1923 1056 1962 obtulisset,
1078 1922 1159 1955 idem

418 1976 567 2014 Carolus,
593 1976 680 2009 fundi
706 1977 856 2020 livraedicti
882 1977 1078 2019 possessione
1110 1988 1159 2009 ac-

419 2032 518 2073 cepta,
537 2030 610 2062 dum
629 2030 666 2062 de
684 2031 737 2063 illo
755 2031 855 2062 eidem
877 2030 1004 2063 militiae
1023 2030 1161 2063 cedendo

419 2089 541 2125 ageret,
569 2083 694 2126 iamque
720 2083 829 2115 militia
854 2083 919 2127 ipsa
945 2089 1091 2116 contenta
1115 2084 1162 2116 ius

419 2137 544 2179 aliquod
559 2137 693 2180 desuper
706 2137 896 2180 ac‹11uisitni·a
910 2137 1078 2177 videretur,
1093 2148 1163 2170 eon-

420 2189 559 2222 siderans
584 2190 714 2223 fundum
739 2190 777 2222 de
801 2190 980 2233 Eulenberg
1008 2201 1065 2234 per
1090 2202 1161 2223 eum

420 2243 543 2275 noviter
569 2249 709 2287 emptum
735 2243 837 2276 eidem
854 2244 983 2276 militiae
1001 2244 1159 2277 utiliorem

420 2296 496 2337 sore,
523 2296 653 2329 fundum
671 2297 851 2329 huiusmodi
870 2297 927 2340 ipsi
947 2297 1075 2329 militiae
1093 2298 1162 2331 loeo

420 2351 535 2394 prioris
560 2351 598 2383 de
623 2351 809 2384 Olbersdorf
823 2352 992 2391 concessit,
1018 2351 1164 2395 proinde-

421 2414 492 2446 que,
506 2416 558 2436 seu
576 2405 651 2436 alias
668 2416 702 2437 ex
721 2407 815 2437 eausa
832 2405 1083 2448 permutationis,
1098 2415 1164 2448 spe-

422 2462 653 2497 etziiit‹·1ii)eiiiii
669 2459 815 2491 omnibus
831 2459 951 2492 iuribus
965 2465 994 2492 et
1007 2459 1163 2503 pertinen-

422 2511 472 2543 tii-2
493 2524 556 2544 suis
580 2513 747 2556 applicavit
769 2519 798 2546 et
817 2514 1042 2557 appropriavit,
1068 2519 1161 2556 prout

422 2565 451 2596 in
474 2566 540 2597 iusti
553 2567 685 2599 umentis
703 2578 756 2599 seu
774 2568 938 2611 scripturis
954 2567 1088 2611 publicis
1109 2567 1162 2600 de—

422 2628 514 2661 super
541 2620 688 2653 consectis
712 2621 834 2664 plenius
859 2621 973 2654 dicitur
998 2621 1161 2655 contineri.

460 2684 470 2710 1
488 2683 558 2711 Puto
569 2683 699 2712 excidisse
710 2685 791 2712 verba
801 2694 876 2713 nunc
887 2689 983 2715 aulem
995 2686 1033 2713 acl
1042 2695 1070 2713 se
1081 2686 1161 2722 (uxr).

997 272 1174 295 nummulum
1199 270 1352 294 notttANUM

1941 269 1990 297 An.
2007 269 2035 297 C.
2053 270 2121 298 1626

1230 320 1244 361 ,Ε
1264 319 1293 351 ὶὶ.
1318 320 1394 352 Cum
1420 321 1534 357 autem,
1552 317 1631 350 sicut
1648 317 1755 350 eadem
1771 319 1924 362 expositio
2003 331 2124 357 moranum

1187 371 1405 413 subiungebat,
1426 370 1603 414 praedictus
1629 370 1804 414 Leopoldus
1827 371 1925 414 pluri·
1940 361 2070 416 ETSZ¹1'.‘‹'.{l'J·'.¹1'‚
2089 361 2124 410 „55

1188 436 1272 457 nunu
1298 425 1417 468 cupiat,
1444 424 1634 457 erectionem
1660 429 1690 456 et
1713 424 1925 457 fundationem
1941 413 2103 433 ¹¹²⁶⁰¹¹¹¹r¹¹¹ffl²

1187 478 1310 520 collegii
1329 478 1519 517 huiusmodi,
1535 478 1657 520 aliaque
1674 477 1856 521 praemissa,
1869 489 1926 521 pro

1189 532 1322 565 liriniori
1347 543 1456 565 eorum
1490 532 1713 572 subsistentia,
1738 531 1928 575 apostolicae

1188 591 1313 618 nostrae
1331 585 1578 619 confirmationis
1599 585 1714 617 robore
1727 584 1928 625 communiri,

1189 639 1279 672 uobis
1299 644 1467 682 propterca
1484 638 1646 671 humiliter
1663 638 1832 681 supplicari
1847 638 1929 678 fecit,

1190 697 1222 725 ut
1247 692 1382 736 desuper
1407 698 1583 736 opportune
1607 691 1773 735 providere
1790 691 1827 724 de
1845 691 1930 724 beni-

1189 745 1306 787 gnitate
1330 746 1502 789 apostoliea
1527 745 1740 787 dignaremur.

1234 798 1248 841 ἓ
1272 798 1301 831 3.
1327 800 1399 839 Nos,
1424 799 1484 842 piis
1508 798 1648 831 eiusdem
1672 797 1821 841 Lcopoldi
1850 797 1930 831 votis
1964 808 2130 840 rriifumsxvra.

1190 851 1370 884 huiusmodi
1394 862 1541 891 annuere,
1566 852 1718 895 illumque
1743 851 1930 895 specialibus
1945 835 2129 891 iiiiii-“⁰2:225

1191 905 1349 937 favoribus
1374 910 1403 937 ct
1428 905 1536 947 gratiis
1560 905 1708 948 prosequi
1734 905 1882 945 volentes,
1901 910 1931 938 et
1946 889 2129 936 'c'fflfhfilllit'iill'e'll

1190 968 1206 989 a
1231 958 1392 1000 quibusvis
1417 958 1765 999 excommunicationis,
1795 968 1928 1001 suspen·
1945 942 2072 963 “¹⁰¹⁰⁰d³'¹¹‘

1191 1011 1287 1043 sionis
1312 1016 1341 1043 et
1362 1011 1535 1051 interdicti,
1561 1011 1691 1054 aliisque
1715 1011 1933 1043 ecclesiasticis

1191 1064 1369 1104 senteutiiS,
1395 1064 1535 1096 censuris
1560 1069 1589 1096 et
1613 1063 1734 1107 poenis,
1754 1074 1771 1096 a
1792 1063 1860 1096 iure
1885 1063 1933 1096 vel

1191 1117 1229 1149 ab
1254 1118 1401 1160 homine,
1428 1118 1536 1161 quavis
1568 1118 1732 1151 occasione
1764 1118 1812 1150 vel
1842 1119 1935 1150 causa

1192 1171 1276 1211 latis,
1302 1171 1327 1204 si
1357 1172 1471 1215 quibus
1501 1172 1738 1215 quomodolibet
1769 1171 1935 1204 innodatus

1192 1223 1304 1264 existit,
1322 1224 1359 1256 ad
1378 1224 1521 1257 effectum
1540 1225 1753 1268 praesentium
1774 1224 1936 1256 dumtaxat

1192 1278 1469 1321 consequendum,
1495 1278 1607 1311 harum
1633 1278 1714 1311 serie
1738 1278 1934 1312 absolventes

1193 1335 1222 1365 et
1245 1331 1424 1364 absolutum
1457 1332 1524 1364 sore
1556 1338 1727 1374 censentes,
1753 1332 1934 1365 huiusmodi

1193 1385 1473 1428 sup12·licati011ilms
1494 1385 1643 1425 inclinati,
1661 1385 1847 1418 fraternitati
1865 1390 1935 1419 tuae

1193 1449 1249 1481 per
1264 1444 1445 1482 praesentes
1459 1439 1683 1472 comniittiunis
1697 1444 1727 1471 et
1740 1439 1934 1479 mandamus,

1193 1495 1234 1533 ut,
1250 1492 1274 1524 si
1292 1492 1465 1535 praemissa
1479 1492 1608 1525 veritate
1622 1492 1678 1525 niti
1692 1492 1858 1536 repereris,
1872 1502 1936 1524 ere-

1193 1545 1327 1578 ctionem
1340 1550 1369 1579 et
1383 1546 1595 1579 fundationem
1608 1546 1731 1589 collegii
1746 1545 1935 1588 huiusmodi,

1192 1610 1227 1632 ac
1245 1600 1487 1643 applicationem
1509 1606 1536 1633 et
1559 1600 1819 1644 approbationem
1829 1598 1848 1640 ¹,
1866 1599 1937 1632 alia-

1193 1664 1253 1696 que
1278 1654 1469 1696 praemissa,
1495 1654 1533 1686 de
1558 1654 1697 1686 eiusdem
1721 1659 1824 1686 tamen
1848 1653 1932 1685 mili-

1194 1707 1253 1740 tiae
1279 1718 1444 1748 consensu,
1469 1709 1653 1741 anctoritate
1681 1709 1789 1741 nostra
1808 1712 1936 1751 aposto-

1193 1761 1254 1793 lica
1275 1762 1432 1805 approbes
1457 1767 1486 1794 et
1511 1762 1698 1801 confirmes,

1239 1815 1253 1858 ἓ
1279 1815 1308 1847 4.
1333 1816 1377 1848 Ac
1402 1826 1511 1848 omnes
1544 1821 1574 1848 et
1605 1816 1753 1858 singulos·
1770 1819 1833 1847 tam
1858 1814 1936 1847 iuris

1195 1879 1288 1912 quam
1314 1870 1385 1901 sacti
1410 1869 1558 1908 desectus,
1579 1869 1603 1901 si
1629 1869 1681 1912 qui
1707 1869 1841 1912 desuper
1858 1879 1936 1912 quo-

1196 1922 1367 1955 modolibet
1386 1923 1621 1964 intervenerint,
1640 1923 1796 1966 suppleas,
1813 1932 1937 1955 necnon

1195 1981 1374 2019 praesentes
1388 1977 1507 2009 litteras
1524 1982 1554 2009 et
1570 1977 1602 2008 in
1619 1976 1664 2009 eis
1684 1981 1828 2009 contenta
1846 1987 1938 2020 qnae-

1195 2041 1329 2073 eumque
1355 2040 1478 2073 semper
1496 2035 1525 2062 et
1542 2035 1695 2073 perpetuo
1721 2029 1831 2070 valida,
1846 2030 1937 2062 lirma

1195 2089 1225 2116 et
1239 2084 1377 2117 essieacia
1392 2084 1527 2116 existere
1541 2088 1571 2117 et
1584 2084 1661 2124 sore,
1682 2094 1817 2126 suosque
1835 2083 1940 2127 plena-

1196 2137 1260 2169 rios
1273 2142 1302 2169 et
1316 2137 1455 2180 integros
1473 2137 1602 2170 effectus
1616 2137 1721 2170 sortiri
1740 2141 1769 2170 et
1782 2137 1937 2179 obtinere,

1195 2196 1287 2234 atque
1308 2191 1348 2224 ita
1368 2201 1426 2234 per
1443 2201 1658 2235 quoscumque
1679 2190 1797 2223 iudices
1817 2190 1941 2223 ordina-

1196 2244 1259 2277 rios
1285 2248 1314 2278 et
1338 2244 1507 2286 delegatos,
1526 2245 1618 2277 etiam
1647 2254 1812 2277 causarum
1833 2243 1940 2287 palatii

1195 2297 1357 2341 apostolici
1372 2298 1540 2339 auditores,
1555 2298 1686 2331 iudicari
1705 2303 1734 2330 et
1751 2297 1874 2330 definiri
1891 2297 1941 2330 de-

1196 2351 1280 2392 bere,
1301 2362 1336 2384 ac
1362 2352 1486 2384 irritum
1508 2357 1538 2384 et
1557 2351 1647 2384 inane
1672 2351 1824 2395 quidquid
1850 2361 1940 2384 secus

1196 2416 1289 2449 super
1309 2406 1358 2438 his
1378 2417 1395 2438 a
1415 2416 1589 2449 quoquam,
1609 2406 1718 2450 quavis
1743 2405 1938 2446 auctoritate,

1196 2459 1330 2492 scienter
1355 2460 1404 2493 vel
1428 2460 1629 2503 ignoranter,
1653 2459 1822 2503 eontigerit
1845 2463 1940 2494 atten-

1196 2513 1270 2554 tari,
1296 2513 1406 2546 eadem
1430 2515 1616 2547 auctoritate
1640 2514 1799 2547 decernas.

1240 2568 1254 2610 g
1280 2567 1308 2599 5.
1334 2568 1402 2600 Non
1434 2568 1633 2601 obstantibus
1665 2567 1939 2601 constitutionibus
1986 2571 2012 2592 Et
2027 2571 2139 2593 contrariis

1196 2626 1225 2653 et
1242 2621 1492 2655 ordinationibus
1517 2622 1707 2666 apostolicis,
1726 2633 1761 2656 ac
1778 2621 1940 2666 quibusvis
1955 2599 2050 2625 derogat'

1988 1821 2038 1843 Cum
2054 1821 2137 1843 clausu·

1952 1849 1978 1870 lis
1993 1849 2124 1876 opportunis.

1233 2686 1244 2712 1
1262 2684 1354 2713 Potius
1369 2685 1428 2721 lege
1443 2686 1716 2722 appropriationem
1731 2685 1769 2721 (R.
1785 2685 1833 2721 12).
