<?xml version="1.0" encoding="UTF-8"?>
<!DOCTYPE html PUBLIC "-//W3C//DTD XHTML 1.0 Transitional//EN"
    "http://www.w3.org/TR/xhtml1/DTD/xhtml1-transitional.dtd">
<html xmlns="http://www.w3.org/1999/xhtml" xml:lang="en" lang="en">
 <head>
  <title>
</title>
<meta http-equiv="Content-Type" content="text/html;charset=utf-8" />
  <meta name='ocr-system' content='tesseract 3.04.00' />
  <meta name='ocr-capabilities' content='ocr_page ocr_carea ocr_par ocr_line ocrx_word'/>
</head>
<body>
  <div class='ocr_page' id='page_1' title='image "./bullarumdiplomat13cath_0324.png"; bbox 0 0 2269 3235; ppageno 0'>
   <div class='ocr_carea' id='block_1_1' title="bbox 244 258 429 288">
    <p class='ocr_par' dir='ltr' id='par_1_1' title="bbox 244 258 429 288">
     <span class='ocr_line' id='line_1_1' title="bbox 244 258 429 288; baseline -0.011 0"><span class='ocrx_word' id='word_1_1' title='bbox 244 261 293 288; x_wconf 79' lang='lat' dir='ltr'>An.</span> <span class='ocrx_word' id='word_1_2' title='bbox 314 259 341 287; x_wconf 87' lang='lat' dir='ltr'>C.</span> <span class='ocrx_word' id='word_1_3' title='bbox 364 258 429 286; x_wconf 73' lang='lat'>1625</span> 
     </span>
    </p>
   </div>
   <div class='ocr_carea' id='block_1_2' title="bbox 439 250 1205 2709">
    <p class='ocr_par' dir='ltr' id='par_1_2' title="bbox 439 250 1205 2671">
     <span class='ocr_line' id='line_1_2' title="bbox 475 250 538 282; baseline -0.016 0"><span class='ocrx_word' id='word_1_4' title='bbox 475 250 538 282; x_wconf 66' lang='lat'>288</span> 
     </span>
     <span class='ocr_line' id='line_1_3' title="bbox 446 304 1185 349; baseline -0.003 -10"><span class='ocrx_word' id='word_1_5' title='bbox 446 307 559 340; x_wconf 80' lang='lat' dir='ltr'>virtute</span> <span class='ocrx_word' id='word_1_6' title='bbox 591 311 715 340; x_wconf 82' lang='lat' dir='ltr'>sanctae</span> <span class='ocrx_word' id='word_1_7' title='bbox 743 304 937 340; x_wconf 86' lang='lat' dir='ltr'>obedientiae</span> <span class='ocrx_word' id='word_1_8' title='bbox 963 304 1185 349; x_wconf 82' lang='lat' dir='ltr'>praecipimus,</span> 
     </span>
     <span class='ocr_line' id='line_1_4' title="bbox 445 351 1203 405; baseline 0.001 -14"><span class='ocrx_word' id='word_1_9' title='bbox 445 364 606 405; x_wconf 86' lang='lat' dir='ltr'>quatenus,</span> <span class='ocrx_word' id='word_1_10' title='bbox 622 359 788 404; x_wconf 81' lang='lat' dir='ltr'>pastoralis</span> <span class='ocrx_word' id='word_1_11' title='bbox 799 359 903 400; x_wconf 85' lang='lat' dir='ltr'>officii,</span> <span class='ocrx_word' id='word_1_12' title='bbox 918 363 947 391; x_wconf 88' lang='lat' dir='ltr'>ct</span> <span class='ocrx_word' id='word_1_13' title='bbox 961 359 999 391; x_wconf 88' lang='lat' dir='ltr'>ad</span> <span class='ocrx_word' id='word_1_14' title='bbox 1016 359 1101 402; x_wconf 88' lang='lat' dir='ltr'>quod</span> <span class='ocrx_word' id='word_1_15' title='bbox 1114 364 1186 392; x_wconf 89' lang='lat' dir='ltr'>sunt</span> <span class='ocrx_word' id='word_1_16' title='bbox 1202 351 1203 355; x_wconf 31' lang='lat'>¹</span> 
     </span>
     <span class='ocr_line' id='line_1_5' title="bbox 445 411 1186 454; baseline -0.003 -8"><span class='ocrx_word' id='word_1_17' title='bbox 445 413 574 454; x_wconf 82' lang='lat' dir='ltr'>evocati,</span> <span class='ocrx_word' id='word_1_18' title='bbox 595 422 762 453; x_wconf 86' lang='lat' dir='ltr'>memores,</span> <span class='ocrx_word' id='word_1_19' title='bbox 787 411 924 453; x_wconf 85' lang='lat' dir='ltr'>dissidia,</span> <span class='ocrx_word' id='word_1_20' title='bbox 950 411 1020 445; x_wconf 87' lang='lat' dir='ltr'>odia</span> <span class='ocrx_word' id='word_1_21' title='bbox 1038 416 1067 445; x_wconf 89' lang='lat' dir='ltr'>et</span> <span class='ocrx_word' id='word_1_22' title='bbox 1085 412 1186 445; x_wconf 89' lang='lat' dir='ltr'>inimi-</span> 
     </span>
     <span class='ocr_line' id='line_1_6' title="bbox 445 465 1185 508; baseline -0.003 -7"><span class='ocrx_word' id='word_1_23' title='bbox 445 467 532 502; x_wconf 80' lang='lat' dir='ltr'>citias</span> <span class='ocrx_word' id='word_1_24' title='bbox 556 465 747 507; x_wconf 82' lang='lat' dir='ltr'>huiusmodi,</span> <span class='ocrx_word' id='word_1_25' title='bbox 772 465 887 508; x_wconf 85' lang='lat' dir='ltr'>quibus</span> <span class='ocrx_word' id='word_1_26' title='bbox 911 465 1039 498; x_wconf 86' lang='lat' dir='ltr'>humani</span> <span class='ocrx_word' id='word_1_27' title='bbox 1060 466 1185 508; x_wconf 80' lang='lat' dir='ltr'>generis</span> 
     </span>
     <span class='ocr_line' id='line_1_7' title="bbox 444 518 1182 555; baseline -0.003 -2"><span class='ocrx_word' id='word_1_28' title='bbox 444 520 542 555; x_wconf 87' lang='lat' dir='ltr'>hostis</span> <span class='ocrx_word' id='word_1_29' title='bbox 567 519 743 551; x_wconf 85' lang='lat' dir='ltr'>animarum</span> <span class='ocrx_word' id='word_1_30' title='bbox 768 529 878 552; x_wconf 87' lang='lat' dir='ltr'>corum</span> <span class='ocrx_word' id='word_1_31' title='bbox 910 529 1004 552; x_wconf 90' lang='lat' dir='ltr'>curae</span> <span class='ocrx_word' id='word_1_32' title='bbox 1029 518 1182 552; x_wconf 88' lang='lat' dir='ltr'>commis-</span> 
     </span>
     <span class='ocr_line' id='line_1_8' title="bbox 444 572 1202 617; baseline -0.003 -10"><span class='ocrx_word' id='word_1_33' title='bbox 444 583 548 607; x_wconf 89' lang='lat' dir='ltr'>sarum</span> <span class='ocrx_word' id='word_1_34' title='bbox 574 572 746 617; x_wconf 86' lang='lat' dir='ltr'>perniciem</span> <span class='ocrx_word' id='word_1_35' title='bbox 772 572 910 613; x_wconf 88' lang='lat' dir='ltr'>molitur,</span> <span class='ocrx_word' id='word_1_36' title='bbox 936 572 1133 605; x_wconf 79' lang='lat' dir='ltr'>eminentiori</span> <span class='ocrx_word' id='word_1_37' title='bbox 1151 581 1202 606; x_wconf 63' lang='grc' dir='ltr'>τι·4</span> 
     </span>
     <span class='ocr_line' id='line_1_9' title="bbox 442 625 1185 670; baseline -0.003 -9"><span class='ocrx_word' id='word_1_38' title='bbox 442 627 520 661; x_wconf 88' lang='lat' dir='ltr'>nimi</span> <span class='ocrx_word' id='word_1_39' title='bbox 545 627 633 667; x_wconf 79' lang='lat' dir='ltr'>cura,</span> <span class='ocrx_word' id='word_1_40' title='bbox 658 631 692 659; x_wconf 90' lang='lat' dir='ltr'>ut</span> <span class='ocrx_word' id='word_1_41' title='bbox 714 625 784 670; x_wconf 88' lang='lat' dir='ltr'>pios</span> <span class='ocrx_word' id='word_1_42' title='bbox 808 633 837 659; x_wconf 84' lang='lat' dir='ltr'>et</span> <span class='ocrx_word' id='word_1_43' title='bbox 862 625 1025 669; x_wconf 79' lang='lat' dir='ltr'>vigilantes</span> <span class='ocrx_word' id='word_1_44' title='bbox 1043 632 1185 670; x_wconf 85' lang='lat' dir='ltr'>pastores</span> 
     </span>
     <span class='ocr_line' id='line_1_10' title="bbox 443 678 1185 723; baseline -0.003 -10"><span class='ocrx_word' id='word_1_45' title='bbox 443 680 542 721; x_wconf 86' lang='lat' dir='ltr'>decet,</span> <span class='ocrx_word' id='word_1_46' title='bbox 567 689 768 723; x_wconf 87' lang='lat' dir='ltr'>componere,</span> <span class='ocrx_word' id='word_1_47' title='bbox 785 689 820 712; x_wconf 90' lang='lat' dir='ltr'>ac</span> <span class='ocrx_word' id='word_1_48' title='bbox 846 678 986 712; x_wconf 84' lang='lat' dir='ltr'>civitates</span> <span class='ocrx_word' id='word_1_49' title='bbox 1010 679 1102 723; x_wconf 85' lang='lat' dir='ltr'>ipsas,</span> <span class='ocrx_word' id='word_1_50' title='bbox 1121 679 1185 712; x_wconf 88' lang='lat' dir='ltr'>ani-</span> 
     </span>
     <span class='ocr_line' id='line_1_11' title="bbox 442 733 1184 768; baseline 0 -2"><span class='ocrx_word' id='word_1_51' title='bbox 442 734 501 768; x_wconf 86' lang='lat' dir='ltr'>mis</span> <span class='ocrx_word' id='word_1_52' title='bbox 525 733 701 768; x_wconf 87' lang='lat' dir='ltr'>incolarum</span> <span class='ocrx_word' id='word_1_53' title='bbox 725 733 756 766; x_wconf 88' lang='lat' dir='ltr'>in</span> <span class='ocrx_word' id='word_1_54' title='bbox 781 733 894 767; x_wconf 80' lang='lat' dir='ltr'>Christi</span> <span class='ocrx_word' id='word_1_55' title='bbox 915 733 1066 766; x_wconf 77' lang='lat' dir='ltr'>charitate</span> <span class='ocrx_word' id='word_1_56' title='bbox 1086 733 1184 767; x_wconf 86' lang='lat' dir='ltr'>coale-</span> 
     </span>
     <span class='ocr_line' id='line_1_12' title="bbox 442 787 1183 832; baseline -0.001 -11"><span class='ocrx_word' id='word_1_57' title='bbox 442 788 611 830; x_wconf 78' lang='lat' dir='ltr'>scentibus,</span> <span class='ocrx_word' id='word_1_58' title='bbox 629 787 667 820; x_wconf 86' lang='lat' dir='ltr'>ad</span> <span class='ocrx_word' id='word_1_59' title='bbox 687 798 795 832; x_wconf 88' lang='lat' dir='ltr'>pacem</span> <span class='ocrx_word' id='word_1_60' title='bbox 813 793 843 820; x_wconf 89' lang='lat' dir='ltr'>et</span> <span class='ocrx_word' id='word_1_61' title='bbox 860 787 1008 821; x_wconf 89' lang='lat' dir='ltr'>unionem</span> <span class='ocrx_word' id='word_1_62' title='bbox 1033 797 1183 820; x_wconf 80' lang='lat' dir='ltr'>revocare</span> 
     </span>
     <span class='ocr_line' id='line_1_13' title="bbox 442 840 1183 885; baseline -0.001 -10"><span class='ocrx_word' id='word_1_63' title='bbox 442 842 602 883; x_wconf 74' lang='lat' dir='ltr'>studeant,</span> <span class='ocrx_word' id='word_1_64' title='bbox 627 841 659 875; x_wconf 88' lang='lat' dir='ltr'>in</span> <span class='ocrx_word' id='word_1_65' title='bbox 683 842 742 875; x_wconf 88' lang='lat' dir='ltr'>hoc</span> <span class='ocrx_word' id='word_1_66' title='bbox 774 852 837 875; x_wconf 90' lang='lat' dir='ltr'>uno</span> <span class='ocrx_word' id='word_1_67' title='bbox 869 840 1022 885; x_wconf 76' lang='lat' dir='ltr'>peculiari</span> <span class='ocrx_word' id='word_1_68' title='bbox 1053 845 1183 884; x_wconf 87' lang='lat' dir='ltr'>paterno</span> 
     </span>
     <span class='ocr_line' id='line_1_14' title="bbox 441 893 1184 935; baseline -0.004 -7"><span class='ocrx_word' id='word_1_69' title='bbox 441 896 555 930; x_wconf 79' lang='lat' dir='ltr'>affectu</span> <span class='ocrx_word' id='word_1_70' title='bbox 586 895 641 929; x_wconf 89' lang='lat' dir='ltr'>toti</span> <span class='ocrx_word' id='word_1_71' title='bbox 672 895 869 934; x_wconf 84' lang='lat' dir='ltr'>incumbant;</span> <span class='ocrx_word' id='word_1_72' title='bbox 895 893 972 927; x_wconf 89' lang='lat' dir='ltr'>nulli</span> <span class='ocrx_word' id='word_1_73' title='bbox 997 893 1115 935; x_wconf 84' lang='lat' dir='ltr'>labori,</span> <span class='ocrx_word' id='word_1_74' title='bbox 1142 893 1184 926; x_wconf 92' lang='lat' dir='ltr'>in-</span> 
     </span>
     <span class='ocr_line' id='line_1_15' title="bbox 441 946 1183 990; baseline -0.003 -9"><span class='ocrx_word' id='word_1_75' title='bbox 441 949 618 989; x_wconf 76' lang='lat' dir='ltr'>commodo,</span> <span class='ocrx_word' id='word_1_76' title='bbox 644 947 803 982; x_wconf 73' lang='lat' dir='ltr'>molestiae</span> <span class='ocrx_word' id='word_1_77' title='bbox 835 947 950 980; x_wconf 85' lang='lat' dir='ltr'>mentis</span> <span class='ocrx_word' id='word_1_78' title='bbox 974 951 1004 980; x_wconf 87' lang='lat' dir='ltr'>et</span> <span class='ocrx_word' id='word_1_79' title='bbox 1029 946 1183 990; x_wconf 88' lang='lat' dir='ltr'>corporis,</span> 
     </span>
     <span class='ocr_line' id='line_1_16' title="bbox 441 999 1183 1047; baseline -0.005 -11"><span class='ocrx_word' id='word_1_80' title='bbox 441 1014 504 1047; x_wconf 79' lang='lat' dir='ltr'>quo</span> <span class='ocrx_word' id='word_1_81' title='bbox 528 1002 558 1035; x_wconf 91' lang='lat' dir='ltr'>id</span> <span class='ocrx_word' id='word_1_82' title='bbox 584 1004 831 1044; x_wconf 84' lang='lat' dir='ltr'>consequantur;</span> <span class='ocrx_word' id='word_1_83' title='bbox 852 1005 995 1044; x_wconf 86' lang='lat' dir='ltr'>pareant,</span> <span class='ocrx_word' id='word_1_84' title='bbox 1013 999 1183 1044; x_wconf 78' lang='lat' dir='ltr'>praecipue</span> 
     </span>
     <span class='ocr_line' id='line_1_17' title="bbox 441 1053 1187 1097; baseline -0.005 -8"><span class='ocrx_word' id='word_1_85' title='bbox 441 1061 544 1089; x_wconf 80' lang='lat' dir='ltr'>autem</span> <span class='ocrx_word' id='word_1_86' title='bbox 563 1055 601 1087; x_wconf 90' lang='lat' dir='ltr'>ad</span> <span class='ocrx_word' id='word_1_87' title='bbox 616 1054 755 1087; x_wconf 80' lang='lat' dir='ltr'>divinam</span> <span class='ocrx_word' id='word_1_88' title='bbox 772 1063 864 1097; x_wconf 89' lang='lat' dir='ltr'>opem</span> <span class='ocrx_word' id='word_1_89' title='bbox 882 1053 1099 1096; x_wconf 81' lang='lat' dir='ltr'>confugientes</span> <span class='ocrx_word' id='word_1_90' title='bbox 1115 1063 1187 1097; x_wconf 86' lang='lat' dir='ltr'>pre—</span> 
     </span>
     <span class='ocr_line' id='line_1_18' title="bbox 441 1106 1184 1151; baseline -0.004 -9"><span class='ocrx_word' id='word_1_91' title='bbox 441 1109 529 1142; x_wconf 85' lang='lat' dir='ltr'>cibus</span> <span class='ocrx_word' id='word_1_92' title='bbox 553 1113 584 1141; x_wconf 87' lang='lat' dir='ltr'>et</span> <span class='ocrx_word' id='word_1_93' title='bbox 603 1107 766 1141; x_wconf 83' lang='lat' dir='ltr'>sacrificiis</span> <span class='ocrx_word' id='word_1_94' title='bbox 790 1106 960 1141; x_wconf 87' lang='lat' dir='ltr'>Dominum</span> <span class='ocrx_word' id='word_1_95' title='bbox 984 1107 1087 1151; x_wconf 92' lang='lat' dir='ltr'>ipsum</span> <span class='ocrx_word' id='word_1_96' title='bbox 1108 1107 1184 1140; x_wconf 87' lang='lat' dir='ltr'>utri-</span> 
     </span>
     <span class='ocr_line' id='line_1_19' title="bbox 440 1160 1184 1206; baseline -0.001 -11"><span class='ocrx_word' id='word_1_97' title='bbox 440 1173 500 1206; x_wconf 87' lang='lat' dir='ltr'>que</span> <span class='ocrx_word' id='word_1_98' title='bbox 525 1161 641 1196; x_wconf 83' lang='lat' dir='ltr'>civitati</span> <span class='ocrx_word' id='word_1_99' title='bbox 665 1161 843 1206; x_wconf 77' lang='lat' dir='ltr'>praedictae</span> <span class='ocrx_word' id='word_1_100' title='bbox 859 1161 1033 1205; x_wconf 89' lang='lat' dir='ltr'>propitium</span> <span class='ocrx_word' id='word_1_101' title='bbox 1051 1160 1184 1194; x_wconf 85' lang='lat' dir='ltr'>reddere</span> 
     </span>
     <span class='ocr_line' id='line_1_20' title="bbox 440 1213 1201 1263; baseline 0 -15"><span class='ocrx_word' id='word_1_102' title='bbox 440 1221 469 1249; x_wconf 81' lang='lat' dir='ltr'>et</span> <span class='ocrx_word' id='word_1_103' title='bbox 487 1215 526 1248; x_wconf 86' lang='lat' dir='ltr'>ab</span> <span class='ocrx_word' id='word_1_104' title='bbox 551 1226 588 1249; x_wconf 94' lang='lat' dir='ltr'>co</span> <span class='ocrx_word' id='word_1_105' title='bbox 612 1215 697 1259; x_wconf 80' lang='lat' dir='ltr'>pacis</span> <span class='ocrx_word' id='word_1_106' title='bbox 713 1214 904 1249; x_wconf 81' lang='lat' dir='ltr'>beneficium</span> <span class='ocrx_word' id='word_1_107' title='bbox 924 1214 1095 1259; x_wconf 85' lang='lat' dir='ltr'>impetrare</span> <span class='ocrx_word' id='word_1_108' title='bbox 1114 1213 1201 1263; x_wconf 25' lang='lat' dir='ltr'>con-y¹</span> 
     </span>
     <span class='ocr_line' id='line_1_21' title="bbox 442 1268 1201 1304; baseline -0.004 0"><span class='ocrx_word' id='word_1_109' title='bbox 442 1270 577 1304; x_wconf 76' lang='lat' dir='ltr'>tendant.</span> <span class='ocrx_word' id='word_1_110' title='bbox 601 1270 670 1303; x_wconf 90' lang='lat' dir='ltr'>Non</span> <span class='ocrx_word' id='word_1_111' title='bbox 687 1269 883 1302; x_wconf 76' lang='lat' dir='ltr'>obstantibus</span> <span class='ocrx_word' id='word_1_112' title='bbox 908 1268 1183 1302; x_wconf 77' lang='lat' dir='ltr'>constitutionibus</span> <span class='ocrx_word' id='word_1_113' title='bbox 1200 1280 1201 1285; x_wconf 55' lang='lat'>¹</span> 
     </span>
     <span class='ocr_line' id='line_1_22' title="bbox 441 1321 1200 1366; baseline -0.003 -10"><span class='ocrx_word' id='word_1_114' title='bbox 441 1329 470 1357; x_wconf 80' lang='lat' dir='ltr'>ct</span> <span class='ocrx_word' id='word_1_115' title='bbox 495 1323 746 1357; x_wconf 83' lang='lat' dir='ltr'>ordinationibus</span> <span class='ocrx_word' id='word_1_116' title='bbox 770 1322 962 1366; x_wconf 88' lang='lat' dir='ltr'>apostolicis,</span> <span class='ocrx_word' id='word_1_117' title='bbox 979 1332 1013 1354; x_wconf 87' lang='lat' dir='ltr'>ac</span> <span class='ocrx_word' id='word_1_118' title='bbox 1039 1321 1200 1354; x_wconf 75' lang='lat' dir='ltr'>ecclcsia-;</span> 
     </span>
     <span class='ocr_line' id='line_1_23' title="bbox 439 1375 1200 1420; baseline -0.003 -10"><span class='ocrx_word' id='word_1_119' title='bbox 439 1388 522 1418; x_wconf 87' lang='lat' dir='ltr'>rum,</span> <span class='ocrx_word' id='word_1_120' title='bbox 547 1377 579 1410; x_wconf 92' lang='lat' dir='ltr'>in</span> <span class='ocrx_word' id='word_1_121' title='bbox 604 1377 718 1420; x_wconf 88' lang='lat' dir='ltr'>quibus</span> <span class='ocrx_word' id='word_1_122' title='bbox 742 1376 895 1409; x_wconf 79' lang='lat' dir='ltr'>beneficia</span> <span class='ocrx_word' id='word_1_123' title='bbox 920 1375 1101 1409; x_wconf 84' lang='lat' dir='ltr'>huiusmodi</span> <span class='ocrx_word' id='word_1_124' title='bbox 1120 1376 1200 1419; x_wconf 75' lang='lat' dir='ltr'>fue-j</span> 
     </span>
     <span class='ocr_line' id='line_1_24' title="bbox 440 1429 1183 1472; baseline -0.004 -8"><span class='ocrx_word' id='word_1_125' title='bbox 440 1432 512 1471; x_wconf 85' lang='lat' dir='ltr'>rint,</span> <span class='ocrx_word' id='word_1_126' title='bbox 530 1441 587 1464; x_wconf 84' lang='lat' dir='ltr'>nec</span> <span class='ocrx_word' id='word_1_127' title='bbox 600 1440 663 1464; x_wconf 90' lang='lat' dir='ltr'>non</span> <span class='ocrx_word' id='word_1_128' title='bbox 677 1429 836 1463; x_wconf 82' lang='lat' dir='ltr'>civitatum</span> <span class='ocrx_word' id='word_1_129' title='bbox 851 1434 877 1462; x_wconf 88' lang='lat' dir='ltr'>et</span> <span class='ocrx_word' id='word_1_130' title='bbox 893 1429 1072 1462; x_wconf 79' lang='lat' dir='ltr'>dioecesum</span> <span class='ocrx_word' id='word_1_131' title='bbox 1091 1439 1183 1472; x_wconf 86' lang='lat' dir='ltr'>prae-</span> 
     </span>
     <span class='ocr_line' id='line_1_25' title="bbox 440 1482 1201 1526; baseline -0.004 -9"><span class='ocrx_word' id='word_1_132' title='bbox 440 1484 612 1525; x_wconf 82' lang='lat' dir='ltr'>dictarum,</span> <span class='ocrx_word' id='word_1_133' title='bbox 639 1494 674 1516; x_wconf 88' lang='lat' dir='ltr'>ac</span> <span class='ocrx_word' id='word_1_134' title='bbox 698 1482 788 1526; x_wconf 80' lang='lat' dir='ltr'>regni</span> <span class='ocrx_word' id='word_1_135' title='bbox 814 1488 844 1516; x_wconf 86' lang='lat' dir='ltr'>et</span> <span class='ocrx_word' id='word_1_136' title='bbox 869 1482 988 1515; x_wconf 85' lang='lat' dir='ltr'>insulae</span> <span class='ocrx_word' id='word_1_137' title='bbox 1010 1482 1201 1523; x_wconf 72' lang='lat' dir='ltr'>Sardiniae,&#39;</span> 
     </span>
     <span class='ocr_line' id='line_1_26' title="bbox 441 1536 1201 1582; baseline -0.003 -12"><span class='ocrx_word' id='word_1_138' title='bbox 441 1538 470 1570; x_wconf 91' lang='lat' dir='ltr'>in</span> <span class='ocrx_word' id='word_1_139' title='bbox 496 1538 609 1582; x_wconf 88' lang='lat' dir='ltr'>quibus</span> <span class='ocrx_word' id='word_1_140' title='bbox 634 1537 807 1572; x_wconf 84' lang='lat' dir='ltr'>consistunt</span> <span class='ocrx_word' id='word_1_141' title='bbox 832 1537 1040 1580; x_wconf 79' lang='lat' dir='ltr'>(iuramento,</span> <span class='ocrx_word' id='word_1_142' title='bbox 1066 1536 1201 1569; x_wconf 46' lang='lat' dir='ltr'>consum,</span> 
     </span>
     <span class='ocr_line' id='line_1_27' title="bbox 441 1589 1201 1635; baseline -0.003 -11"><span class='ocrx_word' id='word_1_143' title='bbox 441 1591 576 1625; x_wconf 72' lang='lat' dir='ltr'>imatione</span> <span class='ocrx_word' id='word_1_144' title='bbox 608 1590 796 1635; x_wconf 71' lang='lat' dir='ltr'>apostolica,</span> <span class='ocrx_word' id='word_1_145' title='bbox 823 1590 870 1623; x_wconf 72' lang='lat' dir='ltr'>vel</span> <span class='ocrx_word' id='word_1_146' title='bbox 901 1589 1011 1634; x_wconf 78' lang='lat' dir='ltr'>quavis</span> <span class='ocrx_word' id='word_1_147' title='bbox 1034 1590 1201 1631; x_wconf 58' lang='lat' dir='ltr'>firmitate</span> 
     </span>
     <span class='ocr_line' id='line_1_28' title="bbox 441 1643 1183 1688; baseline -0.004 -10"><span class='ocrx_word' id='word_1_148' title='bbox 441 1646 501 1678; x_wconf 74' lang='lat' dir='ltr'>alia</span> <span class='ocrx_word' id='word_1_149' title='bbox 518 1645 688 1688; x_wconf 88' lang='lat' dir='ltr'>roboratis)</span> <span class='ocrx_word' id='word_1_150' title='bbox 707 1643 829 1677; x_wconf 86' lang='lat' dir='ltr'>statutis</span> <span class='ocrx_word' id='word_1_151' title='bbox 846 1649 874 1676; x_wconf 89' lang='lat' dir='ltr'>et</span> <span class='ocrx_word' id='word_1_152' title='bbox 892 1643 1183 1684; x_wconf 83' lang='lat' dir='ltr'>consuetudinibus,</span> 
     </span>
     <span class='ocr_line' id='line_1_29' title="bbox 442 1696 1201 1741; baseline -0.001 -11"><span class='ocrx_word' id='word_1_153' title='bbox 442 1699 536 1731; x_wconf 74' lang='lat' dir='ltr'>etiam</span> <span class='ocrx_word' id='word_1_154' title='bbox 574 1697 878 1731; x_wconf 84' lang='lat' dir='ltr'>immemorabilibus</span> <span class='ocrx_word' id='word_1_155' title='bbox 915 1702 945 1730; x_wconf 88' lang='lat' dir='ltr'>et</span> <span class='ocrx_word' id='word_1_156' title='bbox 983 1696 1201 1741; x_wconf 67' lang='lat' dir='ltr'>quantumvis³</span> 
     </span>
     <span class='ocr_line' id='line_1_30' title="bbox 443 1750 1202 1795; baseline -0.001 -11"><span class='ocrx_word' id='word_1_157' title='bbox 443 1753 536 1795; x_wconf 80' lang='lat' dir='ltr'>longo</span> <span class='ocrx_word' id='word_1_158' title='bbox 562 1755 702 1795; x_wconf 85' lang='lat' dir='ltr'>tempore</span> <span class='ocrx_word' id='word_1_159' title='bbox 727 1750 917 1791; x_wconf 74' lang='lat' dir='ltr'>observatis,</span> <span class='ocrx_word' id='word_1_160' title='bbox 942 1751 1065 1793; x_wconf 80' lang='lat' dir='ltr'>legibus</span> <span class='ocrx_word' id='word_1_161' title='bbox 1090 1750 1202 1783; x_wconf 63' lang='lat' dir='ltr'>etiam&#39;</span> 
     </span>
     <span class='ocr_line' id='line_1_31' title="bbox 442 1803 1185 1849; baseline -0.003 -10"><span class='ocrx_word' id='word_1_162' title='bbox 442 1804 683 1849; x_wconf 85' lang='lat' dir='ltr'>municipalibus</span> <span class='ocrx_word' id='word_1_163' title='bbox 697 1809 728 1837; x_wconf 89' lang='lat' dir='ltr'>et</span> <span class='ocrx_word' id='word_1_164' title='bbox 744 1803 957 1848; x_wconf 80' lang='lat' dir='ltr'>pragmaticis,</span> <span class='ocrx_word' id='word_1_165' title='bbox 972 1815 1007 1837; x_wconf 90' lang='lat' dir='ltr'>ac</span> <span class='ocrx_word' id='word_1_166' title='bbox 1027 1804 1095 1837; x_wconf 89' lang='lat' dir='ltr'>aliis</span> <span class='ocrx_word' id='word_1_167' title='bbox 1119 1814 1185 1838; x_wconf 87' lang='lat' dir='ltr'>san-</span> 
     </span>
     <span class='ocr_line' id='line_1_32' title="bbox 442 1857 1185 1902; baseline -0.003 -10"><span class='ocrx_word' id='word_1_168' title='bbox 442 1858 611 1899; x_wconf 85' lang='lat' dir='ltr'>ctionibus,</span> <span class='ocrx_word' id='word_1_169' title='bbox 635 1857 808 1902; x_wconf 78' lang='lat' dir='ltr'>privilegiis</span> <span class='ocrx_word' id='word_1_170' title='bbox 834 1868 977 1901; x_wconf 87' lang='lat' dir='ltr'>quoque,</span> <span class='ocrx_word' id='word_1_171' title='bbox 1003 1857 1130 1890; x_wconf 89' lang='lat' dir='ltr'>indultis</span> <span class='ocrx_word' id='word_1_172' title='bbox 1155 1862 1185 1890; x_wconf 88' lang='lat' dir='ltr'>et</span> 
     </span>
     <span class='ocr_line' id='line_1_33' title="bbox 442 1911 1203 1963; baseline -0.004 -16"><span class='ocrx_word' id='word_1_173' title='bbox 442 1912 553 1947; x_wconf 89' lang='lat' dir='ltr'>litteris</span> <span class='ocrx_word' id='word_1_174' title='bbox 578 1911 776 1957; x_wconf 86' lang='lat' dir='ltr'>apostolicis,</span> <span class='ocrx_word' id='word_1_175' title='bbox 801 1911 894 1944; x_wconf 88' lang='lat' dir='ltr'>etiam</span> <span class='ocrx_word' id='word_1_176' title='bbox 920 1921 1015 1955; x_wconf 86' lang='lat' dir='ltr'>super</span> <span class='ocrx_word' id='word_1_177' title='bbox 1039 1911 1203 1963; x_wconf 35' lang='lat' dir='ltr'>facultateL</span> 
     </span>
     <span class='ocr_line' id='line_1_34' title="bbox 442 1962 1184 2005; baseline -0.005 -5"><span class='ocrx_word' id='word_1_178' title='bbox 442 1966 523 2000; x_wconf 87' lang='lat' dir='ltr'>dicta</span> <span class='ocrx_word' id='word_1_179' title='bbox 546 1965 700 1999; x_wconf 85' lang='lat' dir='ltr'>beneficia</span> <span class='ocrx_word' id='word_1_180' title='bbox 723 1963 916 2004; x_wconf 82' lang='lat' dir='ltr'>conferendi,</span> <span class='ocrx_word' id='word_1_181' title='bbox 933 1962 1015 1997; x_wconf 89' lang='lat' dir='ltr'>eius¹</span> <span class='ocrx_word' id='word_1_182' title='bbox 1033 1964 1184 2005; x_wconf 88' lang='lat' dir='ltr'>ecclesiis,</span> 
     </span>
     <span class='ocr_line' id='line_1_35' title="bbox 442 2017 1203 2064; baseline -0.004 -11"><span class='ocrx_word' id='word_1_183' title='bbox 442 2020 632 2064; x_wconf 86' lang='lat' dir='ltr'>illarumque</span> <span class='ocrx_word' id='word_1_184' title='bbox 656 2018 873 2063; x_wconf 87' lang='lat' dir='ltr'>praesulibus,</span> <span class='ocrx_word' id='word_1_185' title='bbox 899 2017 1062 2062; x_wconf 86' lang='lat' dir='ltr'>capitulis,</span> <span class='ocrx_word' id='word_1_186' title='bbox 1083 2018 1203 2051; x_wconf 61' lang='lat' dir='ltr'>civita,</span> 
     </span>
     <span class='ocr_line' id='line_1_36' title="bbox 442 2071 1186 2115; baseline -0.004 -8"><span class='ocrx_word' id='word_1_187' title='bbox 442 2075 536 2114; x_wconf 87' lang='lat' dir='ltr'>tibus,</span> <span class='ocrx_word' id='word_1_188' title='bbox 560 2072 767 2112; x_wconf 84' lang='lat' dir='ltr'>dioecesibus,</span> <span class='ocrx_word' id='word_1_189' title='bbox 792 2082 891 2115; x_wconf 79' lang='lat' dir='ltr'>regno</span> <span class='ocrx_word' id='word_1_190' title='bbox 910 2077 940 2104; x_wconf 90' lang='lat' dir='ltr'>et</span> <span class='ocrx_word' id='word_1_191' title='bbox 959 2071 1079 2104; x_wconf 84' lang='lat' dir='ltr'>insulae</span> <span class='ocrx_word' id='word_1_192' title='bbox 1099 2082 1186 2115; x_wconf 89' lang='lat' dir='ltr'>prae·</span> 
     </span>
     <span class='ocr_line' id='line_1_37' title="bbox 442 2125 1186 2170; baseline -0.003 -10"><span class='ocrx_word' id='word_1_193' title='bbox 442 2128 543 2167; x_wconf 83' lang='lat' dir='ltr'>dictis,</span> <span class='ocrx_word' id='word_1_194' title='bbox 561 2136 734 2170; x_wconf 87' lang='lat' dir='ltr'>earumque</span> <span class='ocrx_word' id='word_1_195' title='bbox 751 2125 1042 2166; x_wconf 79' lang='lat' dir='ltr'>communitatibus,</span> <span class='ocrx_word' id='word_1_196' title='bbox 1064 2125 1186 2158; x_wconf 75' lang='lat' dir='ltr'>univer-</span> 
     </span>
     <span class='ocr_line' id='line_1_38' title="bbox 443 2179 1202 2228; baseline -0.003 -14"><span class='ocrx_word' id='word_1_197' title='bbox 443 2181 595 2222; x_wconf 82' lang='lat' dir='ltr'>sitatibus,</span> <span class='ocrx_word' id='word_1_198' title='bbox 611 2179 805 2220; x_wconf 90' lang='lat' dir='ltr'>hominibus,</span> <span class='ocrx_word' id='word_1_199' title='bbox 826 2179 947 2220; x_wconf 85' lang='lat' dir='ltr'>incolis,</span> <span class='ocrx_word' id='word_1_200' title='bbox 965 2179 1185 2224; x_wconf 85' lang='lat' dir='ltr'>superioribus</span> <span class='ocrx_word' id='word_1_201' title='bbox 1201 2223 1202 2228; x_wconf 17' lang='grc'>1</span> 
     </span>
     <span class='ocr_line' id='line_1_39' title="bbox 444 2233 1202 2280; baseline -0.004 -11"><span class='ocrx_word' id='word_1_202' title='bbox 444 2242 470 2269; x_wconf 85' lang='lat' dir='ltr'>et</span> <span class='ocrx_word' id='word_1_203' title='bbox 496 2235 650 2280; x_wconf 89' lang='lat' dir='ltr'>personis,</span> <span class='ocrx_word' id='word_1_204' title='bbox 668 2234 726 2267; x_wconf 90' lang='lat' dir='ltr'>sub</span> <span class='ocrx_word' id='word_1_205' title='bbox 748 2233 1000 2278; x_wconf 89' lang='lat' dir='ltr'>quibuscumque</span> <span class='ocrx_word' id='word_1_206' title='bbox 1021 2233 1202 2275; x_wconf 72' lang='lat' dir='ltr'>tenoribus</span> 
     </span>
     <span class='ocr_line' id='line_1_40' title="bbox 444 2286 1186 2331; baseline -0.003 -9"><span class='ocrx_word' id='word_1_207' title='bbox 444 2295 472 2322; x_wconf 82' lang='lat' dir='ltr'>et</span> <span class='ocrx_word' id='word_1_208' title='bbox 490 2288 610 2329; x_wconf 87' lang='lat' dir='ltr'>formis,</span> <span class='ocrx_word' id='word_1_209' title='bbox 634 2298 670 2320; x_wconf 90' lang='lat' dir='ltr'>ac</span> <span class='ocrx_word' id='word_1_210' title='bbox 695 2297 766 2321; x_wconf 90' lang='lat' dir='ltr'>cum</span> <span class='ocrx_word' id='word_1_211' title='bbox 792 2286 954 2331; x_wconf 78' lang='lat' dir='ltr'>quibusvis</span> <span class='ocrx_word' id='word_1_212' title='bbox 975 2286 1186 2330; x_wconf 82' lang='lat' dir='ltr'>derogatoria-</span> 
     </span>
     <span class='ocr_line' id='line_1_41' title="bbox 446 2341 1202 2385; baseline -0.004 -9"><span class='ocrx_word' id='word_1_213' title='bbox 446 2354 514 2376; x_wconf 88' lang='lat' dir='ltr'>rum</span> <span class='ocrx_word' id='word_1_214' title='bbox 540 2341 770 2385; x_wconf 76' lang='lat' dir='ltr'>derogatoriis,</span> <span class='ocrx_word' id='word_1_215' title='bbox 795 2341 925 2384; x_wconf 88' lang='lat' dir='ltr'>aliisque</span> <span class='ocrx_word' id='word_1_216' title='bbox 955 2341 1202 2383; x_wconf 70' lang='lat' dir='ltr'>efficacioribus</span> 
     </span>
     <span class='ocr_line' id='line_1_42' title="bbox 445 2395 1185 2437; baseline 0 -10"><span class='ocrx_word' id='word_1_217' title='bbox 445 2405 470 2430; x_wconf 61' lang='lat' dir='ltr'>vt</span> <span class='ocrx_word' id='word_1_218' title='bbox 500 2397 631 2431; x_wconf 68' lang='lat' dir='ltr'>insolitis</span> <span class='ocrx_word' id='word_1_219' title='bbox 656 2395 815 2437; x_wconf 76' lang='lat' dir='ltr'>clausulis,</span> <span class='ocrx_word' id='word_1_220' title='bbox 832 2405 888 2428; x_wconf 88' lang='lat' dir='ltr'>nec</span> <span class='ocrx_word' id='word_1_221' title='bbox 910 2405 973 2428; x_wconf 88' lang='lat' dir='ltr'>non</span> <span class='ocrx_word' id='word_1_222' title='bbox 989 2395 1185 2428; x_wconf 89' lang='lat' dir='ltr'>irritantibus</span> 
     </span>
     <span class='ocr_line' id='line_1_43' title="bbox 445 2449 1203 2492; baseline 0.001 -10"><span class='ocrx_word' id='word_1_223' title='bbox 445 2458 471 2484; x_wconf 65' lang='lat' dir='ltr'>vt</span> <span class='ocrx_word' id='word_1_224' title='bbox 490 2452 558 2484; x_wconf 66' lang='lat' dir='ltr'>aliis</span> <span class='ocrx_word' id='word_1_225' title='bbox 581 2451 725 2492; x_wconf 80' lang='lat' dir='ltr'>decretis,</span> <span class='ocrx_word' id='word_1_226' title='bbox 749 2451 842 2485; x_wconf 88' lang='lat' dir='ltr'>etiam</span> <span class='ocrx_word' id='word_1_227' title='bbox 869 2449 931 2483; x_wconf 77' lang='lat' dir='ltr'>vim</span> <span class='ocrx_word' id='word_1_228' title='bbox 957 2449 1050 2482; x_wconf 81' lang='lat' dir='ltr'>validi</span> <span class='ocrx_word' id='word_1_229' title='bbox 1070 2453 1100 2483; x_wconf 85' lang='lat' dir='ltr'>et</span> <span class='ocrx_word' id='word_1_230' title='bbox 1124 2449 1203 2492; x_wconf 40' lang='lat' dir='ltr'>effi-(</span> 
     </span>
     <span class='ocr_line' id='line_1_44' title="bbox 447 2503 1185 2548; baseline 0 -13"><span class='ocrx_word' id='word_1_231' title='bbox 447 2506 527 2538; x_wconf 61' lang='lat' dir='ltr'>vacis</span> <span class='ocrx_word' id='word_1_232' title='bbox 552 2510 741 2545; x_wconf 88' lang='lat' dir='ltr'>contractus,</span> <span class='ocrx_word' id='word_1_233' title='bbox 766 2514 822 2537; x_wconf 88' lang='lat' dir='ltr'>seu</span> <span class='ocrx_word' id='word_1_234' title='bbox 841 2503 947 2537; x_wconf 85' lang='lat' dir='ltr'>statuti</span> <span class='ocrx_word' id='word_1_235' title='bbox 967 2503 1121 2548; x_wconf 85' lang='lat' dir='ltr'>perpetui,</span> <span class='ocrx_word' id='word_1_236' title='bbox 1138 2503 1185 2536; x_wconf 75' lang='lat' dir='ltr'>vel</span> 
     </span>
     <span class='ocr_line' id='line_1_45' title="bbox 448 2557 1204 2603; baseline -0.003 -12"><span class='ocrx_word' id='word_1_237' title='bbox 448 2559 523 2601; x_wconf 70' lang='lat' dir='ltr'>legis</span> <span class='ocrx_word' id='word_1_238' title='bbox 540 2557 726 2591; x_wconf 83' lang='lat' dir='ltr'>habentibus</span> <span class='ocrx_word' id='word_1_239' title='bbox 741 2563 770 2590; x_wconf 87' lang='lat' dir='ltr'>ct</span> <span class='ocrx_word' id='word_1_240' title='bbox 783 2557 1013 2598; x_wconf 80' lang='lat' dir='ltr'>inducentibus,</span> <span class='ocrx_word' id='word_1_241' title='bbox 1027 2567 1084 2600; x_wconf 84' lang='lat' dir='ltr'>per</span> <span class='ocrx_word' id='word_1_242' title='bbox 1097 2567 1187 2600; x_wconf 87' lang='lat' dir='ltr'>quos·</span> <span class='ocrx_word' id='word_1_243' title='bbox 1202 2560 1204 2603; x_wconf 39' lang='lat' dir='ltr'>i</span> 
     </span>
     <span class='ocr_line' id='line_1_46' title="bbox 448 2606 1205 2671; baseline -0.004 -26"><span class='ocrx_word' id='word_1_244' title='bbox 448 2622 583 2655; x_wconf 86' lang='lat' dir='ltr'>cumque</span> <span class='ocrx_word' id='word_1_245' title='bbox 614 2611 772 2644; x_wconf 87' lang='lat' dir='ltr'>Romanos</span> <span class='ocrx_word' id='word_1_246' title='bbox 803 2610 969 2644; x_wconf 82' lang='lat' dir='ltr'>Pontifices</span> <span class='ocrx_word' id='word_1_247' title='bbox 1000 2606 1205 2671; x_wconf 45' lang='lat' dir='ltr'>praedeces-l</span> 
     </span>
    </p>

    <p class='ocr_par' dir='ltr' id='par_1_3' title="bbox 484 2672 1205 2709">
     <span class='ocr_line' id='line_1_47' title="bbox 484 2672 1205 2709; baseline -0.003 -8"><span class='ocrx_word' id='word_1_248' title='bbox 484 2676 494 2701; x_wconf 80' lang='lat'><strong>1</strong></span> <span class='ocrx_word' id='word_1_249' title='bbox 513 2673 613 2702; x_wconf 85' lang='lat' dir='ltr'>Forsan</span> <span class='ocrx_word' id='word_1_250' title='bbox 628 2673 774 2709; x_wconf 83' lang='lat' dir='ltr'>legendum</span> <span class='ocrx_word' id='word_1_251' title='bbox 790 2673 830 2702; x_wconf 83' lang='lat' dir='ltr'>eis</span> <span class='ocrx_word' id='word_1_252' title='bbox 844 2673 886 2701; x_wconf 77' lang='lat' dir='ltr'>vel</span> <span class='ocrx_word' id='word_1_253' title='bbox 903 2672 972 2708; x_wconf 71' lang='lat' dir='ltr'>ipsis</span> <span class='ocrx_word' id='word_1_254' title='bbox 985 2672 1023 2707; x_wconf 75' lang='lat' dir='ltr'>(R.</span> <span class='ocrx_word' id='word_1_255' title='bbox 1040 2673 1089 2707; x_wconf 82' lang='grc' dir='ltr'>τ.).</span> <span class='ocrx_word' id='word_1_256' title='bbox 1203 2673 1205 2707; x_wconf 90' lang='grc' dir='ltr'>Ι</span> 
     </span>
    </p>
   </div>
   <div class='ocr_carea' id='block_1_3' title="bbox 1201 310 1204 1211">
    <p class='ocr_par' dir='ltr' id='par_1_4' title="bbox 1201 310 1204 1211">
     <span class='ocr_line' id='line_1_48' title="bbox 1201 310 1204 1211; baseline 0 0"><span class='ocrx_word' id='word_1_257' title='bbox 1201 310 1204 1211; x_wconf 95' lang='lat' dir='ltr'> </span> 
     </span>
    </p>
   </div>
   <div class='ocr_carea' id='block_1_4' title="bbox 1032 256 1389 282">
    <p class='ocr_par' dir='ltr' id='par_1_5' title="bbox 1032 256 1389 282">
     <span class='ocr_line' id='line_1_49' title="bbox 1032 256 1389 282; baseline 0 -1"><span class='ocrx_word' id='word_1_258' title='bbox 1032 257 1209 282; x_wconf 76' lang='lat' dir='ltr'>BULLARIUM</span> <span class='ocrx_word' id='word_1_259' title='bbox 1234 256 1389 282; x_wconf 72' lang='lat' dir='ltr'>ROMANUM</span> 
     </span>
    </p>
   </div>
   <div class='ocr_carea' id='block_1_5' title="bbox 1216 304 1960 1633">
    <p class='ocr_par' dir='ltr' id='par_1_6' title="bbox 1216 304 1959 1248">
     <span class='ocr_line' id='line_1_50' title="bbox 1219 304 1958 350; baseline 0 -11"><span class='ocrx_word' id='word_1_260' title='bbox 1219 316 1306 339; x_wconf 88' lang='lat' dir='ltr'>sores</span> <span class='ocrx_word' id='word_1_261' title='bbox 1328 310 1464 346; x_wconf 90' lang='lat' dir='ltr'>nostros,</span> <span class='ocrx_word' id='word_1_262' title='bbox 1490 304 1666 350; x_wconf 83' lang='lat' dir='ltr'>Sedemque</span> <span class='ocrx_word' id='word_1_263' title='bbox 1690 306 1896 350; x_wconf 87' lang='lat' dir='ltr'>praedictam,</span> <span class='ocrx_word' id='word_1_264' title='bbox 1922 317 1958 339; x_wconf 87' lang='lat' dir='ltr'>ac</span> 
     </span>
     <span class='ocr_line' id='line_1_51' title="bbox 1219 359 1956 403; baseline 0.003 -11"><span class='ocrx_word' id='word_1_265' title='bbox 1219 369 1285 399; x_wconf 88' lang='lat' dir='ltr'>nos,</span> <span class='ocrx_word' id='word_1_266' title='bbox 1303 359 1395 392; x_wconf 87' lang='lat' dir='ltr'>etiam</span> <span class='ocrx_word' id='word_1_267' title='bbox 1418 364 1504 391; x_wconf 91' lang='lat' dir='ltr'>motu</span> <span class='ocrx_word' id='word_1_268' title='bbox 1522 363 1551 391; x_wconf 90' lang='lat' dir='ltr'>et</span> <span class='ocrx_word' id='word_1_269' title='bbox 1575 359 1738 402; x_wconf 86' lang='lat' dir='ltr'>potestatis</span> <span class='ocrx_word' id='word_1_270' title='bbox 1762 359 1956 403; x_wconf 89' lang='lat' dir='ltr'>plenitudine</span> 
     </span>
     <span class='ocr_line' id='line_1_52' title="bbox 1219 411 1956 453; baseline 0.003 -9"><span class='ocrx_word' id='word_1_271' title='bbox 1219 412 1383 453; x_wconf 84' lang='lat' dir='ltr'>similibus,</span> <span class='ocrx_word' id='word_1_272' title='bbox 1397 423 1432 445; x_wconf 91' lang='lat' dir='ltr'>ac</span> <span class='ocrx_word' id='word_1_273' title='bbox 1449 411 1707 445; x_wconf 84' lang='lat' dir='ltr'>consistorialiter</span> <span class='ocrx_word' id='word_1_274' title='bbox 1724 416 1754 445; x_wconf 87' lang='lat' dir='ltr'>et</span> <span class='ocrx_word' id='word_1_275' title='bbox 1771 412 1846 445; x_wconf 76' lang='lat' dir='ltr'>alias</span> <span class='ocrx_word' id='word_1_276' title='bbox 1863 413 1956 446; x_wconf 85' lang='lat' dir='ltr'>etiam</span> 
     </span>
     <span class='ocr_line' id='line_1_53' title="bbox 1219 464 1958 509; baseline 0.004 -12"><span class='ocrx_word' id='word_1_277' title='bbox 1219 465 1337 498; x_wconf 87' lang='lat' dir='ltr'>iteratis</span> <span class='ocrx_word' id='word_1_278' title='bbox 1362 465 1481 497; x_wconf 78' lang='lat' dir='ltr'>vicibus</span> <span class='ocrx_word' id='word_1_279' title='bbox 1506 465 1535 497; x_wconf 92' lang='lat' dir='ltr'>in</span> <span class='ocrx_word' id='word_1_280' title='bbox 1561 464 1753 498; x_wconf 88' lang='lat' dir='ltr'>contrarium</span> <span class='ocrx_word' id='word_1_281' title='bbox 1785 465 1958 509; x_wconf 89' lang='lat' dir='ltr'>quomodo-</span> 
     </span>
     <span class='ocr_line' id='line_1_54' title="bbox 1218 520 1955 560; baseline 0.003 -8"><span class='ocrx_word' id='word_1_282' title='bbox 1218 520 1292 553; x_wconf 89' lang='lat' dir='ltr'>libet</span> <span class='ocrx_word' id='word_1_283' title='bbox 1317 520 1493 560; x_wconf 86' lang='lat' dir='ltr'>concessis,</span> <span class='ocrx_word' id='word_1_284' title='bbox 1518 520 1713 553; x_wconf 81' lang='lat' dir='ltr'>confirmatis</span> <span class='ocrx_word' id='word_1_285' title='bbox 1738 525 1768 553; x_wconf 86' lang='lat' dir='ltr'>et</span> <span class='ocrx_word' id='word_1_286' title='bbox 1792 520 1955 554; x_wconf 86' lang='lat' dir='ltr'>innovatis.</span> 
     </span>
     <span class='ocr_line' id='line_1_55' title="bbox 1217 573 1959 615; baseline 0.001 -9"><span class='ocrx_word' id='word_1_287' title='bbox 1217 574 1337 613; x_wconf 84' lang='lat' dir='ltr'>Quibus</span> <span class='ocrx_word' id='word_1_288' title='bbox 1350 573 1507 614; x_wconf 91' lang='lat' dir='ltr'>omnibus,</span> <span class='ocrx_word' id='word_1_289' title='bbox 1527 573 1649 607; x_wconf 86' lang='lat' dir='ltr'>etiamsi</span> <span class='ocrx_word' id='word_1_290' title='bbox 1673 573 1711 606; x_wconf 90' lang='lat' dir='ltr'>de</span> <span class='ocrx_word' id='word_1_291' title='bbox 1736 573 1807 615; x_wconf 90' lang='lat' dir='ltr'>illis,</span> <span class='ocrx_word' id='word_1_292' title='bbox 1834 582 1959 607; x_wconf 83' lang='lat' dir='ltr'>eorum·</span> 
     </span>
     <span class='ocr_line' id='line_1_56' title="bbox 1218 627 1957 671; baseline 0 -11"><span class='ocrx_word' id='word_1_293' title='bbox 1218 638 1277 671; x_wconf 87' lang='lat' dir='ltr'>que</span> <span class='ocrx_word' id='word_1_294' title='bbox 1302 627 1374 660; x_wconf 87' lang='lat' dir='ltr'>totis</span> <span class='ocrx_word' id='word_1_295' title='bbox 1398 627 1576 668; x_wconf 89' lang='lat' dir='ltr'>tenoribus,</span> <span class='ocrx_word' id='word_1_296' title='bbox 1601 627 1761 671; x_wconf 86' lang='lat' dir='ltr'>specialis,</span> <span class='ocrx_word' id='word_1_297' title='bbox 1793 627 1957 671; x_wconf 85' lang='lat' dir='ltr'>specifica,</span> 
     </span>
     <span class='ocr_line' id='line_1_57' title="bbox 1217 681 1956 725; baseline 0 -11"><span class='ocrx_word' id='word_1_298' title='bbox 1217 691 1363 725; x_wconf 80' lang='lat' dir='ltr'>expressa</span> <span class='ocrx_word' id='word_1_299' title='bbox 1394 686 1424 714; x_wconf 83' lang='lat' dir='ltr'>ct</span> <span class='ocrx_word' id='word_1_300' title='bbox 1454 681 1633 723; x_wconf 90' lang='lat' dir='ltr'>individua,</span> <span class='ocrx_word' id='word_1_301' title='bbox 1665 692 1700 714; x_wconf 88' lang='lat' dir='ltr'>ac</span> <span class='ocrx_word' id='word_1_302' title='bbox 1728 681 1766 714; x_wconf 91' lang='lat' dir='ltr'>de</span> <span class='ocrx_word' id='word_1_303' title='bbox 1790 681 1888 714; x_wconf 90' lang='lat' dir='ltr'>verbo</span> <span class='ocrx_word' id='word_1_304' title='bbox 1918 681 1956 714; x_wconf 86' lang='lat' dir='ltr'>ad</span> 
     </span>
     <span class='ocr_line' id='line_1_58' title="bbox 1217 733 1956 779; baseline 0 -12"><span class='ocrx_word' id='word_1_305' title='bbox 1217 733 1360 775; x_wconf 83' lang='lat' dir='ltr'>verbum,</span> <span class='ocrx_word' id='word_1_306' title='bbox 1384 745 1447 769; x_wconf 92' lang='lat' dir='ltr'>non</span> <span class='ocrx_word' id='word_1_307' title='bbox 1471 739 1574 769; x_wconf 88' lang='lat' dir='ltr'>autem</span> <span class='ocrx_word' id='word_1_308' title='bbox 1601 745 1659 779; x_wconf 87' lang='lat' dir='ltr'>per</span> <span class='ocrx_word' id='word_1_309' title='bbox 1683 734 1838 768; x_wconf 87' lang='lat' dir='ltr'>clausulas</span> <span class='ocrx_word' id='word_1_310' title='bbox 1862 745 1956 778; x_wconf 83' lang='lat' dir='ltr'>gene·</span> 
     </span>
     <span class='ocr_line' id='line_1_59' title="bbox 1218 787 1956 832; baseline 0.001 -12"><span class='ocrx_word' id='word_1_311' title='bbox 1218 788 1298 820; x_wconf 87' lang='lat' dir='ltr'>rales</span> <span class='ocrx_word' id='word_1_312' title='bbox 1323 788 1406 820; x_wconf 88' lang='lat' dir='ltr'>idem</span> <span class='ocrx_word' id='word_1_313' title='bbox 1432 788 1648 832; x_wconf 83' lang='lat' dir='ltr'>importantes⁷</span> <span class='ocrx_word' id='word_1_314' title='bbox 1670 787 1788 821; x_wconf 88' lang='lat' dir='ltr'>mentio</span> <span class='ocrx_word' id='word_1_315' title='bbox 1812 787 1956 821; x_wconf 86' lang='lat' dir='ltr'>habenda</span> 
     </span>
     <span class='ocr_line' id='line_1_60' title="bbox 1217 840 1955 886; baseline 0.003 -14"><span class='ocrx_word' id='word_1_316' title='bbox 1217 841 1318 881; x_wconf 84' lang='lat' dir='ltr'>soret,</span> <span class='ocrx_word' id='word_1_317' title='bbox 1343 841 1471 875; x_wconf 90' lang='lat' dir='ltr'>illorum</span> <span class='ocrx_word' id='word_1_318' title='bbox 1496 846 1621 875; x_wconf 85' lang='lat' dir='ltr'>tenores</span> <span class='ocrx_word' id='word_1_319' title='bbox 1653 840 1871 886; x_wconf 86' lang='lat' dir='ltr'>praesentibus</span> <span class='ocrx_word' id='word_1_320' title='bbox 1896 851 1955 885; x_wconf 89' lang='lat' dir='ltr'>pro</span> 
     </span>
     <span class='ocr_line' id='line_1_61' title="bbox 1217 894 1954 938; baseline 0.001 -12"><span class='ocrx_word' id='word_1_321' title='bbox 1217 894 1372 938; x_wconf 82' lang='lat' dir='ltr'>expressis</span> <span class='ocrx_word' id='word_1_322' title='bbox 1395 894 1556 936; x_wconf 88' lang='lat' dir='ltr'>habentes,</span> <span class='ocrx_word' id='word_1_323' title='bbox 1580 894 1642 927; x_wconf 88' lang='lat' dir='ltr'>illis</span> <span class='ocrx_word' id='word_1_324' title='bbox 1665 895 1741 927; x_wconf 78' lang='lat' dir='ltr'>alias</span> <span class='ocrx_word' id='word_1_325' title='bbox 1765 895 1795 927; x_wconf 90' lang='lat' dir='ltr'>in</span> <span class='ocrx_word' id='word_1_326' title='bbox 1821 905 1878 928; x_wconf 92' lang='lat' dir='ltr'>suo</span> <span class='ocrx_word' id='word_1_327' title='bbox 1904 905 1954 928; x_wconf 92' lang='lat' dir='ltr'>ro-</span> 
     </span>
     <span class='ocr_line' id='line_1_62' title="bbox 1216 947 1957 990; baseline 0 -10"><span class='ocrx_word' id='word_1_328' title='bbox 1216 947 1294 980; x_wconf 81' lang='lat' dir='ltr'>bore</span> <span class='ocrx_word' id='word_1_329' title='bbox 1328 947 1566 990; x_wconf 86' lang='lat' dir='ltr'>permansuris,</span> <span class='ocrx_word' id='word_1_330' title='bbox 1600 948 1660 981; x_wconf 87' lang='lat' dir='ltr'>hac</span> <span class='ocrx_word' id='word_1_331' title='bbox 1695 947 1763 981; x_wconf 88' lang='lat' dir='ltr'>vice</span> <span class='ocrx_word' id='word_1_332' title='bbox 1796 947 1957 981; x_wconf 84' lang='lat' dir='ltr'>dumtaxat</span> 
     </span>
     <span class='ocr_line' id='line_1_63' title="bbox 1218 999 1957 1044; baseline 0.004 -12"><span class='ocrx_word' id='word_1_333' title='bbox 1218 999 1395 1044; x_wconf 87' lang='lat' dir='ltr'>specialiter</span> <span class='ocrx_word' id='word_1_334' title='bbox 1420 1005 1450 1033; x_wconf 89' lang='lat' dir='ltr'>et</span> <span class='ocrx_word' id='word_1_335' title='bbox 1474 1011 1620 1044; x_wconf 88' lang='lat' dir='ltr'>expresse</span> <span class='ocrx_word' id='word_1_336' title='bbox 1644 1001 1852 1044; x_wconf 83' lang='lat' dir='ltr'>derogamus,</span> <span class='ocrx_word' id='word_1_337' title='bbox 1877 1006 1957 1035; x_wconf 90' lang='lat' dir='ltr'>cete-</span> 
     </span>
     <span class='ocr_line' id='line_1_64' title="bbox 1218 1053 1957 1098; baseline 0.003 -12"><span class='ocrx_word' id='word_1_338' title='bbox 1218 1053 1324 1097; x_wconf 87' lang='lat' dir='ltr'>risque</span> <span class='ocrx_word' id='word_1_339' title='bbox 1353 1053 1519 1087; x_wconf 87' lang='lat' dir='ltr'>contrariis</span> <span class='ocrx_word' id='word_1_340' title='bbox 1551 1053 1814 1098; x_wconf 89' lang='lat' dir='ltr'>quibuscumque.</span> <span class='ocrx_word' id='word_1_341' title='bbox 1845 1055 1957 1088; x_wconf 87' lang='lat' dir='ltr'>Datum</span> 
     </span>
     <span class='ocr_line' id='line_1_65' title="bbox 1218 1106 1958 1150; baseline 0.001 -11"><span class='ocrx_word' id='word_1_342' title='bbox 1218 1107 1345 1147; x_wconf 83' lang='lat' dir='ltr'>Romae,</span> <span class='ocrx_word' id='word_1_343' title='bbox 1370 1106 1453 1150; x_wconf 88' lang='lat' dir='ltr'>apud</span> <span class='ocrx_word' id='word_1_344' title='bbox 1477 1106 1505 1140; x_wconf 88' lang='lat' dir='ltr'>S.</span> <span class='ocrx_word' id='word_1_345' title='bbox 1527 1106 1676 1147; x_wconf 83' lang='lat' dir='ltr'>Marcum,</span> <span class='ocrx_word' id='word_1_346' title='bbox 1694 1106 1752 1139; x_wconf 88' lang='lat' dir='ltr'>sub</span> <span class='ocrx_word' id='word_1_347' title='bbox 1764 1106 1880 1140; x_wconf 86' lang='lat' dir='ltr'>annulo</span> <span class='ocrx_word' id='word_1_348' title='bbox 1897 1106 1958 1140; x_wconf 87' lang='lat' dir='ltr'>Pis-</span> 
     </span>
     <span class='ocr_line' id='line_1_66' title="bbox 1218 1159 1957 1205; baseline 0.004 -13"><span class='ocrx_word' id='word_1_349' title='bbox 1218 1159 1343 1201; x_wconf 88' lang='lat' dir='ltr'>catoris,</span> <span class='ocrx_word' id='word_1_350' title='bbox 1361 1160 1410 1193; x_wconf 93' lang='lat' dir='ltr'>die</span> <span class='ocrx_word' id='word_1_351' title='bbox 1432 1170 1507 1193; x_wconf 81' lang='lat' dir='ltr'>xxvl</span> <span class='ocrx_word' id='word_1_352' title='bbox 1532 1160 1719 1204; x_wconf 89' lang='lat' dir='ltr'>septembris</span> <span class='ocrx_word' id='word_1_353' title='bbox 1739 1169 1859 1202; x_wconf 82' lang='lat' dir='ltr'>Mbcvn,</span> <span class='ocrx_word' id='word_1_354' title='bbox 1878 1171 1957 1205; x_wconf 89' lang='lat' dir='ltr'>pon-</span> 
     </span>
     <span class='ocr_line' id='line_1_67' title="bbox 1218 1214 1643 1248; baseline 0.002 -2"><span class='ocrx_word' id='word_1_355' title='bbox 1218 1214 1353 1247; x_wconf 85' lang='lat' dir='ltr'>tificatus</span> <span class='ocrx_word' id='word_1_356' title='bbox 1377 1214 1476 1247; x_wconf 90' lang='lat' dir='ltr'>nostri</span> <span class='ocrx_word' id='word_1_357' title='bbox 1498 1224 1579 1248; x_wconf 90' lang='lat' dir='ltr'>anno</span> <span class='ocrx_word' id='word_1_358' title='bbox 1600 1224 1643 1248; x_wconf 93' lang='lat'>111.</span> 
     </span>
    </p>

    <p class='ocr_par' dir='ltr' id='par_1_7' title="bbox 1217 1267 1960 1633">
     <span class='ocr_line' id='line_1_68' title="bbox 1261 1267 1956 1310; baseline 0 -10"><span class='ocrx_word' id='word_1_359' title='bbox 1261 1267 1276 1310; x_wconf 61' lang='lat' dir='ltr'>g</span> <span class='ocrx_word' id='word_1_360' title='bbox 1300 1267 1328 1300; x_wconf 75' lang='lat'>⁶2.</span> <span class='ocrx_word' id='word_1_361' title='bbox 1355 1267 1431 1301; x_wconf 87' lang='lat' dir='ltr'>Cum</span> <span class='ocrx_word' id='word_1_362' title='bbox 1456 1273 1570 1310; x_wconf 83' lang='lat' dir='ltr'>autem,</span> <span class='ocrx_word' id='word_1_363' title='bbox 1596 1267 1676 1301; x_wconf 87' lang='lat' dir='ltr'>sicut</span> <span class='ocrx_word' id='word_1_364' title='bbox 1701 1267 1905 1302; x_wconf 88' lang='lat' dir='ltr'>charissimus</span> <span class='ocrx_word' id='word_1_365' title='bbox 1925 1268 1956 1301; x_wconf 89' lang='lat' dir='ltr'>in</span> 
     </span>
     <span class='ocr_line' id='line_1_69' title="bbox 1217 1320 1957 1365; baseline 0 -11"><span class='ocrx_word' id='word_1_366' title='bbox 1217 1320 1338 1354; x_wconf 89' lang='lat' dir='ltr'>Christo</span> <span class='ocrx_word' id='word_1_367' title='bbox 1351 1321 1434 1353; x_wconf 78' lang='lat' dir='ltr'>tilius</span> <span class='ocrx_word' id='word_1_368' title='bbox 1446 1326 1554 1354; x_wconf 84' lang='lat' dir='ltr'>noster</span> <span class='ocrx_word' id='word_1_369' title='bbox 1568 1321 1729 1365; x_wconf 90' lang='lat' dir='ltr'>Philippus</span> <span class='ocrx_word' id='word_1_370' title='bbox 1738 1321 1957 1365; x_wconf 81' lang='lat' dir='ltr'>Hispaniarum</span> 
     </span>
     <span class='ocr_line' id='line_1_70' title="bbox 1218 1374 1956 1419; baseline 0.001 -12"><span class='ocrx_word' id='word_1_371' title='bbox 1218 1385 1272 1407; x_wconf 87' lang='lat' dir='ltr'>rex</span> <span class='ocrx_word' id='word_1_372' title='bbox 1297 1375 1470 1408; x_wconf 88' lang='lat' dir='ltr'>catholicus</span> <span class='ocrx_word' id='word_1_373' title='bbox 1495 1374 1586 1407; x_wconf 88' lang='lat' dir='ltr'>nobis</span> <span class='ocrx_word' id='word_1_374' title='bbox 1610 1385 1712 1418; x_wconf 86' lang='lat' dir='ltr'>nuper</span> <span class='ocrx_word' id='word_1_375' title='bbox 1737 1375 1850 1419; x_wconf 83' lang='lat' dir='ltr'>exponi</span> <span class='ocrx_word' id='word_1_376' title='bbox 1875 1375 1956 1418; x_wconf 77' lang='lat' dir='ltr'>fecit,</span> 
     </span>
     <span class='ocr_line' id='line_1_71' title="bbox 1217 1426 1959 1472; baseline 0.001 -12"><span class='ocrx_word' id='word_1_377' title='bbox 1217 1439 1254 1461; x_wconf 76' lang='lat' dir='ltr'>ex</span> <span class='ocrx_word' id='word_1_378' title='bbox 1279 1428 1432 1462; x_wconf 85' lang='lat' dir='ltr'>contentis</span> <span class='ocrx_word' id='word_1_379' title='bbox 1463 1433 1555 1472; x_wconf 85' lang='lat' dir='ltr'>atquc</span> <span class='ocrx_word' id='word_1_380' title='bbox 1579 1426 1741 1472; x_wconf 86' lang='lat' dir='ltr'>dispositis</span> <span class='ocrx_word' id='word_1_381' title='bbox 1771 1428 1802 1460; x_wconf 91' lang='lat' dir='ltr'>in</span> <span class='ocrx_word' id='word_1_382' title='bbox 1832 1429 1959 1472; x_wconf 90' lang='lat' dir='ltr'>praein-</span> 
     </span>
     <span class='ocr_line' id='line_1_72' title="bbox 1218 1481 1958 1523; baseline 0.001 -9"><span class='ocrx_word' id='word_1_383' title='bbox 1218 1481 1309 1515; x_wconf 88' lang='lat' dir='ltr'>sertis</span> <span class='ocrx_word' id='word_1_384' title='bbox 1332 1482 1454 1522; x_wconf 88' lang='lat' dir='ltr'>litteris‚</span> <span class='ocrx_word' id='word_1_385' title='bbox 1479 1481 1660 1514; x_wconf 88' lang='lat' dir='ltr'>huiusmodi</span> <span class='ocrx_word' id='word_1_386' title='bbox 1684 1481 1830 1523; x_wconf 87' lang='lat' dir='ltr'>dissidia,</span> <span class='ocrx_word' id='word_1_387' title='bbox 1855 1482 1958 1523; x_wconf 85' lang='lat' dir='ltr'>rixae,</span> 
     </span>
     <span class='ocr_line' id='line_1_73' title="bbox 1218 1534 1958 1578; baseline 0.001 -11"><span class='ocrx_word' id='word_1_388' title='bbox 1218 1535 1434 1568; x_wconf 84' lang='lat' dir='ltr'>contentiones</span> <span class='ocrx_word' id='word_1_389' title='bbox 1455 1540 1548 1578; x_wconf 87' lang='lat' dir='ltr'>atque</span> <span class='ocrx_word' id='word_1_390' title='bbox 1572 1534 1748 1568; x_wconf 88' lang='lat' dir='ltr'>discordiae</span> <span class='ocrx_word' id='word_1_391' title='bbox 1772 1545 1836 1568; x_wconf 92' lang='lat' dir='ltr'>non</span> <span class='ocrx_word' id='word_1_392' title='bbox 1856 1535 1958 1569; x_wconf 90' lang='lat' dir='ltr'>solum</span> 
     </span>
     <span class='ocr_line' id='line_1_74' title="bbox 1220 1588 1960 1633; baseline 0.001 -12"><span class='ocrx_word' id='word_1_393' title='bbox 1220 1589 1271 1633; x_wconf 90' lang='lat' dir='ltr'>inp</span> <span class='ocrx_word' id='word_1_394' title='bbox 1292 1588 1438 1622; x_wconf 88' lang='lat' dir='ltr'>raedictis</span> <span class='ocrx_word' id='word_1_395' title='bbox 1454 1589 1621 1621; x_wconf 78' lang='lat' dir='ltr'>Turritana</span> <span class='ocrx_word' id='word_1_396' title='bbox 1646 1599 1701 1622; x_wconf 89' lang='lat' dir='ltr'>seu</span> <span class='ocrx_word' id='word_1_397' title='bbox 1721 1588 1907 1631; x_wconf 84' lang='lat' dir='ltr'>Sassarensi,</span> <span class='ocrx_word' id='word_1_398' title='bbox 1924 1599 1960 1623; x_wconf 90' lang='lat' dir='ltr'>ac</span> 
     </span>
    </p>
   </div>
   <div class='ocr_carea' id='block_1_6' title="bbox 1218 1642 1962 1686">
    <p class='ocr_par' dir='ltr' id='par_1_8' title="bbox 1218 1642 1962 1686">
     <span class='ocr_line' id='line_1_75' title="bbox 1218 1642 1962 1686; baseline 0 -11"><span class='ocrx_word' id='word_1_399' title='bbox 1218 1642 1391 1676; x_wconf 76' lang='lat' dir='ltr'>Calaritana</span> <span class='ocrx_word' id='word_1_400' title='bbox 1412 1642 1600 1683; x_wconf 77' lang='lat' dir='ltr'>civitatibus,</span> <span class='ocrx_word' id='word_1_401' title='bbox 1617 1652 1789 1686; x_wconf 87' lang='lat' dir='ltr'>earumque</span> <span class='ocrx_word' id='word_1_402' title='bbox 1812 1642 1962 1676; x_wconf 88' lang='lat' dir='ltr'>dioecesi-</span> 
     </span>
    </p>
   </div>
   <div class='ocr_carea' id='block_1_7' title="bbox 1218 1695 1960 1952">
    <p class='ocr_par' dir='ltr' id='par_1_9' title="bbox 1218 1695 1960 1952">
     <span class='ocr_line' id='line_1_76' title="bbox 1218 1695 1960 1740; baseline -0.001 -10"><span class='ocrx_word' id='word_1_403' title='bbox 1218 1697 1285 1740; x_wconf 82' lang='lat' dir='ltr'>bus,</span> <span class='ocrx_word' id='word_1_404' title='bbox 1304 1706 1414 1729; x_wconf 71' lang='lat' dir='ltr'>verum</span> <span class='ocrx_word' id='word_1_405' title='bbox 1432 1695 1525 1729; x_wconf 88' lang='lat' dir='ltr'>etiam</span> <span class='ocrx_word' id='word_1_406' title='bbox 1542 1696 1573 1729; x_wconf 92' lang='lat' dir='ltr'>in</span> <span class='ocrx_word' id='word_1_407' title='bbox 1594 1697 1659 1730; x_wconf 76' lang='lat' dir='ltr'>tota</span> <span class='ocrx_word' id='word_1_408' title='bbox 1677 1696 1837 1729; x_wconf 84' lang='lat' dir='ltr'>Sardiniae</span> <span class='ocrx_word' id='word_1_409' title='bbox 1857 1695 1960 1729; x_wconf 74' lang='lat' dir='ltr'>insula</span> 
     </span>
     <span class='ocr_line' id='line_1_77' title="bbox 1219 1750 1957 1794; baseline 0 -11"><span class='ocrx_word' id='word_1_410' title='bbox 1219 1750 1432 1784; x_wconf 79' lang='lat' dir='ltr'>verisimiliter</span> <span class='ocrx_word' id='word_1_411' title='bbox 1457 1750 1533 1784; x_wconf 88' lang='lat' dir='ltr'>oriri</span> <span class='ocrx_word' id='word_1_412' title='bbox 1557 1753 1695 1794; x_wconf 87' lang='lat' dir='ltr'>possent,</span> <span class='ocrx_word' id='word_1_413' title='bbox 1720 1755 1750 1782; x_wconf 91' lang='lat' dir='ltr'>et</span> <span class='ocrx_word' id='word_1_414' title='bbox 1777 1754 1957 1794; x_wconf 86' lang='lat' dir='ltr'>propterea,</span> 
     </span>
     <span class='ocr_line' id='line_1_78' title="bbox 1218 1803 1960 1846; baseline -0.001 -10"><span class='ocrx_word' id='word_1_415' title='bbox 1218 1809 1252 1836; x_wconf 89' lang='lat' dir='ltr'>ut</span> <span class='ocrx_word' id='word_1_416' title='bbox 1276 1803 1322 1837; x_wconf 87' lang='lat' dir='ltr'>eis</span> <span class='ocrx_word' id='word_1_417' title='bbox 1345 1809 1468 1836; x_wconf 87' lang='lat' dir='ltr'>mature</span> <span class='ocrx_word' id='word_1_418' title='bbox 1493 1803 1617 1836; x_wconf 66' lang='lat' dir='ltr'>obriam</span> <span class='ocrx_word' id='word_1_419' title='bbox 1643 1808 1748 1844; x_wconf 88' lang='lat' dir='ltr'>eatur,</span> <span class='ocrx_word' id='word_1_420' title='bbox 1772 1803 1906 1846; x_wconf 87' lang='lat' dir='ltr'>pacique</span> <span class='ocrx_word' id='word_1_421' title='bbox 1930 1808 1960 1836; x_wconf 91' lang='lat' dir='ltr'>et</span> 
     </span>
     <span class='ocr_line' id='line_1_79' title="bbox 1219 1856 1960 1890; baseline 0 -1"><span class='ocrx_word' id='word_1_422' title='bbox 1219 1860 1345 1890; x_wconf 88' lang='lat' dir='ltr'>mutuae</span> <span class='ocrx_word' id='word_1_423' title='bbox 1362 1857 1444 1889; x_wconf 85' lang='lat' dir='ltr'>inter</span> <span class='ocrx_word' id='word_1_424' title='bbox 1463 1856 1604 1890; x_wconf 86' lang='lat' dir='ltr'>eiusdem</span> <span class='ocrx_word' id='word_1_425' title='bbox 1624 1856 1743 1889; x_wconf 83' lang='lat' dir='ltr'>insulae</span> <span class='ocrx_word' id='word_1_426' title='bbox 1767 1856 1960 1890; x_wconf 89' lang='lat' dir='ltr'>habitatores</span> 
     </span>
     <span class='ocr_line' id='line_1_80' title="bbox 1220 1909 1959 1952; baseline -0.001 -8"><span class='ocrx_word' id='word_1_427' title='bbox 1220 1916 1250 1944; x_wconf 83' lang='lat' dir='ltr'>et</span> <span class='ocrx_word' id='word_1_428' title='bbox 1263 1910 1381 1944; x_wconf 89' lang='lat' dir='ltr'>incolas</span> <span class='ocrx_word' id='word_1_429' title='bbox 1395 1909 1593 1951; x_wconf 88' lang='lat' dir='ltr'>concordiae,</span> <span class='ocrx_word' id='word_1_430' title='bbox 1608 1910 1751 1943; x_wconf 85' lang='lat' dir='ltr'>securius</span> <span class='ocrx_word' id='word_1_431' title='bbox 1767 1910 1959 1952; x_wconf 86' lang='lat' dir='ltr'>consulatur,</span> 
     </span>
    </p>
   </div>
   <div class='ocr_carea' id='block_1_8' title="bbox 1202 1963 1960 2009">
    <p class='ocr_par' dir='ltr' id='par_1_10' title="bbox 1202 1963 1960 2009">
     <span class='ocr_line' id='line_1_81' title="bbox 1202 1963 1960 2009; baseline 0 -12"><span class='ocrx_word' id='word_1_432' title='bbox 1202 2000 1203 2003; x_wconf 45' lang='lat'>,</span> <span class='ocrx_word' id='word_1_433' title='bbox 1220 1963 1319 1998; x_wconf 75' lang='lat' dir='ltr'>idem·</span> <span class='ocrx_word' id='word_1_434' title='bbox 1341 1964 1505 2009; x_wconf 88' lang='lat' dir='ltr'>Philippus</span> <span class='ocrx_word' id='word_1_435' title='bbox 1521 1975 1575 1997; x_wconf 89' lang='lat' dir='ltr'>rex</span> <span class='ocrx_word' id='word_1_436' title='bbox 1593 1974 1688 2009; x_wconf 87' lang='lat' dir='ltr'>super</span> <span class='ocrx_word' id='word_1_437' title='bbox 1705 1963 1887 2008; x_wconf 87' lang='lat' dir='ltr'>praemissis</span> <span class='ocrx_word' id='word_1_438' title='bbox 1903 1974 1960 2008; x_wconf 88' lang='lat' dir='ltr'>per</span> 
     </span>
    </p>
   </div>
   <div class='ocr_carea' id='block_1_9' title="bbox 1219 2017 1961 2599">
    <p class='ocr_par' dir='ltr' id='par_1_11' title="bbox 1219 2017 1860 2062">
     <span class='ocr_line' id='line_1_82' title="bbox 1219 2017 1860 2062; baseline 0 -12"><span class='ocrx_word' id='word_1_439' title='bbox 1219 2028 1277 2052; x_wconf 86' lang='lat' dir='ltr'>nos</span> <span class='ocrx_word' id='word_1_440' title='bbox 1302 2023 1480 2062; x_wconf 89' lang='lat' dir='ltr'>opportune</span> <span class='ocrx_word' id='word_1_441' title='bbox 1503 2017 1664 2062; x_wconf 83' lang='lat' dir='ltr'>provideri</span> <span class='ocrx_word' id='word_1_442' title='bbox 1688 2017 1860 2050; x_wconf 87' lang='lat' dir='ltr'>desideret:</span> 
     </span>
    </p>

    <p class='ocr_par' dir='ltr' id='par_1_12' title="bbox 1219 2069 1961 2599">
     <span class='ocr_line' id='line_1_83' title="bbox 1264 2069 1961 2115; baseline -0.001 -10"><span class='ocrx_word' id='word_1_443' title='bbox 1264 2072 1279 2115; x_wconf 66' lang='grc' dir='ltr'><strong>ξ</strong></span> <span class='ocrx_word' id='word_1_444' title='bbox 1302 2072 1332 2105; x_wconf 81' lang='grc'>3.</span> <span class='ocrx_word' id='word_1_445' title='bbox 1356 2073 1429 2113; x_wconf 79' lang='lat' dir='ltr'>Nos,</span> <span class='ocrx_word' id='word_1_446' title='bbox 1454 2071 1508 2115; x_wconf 92' lang='lat' dir='ltr'>qui</span> <span class='ocrx_word' id='word_1_447' title='bbox 1531 2071 1617 2106; x_wconf 90' lang='lat' dir='ltr'>omni</span> <span class='ocrx_word' id='word_1_448' title='bbox 1641 2071 1841 2115; x_wconf 81' lang='lat' dir='ltr'>cogitatione,</span> <span class='ocrx_word' id='word_1_449' title='bbox 1863 2069 1961 2105; x_wconf 87' lang='lat' dir='ltr'>omni-</span> 
     </span>
     <span class='ocr_line' id='line_1_84' title="bbox 1219 2124 1954 2169; baseline -0.003 -10"><span class='ocrx_word' id='word_1_450' title='bbox 1219 2135 1280 2169; x_wconf 85' lang='lat' dir='ltr'>que</span> <span class='ocrx_word' id='word_1_451' title='bbox 1305 2128 1382 2159; x_wconf 78' lang='lat' dir='ltr'>cura</span> <span class='ocrx_word' id='word_1_452' title='bbox 1407 2126 1439 2159; x_wconf 89' lang='lat' dir='ltr'>in</span> <span class='ocrx_word' id='word_1_453' title='bbox 1462 2125 1493 2158; x_wconf 92' lang='lat' dir='ltr'>id</span> <span class='ocrx_word' id='word_1_454' title='bbox 1517 2125 1747 2166; x_wconf 88' lang='lat' dir='ltr'>incumbimus,</span> <span class='ocrx_word' id='word_1_455' title='bbox 1774 2130 1808 2158; x_wconf 92' lang='lat' dir='ltr'>ut</span> <span class='ocrx_word' id='word_1_456' title='bbox 1833 2124 1954 2158; x_wconf 83' lang='lat' dir='ltr'>christi-</span> 
     </span>
     <span class='ocr_line' id='line_1_85' title="bbox 1219 2177 1960 2224; baseline 0 -13"><span class='ocrx_word' id='word_1_457' title='bbox 1219 2179 1327 2212; x_wconf 87' lang='lat' dir='ltr'>fideles</span> <span class='ocrx_word' id='word_1_458' title='bbox 1362 2179 1550 2224; x_wconf 89' lang='lat' dir='ltr'>praesertim</span> <span class='ocrx_word' id='word_1_459' title='bbox 1585 2179 1786 2213; x_wconf 88' lang='lat' dir='ltr'>ecclesiastici</span> <span class='ocrx_word' id='word_1_460' title='bbox 1816 2177 1848 2211; x_wconf 89' lang='lat' dir='ltr'>in</span> <span class='ocrx_word' id='word_1_461' title='bbox 1873 2178 1960 2222; x_wconf 88' lang='lat' dir='ltr'>pacis</span> 
     </span>
     <span class='ocr_line' id='line_1_86' title="bbox 1219 2232 1961 2266; baseline 0 -1"><span class='ocrx_word' id='word_1_462' title='bbox 1219 2232 1407 2266; x_wconf 86' lang='lat' dir='ltr'>amoenitate</span> <span class='ocrx_word' id='word_1_463' title='bbox 1432 2239 1462 2265; x_wconf 89' lang='lat' dir='ltr'>et</span> <span class='ocrx_word' id='word_1_464' title='bbox 1486 2232 1621 2266; x_wconf 85' lang='lat' dir='ltr'>iustitiae</span> <span class='ocrx_word' id='word_1_465' title='bbox 1645 2233 1731 2265; x_wconf 91' lang='lat' dir='ltr'>cultu</span> <span class='ocrx_word' id='word_1_466' title='bbox 1754 2232 1886 2265; x_wconf 86' lang='lat' dir='ltr'>reddant</span> <span class='ocrx_word' id='word_1_467' title='bbox 1904 2232 1961 2265; x_wconf 92' lang='lat' dir='ltr'>Do-</span> 
     </span>
     <span class='ocr_line' id='line_1_87' title="bbox 1219 2285 1961 2330; baseline -0.001 -11"><span class='ocrx_word' id='word_1_468' title='bbox 1219 2287 1303 2320; x_wconf 92' lang='lat' dir='ltr'>mino</span> <span class='ocrx_word' id='word_1_469' title='bbox 1321 2286 1515 2320; x_wconf 84' lang='lat' dir='ltr'>abundantes</span> <span class='ocrx_word' id='word_1_470' title='bbox 1535 2286 1655 2319; x_wconf 77' lang='lat' dir='ltr'>fruc-tus</span> <span class='ocrx_word' id='word_1_471' title='bbox 1673 2297 1756 2327; x_wconf 84' lang='lat' dir='ltr'>suos,</span> <span class='ocrx_word' id='word_1_472' title='bbox 1776 2285 1849 2330; x_wconf 82' lang='lat' dir='ltr'>pio²</span> <span class='ocrx_word' id='word_1_473' title='bbox 1862 2285 1961 2329; x_wconf 86' lang='lat' dir='ltr'>ipsius</span> 
     </span>
     <span class='ocr_line' id='line_1_88' title="bbox 1219 2339 1960 2385; baseline -0.001 -12"><span class='ocrx_word' id='word_1_474' title='bbox 1219 2340 1356 2385; x_wconf 84' lang='lat' dir='ltr'>Philippi</span> <span class='ocrx_word' id='word_1_475' title='bbox 1385 2340 1470 2383; x_wconf 82' lang='lat' dir='ltr'>regis</span> <span class='ocrx_word' id='word_1_476' title='bbox 1492 2340 1670 2381; x_wconf 88' lang='lat' dir='ltr'>desiderio,</span> <span class='ocrx_word' id='word_1_477' title='bbox 1694 2344 1845 2384; x_wconf 86' lang='lat' dir='ltr'>quantum</span> <span class='ocrx_word' id='word_1_478' title='bbox 1870 2339 1960 2373; x_wconf 88' lang='lat' dir='ltr'>nobis</span> 
     </span>
     <span class='ocr_line' id='line_1_89' title="bbox 1220 2393 1960 2437; baseline -0.001 -10"><span class='ocrx_word' id='word_1_479' title='bbox 1220 2406 1257 2428; x_wconf 80' lang='lat' dir='ltr'>ex</span> <span class='ocrx_word' id='word_1_480' title='bbox 1274 2395 1336 2428; x_wconf 88' lang='lat' dir='ltr'>alto</span> <span class='ocrx_word' id='word_1_481' title='bbox 1354 2393 1546 2436; x_wconf 79' lang='lat' dir='ltr'>conceditur,</span> <span class='ocrx_word' id='word_1_482' title='bbox 1567 2404 1706 2427; x_wconf 85' lang='lat' dir='ltr'>annuere</span> <span class='ocrx_word' id='word_1_483' title='bbox 1723 2394 1874 2434; x_wconf 69' lang='lat' dir='ltr'>volentes,</span> <span class='ocrx_word' id='word_1_484' title='bbox 1889 2404 1960 2437; x_wconf 91' lang='lat' dir='ltr'>sup-</span> 
     </span>
     <span class='ocr_line' id='line_1_90' title="bbox 1220 2447 1960 2493; baseline -0.001 -11"><span class='ocrx_word' id='word_1_485' title='bbox 1220 2448 1442 2493; x_wconf 84' lang='lat' dir='ltr'>plicationibus</span> <span class='ocrx_word' id='word_1_486' title='bbox 1472 2447 1610 2480; x_wconf 81' lang='lat' dir='ltr'>eiusdem</span> <span class='ocrx_word' id='word_1_487' title='bbox 1636 2447 1771 2492; x_wconf 88' lang='lat' dir='ltr'>Philippi</span> <span class='ocrx_word' id='word_1_488' title='bbox 1796 2447 1880 2490; x_wconf 80' lang='lat' dir='ltr'>regis</span> <span class='ocrx_word' id='word_1_489' title='bbox 1904 2457 1960 2481; x_wconf 82' lang='lat' dir='ltr'>no-</span> 
     </span>
     <span class='ocr_line' id='line_1_91' title="bbox 1221 2500 1961 2545; baseline -0.003 -10"><span class='ocrx_word' id='word_1_490' title='bbox 1221 2503 1303 2535; x_wconf 88' lang='lat' dir='ltr'>mine</span> <span class='ocrx_word' id='word_1_491' title='bbox 1319 2501 1409 2535; x_wconf 88' lang='lat' dir='ltr'>nobis</span> <span class='ocrx_word' id='word_1_492' title='bbox 1434 2511 1528 2545; x_wconf 85' lang='lat' dir='ltr'>super</span> <span class='ocrx_word' id='word_1_493' title='bbox 1544 2502 1603 2535; x_wconf 89' lang='lat' dir='ltr'>hoc</span> <span class='ocrx_word' id='word_1_494' title='bbox 1622 2501 1783 2536; x_wconf 83' lang='lat' dir='ltr'>humiliter</span> <span class='ocrx_word' id='word_1_495' title='bbox 1806 2500 1961 2545; x_wconf 84' lang='lat' dir='ltr'>porrectis</span> 
     </span>
     <span class='ocr_line' id='line_1_92' title="bbox 1220 2553 1960 2599; baseline -0.003 -11"><span class='ocrx_word' id='word_1_496' title='bbox 1220 2555 1368 2598; x_wconf 86' lang='lat' dir='ltr'>inclinati,</span> <span class='ocrx_word' id='word_1_497' title='bbox 1384 2555 1593 2599; x_wconf 87' lang='lat' dir='ltr'>pracinscrtas</span> <span class='ocrx_word' id='word_1_498' title='bbox 1608 2555 1694 2587; x_wconf 84' lang='lat' dir='ltr'>Pauli</span> <span class='ocrx_word' id='word_1_499' title='bbox 1709 2553 1960 2599; x_wconf 84' lang='lat' dir='ltr'>praedecessoris</span> 
     </span>
    </p>
   </div>
   <div class='ocr_carea' id='block_1_10' title="bbox 1256 2625 1805 2705">
    <p class='ocr_par' dir='ltr' id='par_1_13' title="bbox 1256 2625 1805 2705">
     <span class='ocr_line' id='line_1_93' title="bbox 1258 2625 1805 2661; baseline -0.004 -7"><span class='ocrx_word' id='word_1_500' title='bbox 1258 2628 1269 2654; x_wconf 92' lang='lat'>1</span> <span class='ocrx_word' id='word_1_501' title='bbox 1288 2625 1358 2652; x_wconf 85' lang='lat' dir='ltr'>Edit.</span> <span class='ocrx_word' id='word_1_502' title='bbox 1375 2625 1457 2652; x_wconf 87' lang='lat' dir='ltr'>Main.</span> <span class='ocrx_word' id='word_1_503' title='bbox 1474 2625 1538 2661; x_wconf 81' lang='lat' dir='ltr'>legit</span> <span class='ocrx_word' id='word_1_504' title='bbox 1553 2625 1686 2660; x_wconf 68' lang='lat' dir='ltr'>idemque</span> <span class='ocrx_word' id='word_1_505' title='bbox 1700 2626 1740 2660; x_wconf 78' lang='lat' dir='ltr'>(n.</span> <span class='ocrx_word' id='word_1_506' title='bbox 1757 2625 1805 2660; x_wconf 81' lang='grc' dir='ltr'><strong>τ,).</strong></span> 
     </span>
     <span class='ocr_line' id='line_1_94' title="bbox 1256 2669 1670 2705; baseline -0.005 -6"><span class='ocrx_word' id='word_1_507' title='bbox 1256 2671 1274 2698; x_wconf 71' lang='lat'>9.</span> <span class='ocrx_word' id='word_1_508' title='bbox 1288 2670 1387 2699; x_wconf 84' lang='lat' dir='ltr'>Eadem</span> <span class='ocrx_word' id='word_1_509' title='bbox 1404 2669 1487 2698; x_wconf 86' lang='lat' dir='ltr'>habet</span> <span class='ocrx_word' id='word_1_510' title='bbox 1497 2678 1552 2705; x_wconf 80' lang='lat' dir='ltr'>pro</span> <span class='ocrx_word' id='word_1_511' title='bbox 1569 2670 1606 2705; x_wconf 76' lang='lat' dir='ltr'>(R.</span> <span class='ocrx_word' id='word_1_512' title='bbox 1622 2670 1670 2705; x_wconf 83' lang='lat' dir='ltr'>T.).</span> 
     </span>
    </p>
   </div>
   <div class='ocr_carea' id='block_1_11' title="bbox 1964 258 2155 287">
    <p class='ocr_par' dir='ltr' id='par_1_14' title="bbox 1964 258 2155 287">
     <span class='ocr_line' id='line_1_95' title="bbox 1964 258 2155 287; baseline 0 -1"><span class='ocrx_word' id='word_1_513' title='bbox 1964 259 2017 286; x_wconf 83' lang='lat' dir='ltr'>An.</span> <span class='ocrx_word' id='word_1_514' title='bbox 2037 258 2067 286; x_wconf 86' lang='lat' dir='ltr'>C.</span> <span class='ocrx_word' id='word_1_515' title='bbox 2087 259 2155 287; x_wconf 74' lang='lat'><strong>1625</strong></span> 
     </span>
    </p>
   </div>
   <div class='ocr_carea' id='block_1_12' title="bbox 1974 1279 2160 1383">
    <p class='ocr_par' dir='ltr' id='par_1_15' title="bbox 1974 1279 2160 1383">
     <span class='ocr_line' id='line_1_96' title="bbox 2000 1279 2157 1301; baseline 0.006 -1"><span class='ocrx_word' id='word_1_516' title='bbox 2000 1279 2043 1300; x_wconf 77' lang='lat' dir='ltr'>Sed</span> <span class='ocrx_word' id='word_1_517' title='bbox 2058 1284 2105 1300; x_wconf 81' lang='lat' dir='ltr'>enm</span> <span class='ocrx_word' id='word_1_518' title='bbox 2114 1285 2157 1301; x_wconf 84' lang='lat' dir='ltr'>ma-</span> 
     </span>
     <span class='ocr_line' id='line_1_97' title="bbox 1974 1306 2159 1327; baseline 0.005 -1"><span class='ocrx_word' id='word_1_519' title='bbox 1974 1307 2030 1326; x_wconf 73' lang='lat' dir='ltr'>iores</span> <span class='ocrx_word' id='word_1_520' title='bbox 2049 1306 2097 1326; x_wconf 76' lang='lat' dir='ltr'>inde</span> <span class='ocrx_word' id='word_1_521' title='bbox 2117 1306 2159 1327; x_wconf 79' lang='lat' dir='ltr'>dis-</span> 
     </span>
     <span class='ocr_line' id='line_1_98' title="bbox 1974 1333 2160 1354; baseline 0.005 -1"><span class='ocrx_word' id='word_1_522' title='bbox 1974 1333 2061 1353; x_wconf 78' lang='lat' dir='ltr'>cordiae</span> <span class='ocrx_word' id='word_1_523' title='bbox 2083 1333 2160 1354; x_wconf 77' lang='lat' dir='ltr'>ruerint</span> 
     </span>
     <span class='ocr_line' id='line_1_99' title="bbox 1974 1362 2072 1383; baseline 0 -3"><span class='ocrx_word' id='word_1_524' title='bbox 1974 1362 2072 1383; x_wconf 79' lang='lat' dir='ltr'>exortae;</span> 
     </span>
    </p>
   </div>
   <div class='ocr_carea' id='block_1_13' title="bbox 1989 2078 2158 2100">
    <p class='ocr_par' dir='ltr' id='par_1_16' title="bbox 1989 2078 2158 2100">
     <span class='ocr_line' id='line_1_100' title="bbox 1989 2078 2158 2100; baseline 0.006 -1"><span class='ocrx_word' id='word_1_525' title='bbox 1989 2078 2086 2099; x_wconf 83' lang='lat' dir='ltr'>Urbanus</span> <span class='ocrx_word' id='word_1_526' title='bbox 2098 2079 2158 2100; x_wconf 77' lang='lat' dir='ltr'>Pauli</span> 
     </span>
    </p>
   </div>
   <div class='ocr_carea' id='block_1_14' title="bbox 1934 2106 2159 2130">
    <p class='ocr_par' dir='ltr' id='par_1_17' title="bbox 1934 2106 2159 2130">
     <span class='ocr_line' id='line_1_101' title="bbox 1934 2106 2159 2130; baseline 0 -3"><span class='ocrx_word' id='word_1_527' title='bbox 1934 2125 1940 2130; x_wconf 87' lang='grc'><strong>,</strong></span> <span class='ocrx_word' id='word_1_528' title='bbox 1974 2106 2054 2127; x_wconf 77' lang='lat' dir='ltr'>litteras</span> <span class='ocrx_word' id='word_1_529' title='bbox 2065 2108 2159 2127; x_wconf 78' lang='lat' dir='ltr'>revocat.</span> 
     </span>
    </p>
   </div>
  </div>
 </body>
</html>
