2269 3235
110 264 159 292 An.
177 263 206 291 C.
228 262 293 291 1627

138 803 255 825 Exordium.

161 1230 242 1251 Causae
262 1230 292 1251 sa-

109 1258 179 1279 eieudi
189 1257 277 1278 decreti,

137 2140 254 2162 Decretum,
267 2137 292 2159 do

110 2172 151 2193 quo
165 2167 185 2187 iu
200 2166 291 2187 rubrica.

913 258 1055 284 UnnANUS
1080 259 1136 282 VIII
1160 259 1207 282 Pr.

588 308 738 343 (KCXXXI.

306 382 482 423 Statuitur,
502 381 588 425 quod
604 381 726 414 ditiora
742 378 940 413 monasteria
955 378 1047 412 Ordi-

350 436 402 469 m‘s
422 435 662 470 Cartlmsiensae's
682 432 916 478 paupererz'bus
931 442 1045 464 momo-

350 489 458 521 steriz's
478 481 692 532 pecunias’ad
711 495 842 519 censum
866 484 1042 525 concedere,

351 547 379 575 et
411 542 453 575 acl
485 542 520 574 icl
549 552 607 585 per
631 539 813 583 capitulum
845 542 873 572 el
901 539 1046 582 priorem

351 594 536 639 yeneralem
560 595 628 638 eoqi
644 594 770 637 possint
783 592 801 625 ¹.

512 675 646 702 urbanus
666 674 744 707 Papa
763 672 840 706 vm,

451 719 486 747 ad
505 719 637 746 futuram
656 718 700 745 rei
721 717 902 745 memoriam.

352 791 385 824 In
409 790 446 823 iis
470 789 641 833 praecipue
674 788 892 821 sollicitudinis
920 792 1046 821 nostrae

306 847 410 887 partes
426 842 560 875 libenter
577 841 817 885 interponimuS,
835 852 892 885 per
909 852 988 885 quae
1001 852 1048 874 re-

306 895 464 939 gularium
486 905 696 939 personarum
712 894 950 928 necessitatibus
965 905 1048 928 eoin-

306 948 452 990 modiori,
478 959 539 993 qua
562 948 630 981 sieri
648 953 758 992 potest,
781 948 902 982 ratione
922 959 1048 982 succur-

306 1009 403 1045 ratur,
429 1015 501 1037 cum
522 1014 585 1037 non
603 1004 696 1037 modo
722 1004 880 1048 pastorale
903 1009 1047 1037 nostrum

306 1069 421 1091 munus
446 1069 463 1091 a
488 1058 578 1092 nobis
603 1058 634 1091 id
658 1063 821 1102 exposcat,
847 1058 900 1091 sed
925 1059 962 1091 ad
987 1059 1048 1092 lioc

307 1112 400 1145 etiam
424 1117 573 1156 paternus
590 1122 690 1154 amor,
714 1122 776 1155 quo
794 1112 863 1145 illas
876 1112 1047 1156 diligimus,

306 1176 364 1199 nos
381 1165 516 1200 inducat.

352 1220 366 1263 g
391 1220 419 1252 l.
445 1220 522 1253 Cum
549 1219 673 1263 itaque,
698 1219 778 1253 sicut
802 1219 934 1253 dilectus
964 1219 1048 1252 silius

307 1273 431 1307 Ordinis
443 1273 671 1307 Carthusiensis
688 1279 876 1317 procurator
893 1273 1048 1316 generalis

306 1326 396 1360 nobis
420 1337 523 1370 nuper
547 1327 661 1371 exponi
693 1327 783 1368 fecit,
815 1327 1048 1371 quamplurima

307 1380 380 1413 dicti
393 1380 517 1414 Ordinis
537 1380 737 1422 monasteria,
756 1385 822 1414 tum
840 1386 972 1425 propter
989 1386 1048 1415 ste-

306 1433 380 1466 riles
394 1434 604 1478 quorumdam
618 1445 770 1467 annorum
787 1445 914 1475 messes,
930 1439 1049 1468 tenues-

306 1498 366 1531 que
387 1488 547 1521 fructuum
572 1487 800 1531 perceptiones,
823 1493 889 1520 tum
915 1493 1048 1531 propter

305 1540 461 1574 bellorum
487 1542 686 1582 calamitates,
712 1541 750 1573 ad
775 1551 843 1574 eam
865 1541 1049 1575 devenerint

306 1600 498 1637 egestatem,
527 1594 667 1638 adeoque
694 1605 766 1627 aere
790 1594 892 1627 alieno
921 1598 1049 1636 gravata

306 1648 448 1688 existant,
473 1653 506 1680 ut
531 1647 658 1680 illorum
683 1647 834 1680 ordinarii
859 1643 1000 1681 redditus
1019 1652 1048 1680 et

306 1705 476 1745 proventus
500 1701 598 1745 ipsius
623 1701 705 1734 aeris
730 1701 822 1734 alieni
855 1701 1047 1734 interusurio

306 1755 526 1799 persolvendo,
544 1765 667 1788 necnon
692 1765 834 1788 camerae
855 1755 1047 1798 apostolieae

308 1809 431 1849 debitis,
445 1808 575 1852 aliisque
590 1809 650 1842 sibi
666 1808 920 1842 incumbentibus
936 1809 1044 1842 oncri--

307 1862 366 1895 bus
383 1863 605 1907 supportandis
622 1873 685 1896 non
703 1863 857 1896 sufficiant
867 1874 874 1903 3
894 1863 1047 1907 nobisque

306 1921 474 1960 propterea
498 1916 598 1950 dictus
614 1921 803 1960 procurator
823 1917 978 1960 generalis
994 1917 1048 1950 hu-

308 1969 423 2003 militer
440 1970 611 2014 supplicari
628 1970 745 2011 fecerit,
763 1975 797 2003 ut
817 1970 849 2003 in
866 1971 1047 2014 praemissis

307 2023 411 2067 aliqua
442 2024 563 2057 ratione
592 2024 758 2068 providere
787 2024 825 2057 de
855 2024 1047 2068 benignitate

307 2078 480 2121 apostolica
504 2078 727 2121 dignaremur:

352 2131 408 2175 32.
434 2132 505 2173 Nos,
525 2132 789 2166 monasteriorum
804 2132 985 2165 huiusmodi
1000 2132 1046 2164 in-

309 2184 454 2228 digentiis
470 2187 601 2229 paterna
618 2186 733 2230 pietate
752 2186 944 2230 prospicere,
970 2186 1043 2219 illo-

309 2248 442 2281 rumque
468 2239 646 2282 superiores
664 2244 693 2272 et
710 2240 882 2273 monachos
907 2239 1046 2283 speciali-

309 2290 366 2324 bus
383 2292 542 2325 favoribus
559 2298 588 2326 et
605 2293 713 2336 gratiis
730 2293 878 2337 prosequi
896 2293 1045 2333 volentes,

309 2348 339 2379 et
355 2356 465 2379 eorum
481 2346 655 2390 singulares
672 2358 822 2392 personas
843 2358 859 2380 a
884 2346 1046 2391 quibusvis

310 2400 648 2444 excommunicationis,
669 2401 881 2446 suspensionis
902 2406 932 2434 et
948 2401 1046 2434 inter-

309 2452 393 2495 dicti,
407 2454 537 2499 aliisque
551 2455 767 2489 ecclesiasticis
788 2455 959 2496 sententiis,
980 2465 1048 2488 cen-

309 2508 390 2541 suris
400 2508 554 2552 etpoenis,
565 2519 582 2542 a
591 2509 660 2542 iure
673 2510 720 2542 vel
736 2510 774 2542 ab
788 2509 926 2550 homine,
938 2509 1047 2552 quavis

310 2562 473 2596 occasione
492 2563 540 2596 vel
565 2564 658 2596 causa
682 2563 761 2605 latis,
787 2563 812 2596 si
837 2563 950 2607 quibus
973 2573 1048 2606 quo-

309 2616 482 2650 modolibet
505 2616 669 2651 innodatae
686 2617 832 2659 existunt,
846 2616 885 2650 ad
902 2615 1048 2650 effectum

346 2680 358 2707 1
375 2679 413 2707 Ex
427 2680 537 2716 Regest.
553 2679 581 2707 in
595 2678 696 2708 Secret.
714 2679 791 2708 Brev.

1079 306 1291 350 praesentium
1305 305 1465 338 dumtaxat
1485 304 1751 349 consequendum,
1771 306 1821 336 tia-

1080 370 1149 392 rum
1175 360 1256 392 serie
1279 359 1493 400 absolventes,
1518 364 1548 391 et
1572 358 1730 391 absolutas
1755 358 1820 391 tore

1080 417 1252 453 censentes,
1275 412 1554 456 supplicationilius
1579 411 1653 445 dicti
1670 422 1820 455 procura-

1081 465 1158 498 toris
1183 466 1338 508 generalis
1363 466 1490 499 nomine
1514 466 1606 499 nobis
1632 477 1728 510 super
1760 466 1820 498 lioe

1080 519 1243 551 humiliter
1266 520 1420 562 porrectis
1445 519 1604 560 inclinati,
1638 519 1720 562 quod
1747 530 1818 552 ino-

1080 573 1289 606 nasteriorum
1304 573 1529 617 pauperiorum
1545 573 1617 606 dicti
1635 573 1759 605 (triclinis
1774 584 1821 605 su-

1080 626 1222 670 periores
1236 632 1266 659 et
1279 627 1434 668 monaehi,
1446 627 1484 659 de
1498 627 1623 670 capituli
1639 638 1691 659 seu
1706 627 1820 670 prioris

1081 680 1277 723 generalium
1309 680 1449 713 ciusdem
1483 680 1607 713 Ordinis
1638 681 1763 713 lieentia
1792 686 1821 713 et

1080 744 1219 775 assensu,
1236 745 1333 767 unum
1355 745 1409 767 seu
1433 734 1539 777 plures
1564 744 1675 766 census
1691 744 1820 773 annuos,

1080 798 1180 831 usque
1204 787 1242 820 ad
1267 787 1472 831 pecuniarum
1498 797 1646 827 summas,
1667 797 1744 829 quas
1765 798 1818 819 ca-

1080 841 1216 884 pitulum
1241 847 1269 874 et
1290 841 1378 885 prior
1398 841 1553 884 generalis
1566 840 1747 873 huiusmodi
1762 840 1821 872 illis

1081 896 1275 929 necessarias
1292 906 1360 928 esse
1381 895 1576 935 iudicaverit,
1594 895 1624 926 in
1642 898 1724 927 sorte
1738 893 1822 937 prin-

1082 949 1173 993 cipali
1184 949 1397 991 ascendentes,
1405 949 1442 981 ad
1454 949 1606 983 rationem
1617 947 1754 991 quinque
1764 958 1821 991 pro

1082 1003 1261 1036 centenario
1286 1014 1383 1047 super
1407 1013 1538 1036 suorum
1557 1000 1820 1034 monasteriorum

1082 1056 1173 1090 bonis
1205 1057 1379 1101 imponere,
1405 1056 1537 1099 illosque
1561 1055 1629 1087 aliis
1655 1053 1822 1087 ditioribus

1082 1110 1156 1143 dicti
1174 1102 1299 1143 Ordinis
1320 1110 1518 1142 monasteriis
1536 1113 1656 1141 tantum
1675 1108 1820 1149 alienare,

1083 1174 1178 1207 seque
1203 1168 1233 1196 et
1256 1163 1338 1197 dicta
1363 1174 1417 1196 sua
1442 1162 1631 1196 monasteria
1662 1162 1726 1195 sive
1758 1161 1823 1194 illo-

1082 1227 1154 1250 rum
1177 1217 1260 1250 bona
1277 1216 1315 1249 ad
1332 1216 1520 1249 solutionem
1538 1226 1689 1249 censuum
1707 1215 1750 1247 sic
1769 1214 1823 1247 im-

1082 1271 1301 1315 ponendorum
1325 1275 1355 1303 et
1379 1270 1617 1303 alienandorum
1651 1269 1821 1301 faciendam

1083 1326 1234 1369 obligare,
1261 1325 1451 1359 monasteria
1476 1335 1549 1357 vero
1575 1324 1689 1357 ditiora
1713 1323 1823 1355 liuius-

1083 1380 1167 1413 modi
1183 1379 1425 1424 pauperioribus
1443 1378 1641 1411 monasteriis
1655 1377 1823 1421 praedictis

1082 1433 1289 1477 pecuniarum
1321 1443 1459 1465 summas
1491 1432 1535 1465 eis
1567 1431 1760 1464 necessarias
1785 1430 1823 1462 ad

1082 1498 1193 1520 census
1217 1498 1273 1520 seu
1296 1498 1354 1530 pro
1381 1486 1525 1519 censibus
1546 1484 1725 1518 huiusmodi
1754 1495 1824 1517 eon-

1082 1541 1204 1581 cedere,
1217 1551 1391 1584 censusque
1405 1540 1592 1584 praedictos,
1606 1539 1676 1579 sibi,
1689 1543 1723 1572 ut
1736 1549 1824 1582 prae-

1081 1595 1190 1635 fertur,
1204 1594 1382 1627 vendendos
1397 1597 1425 1627 et
1442 1593 1656 1635 assignandos,
1671 1592 1823 1635 recipere,

1081 1652 1111 1680 et
1137 1647 1346 1680 instrumenta
1370 1646 1505 1690 desuper
1530 1645 1707 1678 necessaria
1725 1651 1753 1678 et
1771 1656 1825 1688 op-

1082 1706 1218 1744 portuna
1250 1700 1411 1733 celebrare
1447 1699 1621 1743 respective
1656 1699 1757 1731 libere
1796 1703 1824 1730 et

1081 1755 1164 1788 licite
1189 1754 1308 1798 possint
1324 1758 1354 1786 et
1372 1754 1502 1795 valeant,
1528 1752 1700 1796 apostolica
1719 1757 1823 1785 aucto-

1081 1808 1183 1848 ritate,
1201 1813 1309 1840 tenore
1329 1806 1554 1850 praesentium,
1576 1805 1778 1838 concedimus
1796 1811 1825 1838 et

1082 1862 1299 1905 indulgemus,
1325 1861 1479 1904 dictisque
1504 1859 1640 1904 capitulo
1665 1864 1695 1892 et
1724 1859 1823 1903 priori

1082 1915 1282 1959 generalibus
1307 1915 1420 1948 ditiora
1435 1914 1625 1947 monasteria
1642 1912 1823 1945 huiusmodi

1081 1970 1119 2002 ad
1154 1968 1398 2014 pauperioribus
1430 1967 1628 2001 monasteriis
1656 1966 1824 2010 praedietis

1082 2023 1291 2067 pecuniarum
1316 2033 1455 2055 summas
1481 2021 1542 2054 illis
1566 2020 1769 2060 necessarias,
1790 2025 1824 2052 ut

1081 2077 1268 2120 praesertur,
1294 2075 1512 2109 concedendas
1537 2074 1669 2117 cogendi
1690 2079 1720 2106 et
1737 2084 1823 2106 eom-

1080 2130 1216 2174 pellendi
1250 2130 1396 2173 plenam,
1433 2129 1617 2161 auctoritate
1649 2132 1679 2160 et
1716 2132 1823 2160 tenore

1079 2184 1258 2228 praedietis,
1283 2183 1452 2216 tribuimus
1478 2182 1666 2215 facultatem.

1125 2237 1177 2281 ἓῧ.
1193 2238 1402 2271 Decernentes
1420 2241 1600 2280 praesentes
1614 2235 1733 2267 litteras
1745 2245 1824 2267 seni-

1079 2302 1136 2335 per
1157 2291 1282 2333 validas,
1301 2291 1408 2323 firmas
1423 2295 1452 2322 et
1469 2290 1610 2321 efficaces
1635 2288 1768 2321 existere
1793 2293 1823 2320 et

1079 2346 1156 2385 sore,
1175 2355 1311 2388 suosque
1328 2343 1486 2388 plenarios
1498 2348 1527 2375 et
1539 2343 1677 2384 integros
1693 2342 1822 2375 effectus

1080 2399 1186 2432 sortiri
1204 2404 1234 2431 et
1251 2399 1404 2438 obtinere,
1422 2408 1457 2430 ac
1474 2397 1511 2429 ab
1529 2396 1676 2429 omnibus
1701 2400 1730 2428 et
1754 2396 1818 2428 sin-

1081 2453 1182 2496 gulis,
1214 2452 1253 2484 ad
1277 2462 1355 2495 quos
1380 2455 1498 2494 spectat
1532 2454 1561 2482 et.
1593 2460 1650 2493 pro
1675 2454 1817 2492 tempore

1080 2506 1243 2551 spectabit,
1269 2504 1490 2537 inviolabiliter
1514 2502 1691 2542 observari3
1708 2513 1822 2546 paupe-

1081 2560 1217 2593 rioribus
1242 2569 1316 2592 vero
1342 2557 1538 2592 monasteriis
1564 2556 1732 2601 praedictis
1756 2556 1822 2600 ple-

1080 2614 1207 2647 nissime
1217 2612 1393 2655 suffragari3
1408 2612 1514 2655 sicque
1531 2621 1588 2655 per
1604 2620 1821 2654 quoscumque

1080 2667 1197 2701 iudices
1215 2666 1391 2701 ordinarios
1409 2670 1439 2699 et
1456 2665 1615 2708 delegatos
1634 2664 1725 2698 etiam
1752 2674 1823 2697 eau-

1725 248 1787 280 517
1835 257 2012 284 An.C.1627

1865 2246 1985 2268 Clausulae.
