2269 3235
261 279 308 306 An.
330 278 357 305 c.
383 278 447 306 102⁵
498 270 558 304 1⁹20

457 327 595 371 terisque
620 327 762 361 locorum
788 325 955 359 ordinariis
979 325 1110 359 ubilibet
1133 326 1197 360 exi-

458 380 623 420 stentibus,
640 390 675 413 ac
692 380 805 412 dilecto
826 379 890 412 lilio
908 389 1074 412 causarum
1092 379 1197 412 curiae

459 433 808 482 camel-aqapostolicac
826 432 963 475 generali
982 432 1128 473 auditori,
1142 442 1198 476 per

459 486 584 519 easdem
610 489 788 529 praesentes
813 485 1041 519 committimus
1060 490 1090 519 et
1114 496 1198 518 man-

459 538 579 579 damus,
606 544 759 582 quatcnus
784 538 853 582 ipsi,
874 549 930 582 per
954 548 997 578 se,
1013 538 1061 571 vel
1085 538 1196 578 alium,

459 601 512 623 seu
546 591 641 631 alios,
666 597 847 635 praesentes
878 591 1018 633 litteras,
1043 596 1073 623 et
1098 591 1128 623 in
1153 590 1198 623 eis

405 660 407 663 ·
459 648 604 677 contenta
630 644 820 685 huiusmodi,
846 645 899 677 ubi
925 649 955 678 et
978 644 1101 688 quoties
1118 654 1198 688 opus

331 1192 445 1217 Derogsuo

261 1221 422 1240 contrariorum.

300 1299 446 1325 Transumpus

262 1325 331 1346 danda
348 1326 406 1346 fides.

282 2470 384 2491 noeenzei
399 2470 449 2490 rau-

268 2498 280 2518 ll
299 2497 314 2517 V
330 2498 416 2518 tutem.

459 697 563 737 suerit,
589 698 771 731 solemniter
790 698 995 742 publicantes,
1013 698 1127 731 saciant
1146 697 1198 730 illa

459 750 643 784 auctoritate
674 752 781 784 nostra
806 751 844 783 ab
869 750 1032 790 omnibus,
1057 750 1096 782 ad
1120 760 1198 793 quos

459 809 586 847 spectat,
612 804 833 838 inviolabiliter
853 803 1022 837 observari.
1040 803 1200 837 Contradi-

459 862 562 891 ctores
587 858 743 902 quoslibet
760 863 790 890 et
807 857 939 890 rebelles
959 867 1016 901 per
1032 857 1200 890 sententias

459 921 608 944 censuras
629 916 659 944 et
681 921 798 954 poenas
823 910 1059 950 ecclesiasticas,
1077 910 1200 953 aliaque

459 969 636 1007 opportuna
660 964 737 997 iuris
762 969 791 997 et
814 963 885 996 sacti
918 963 1073 1003 remedia,
1098 963 1202 1006 appel-

459 1016 574 1049 latione
594 1016 779 1060 postposita‚
800 1015 1040 1059 compescendo,
1057 1015 1200 1049 invocato

460 1069 553 1102 etiam
579 1069 616 1101 ad
640 1069 711 1110 hoc,
733 1069 758 1102 si
778 1080 858 1113 opus
873 1069 978 1110 suerit,
995 1069 1111 1103 auxilio
1128 1069 1200 1102 bra-

461 1122 523 1155 chii
549 1122 708 1155 secularis.

505 1177 520 1220 ἓ
544 1176 572 1210 6.
599 1177 633 1209 ln
651 1176 844 1210 contrarium
860 1176 1047 1210 facientibus
1063 1186 1127 1210 non
1144 1176 1201 1210 ob-

461 1229 614 1262 stantibus
631 1229 890 1273 quibuscumque.

506 1283 520 1326 g
539 1282 566 1315 7.
585 1283 735 1316 Volumus
751 1289 865 1324 autem,
886 1284 970 1327 quod
988 1284 1200 1328 praesentium

461 1337 676 1380 transumptis,
693 1338 785 1370 etiam
804 1337 978 1381 impressis,
998 1347 1093 1370 manu
1110 1337 1203 1370 alicu-

460 1389 509 1422 ius
533 1390 647 1423 notarii
677 1390 795 1434 publici
824 1390 1010 1434 subscriptis
1038 1395 1068 1423 et
1099 1390 1202 1433 sigillo

461 1454 614 1488 personae
639 1444 670 1476 in
695 1444 846 1486 dignitate
863 1444 1074 1477 ecclesiastica
1091 1444 1203 1477 consti-

461 1501 545 1531 tutae
570 1498 709 1537 munitis‚
728 1497 837 1530 eadem
858 1508 991 1542 prorsus
1015 1497 1093 1530 sides
1111 1497 1142 1529 in
1159 1497 1202 1529 iu-

460 1550 542 1583 dicio
568 1556 597 1583 et
621 1556 708 1583 extra
733 1550 849 1594 ubique
873 1551 1017 1583 locorum
1037 1550 1199 1590 habeatur,

461 1614 539 1647 quae
564 1604 682 1637 eisdem
712 1604 931 1648 praesentibus
961 1603 1149 1644 haberetur,
1175 1603 1200 1636 si

460 1658 561 1691 forent
586 1658 742 1691 exhibitae
766 1658 814 1691 vel
839 1663 991 1691 ostensae.

504 1712 615 1745 Datum
633 1713 760 1753 Romae,
778 1712 861 1756 apud
879 1712 907 1746 S.
925 1713 1063 1753 Petrum,
1077 1712 1134 1745 sub
1150 1722 1201 1745 an-

460 1766 535 1800 nulo
547 1766 724 1807 Piscatoris,
735 1766 784 1799 die
795 1776 874 1799 xxm
884 1766 1034 1799 februarii
1046 1776 1198 1808 nncxxm

460 1819 661 1863 pontificatus
681 1819 780 1853 nostri
800 1830 882 1853 anno
900 1830 918 1854 1.

496 1880 554 1908 Dat.
572 1881 614 1908 die
630 1881 663 1909 23
679 1881 809 1909 februarii
826 1881 908 1916 1624,
929 1881 1022 1917 pontis.
1040 1890 1084 1909 an.
1101 1889 1119 1909 1.

768 2063 897 2097 XXXIX.

464 2151 673 2194 Confirmatio
698 2152 885 2185 litterarum
908 2152 1012 2186 Pauli
1037 2152 1063 2185 V
1080 2162 1141 2196 pro
1165 2163 1202 2185 u-

507 2206 695 2238 niversitate
708 2209 737 2239 et
755 2206 937 2240 hominibus
955 2207 1128 2240 comitatus
1152 2206 1204 2239 Ve-

508 2258 685 2302 mussant&

668 2340 803 2368 Urbanus
824 2341 902 2375 Papa
921 2342 1001 2375 VIII,

608 2387 643 2413 ad
663 2385 796 2413 futuram
818 2387 863 2413 rei
882 2387 1062 2414 memoriam.

512 2458 593 2491 Alias
617 2468 634 2490 a
659 2457 756 2491 felicis
781 2457 1008 2491 recordationis
1032 2457 1128 2491 Paulo
1148 2457 1205 2491 Pa-

468 2522 505 2554 pa
522 2511 544 2544 V
561 2511 802 2554 praedecessore
824 2517 933 2545 nostro
953 2516 1138 2544 emanarunt
1161 2511 1207 2544 lit-

469 2571 552 2598 terae
577 2565 695 2598 tenoris
720 2565 948 2609 subsequentis,
962 2565 1121 2599 videlicet:
1145 2565 1205 2599 Di-

505 2684 516 2711 1
534 2681 572 2710 Ex
587 2682 696 2718 Regest.
712 2681 739 2709 in
755 2682 859 2710 Secret.
875 2682 956 2710 Brev.

1037 278 1216 303 BULLARIUM
1239 278 1394 303 ROMANUM

1232 326 1320 360 tectis
1343 327 1424 370 filiis
1447 325 1633 360 consulibus
1659 336 1696 360 ac
1716 327 1922 368 comunitati,
1942 331 1972 360 et

1232 380 1419 413 hominibus
1451 380 1621 413 comitatus
1651 380 1756 412 nostri
1783 380 1970 424 Venaysini.

1231 433 1317 466 Intus
1336 444 1427 466 vero:
1454 433 1579 466 Paulus
1596 433 1692 476 Papa
1709 432 1744 473 V,
1764 432 1875 466 dilecti
1890 433 1971 476 filii,

1230 485 1370 518 satutem
1401 490 1430 518 ct
1461 485 1672 529 apostolicam
1706 485 1968 518 benedictionem.

1237 538 1347 571 Vestra
1371 539 1555 582 sinqularis
1571 549 1648 581 crya
1664 548 1721 571 nos
1737 537 1886 582 <Reliqua
1901 538 1973 572 vide

1232 590 1262 623 in
1294 595 1368 623 tom.
1401 601 1452 632 m,
1480 601 1550 634 pag.
1581 590 1672 634 ⁶298).
1698 591 1822 624 Datum
1853 591 1973 625 Romae

1232 643 1320 687 apud
1348 644 1379 677 S.
1408 643 1552 677 Mariam
1578 644 1737 677 Maiorem
1762 644 1821 677 sub
1848 643 1972 677 annulo

1231 697 1411 730 Piscatoris
1431 697 1482 730 die
1505 707 1540 730 111
1564 698 1681 741 aprilis
1705 706 1816 738 hincm,
1838 697 1973 741 pontifi-

1232 754 1323 783 catus
1347 751 1452 783 nostri
1474 761 1561 785 anno
1586 760 1605 784 ι.

1277 804 1292 847 ἓ
1317 803 1346 836 2.
1372 804 1461 837 Nunc
1485 809 1589 836 autem
1612 814 1679 844 nos,
1705 804 1820 837 electos
1844 814 1881 837 ac
1903 804 1972 837 uni-

1233 856 1413 889 versitatem
1438 860 1468 891 et
1488 857 1633 890 homines
1657 857 1839 890 huiusmodi
1859 857 1975 901 sp'ecia-

1233 908 1315 941 libus
1340 909 1499 942 savoribus
1523 915 1553 943 et
1577 910 1686 953 gratiis
1706 911 1855 954 prosequi
1871 910 1976 944 volen-

1235 966 1290 1001 tes,
1315 972 1350 995 ac
1374 973 1485 996 eorum
1507 964 1682 1007 singulares
1703 974 1855 1008 personas
1871 974 1890 997 a
1909 963 1976 1007 qui-

1234 1014 1340 1047 busvis
1355 1016 1698 1057 excommunicationis,
1715 1017 1929 1060 suspensionis
1946 1021 1976 1050 et

1235 1067 1403 1109 interdicti,
1417 1068 1548 1112 aliisque
1566 1069 1784 1102 ecclesiasticis
1805 1070 1975 1111 sententiis,

1235 1120 1377 1154 censuris
1402 1126 1432 1154 et
1454 1121 1574 1165 poenis,
1592 1131 1610 1154 a
1628 1121 1697 1155 iure
1713 1122 1762 1154 vel
1781 1122 1820 1154 ab
1836 1122 1975 1163 homine,

1235 1174 1344 1218 quavis
1361 1175 1526 1209 occasione
1542 1176 1590 1208 vel
1607 1177 1701 1209 causa
1718 1175 1799 1216 latis,
1820 1175 1845 1208 si
1862 1175 1976 1219 quibus

1236 1227 1472 1271 quomodolibet
1481 1228 1619 1262 innodati
1630 1228 1775 1270 existunt,
1783 1228 1822 1261 ad
1831 1228 1977 1262 effectum

1235 1281 1483 1324 praemissorum
1511 1282 1672 1316 dumtaxat
1697 1282 1953 1326 consequendum
1968 1309 1976 1323 ,

1236 1333 1348 1366 harum
1373 1334 1453 1367 serie
1473 1335 1670 1368 absolventes
1687 1339 1718 1368 et
1733 1335 1895 1369 absolutos
1910 1336 1978 1369 fore

1236 1392 1409 1428 censentes,
1433 1394 1522 1421 motu
1546 1388 1688 1432 proprio,
1712 1398 1776 1422 non
1799 1389 1839 1421 ad
1862 1389 1977 1423 electo-

1236 1451 1318 1481 rum,
1342 1451 1378 1474 ac
1402 1441 1614 1475 universitatis
1639 1447 1669 1475 et
1692 1442 1858 1475 hominum
1886 1453 1977 1486 prae-

1235 1494 1403 1536 dictorum,
1420 1495 1469 1528 vel
1486 1495 1618 1528 alicuius
1641 1506 1763 1536 eorum,
1780 1501 1833 1529 aut
1848 1496 1977 1529 alterius

1235 1558 1293 1591 pro
1317 1547 1361 1581 eis
1385 1548 1475 1582 nobis
1493 1558 1587 1592 super
1604 1548 1665 1582 hoc
1680 1549 1802 1582 oblatae
1819 1548 1978 1592 petitionis

1235 1600 1425 1641 instantiam,
1451 1601 1505 1634 sed
1530 1611 1567 1634 ex
1589 1603 1675 1635 certa
1699 1601 1830 1635 scientia
1854 1612 1891 1636 ac
1917 1613 1978 1636 ma-

1234 1656 1304 1687 tura
1326 1654 1553 1688 deliberatione
1577 1655 1703 1695 nostris,
1729 1655 1830 1699 deque
1855 1661 1979 1700 aposto-

1234 1707 1312 1740 licae
1335 1707 1498 1752 potestatis
1522 1708 1728 1752 plenitudine,
1746 1708 1866 1742 litteras
1885 1720 1977 1753 prae-

1234 1761 1377 1801 insertas‚
1402 1771 1438 1794 ac
1462 1761 1494 1793 in
1519 1761 1564 1794 eis
1584 1766 1730 1794 contenta
1747 1772 1976 1806 quaecumque,

1234 1814 1408 1858 apostolica
1421 1814 1617 1855 auctoritate,
1630 1819 1739 1848 tenore
1752 1815 1976 1859 praesentium,

1234 1868 1446 1912 approbamus
1471 1872 1501 1900 et
1521 1867 1757 1908 confirmamus,
1785 1868 1911 1913 illisque
1934 1869 1978 1901 in-

1236 1921 1391 1955 violabilis
1407 1921 1598 1965 apostolicae
1614 1921 1772 1955 firmitatis
1788 1921 1888 1955 robur
1904 1921 1979 1955 adii-

1235 1975 1345 2008 cimus.

1280 2029 1295 2073 ξ
1318 2028 1347 2062 3.
1373 2029 1584 2063 Decernentes
1615 2028 1740 2062 easdem
1765 2029 1976 2073 praeinsertas

1236 2087 1266 2115 et
1289 2087 1470 2126 praesentes
1501 2082 1621 2116 litteras
1650 2082 1785 2123 validas,
1815 2082 1923 2116 firmas
1948 2088 1978 2116 et

1236 2134 1377 2168 efficaces
1402 2135 1535 2168 existere
1559 2140 1590 2168 et
1613 2135 1689 2176 sore,
1714 2145 1771 2168 nec
1791 2145 1854 2169 non
1871 2135 1977 2169 electis

1237 2199 1272 2222 ac
1296 2189 1491 2223 universitati
1510 2194 1541 2222 et
1564 2189 1745 2222 hominibus
1762 2189 1929 2233 praedictis
1946 2190 1978 2223 in

1238 2243 1386 2277 omnibus
1411 2248 1440 2276 et
1460 2254 1518 2287 per
1543 2242 1647 2276 omnia
1670 2242 1852 2286 plenissime
1870 2243 1979 2277 suffra-

1983 279 2033 306 An.
2049 279 2080 306 G.
2102 279 2170 306 ¹624

2008 814 2173 842 confirmatque.

1992 2038 2128 2093 ροξξῗωωιε
2139 2044 2176 2066 ιρ-

1238 2297 1324 2341 gari3
1350 2296 1457 2340 sicque
1480 2307 1538 2341 per
1563 2307 1779 2340 quoscumque
1804 2296 1924 2330 iudices
1949 2301 1994 2343 et,

1238 2350 1482 2390 commissarios,
1491 2349 1600 2394 quavis
1609 2350 1794 2384 auctoritate
1804 2351 1978 2394 fungentes,

1238 2406 1331 2439 etiam
1349 2408 1472 2439 sanctae
1489 2405 1646 2438 Romanae
1667 2405 1825 2438 Ecclesiae
1842 2405 1980 2439 cardina-

1238 2459 1293 2499 les,
1311 2462 1340 2493 et
1356 2458 1394 2491 de
1408 2459 1506 2491 latere
1517 2458 1647 2501 legatos,
1661 2458 1792 2491 iudicari
1810 2463 1840 2492 et
1855 2458 1979 2492 definiri

1239 2513 1363 2554 debere,
1388 2523 1424 2546 ac
1448 2513 1572 2545 irritum
1598 2516 1627 2547 et
1650 2513 1752 2553 inane,
1777 2513 1802 2545 si
1826 2523 1916 2546 secus
1932 2523 1980 2546 su-

1240 2577 1298 2611 per
1321 2567 1369 2600 his
1393 2577 1411 2600 a
1435 2577 1612 2611 quoquam,
1637 2566 1745 2610 quavis
1776 2566 1978 2609 auctoritate,

1241 2620 1374 2653 scienter
1397 2619 1446 2653 vel
1469 2619 1662 2663 ignoranter,
1683 2619 1850 2664 contigerit
1874 2623 1976 2654 atten-

1240 2678 1309 2706 tari.
