<?xml version="1.0" encoding="UTF-8"?>
<!DOCTYPE html PUBLIC "-//W3C//DTD XHTML 1.0 Transitional//EN"
    "http://www.w3.org/TR/xhtml1/DTD/xhtml1-transitional.dtd">
<html xmlns="http://www.w3.org/1999/xhtml" xml:lang="en" lang="en">
 <head>
  <title>
</title>
<meta http-equiv="Content-Type" content="text/html;charset=utf-8" />
  <meta name='ocr-system' content='tesseract 3.04.00' />
  <meta name='ocr-capabilities' content='ocr_page ocr_carea ocr_par ocr_line ocrx_word'/>
</head>
<body>
  <div class='ocr_page' id='page_1' title='image "./bullarumdiplomat13cath_0249.png"; bbox 0 0 2269 3235; ppageno 0'>
   <div class='ocr_carea' id='block_1_1' title="bbox 106 256 1047 1299">
    <p class='ocr_par' dir='ltr' id='par_1_1' title="bbox 106 256 1042 402">
     <span class='ocr_line' id='line_1_1' title="bbox 106 256 288 285; baseline -0.005 0"><span class='ocrx_word' id='word_1_1' title='bbox 106 257 157 285; x_wconf 77' lang='lat' dir='ltr'>An.</span> <span class='ocrx_word' id='word_1_2' title='bbox 172 257 202 284; x_wconf 91' lang='lat' dir='ltr'>C.</span> <span class='ocrx_word' id='word_1_3' title='bbox 220 256 288 285; x_wconf 64' lang='lat'>1624</span> 
     </span>
     <span class='ocr_line' id='line_1_2' title="bbox 305 302 1042 348; baseline -0.003 -11"><span class='ocrx_word' id='word_1_4' title='bbox 305 303 519 348; x_wconf 85' lang='lat' dir='ltr'>imponendas,</span> <span class='ocrx_word' id='word_1_5' title='bbox 537 314 617 347; x_wconf 85' lang='lat' dir='ltr'>quae</span> <span class='ocrx_word' id='word_1_6' title='bbox 636 304 777 338; x_wconf 89' lang='lat' dir='ltr'>subditos</span> <span class='ocrx_word' id='word_1_7' title='bbox 800 302 838 336; x_wconf 88' lang='lat' dir='ltr'>ab</span> <span class='ocrx_word' id='word_1_8' title='bbox 862 303 1042 336; x_wconf 90' lang='lat' dir='ltr'>huiusmodi</span> 
     </span>
     <span class='ocr_line' id='line_1_3' title="bbox 303 356 831 402; baseline -0.002 -12"><span class='ocrx_word' id='word_1_9' title='bbox 303 357 524 402; x_wconf 82' lang='lat' dir='ltr'>perpetrandis</span> <span class='ocrx_word' id='word_1_10' title='bbox 539 357 688 391; x_wconf 89' lang='lat' dir='ltr'>cohibere</span> <span class='ocrx_word' id='word_1_11' title='bbox 703 356 831 401; x_wconf 86' lang='lat' dir='ltr'>possint.</span> 
     </span>
    </p>

    <p class='ocr_par' dir='ltr' id='par_1_2' title="bbox 305 411 1043 551">
     <span class='ocr_line' id='line_1_4' title="bbox 350 411 1043 455; baseline -0.004 -11"><span class='ocrx_word' id='word_1_12' title='bbox 350 411 365 454; x_wconf 66' lang='grc' dir='ltr'>ξ,</span> <span class='ocrx_word' id='word_1_13' title='bbox 388 411 418 444; x_wconf 90' lang='grc'>6.</span> <span class='ocrx_word' id='word_1_14' title='bbox 442 412 543 455; x_wconf 91' lang='lat' dir='ltr'>Atque</span> <span class='ocrx_word' id='word_1_15' title='bbox 567 411 610 444; x_wconf 91' lang='lat' dir='ltr'>ita</span> <span class='ocrx_word' id='word_1_16' title='bbox 633 421 691 455; x_wconf 91' lang='lat' dir='ltr'>per</span> <span class='ocrx_word' id='word_1_17' title='bbox 714 419 928 454; x_wconf 90' lang='lat' dir='ltr'>quoscumque</span> <span class='ocrx_word' id='word_1_18' title='bbox 953 419 1043 452; x_wconf 80' lang='lat' dir='ltr'>regu-</span> 
     </span>
     <span class='ocr_line' id='line_1_5' title="bbox 305 462 1043 508; baseline -0.003 -12"><span class='ocrx_word' id='word_1_19' title='bbox 305 464 418 497; x_wconf 83' lang='lat' dir='ltr'>larium</span> <span class='ocrx_word' id='word_1_20' title='bbox 436 464 625 508; x_wconf 82' lang='lat' dir='ltr'>superiores,</span> <span class='ocrx_word' id='word_1_21' title='bbox 642 463 831 508; x_wconf 84' lang='lat' dir='ltr'>quicumque</span> <span class='ocrx_word' id='word_1_22' title='bbox 847 462 892 495; x_wconf 90' lang='lat' dir='ltr'>illi</span> <span class='ocrx_word' id='word_1_23' title='bbox 907 462 977 502; x_wconf 90' lang='lat' dir='ltr'>sint,</span> <span class='ocrx_word' id='word_1_24' title='bbox 991 462 1043 495; x_wconf 91' lang='lat' dir='ltr'>ob-</span> 
     </span>
     <span class='ocr_line' id='line_1_6' title="bbox 305 517 608 551; baseline -0.007 0"><span class='ocrx_word' id='word_1_25' title='bbox 305 518 424 551; x_wconf 89' lang='lat' dir='ltr'>servari</span> <span class='ocrx_word' id='word_1_26' title='bbox 445 517 608 551; x_wconf 88' lang='lat' dir='ltr'>mandavit.</span> 
     </span>
    </p>

    <p class='ocr_par' dir='ltr' id='par_1_3' title="bbox 302 569 1047 1202">
     <span class='ocr_line' id='line_1_7' title="bbox 349 569 1043 614; baseline -0.006 -9"><span class='ocrx_word' id='word_1_27' title='bbox 349 571 364 614; x_wconf 81' lang='lat'><strong>§</strong></span> <span class='ocrx_word' id='word_1_28' title='bbox 389 571 417 605; x_wconf 95' lang='lat'>7.</span> <span class='ocrx_word' id='word_1_29' title='bbox 442 572 510 605; x_wconf 94' lang='lat' dir='ltr'>Non</span> <span class='ocrx_word' id='word_1_30' title='bbox 541 569 737 604; x_wconf 80' lang='lat' dir='ltr'>obstantibus</span> <span class='ocrx_word' id='word_1_31' title='bbox 769 569 1043 602; x_wconf 85' lang='lat' dir='ltr'>constitutionibus</span> 
     </span>
     <span class='ocr_line' id='line_1_8' title="bbox 305 622 1044 667; baseline -0.004 -9"><span class='ocrx_word' id='word_1_32' title='bbox 305 630 335 657; x_wconf 87' lang='lat' dir='ltr'>et</span> <span class='ocrx_word' id='word_1_33' title='bbox 359 624 607 658; x_wconf 88' lang='lat' dir='ltr'>ordinationibus</span> <span class='ocrx_word' id='word_1_34' title='bbox 631 622 821 667; x_wconf 85' lang='lat' dir='ltr'>apostolicis,</span> <span class='ocrx_word' id='word_1_35' title='bbox 847 634 881 656; x_wconf 85' lang='lat' dir='ltr'>ac</span> <span class='ocrx_word' id='word_1_36' title='bbox 907 623 1044 656; x_wconf 87' lang='lat' dir='ltr'>cuiusvis</span> 
     </span>
     <span class='ocr_line' id='line_1_9' title="bbox 305 674 1044 719; baseline -0.003 -9"><span class='ocrx_word' id='word_1_37' title='bbox 305 678 439 719; x_wconf 87' lang='lat' dir='ltr'>concilii,</span> <span class='ocrx_word' id='word_1_38' title='bbox 457 677 550 711; x_wconf 85' lang='lat' dir='ltr'>etiam</span> <span class='ocrx_word' id='word_1_39' title='bbox 565 674 748 719; x_wconf 82' lang='lat' dir='ltr'>generalis¹,</span> <span class='ocrx_word' id='word_1_40' title='bbox 762 676 907 717; x_wconf 79' lang='lat' dir='ltr'>decretis,</span> <span class='ocrx_word' id='word_1_41' title='bbox 921 686 1044 709; x_wconf 86' lang='lat' dir='ltr'>necnon</span> 
     </span>
     <span class='ocr_line' id='line_1_10' title="bbox 306 729 1043 772; baseline -0.003 -8"><span class='ocrx_word' id='word_1_42' title='bbox 306 730 592 772; x_wconf 87' lang='lat' dir='ltr'>consuetudinibus,</span> <span class='ocrx_word' id='word_1_43' title='bbox 618 729 712 763; x_wconf 89' lang='lat' dir='ltr'>etiam</span> <span class='ocrx_word' id='word_1_44' title='bbox 736 729 775 762; x_wconf 88' lang='lat' dir='ltr'>ab</span> <span class='ocrx_word' id='word_1_45' title='bbox 799 729 1043 763; x_wconf 82' lang='lat' dir='ltr'>immemorabili</span> 
     </span>
     <span class='ocr_line' id='line_1_11' title="bbox 306 783 1045 828; baseline -0.003 -11"><span class='ocrx_word' id='word_1_46' title='bbox 306 789 448 828; x_wconf 87' lang='lat' dir='ltr'>tempore</span> <span class='ocrx_word' id='word_1_47' title='bbox 462 783 643 823; x_wconf 89' lang='lat' dir='ltr'>observatis,</span> <span class='ocrx_word' id='word_1_48' title='bbox 657 788 709 816; x_wconf 90' lang='lat' dir='ltr'>aut</span> <span class='ocrx_word' id='word_1_49' title='bbox 722 783 851 826; x_wconf 80' lang='lat' dir='ltr'>regulis,</span> <span class='ocrx_word' id='word_1_50' title='bbox 870 783 900 815; x_wconf 94' lang='lat' dir='ltr'>in</span> <span class='ocrx_word' id='word_1_51' title='bbox 917 793 1045 826; x_wconf 76' lang='lat' dir='ltr'>genera-</span> 
     </span>
     <span class='ocr_line' id='line_1_12' title="bbox 305 836 1042 880; baseline 0 -11"><span class='ocrx_word' id='word_1_52' title='bbox 305 837 387 870; x_wconf 84' lang='lat' dir='ltr'>libus</span> <span class='ocrx_word' id='word_1_53' title='bbox 409 847 464 869; x_wconf 91' lang='lat' dir='ltr'>seu</span> <span class='ocrx_word' id='word_1_54' title='bbox 487 836 732 880; x_wconf 88' lang='lat' dir='ltr'>provincialibus</span> <span class='ocrx_word' id='word_1_55' title='bbox 757 836 900 880; x_wconf 84' lang='lat' dir='ltr'>capitulis</span> <span class='ocrx_word' id='word_1_56' title='bbox 932 836 1042 878; x_wconf 89' lang='lat' dir='ltr'>editis,</span> 
     </span>
     <span class='ocr_line' id='line_1_13' title="bbox 305 890 1045 934; baseline 0.001 -11"><span class='ocrx_word' id='word_1_57' title='bbox 305 890 426 924; x_wconf 89' lang='lat' dir='ltr'>statutis</span> <span class='ocrx_word' id='word_1_58' title='bbox 449 893 479 924; x_wconf 91' lang='lat' dir='ltr'>et</span> <span class='ocrx_word' id='word_1_59' title='bbox 503 890 788 933; x_wconf 82' lang='lat' dir='ltr'>constitutionibus,</span> <span class='ocrx_word' id='word_1_60' title='bbox 807 892 900 924; x_wconf 91' lang='lat' dir='ltr'>etiam</span> <span class='ocrx_word' id='word_1_61' title='bbox 920 896 1045 934; x_wconf 82' lang='lat' dir='ltr'>aposto-</span> 
     </span>
     <span class='ocr_line' id='line_1_14' title="bbox 305 942 1044 989; baseline 0.004 -15"><span class='ocrx_word' id='word_1_62' title='bbox 305 942 366 975; x_wconf 77' lang='lat' dir='ltr'>lica</span> <span class='ocrx_word' id='word_1_63' title='bbox 389 943 573 978; x_wconf 86' lang='lat' dir='ltr'>auctoritate</span> <span class='ocrx_word' id='word_1_64' title='bbox 603 944 828 986; x_wconf 61' lang='lat' dir='ltr'>comminatis,</span> <span class='ocrx_word' id='word_1_65' title='bbox 853 945 1044 989; x_wconf 85' lang='lat' dir='ltr'>privilegiis,</span> 
     </span>
     <span class='ocr_line' id='line_1_15' title="bbox 302 996 1044 1042; baseline 0.004 -14"><span class='ocrx_word' id='word_1_66' title='bbox 302 996 432 1030; x_wconf 91' lang='lat' dir='ltr'>indultis</span> <span class='ocrx_word' id='word_1_67' title='bbox 448 1001 479 1029; x_wconf 91' lang='lat' dir='ltr'>et</span> <span class='ocrx_word' id='word_1_68' title='bbox 492 998 748 1031; x_wconf 85' lang='lat' dir='ltr'>concessionibus</span> <span class='ocrx_word' id='word_1_69' title='bbox 761 1009 1044 1042; x_wconf 86' lang='lat' dir='ltr'>quorumcumque,</span> 
     </span>
     <span class='ocr_line' id='line_1_16' title="bbox 304 1051 1045 1095; baseline 0.003 -13"><span class='ocrx_word' id='word_1_70' title='bbox 304 1059 441 1092; x_wconf 90' lang='lat' dir='ltr'>quorum</span> <span class='ocrx_word' id='word_1_71' title='bbox 466 1054 592 1083; x_wconf 83' lang='lat' dir='ltr'>tenores</span> <span class='ocrx_word' id='word_1_72' title='bbox 616 1051 666 1083; x_wconf 86' lang='lat' dir='ltr'>hic</span> <span class='ocrx_word' id='word_1_73' title='bbox 682 1062 740 1094; x_wconf 88' lang='lat' dir='ltr'>pro</span> <span class='ocrx_word' id='word_1_74' title='bbox 758 1052 913 1095; x_wconf 84' lang='lat' dir='ltr'>expressis</span> <span class='ocrx_word' id='word_1_75' title='bbox 935 1052 1045 1084; x_wconf 86' lang='lat' dir='ltr'>baberi</span> 
     </span>
     <span class='ocr_line' id='line_1_17' title="bbox 304 1103 1047 1149; baseline 0.003 -13"><span class='ocrx_word' id='word_1_76' title='bbox 304 1103 412 1144; x_wconf 90' lang='lat' dir='ltr'>voluit,</span> <span class='ocrx_word' id='word_1_77' title='bbox 437 1105 612 1149; x_wconf 84' lang='lat' dir='ltr'>ceterisque</span> <span class='ocrx_word' id='word_1_78' title='bbox 636 1105 668 1138; x_wconf 91' lang='lat' dir='ltr'>in</span> <span class='ocrx_word' id='word_1_79' title='bbox 693 1105 887 1139; x_wconf 87' lang='lat' dir='ltr'>eontrarium</span> <span class='ocrx_word' id='word_1_80' title='bbox 912 1106 1047 1140; x_wconf 86' lang='lat' dir='ltr'>facienti-</span> 
     </span>
     <span class='ocr_line' id='line_1_18' title="bbox 305 1157 643 1202; baseline 0.003 -12"><span class='ocrx_word' id='word_1_81' title='bbox 305 1157 365 1190; x_wconf 89' lang='lat' dir='ltr'>bus</span> <span class='ocrx_word' id='word_1_82' title='bbox 381 1158 643 1202; x_wconf 86' lang='lat' dir='ltr'>quibuscumque.</span> 
     </span>
    </p>

    <p class='ocr_par' dir='ltr' id='par_1_4' title="bbox 308 1211 1047 1299">
     <span class='ocr_line' id='line_1_19' title="bbox 350 1211 1047 1255; baseline 0.001 -11"><span class='ocrx_word' id='word_1_83' title='bbox 350 1211 464 1244; x_wconf 86' lang='lat' dir='ltr'>Datum</span> <span class='ocrx_word' id='word_1_84' title='bbox 477 1212 603 1253; x_wconf 85' lang='lat' dir='ltr'>Romae,</span> <span class='ocrx_word' id='word_1_85' title='bbox 618 1212 702 1255; x_wconf 89' lang='lat' dir='ltr'>apud</span> <span class='ocrx_word' id='word_1_86' title='bbox 717 1211 747 1245; x_wconf 87' lang='lat' dir='ltr'>S.</span> <span class='ocrx_word' id='word_1_87' title='bbox 762 1212 899 1253; x_wconf 88' lang='lat' dir='ltr'>Petrum,</span> <span class='ocrx_word' id='word_1_88' title='bbox 913 1212 961 1245; x_wconf 89' lang='lat' dir='ltr'>die</span> <span class='ocrx_word' id='word_1_89' title='bbox 974 1223 1047 1247; x_wconf 75' lang='lat' dir='ltr'>xxvi</span> 
     </span>
     <span class='ocr_line' id='line_1_20' title="bbox 308 1265 903 1299; baseline 0.002 -2"><span class='ocrx_word' id='word_1_90' title='bbox 308 1265 424 1297; x_wconf 89' lang='lat' dir='ltr'>mensis</span> <span class='ocrx_word' id='word_1_91' title='bbox 440 1265 514 1298; x_wconf 89' lang='lat' dir='ltr'>maii</span> <span class='ocrx_word' id='word_1_92' title='bbox 530 1275 611 1298; x_wconf 89' lang='lat' dir='ltr'>anno</span> <span class='ocrx_word' id='word_1_93' title='bbox 630 1265 756 1298; x_wconf 90' lang='lat' dir='ltr'>Domini</span> <span class='ocrx_word' id='word_1_94' title='bbox 772 1275 903 1299; x_wconf 75' lang='lat' dir='ltr'>mnxcin.</span> 
     </span>
    </p>
   </div>
   <div class='ocr_carea' id='block_1_2' title="bbox 132 425 249 449">
    <p class='ocr_par' dir='ltr' id='par_1_5' title="bbox 132 425 249 449">
     <span class='ocr_line' id='line_1_21' title="bbox 132 425 249 449; baseline -0.026 0"><span class='ocrx_word' id='word_1_95' title='bbox 132 425 249 449; x_wconf 72' lang='lat' dir='ltr'>clausulae.</span> 
     </span>
    </p>
   </div>
   <div class='ocr_carea' id='block_1_3' title="bbox 109 1363 294 1436">
    <p class='ocr_par' dir='ltr' id='par_1_6' title="bbox 109 1363 294 1436">
     <span class='ocr_line' id='line_1_22' title="bbox 136 1363 294 1392; baseline 0 -10"><span class='ocrx_word' id='word_1_96' title='bbox 136 1363 231 1392; x_wconf 71' lang='lat' dir='ltr'>Quonam</span> <span class='ocrx_word' id='word_1_97' title='bbox 244 1366 294 1383; x_wconf 76' lang='lat' dir='ltr'>casu</span> 
     </span>
     <span class='ocr_line' id='line_1_23' title="bbox 109 1391 293 1436; baseline -0.005 -26"><span class='ocrx_word' id='word_1_98' title='bbox 109 1391 226 1436; x_wconf 59' lang='grc' dir='ltr'><strong>ζέῗῡι-υιιο</strong></span> <span class='ocrx_word' id='word_1_99' title='bbox 249 1394 293 1409; x_wconf 81' lang='lat' dir='ltr'>ces·</span> 
     </span>
    </p>
   </div>
   <div class='ocr_carea' id='block_1_4' title="bbox 308 1353 1051 1719">
    <p class='ocr_par' dir='ltr' id='par_1_7' title="bbox 308 1353 1051 1719">
     <span class='ocr_line' id='line_1_24' title="bbox 353 1353 1050 1398; baseline 0.004 -12"><span class='ocrx_word' id='word_1_100' title='bbox 353 1353 505 1387; x_wconf 81' lang='lat' dir='ltr'>Sanctitas</span> <span class='ocrx_word' id='word_1_101' title='bbox 535 1354 598 1388; x_wconf 86' lang='lat' dir='ltr'>Sua</span> <span class='ocrx_word' id='word_1_102' title='bbox 629 1354 777 1398; x_wconf 89' lang='lat' dir='ltr'>deinceps</span> <span class='ocrx_word' id='word_1_103' title='bbox 808 1355 995 1395; x_wconf 87' lang='lat' dir='ltr'>declaravit,</span> <span class='ocrx_word' id='word_1_104' title='bbox 1020 1359 1050 1389; x_wconf 89' lang='lat' dir='ltr'>et</span> 
     </span>
     <span class='ocr_line' id='line_1_25' title="bbox 308 1406 1051 1451; baseline 0.003 -12"><span class='ocrx_word' id='word_1_105' title='bbox 308 1406 456 1447; x_wconf 86' lang='lat' dir='ltr'>declarat,</span> <span class='ocrx_word' id='word_1_106' title='bbox 473 1412 508 1440; x_wconf 85' lang='lat' dir='ltr'>ut</span> <span class='ocrx_word' id='word_1_107' title='bbox 525 1407 550 1440; x_wconf 93' lang='lat' dir='ltr'>si</span> <span class='ocrx_word' id='word_1_108' title='bbox 567 1407 750 1441; x_wconf 89' lang='lat' dir='ltr'>huiusmodi</span> <span class='ocrx_word' id='word_1_109' title='bbox 767 1409 962 1451; x_wconf 81' lang='lat' dir='ltr'>regularium</span> <span class='ocrx_word' id='word_1_110' title='bbox 980 1420 1051 1443; x_wconf 91' lang='lat' dir='ltr'>con-</span> 
     </span>
     <span class='ocr_line' id='line_1_26' title="bbox 308 1460 1049 1497; baseline 0.003 -4"><span class='ocrx_word' id='word_1_111' title='bbox 308 1460 445 1494; x_wconf 89' lang='lat' dir='ltr'>fessariis</span> <span class='ocrx_word' id='word_1_112' title='bbox 459 1471 549 1494; x_wconf 89' lang='lat' dir='ltr'>casus</span> <span class='ocrx_word' id='word_1_113' title='bbox 563 1461 694 1495; x_wconf 88' lang='lat' dir='ltr'>alicuius</span> <span class='ocrx_word' id='word_1_114' title='bbox 707 1462 858 1496; x_wconf 88' lang='lat' dir='ltr'>reservati</span> <span class='ocrx_word' id='word_1_115' title='bbox 872 1463 1049 1497; x_wconf 77' lang='lat' dir='ltr'>facultatem</span> 
     </span>
     <span class='ocr_line' id='line_1_27' title="bbox 308 1514 1051 1560; baseline 0.003 -13"><span class='ocrx_word' id='word_1_116' title='bbox 308 1514 486 1558; x_wconf 90' lang='lat' dir='ltr'>petentibus</span> <span class='ocrx_word' id='word_1_117' title='bbox 511 1515 656 1559; x_wconf 87' lang='lat' dir='ltr'>superior</span> <span class='ocrx_word' id='word_1_118' title='bbox 673 1515 747 1548; x_wconf 88' lang='lat' dir='ltr'>dare</span> <span class='ocrx_word' id='word_1_119' title='bbox 764 1516 910 1558; x_wconf 89' lang='lat' dir='ltr'>noluerit,</span> <span class='ocrx_word' id='word_1_120' title='bbox 930 1517 1051 1560; x_wconf 86' lang='lat' dir='ltr'>possint</span> 
     </span>
     <span class='ocr_line' id='line_1_28' title="bbox 309 1567 1051 1614; baseline 0.003 -14"><span class='ocrx_word' id='word_1_121' title='bbox 309 1567 514 1601; x_wconf 88' lang='lat' dir='ltr'>nihilominus</span> <span class='ocrx_word' id='word_1_122' title='bbox 539 1569 723 1602; x_wconf 87' lang='lat' dir='ltr'>confessarii</span> <span class='ocrx_word' id='word_1_123' title='bbox 740 1569 792 1602; x_wconf 80' lang='lat' dir='ltr'>illa</span> <span class='ocrx_word' id='word_1_124' title='bbox 809 1569 875 1602; x_wconf 82' lang='lat' dir='ltr'>vice</span> <span class='ocrx_word' id='word_1_125' title='bbox 893 1570 1051 1614; x_wconf 89' lang='lat' dir='ltr'>poeniten-</span> 
     </span>
     <span class='ocr_line' id='line_1_29' title="bbox 310 1623 1051 1668; baseline 0.003 -13"><span class='ocrx_word' id='word_1_126' title='bbox 310 1627 356 1655; x_wconf 85' lang='lat' dir='ltr'>tes</span> <span class='ocrx_word' id='word_1_127' title='bbox 379 1623 552 1665; x_wconf 83' lang='lat' dir='ltr'>regulares,</span> <span class='ocrx_word' id='word_1_128' title='bbox 572 1623 665 1656; x_wconf 89' lang='lat' dir='ltr'>etiam</span> <span class='ocrx_word' id='word_1_129' title='bbox 682 1634 745 1657; x_wconf 91' lang='lat' dir='ltr'>non</span> <span class='ocrx_word' id='word_1_130' title='bbox 770 1624 897 1657; x_wconf 80' lang='lat' dir='ltr'>obtenta</span> <span class='ocrx_word' id='word_1_131' title='bbox 921 1635 938 1656; x_wconf 86' lang='lat' dir='ltr'>a</span> <span class='ocrx_word' id='word_1_132' title='bbox 962 1634 1051 1668; x_wconf 87' lang='lat' dir='ltr'>supe-</span> 
     </span>
     <span class='ocr_line' id='line_1_30' title="bbox 311 1675 751 1719; baseline 0.005 -11"><span class='ocrx_word' id='word_1_133' title='bbox 311 1675 395 1709; x_wconf 89' lang='lat' dir='ltr'>riore</span> <span class='ocrx_word' id='word_1_134' title='bbox 411 1676 566 1719; x_wconf 84' lang='lat' dir='ltr'>facultate,</span> <span class='ocrx_word' id='word_1_135' title='bbox 581 1677 751 1710; x_wconf 84' lang='lat' dir='ltr'>absolvere.</span> 
     </span>
    </p>
   </div>
   <div class='ocr_carea' id='block_1_5' title="bbox 529 1793 830 1824">
    <p class='ocr_par' dir='ltr' id='par_1_8' title="bbox 529 1793 830 1824">
     <span class='ocr_line' id='line_1_31' title="bbox 529 1793 830 1824; baseline -0.007 0"><span class='ocrx_word' id='word_1_136' title='bbox 529 1793 708 1824; x_wconf 80' lang='lat' dir='ltr'>Decretum</span> <span class='ocrx_word' id='word_1_137' title='bbox 729 1793 830 1823; x_wconf 87' lang='lat' dir='ltr'>aliud.</span> 
     </span>
    </p>
   </div>
   <div class='ocr_carea' id='block_1_6' title="bbox 311 1869 1053 2073">
    <p class='ocr_par' dir='ltr' id='par_1_9' title="bbox 311 1869 1053 2073">
     <span class='ocr_line' id='line_1_32' title="bbox 311 1869 1052 1913; baseline 0 -12"><span class='ocrx_word' id='word_1_138' title='bbox 311 1869 358 1902; x_wconf 82' lang='lat' dir='ltr'>De</span> <span class='ocrx_word' id='word_1_139' title='bbox 380 1869 524 1913; x_wconf 75' lang='lat' dir='ltr'>sormulti</span> <span class='ocrx_word' id='word_1_140' title='bbox 554 1870 746 1903; x_wconf 78' lang='lat' dir='ltr'>concedendi</span> <span class='ocrx_word' id='word_1_141' title='bbox 777 1870 963 1913; x_wconf 77' lang='lat' dir='ltr'>facultatem</span> <span class='ocrx_word' id='word_1_142' title='bbox 992 1880 1052 1913; x_wconf 79' lang='lat' dir='ltr'>pro</span> 
     </span>
     <span class='ocr_line' id='line_1_33' title="bbox 355 1922 1053 1966; baseline 0.001 -11"><span class='ocrx_word' id='word_1_143' title='bbox 355 1922 489 1955; x_wconf 78' lang='lat' dir='ltr'>novitiis</span> <span class='ocrx_word' id='word_1_144' title='bbox 514 1923 557 1955; x_wconf 87' lang='lat' dir='ltr'>ad</span> <span class='ocrx_word' id='word_1_145' title='bbox 582 1924 768 1966; x_wconf 69' lang='lat' dir='ltr'>reqularcm</span> <span class='ocrx_word' id='word_1_146' title='bbox 796 1924 946 1957; x_wconf 72' lang='lat' dir='ltr'>habitum</span> <span class='ocrx_word' id='word_1_147' title='bbox 975 1924 1053 1956; x_wconf 70' lang='lat' dir='ltr'>reci-</span> 
     </span>
     <span class='ocr_line' id='line_1_34' title="bbox 353 1977 1053 2020; baseline 0 -11"><span class='ocrx_word' id='word_1_148' title='bbox 353 1977 484 2020; x_wconf 79' lang='lat' dir='ltr'>piendis</span> <span class='ocrx_word' id='word_1_149' title='bbox 516 1977 554 2010; x_wconf 80' lang='lat' dir='ltr'>in</span> <span class='ocrx_word' id='word_1_150' title='bbox 577 1977 783 2010; x_wconf 69' lang='lat' dir='ltr'>monasteriis</span> <span class='ocrx_word' id='word_1_151' title='bbox 808 1982 836 2010; x_wconf 83' lang='lat' dir='ltr'>et</span> <span class='ocrx_word' id='word_1_152' title='bbox 863 1977 939 2010; x_wconf 73' lang='lat' dir='ltr'>locis</span> <span class='ocrx_word' id='word_1_153' title='bbox 963 1977 1053 2010; x_wconf 66' lang='lat' dir='ltr'>desi-</span> 
     </span>
     <span class='ocr_line' id='line_1_35' title="bbox 357 2030 500 2073; baseline -0.007 -10"><span class='ocrx_word' id='word_1_154' title='bbox 357 2030 500 2073; x_wconf 52' lang='lat' dir='ltr'>,qnalis&#39;⁴</span> 
     </span>
    </p>
   </div>
   <div class='ocr_carea' id='block_1_7' title="bbox 314 2118 1056 2540">
    <p class='ocr_par' dir='ltr' id='par_1_10' title="bbox 314 2118 1056 2540">
     <span class='ocr_line' id='line_1_36' title="bbox 358 2118 1053 2153; baseline 0 -1"><span class='ocrx_word' id='word_1_155' title='bbox 358 2118 580 2152; x_wconf 88' lang='lat' dir='ltr'>Sanctissimus</span> <span class='ocrx_word' id='word_1_156' title='bbox 604 2119 635 2152; x_wconf 92' lang='lat' dir='ltr'>in</span> <span class='ocrx_word' id='word_1_157' title='bbox 660 2119 782 2153; x_wconf 89' lang='lat' dir='ltr'>Christo</span> <span class='ocrx_word' id='word_1_158' title='bbox 803 2120 892 2153; x_wconf 88' lang='lat' dir='ltr'>Pater</span> <span class='ocrx_word' id='word_1_159' title='bbox 912 2119 945 2152; x_wconf 87' lang='lat' dir='ltr'>D.</span> <span class='ocrx_word' id='word_1_160' title='bbox 964 2120 998 2153; x_wconf 91' lang='lat' dir='ltr'>N.</span> <span class='ocrx_word' id='word_1_161' title='bbox 1020 2119 1053 2152; x_wconf 92' lang='lat' dir='ltr'>D.</span> 
     </span>
     <span class='ocr_line' id='line_1_37' title="bbox 314 2172 1054 2217; baseline 0 -11"><span class='ocrx_word' id='word_1_162' title='bbox 314 2172 473 2214; x_wconf 88' lang='lat' dir='ltr'>Clemens,</span> <span class='ocrx_word' id='word_1_163' title='bbox 499 2173 603 2206; x_wconf 83' lang='lat' dir='ltr'>divina</span> <span class='ocrx_word' id='word_1_164' title='bbox 634 2173 831 2217; x_wconf 82' lang='lat' dir='ltr'>providentia</span> <span class='ocrx_word' id='word_1_165' title='bbox 860 2174 943 2217; x_wconf 88' lang='lat' dir='ltr'>Papa</span> <span class='ocrx_word' id='word_1_166' title='bbox 971 2174 1054 2214; x_wconf 89' lang='lat' dir='ltr'>Vlll,</span> 
     </span>
     <span class='ocr_line' id='line_1_38' title="bbox 315 2227 1054 2270; baseline 0.001 -11"><span class='ocrx_word' id='word_1_167' title='bbox 315 2237 386 2259; x_wconf 86' lang='lat' dir='ltr'>cum</span> <span class='ocrx_word' id='word_1_168' title='bbox 422 2227 601 2270; x_wconf 83' lang='lat' dir='ltr'>regularem</span> <span class='ocrx_word' id='word_1_169' title='bbox 637 2227 834 2270; x_wconf 89' lang='lat' dir='ltr'>disciplinam</span> <span class='ocrx_word' id='word_1_170' title='bbox 868 2227 1054 2268; x_wconf 87' lang='lat' dir='ltr'>restituere,</span> 
     </span>
     <span class='ocr_line' id='line_1_39' title="bbox 316 2280 1055 2324; baseline 0.001 -12"><span class='ocrx_word' id='word_1_171' title='bbox 316 2285 408 2324; x_wconf 88' lang='lat' dir='ltr'>atque</span> <span class='ocrx_word' id='word_1_172' title='bbox 432 2280 464 2312; x_wconf 94' lang='lat' dir='ltr'>in</span> <span class='ocrx_word' id='word_1_173' title='bbox 486 2280 655 2324; x_wconf 87' lang='lat' dir='ltr'>pristinum</span> <span class='ocrx_word' id='word_1_174' title='bbox 680 2286 795 2313; x_wconf 86' lang='lat' dir='ltr'>statum</span> <span class='ocrx_word' id='word_1_175' title='bbox 821 2291 970 2314; x_wconf 88' lang='lat' dir='ltr'>revocare</span> <span class='ocrx_word' id='word_1_176' title='bbox 990 2291 1055 2313; x_wconf 87' lang='lat' dir='ltr'>ma-</span> 
     </span>
     <span class='ocr_line' id='line_1_40' title="bbox 316 2333 1054 2378; baseline 0.001 -12"><span class='ocrx_word' id='word_1_177' title='bbox 316 2333 398 2367; x_wconf 83' lang='lat' dir='ltr'>xime</span> <span class='ocrx_word' id='word_1_178' title='bbox 423 2339 562 2378; x_wconf 88' lang='lat' dir='ltr'>cuperet‚</span> <span class='ocrx_word' id='word_1_179' title='bbox 579 2335 804 2378; x_wconf 84' lang='lat' dir='ltr'>regularesque</span> <span class='ocrx_word' id='word_1_180' title='bbox 822 2345 932 2368; x_wconf 91' lang='lat' dir='ltr'>omnes</span> <span class='ocrx_word' id='word_1_181' title='bbox 950 2335 1054 2375; x_wconf 86' lang='lat' dir='ltr'>vitam,</span> 
     </span>
     <span class='ocr_line' id='line_1_41' title="bbox 315 2388 1055 2431; baseline 0 -10"><span class='ocrx_word' id='word_1_182' title='bbox 315 2398 485 2431; x_wconf 89' lang='lat' dir='ltr'>moresque</span> <span class='ocrx_word' id='word_1_183' title='bbox 501 2399 573 2421; x_wconf 93' lang='lat' dir='ltr'>suos</span> <span class='ocrx_word' id='word_1_184' title='bbox 590 2388 629 2421; x_wconf 88' lang='lat' dir='ltr'>ad</span> <span class='ocrx_word' id='word_1_185' title='bbox 645 2388 799 2422; x_wconf 89' lang='lat' dir='ltr'>rationem</span> <span class='ocrx_word' id='word_1_186' title='bbox 819 2388 886 2422; x_wconf 91' lang='lat' dir='ltr'>eius</span> <span class='ocrx_word' id='word_1_187' title='bbox 912 2389 1055 2428; x_wconf 86' lang='lat' dir='ltr'>instituti,</span> 
     </span>
     <span class='ocr_line' id='line_1_42' title="bbox 315 2441 1056 2487; baseline 0.001 -12"><span class='ocrx_word' id='word_1_188' title='bbox 315 2441 400 2486; x_wconf 91' lang='lat' dir='ltr'>quod</span> <span class='ocrx_word' id='word_1_189' title='bbox 424 2442 557 2486; x_wconf 87' lang='lat' dir='ltr'>quisque</span> <span class='ocrx_word' id='word_1_190' title='bbox 576 2443 736 2487; x_wconf 89' lang='lat' dir='ltr'>professus</span> <span class='ocrx_word' id='word_1_191' title='bbox 755 2448 847 2484; x_wconf 87' lang='lat' dir='ltr'>esset,</span> <span class='ocrx_word' id='word_1_192' title='bbox 864 2443 906 2476; x_wconf 86' lang='lat' dir='ltr'>ita</span> <span class='ocrx_word' id='word_1_193' title='bbox 930 2454 1056 2487; x_wconf 90' lang='lat' dir='ltr'>compo-</span> 
     </span>
     <span class='ocr_line' id='line_1_43' title="bbox 316 2496 1055 2540; baseline 0.001 -12"><span class='ocrx_word' id='word_1_194' title='bbox 316 2505 401 2537; x_wconf 89' lang='lat' dir='ltr'>nere,</span> <span class='ocrx_word' id='word_1_195' title='bbox 418 2501 452 2529; x_wconf 92' lang='lat' dir='ltr'>ut</span> <span class='ocrx_word' id='word_1_196' title='bbox 476 2506 556 2540; x_wconf 90' lang='lat' dir='ltr'>quae</span> <span class='ocrx_word' id='word_1_197' title='bbox 581 2496 620 2529; x_wconf 89' lang='lat' dir='ltr'>ad</span> <span class='ocrx_word' id='word_1_198' title='bbox 645 2502 788 2530; x_wconf 88' lang='lat' dir='ltr'>votorum</span> <span class='ocrx_word' id='word_1_199' title='bbox 813 2497 886 2537; x_wconf 89' lang='lat' dir='ltr'>vim,</span> <span class='ocrx_word' id='word_1_200' title='bbox 904 2497 1055 2537; x_wconf 86' lang='lat' dir='ltr'>habitum,</span> 
     </span>
    </p>
   </div>
   <div class='ocr_carea' id='block_1_8' title="bbox 115 2133 299 2209">
    <p class='ocr_par' dir='ltr' id='par_1_11' title="bbox 115 2133 299 2209">
     <span class='ocr_line' id='line_1_44' title="bbox 132 2133 298 2161; baseline 0 -6"><span class='ocrx_word' id='word_1_201' title='bbox 132 2133 224 2156; x_wconf 77' lang='lat' dir='ltr'>Decreta</span> <span class='ocrx_word' id='word_1_202' title='bbox 238 2140 298 2161; x_wconf 79' lang='lat' dir='ltr'>prae-</span> 
     </span>
     <span class='ocr_line' id='line_1_45' title="bbox 115 2161 299 2183; baseline 0 -1"><span class='ocrx_word' id='word_1_203' title='bbox 115 2161 213 2183; x_wconf 74' lang='lat' dir='ltr'>cedentia</span> <span class='ocrx_word' id='word_1_204' title='bbox 241 2166 299 2182; x_wconf 82' lang='lat' dir='ltr'>reeo-</span> 
     </span>
     <span class='ocr_line' id='line_1_46' title="bbox 115 2189 192 2209; baseline -0.013 0"><span class='ocrx_word' id='word_1_205' title='bbox 115 2189 192 2209; x_wconf 76' lang='lat' dir='ltr'>luatur.</span> 
     </span>
    </p>
   </div>
   <div class='ocr_carea' id='block_1_9' title="bbox 318 2576 1057 2704">
    <p class='ocr_par' dir='ltr' id='par_1_12' title="bbox 318 2576 1057 2704">
     <span class='ocr_line' id='line_1_47' title="bbox 354 2576 1057 2612; baseline 0 -8"><span class='ocrx_word' id='word_1_206' title='bbox 354 2578 365 2604; x_wconf 84' lang='lat'>1</span> <span class='ocrx_word' id='word_1_207' title='bbox 383 2576 425 2604; x_wconf 90' lang='lat' dir='ltr'>Sic</span> <span class='ocrx_word' id='word_1_208' title='bbox 447 2576 563 2612; x_wconf 87' lang='lat' dir='ltr'>legimus</span> <span class='ocrx_word' id='word_1_209' title='bbox 579 2585 639 2604; x_wconf 90' lang='lat' dir='ltr'>cum</span> <span class='ocrx_word' id='word_1_210' title='bbox 655 2576 719 2604; x_wconf 85' lang='lat' dir='ltr'>edit.</span> <span class='ocrx_word' id='word_1_211' title='bbox 736 2576 855 2604; x_wconf 88' lang='lat' dir='ltr'>Cherub.</span> <span class='ocrx_word' id='word_1_212' title='bbox 877 2577 964 2605; x_wconf 70' lang='lat' dir='ltr'>Rom:</span> <span class='ocrx_word' id='word_1_213' title='bbox 988 2577 1057 2604; x_wconf 88' lang='lat' dir='ltr'>male</span> 
     </span>
     <span class='ocr_line' id='line_1_48' title="bbox 318 2621 880 2657; baseline -0.002 -7"><span class='ocrx_word' id='word_1_214' title='bbox 318 2622 383 2651; x_wconf 88' lang='lat' dir='ltr'>edit.</span> <span class='ocrx_word' id='word_1_215' title='bbox 399 2621 478 2650; x_wconf 86' lang='lat' dir='ltr'>Main.</span> <span class='ocrx_word' id='word_1_216' title='bbox 495 2621 560 2657; x_wconf 83' lang='lat' dir='ltr'>legit</span> <span class='ocrx_word' id='word_1_217' title='bbox 578 2622 762 2656; x_wconf 66' lang='lat' dir='ltr'>generalibus</span> <span class='ocrx_word' id='word_1_218' title='bbox 776 2627 812 2657; x_wconf 75' lang='lat' dir='ltr'>(R.</span> <span class='ocrx_word' id='word_1_219' title='bbox 831 2622 880 2657; x_wconf 86' lang='lat' dir='ltr'><strong>T.).</strong></span> 
     </span>
     <span class='ocr_line' id='line_1_49' title="bbox 353 2666 1030 2704; baseline -0.001 -9"><span class='ocrx_word' id='word_1_220' title='bbox 353 2668 370 2695; x_wconf 72' lang='lat'><strong>2</strong></span> <span class='ocrx_word' id='word_1_221' title='bbox 385 2667 417 2696; x_wconf 85' lang='lat' dir='ltr'>Et</span> <span class='ocrx_word' id='word_1_222' title='bbox 432 2667 503 2695; x_wconf 89' lang='lat' dir='ltr'>istud</span> <span class='ocrx_word' id='word_1_223' title='bbox 518 2667 545 2695; x_wconf 94' lang='lat' dir='ltr'>in</span> <span class='ocrx_word' id='word_1_224' title='bbox 560 2667 695 2696; x_wconf 80' lang='lat' dir='ltr'>Bullarz&#39;o</span> <span class='ocrx_word' id='word_1_225' title='bbox 710 2675 763 2696; x_wconf 86' lang='lat' dir='ltr'>non</span> <span class='ocrx_word' id='word_1_226' title='bbox 777 2666 918 2704; x_wconf 81' lang='lat' dir='ltr'>legebatur</span> <span class='ocrx_word' id='word_1_227' title='bbox 931 2668 970 2703; x_wconf 75' lang='lat' dir='ltr'>(n.</span> <span class='ocrx_word' id='word_1_228' title='bbox 981 2667 1030 2702; x_wconf 85' lang='lat' dir='ltr'><strong>T.).</strong></span> 
     </span>
    </p>
   </div>
   <div class='ocr_carea' id='block_1_10' title="bbox 916 254 1209 279">
    <p class='ocr_par' dir='ltr' id='par_1_13' title="bbox 916 254 1209 279">
     <span class='ocr_line' id='line_1_50' title="bbox 916 254 1209 279; baseline -0.003 -1"><span class='ocrx_word' id='word_1_229' title='bbox 916 254 1058 279; x_wconf 78' lang='lat' dir='ltr'>vnnANth</span> <span class='ocrx_word' id='word_1_230' title='bbox 1082 254 1138 278; x_wconf 78' lang='lat' dir='ltr'>vm</span> <span class='ocrx_word' id='word_1_231' title='bbox 1162 255 1209 278; x_wconf 66' lang='lat'>1³12.</span> 
     </span>
    </p>
   </div>
   <div class='ocr_carea' id='block_1_11' title="bbox 1057 376 1063 1097">
    <p class='ocr_par' dir='ltr' id='par_1_14' title="bbox 1057 376 1063 1097">
     <span class='ocr_line' id='line_1_51' title="bbox 1057 376 1063 1097; baseline 0 0"><span class='ocrx_word' id='word_1_232' title='bbox 1057 376 1063 1097; x_wconf 95' lang='lat' dir='ltr'> </span> 
     </span>
    </p>
   </div>
   <div class='ocr_carea' id='block_1_12' title="bbox 1065 1353 1076 2569">
    <p class='ocr_par' dir='ltr' id='par_1_15' title="bbox 1065 1353 1076 2569">
     <span class='ocr_line' id='line_1_52' title="bbox 1065 1353 1076 2569; baseline 0 0"><span class='ocrx_word' id='word_1_233' title='bbox 1065 1353 1076 2569; x_wconf 95' lang='lat' dir='ltr'> </span> 
     </span>
    </p>
   </div>
   <div class='ocr_carea' id='block_1_13' title="bbox 1723 240 1788 275">
    <p class='ocr_par' dir='ltr' id='par_1_16' title="bbox 1723 240 1788 275">
     <span class='ocr_line' id='line_1_53' title="bbox 1723 240 1788 275; baseline 0.015 -1"><span class='ocrx_word' id='word_1_234' title='bbox 1723 240 1788 275; x_wconf 72' lang='lat'>213</span> 
     </span>
    </p>
   </div>
   <div class='ocr_carea' id='block_1_14' title="bbox 1076 298 1831 2050">
    <p class='ocr_par' dir='ltr' id='par_1_17' title="bbox 1076 298 1822 877">
     <span class='ocr_line' id='line_1_54' title="bbox 1077 298 1817 345; baseline -0.005 -10"><span class='ocrx_word' id='word_1_235' title='bbox 1077 302 1255 345; x_wconf 88' lang='lat' dir='ltr'>victumque</span> <span class='ocrx_word' id='word_1_236' title='bbox 1271 310 1473 334; x_wconf 84' lang='lat' dir='ltr'>communem</span> <span class='ocrx_word' id='word_1_237' title='bbox 1491 299 1659 344; x_wconf 81' lang='lat' dir='ltr'>pertinent,</span> <span class='ocrx_word' id='word_1_238' title='bbox 1672 308 1709 331; x_wconf 89' lang='lat' dir='ltr'>ea</span> <span class='ocrx_word' id='word_1_239' title='bbox 1722 298 1817 342; x_wconf 88' lang='lat' dir='ltr'>potis-</span> 
     </span>
     <span class='ocr_line' id='line_1_55' title="bbox 1076 352 1815 398; baseline -0.004 -10"><span class='ocrx_word' id='word_1_240' title='bbox 1076 356 1190 389; x_wconf 90' lang='lat' dir='ltr'>simum</span> <span class='ocrx_word' id='word_1_241' title='bbox 1215 355 1330 398; x_wconf 83' lang='lat' dir='ltr'>singuli</span> <span class='ocrx_word' id='word_1_242' title='bbox 1347 353 1583 397; x_wconf 84' lang='lat' dir='ltr'>religiosissime</span> <span class='ocrx_word' id='word_1_243' title='bbox 1600 352 1815 392; x_wconf 86' lang='lat' dir='ltr'>observarent,</span> 
     </span>
     <span class='ocr_line' id='line_1_56' title="bbox 1076 404 1816 451; baseline -0.005 -10"><span class='ocrx_word' id='word_1_244' title='bbox 1076 408 1215 451; x_wconf 81' lang='lat' dir='ltr'>generali</span> <span class='ocrx_word' id='word_1_245' title='bbox 1237 408 1384 448; x_wconf 88' lang='lat' dir='ltr'>decreto,</span> <span class='ocrx_word' id='word_1_246' title='bbox 1410 407 1494 451; x_wconf 92' lang='lat' dir='ltr'>quod</span> <span class='ocrx_word' id='word_1_247' title='bbox 1525 406 1564 440; x_wconf 90' lang='lat' dir='ltr'>de</span> <span class='ocrx_word' id='word_1_248' title='bbox 1588 415 1695 439; x_wconf 90' lang='lat' dir='ltr'>mense</span> <span class='ocrx_word' id='word_1_249' title='bbox 1719 404 1816 438; x_wconf 83' lang='lat' dir='ltr'>iunii¹</span> 
     </span>
     <span class='ocr_line' id='line_1_57' title="bbox 1076 458 1816 503; baseline -0.005 -9"><span class='ocrx_word' id='word_1_250' title='bbox 1076 462 1204 502; x_wconf 86' lang='lat' dir='ltr'>editum,</span> <span class='ocrx_word' id='word_1_251' title='bbox 1229 462 1320 494; x_wconf 76' lang='lat' dir='ltr'>tertia</span> <span class='ocrx_word' id='word_1_252' title='bbox 1346 461 1412 493; x_wconf 92' lang='lat' dir='ltr'>iulii</span> <span class='ocrx_word' id='word_1_253' title='bbox 1436 461 1508 493; x_wconf 89' lang='lat' dir='ltr'>anni</span> <span class='ocrx_word' id='word_1_254' title='bbox 1533 469 1651 494; x_wconf 76' lang='lat' dir='ltr'>Mnxmx</span> <span class='ocrx_word' id='word_1_255' title='bbox 1675 458 1816 503; x_wconf 89' lang='lat' dir='ltr'>promul-</span> 
     </span>
     <span class='ocr_line' id='line_1_58' title="bbox 1076 514 1817 558; baseline -0.003 -11"><span class='ocrx_word' id='word_1_256' title='bbox 1076 519 1182 558; x_wconf 81' lang='lat' dir='ltr'>gatum</span> <span class='ocrx_word' id='word_1_257' title='bbox 1208 515 1275 554; x_wconf 86' lang='lat' dir='ltr'>fuit,</span> <span class='ocrx_word' id='word_1_258' title='bbox 1300 514 1452 546; x_wconf 88' lang='lat' dir='ltr'>Ordinum</span> <span class='ocrx_word' id='word_1_259' title='bbox 1478 515 1699 556; x_wconf 78' lang='lat' dir='ltr'>religiosorum</span> <span class='ocrx_word' id='word_1_260' title='bbox 1725 522 1817 556; x_wconf 90' lang='lat' dir='ltr'>supe-</span> 
     </span>
     <span class='ocr_line' id='line_1_59' title="bbox 1077 566 1819 611; baseline -0.003 -11"><span class='ocrx_word' id='word_1_261' title='bbox 1077 568 1215 601; x_wconf 88' lang='lat' dir='ltr'>rioribus</span> <span class='ocrx_word' id='word_1_262' title='bbox 1233 567 1405 610; x_wconf 82' lang='lat' dir='ltr'>(nonnullis</span> <span class='ocrx_word' id='word_1_263' title='bbox 1423 568 1573 611; x_wconf 73' lang='lat' dir='ltr'>exceptis)</span> <span class='ocrx_word' id='word_1_264' title='bbox 1591 566 1761 610; x_wconf 86' lang='lat' dir='ltr'>prohibuit,</span> <span class='ocrx_word' id='word_1_265' title='bbox 1779 575 1819 598; x_wconf 92' lang='lat' dir='ltr'>ne</span> 
     </span>
     <span class='ocr_line' id='line_1_60' title="bbox 1077 618 1820 663; baseline -0.004 -9"><span class='ocrx_word' id='word_1_266' title='bbox 1077 627 1129 654; x_wconf 84' lang='lat' dir='ltr'>aut</span> <span class='ocrx_word' id='word_1_267' title='bbox 1147 621 1282 654; x_wconf 84' lang='lat' dir='ltr'>novitios</span> <span class='ocrx_word' id='word_1_268' title='bbox 1300 620 1487 663; x_wconf 78' lang='lat' dir='ltr'>reciperent,</span> <span class='ocrx_word' id='word_1_269' title='bbox 1504 625 1557 652; x_wconf 89' lang='lat' dir='ltr'>aut</span> <span class='ocrx_word' id='word_1_270' title='bbox 1573 629 1763 663; x_wconf 89' lang='lat' dir='ltr'>quemquam</span> <span class='ocrx_word' id='word_1_271' title='bbox 1781 618 1820 651; x_wconf 89' lang='lat' dir='ltr'>ad</span> 
     </span>
     <span class='ocr_line' id='line_1_61' title="bbox 1078 673 1821 718; baseline -0.004 -11"><span class='ocrx_word' id='word_1_272' title='bbox 1078 674 1305 718; x_wconf 86' lang='lat' dir='ltr'>professionem</span> <span class='ocrx_word' id='word_1_273' title='bbox 1335 679 1406 706; x_wconf 87' lang='lat' dir='ltr'>ante</span> <span class='ocrx_word' id='word_1_274' title='bbox 1438 673 1654 712; x_wconf 86' lang='lat' dir='ltr'>admitterent,</span> <span class='ocrx_word' id='word_1_275' title='bbox 1680 682 1774 715; x_wconf 85' lang='lat' dir='ltr'>quam</span> <span class='ocrx_word' id='word_1_276' title='bbox 1802 682 1821 704; x_wconf 84' lang='lat' dir='ltr'>a</span> 
     </span>
     <span class='ocr_line' id='line_1_62' title="bbox 1078 724 1820 768; baseline -0.005 -7"><span class='ocrx_word' id='word_1_277' title='bbox 1078 728 1246 761; x_wconf 72' lang='lat' dir='ltr'>Sanctitate</span> <span class='ocrx_word' id='word_1_278' title='bbox 1263 727 1325 760; x_wconf 81' lang='lat' dir='ltr'>Sua</span> <span class='ocrx_word' id='word_1_279' title='bbox 1351 727 1542 759; x_wconf 87' lang='lat' dir='ltr'>monasteria</span> <span class='ocrx_word' id='word_1_280' title='bbox 1566 724 1734 768; x_wconf 87' lang='lat' dir='ltr'>aliquotad</span> <span class='ocrx_word' id='word_1_281' title='bbox 1752 735 1820 757; x_wconf 88' lang='lat' dir='ltr'>eam</span> 
     </span>
     <span class='ocr_line' id='line_1_63' title="bbox 1078 778 1822 825; baseline -0.005 -11"><span class='ocrx_word' id='word_1_282' title='bbox 1078 792 1145 814; x_wconf 90' lang='lat' dir='ltr'>rem</span> <span class='ocrx_word' id='word_1_283' title='bbox 1170 781 1363 825; x_wconf 78' lang='lat' dir='ltr'>praescripta</span> <span class='ocrx_word' id='word_1_284' title='bbox 1387 785 1500 820; x_wconf 85' lang='lat' dir='ltr'>essent,</span> <span class='ocrx_word' id='word_1_285' title='bbox 1518 780 1550 812; x_wconf 91' lang='lat' dir='ltr'>in</span> <span class='ocrx_word' id='word_1_286' title='bbox 1574 779 1690 823; x_wconf 90' lang='lat' dir='ltr'>quibus</span> <span class='ocrx_word' id='word_1_287' title='bbox 1714 778 1822 811; x_wconf 84' lang='lat' dir='ltr'>obser·</span> 
     </span>
     <span class='ocr_line' id='line_1_64' title="bbox 1078 834 1518 877; baseline -0.005 -10"><span class='ocrx_word' id='word_1_288' title='bbox 1078 835 1182 868; x_wconf 88' lang='lat' dir='ltr'>vantia</span> <span class='ocrx_word' id='word_1_289' title='bbox 1207 834 1364 877; x_wconf 68' lang='lat' dir='ltr'>regularis</span> <span class='ocrx_word' id='word_1_290' title='bbox 1388 834 1518 876; x_wconf 82' lang='lat' dir='ltr'>vigeret.</span> 
     </span>
    </p>

    <p class='ocr_par' dir='ltr' id='par_1_18' title="bbox 1079 885 1831 2050">
     <span class='ocr_line' id='line_1_65' title="bbox 1122 885 1823 926; baseline -0.006 -4"><span class='ocrx_word' id='word_1_291' title='bbox 1122 890 1210 923; x_wconf 88' lang='lat' dir='ltr'>Nunc</span> <span class='ocrx_word' id='word_1_292' title='bbox 1234 899 1309 921; x_wconf 85' lang='lat' dir='ltr'>vero</span> <span class='ocrx_word' id='word_1_293' title='bbox 1334 888 1441 920; x_wconf 88' lang='lat' dir='ltr'>eadem</span> <span class='ocrx_word' id='word_1_294' title='bbox 1459 887 1612 920; x_wconf 82' lang='lat' dir='ltr'>Sanctitas</span> <span class='ocrx_word' id='word_1_295' title='bbox 1636 886 1707 926; x_wconf 82' lang='lat' dir='ltr'>Sua,</span> <span class='ocrx_word' id='word_1_296' title='bbox 1732 896 1749 918; x_wconf 87' lang='lat' dir='ltr'>a</span> <span class='ocrx_word' id='word_1_297' title='bbox 1780 885 1823 918; x_wconf 94' lang='lat' dir='ltr'>lo-</span> 
     </span>
     <span class='ocr_line' id='line_1_66' title="bbox 1079 938 1821 984; baseline -0.005 -9"><span class='ocrx_word' id='word_1_298' title='bbox 1079 954 1188 975; x_wconf 84' lang='lat' dir='ltr'>corum</span> <span class='ocrx_word' id='word_1_299' title='bbox 1203 942 1297 975; x_wconf 86' lang='lat' dir='ltr'>etiam</span> <span class='ocrx_word' id='word_1_300' title='bbox 1310 941 1494 981; x_wconf 88' lang='lat' dir='ltr'>Ordinariis,</span> <span class='ocrx_word' id='word_1_301' title='bbox 1509 941 1623 984; x_wconf 86' lang='lat' dir='ltr'>quibus</span> <span class='ocrx_word' id='word_1_302' title='bbox 1638 940 1668 972; x_wconf 93' lang='lat' dir='ltr'>id</span> <span class='ocrx_word' id='word_1_303' title='bbox 1682 938 1821 972; x_wconf 89' lang='lat' dir='ltr'>muneris</span> 
     </span>
     <span class='ocr_line' id='line_1_67' title="bbox 1079 993 1822 1037; baseline -0.005 -8"><span class='ocrx_word' id='word_1_304' title='bbox 1079 996 1331 1037; x_wconf 74' lang='lat' dir='ltr'>demandaverat,</span> <span class='ocrx_word' id='word_1_305' title='bbox 1350 995 1466 1028; x_wconf 90' lang='lat' dir='ltr'>certior</span> <span class='ocrx_word' id='word_1_306' title='bbox 1491 995 1571 1027; x_wconf 86' lang='lat' dir='ltr'>facta</span> <span class='ocrx_word' id='word_1_307' title='bbox 1594 994 1644 1026; x_wconf 73' lang='lat' dir='ltr'>in²</span> <span class='ocrx_word' id='word_1_308' title='bbox 1667 993 1822 1026; x_wconf 87' lang='lat' dir='ltr'>infrascri-</span> 
     </span>
     <span class='ocr_line' id='line_1_68' title="bbox 1081 1047 1820 1093; baseline -0.004 -11"><span class='ocrx_word' id='word_1_309' title='bbox 1081 1050 1142 1093; x_wconf 89' lang='lat' dir='ltr'>ptis</span> <span class='ocrx_word' id='word_1_310' title='bbox 1159 1050 1357 1083; x_wconf 83' lang='lat' dir='ltr'>monasteriis</span> <span class='ocrx_word' id='word_1_311' title='bbox 1374 1053 1404 1082; x_wconf 88' lang='lat' dir='ltr'>et</span> <span class='ocrx_word' id='word_1_312' title='bbox 1421 1048 1625 1082; x_wconf 86' lang='lat' dir='ltr'>conventibus</span> <span class='ocrx_word' id='word_1_313' title='bbox 1645 1047 1769 1080; x_wconf 87' lang='lat' dir='ltr'>Ordinis</span> <span class='ocrx_word' id='word_1_314' title='bbox 1786 1047 1820 1080; x_wconf 90' lang='lat' dir='ltr'>N.</span> 
     </span>
     <span class='ocr_line' id='line_1_69' title="bbox 1080 1100 1824 1145; baseline -0.004 -10"><span class='ocrx_word' id='word_1_315' title='bbox 1080 1103 1284 1145; x_wconf 86' lang='lat' dir='ltr'>praefinitum</span> <span class='ocrx_word' id='word_1_316' title='bbox 1308 1112 1377 1135; x_wconf 89' lang='lat' dir='ltr'>esse</span> <span class='ocrx_word' id='word_1_317' title='bbox 1401 1111 1569 1134; x_wconf 88' lang='lat' dir='ltr'>numerum</span> <span class='ocrx_word' id='word_1_318' title='bbox 1595 1100 1756 1133; x_wconf 87' lang='lat' dir='ltr'>dumtaxat</span> <span class='ocrx_word' id='word_1_319' title='bbox 1775 1109 1824 1132; x_wconf 90' lang='lat' dir='ltr'>eo-</span> 
     </span>
     <span class='ocr_line' id='line_1_70' title="bbox 1081 1153 1822 1200; baseline -0.005 -11"><span class='ocrx_word' id='word_1_320' title='bbox 1081 1167 1162 1197; x_wconf 82' lang='lat' dir='ltr'>rum,</span> <span class='ocrx_word' id='word_1_321' title='bbox 1187 1157 1240 1200; x_wconf 89' lang='lat' dir='ltr'>qui</span> <span class='ocrx_word' id='word_1_322' title='bbox 1267 1156 1313 1188; x_wconf 77' lang='lat' dir='ltr'>vel</span> <span class='ocrx_word' id='word_1_323' title='bbox 1339 1155 1436 1199; x_wconf 87' lang='lat' dir='ltr'>ipsius</span> <span class='ocrx_word' id='word_1_324' title='bbox 1460 1154 1642 1188; x_wconf 86' lang='lat' dir='ltr'>monasterii</span> <span class='ocrx_word' id='word_1_325' title='bbox 1667 1153 1822 1193; x_wconf 84' lang='lat' dir='ltr'>censibus,</span> 
     </span>
     <span class='ocr_line' id='line_1_71' title="bbox 1082 1206 1823 1251; baseline -0.005 -9"><span class='ocrx_word' id='word_1_326' title='bbox 1082 1210 1129 1242; x_wconf 86' lang='lat' dir='ltr'>vel</span> <span class='ocrx_word' id='word_1_327' title='bbox 1155 1209 1313 1242; x_wconf 87' lang='lat' dir='ltr'>consuetis</span> <span class='ocrx_word' id='word_1_328' title='bbox 1345 1208 1552 1251; x_wconf 84' lang='lat' dir='ltr'>eleemosynis</span> <span class='ocrx_word' id='word_1_329' title='bbox 1582 1206 1749 1240; x_wconf 89' lang='lat' dir='ltr'>sustentari</span> <span class='ocrx_word' id='word_1_330' title='bbox 1781 1206 1823 1239; x_wconf 89' lang='lat' dir='ltr'>ibi</span> 
     </span>
     <span class='ocr_line' id='line_1_72' title="bbox 1082 1259 1825 1305; baseline -0.005 -10"><span class='ocrx_word' id='word_1_331' title='bbox 1082 1263 1249 1296; x_wconf 87' lang='lat' dir='ltr'>commode</span> <span class='ocrx_word' id='word_1_332' title='bbox 1273 1265 1415 1305; x_wconf 87' lang='lat' dir='ltr'>possunt,</span> <span class='ocrx_word' id='word_1_333' title='bbox 1437 1266 1530 1305; x_wconf 84' lang='lat' dir='ltr'>atque</span> <span class='ocrx_word' id='word_1_334' title='bbox 1555 1261 1586 1293; x_wconf 94' lang='lat' dir='ltr'>in</span> <span class='ocrx_word' id='word_1_335' title='bbox 1609 1260 1646 1292; x_wconf 93' lang='lat' dir='ltr'>iis</span> <span class='ocrx_word' id='word_1_336' title='bbox 1670 1259 1776 1293; x_wconf 90' lang='lat' dir='ltr'>omnia</span> <span class='ocrx_word' id='word_1_337' title='bbox 1793 1259 1825 1291; x_wconf 87' lang='lat' dir='ltr'>fi-</span> 
     </span>
     <span class='ocr_line' id='line_1_73' title="bbox 1083 1313 1824 1358; baseline -0.005 -9"><span class='ocrx_word' id='word_1_338' title='bbox 1083 1316 1194 1350; x_wconf 90' lang='lat' dir='ltr'>deliter</span> <span class='ocrx_word' id='word_1_339' title='bbox 1211 1315 1383 1355; x_wconf 89' lang='lat' dir='ltr'>observari,</span> <span class='ocrx_word' id='word_1_340' title='bbox 1401 1325 1481 1358; x_wconf 86' lang='lat' dir='ltr'>quae</span> <span class='ocrx_word' id='word_1_341' title='bbox 1501 1317 1574 1348; x_wconf 89' lang='lat' dir='ltr'>sunt</span> <span class='ocrx_word' id='word_1_342' title='bbox 1599 1324 1672 1346; x_wconf 89' lang='lat' dir='ltr'>cum</span> <span class='ocrx_word' id='word_1_343' title='bbox 1696 1313 1824 1346; x_wconf 88' lang='lat' dir='ltr'>illorum</span> 
     </span>
     <span class='ocr_line' id='line_1_74' title="bbox 1084 1367 1825 1413; baseline -0.007 -10"><span class='ocrx_word' id='word_1_344' title='bbox 1084 1369 1288 1413; x_wconf 81' lang='lat' dir='ltr'>professionis</span> <span class='ocrx_word' id='word_1_345' title='bbox 1305 1369 1498 1413; x_wconf 88' lang='lat' dir='ltr'>perfectione</span> <span class='ocrx_word' id='word_1_346' title='bbox 1515 1367 1693 1407; x_wconf 88' lang='lat' dir='ltr'>coniuncta,</span> <span class='ocrx_word' id='word_1_347' title='bbox 1713 1377 1825 1410; x_wconf 92' lang='lat' dir='ltr'>nempe</span> 
     </span>
     <span class='ocr_line' id='line_1_75' title="bbox 1083 1421 1826 1467; baseline -0.005 -11"><span class='ocrx_word' id='word_1_348' title='bbox 1083 1424 1242 1464; x_wconf 85' lang='lat' dir='ltr'>castitatis,</span> <span class='ocrx_word' id='word_1_349' title='bbox 1259 1422 1453 1467; x_wconf 85' lang='lat' dir='ltr'>paupertatis</span> <span class='ocrx_word' id='word_1_350' title='bbox 1478 1427 1508 1455; x_wconf 88' lang='lat' dir='ltr'>et</span> <span class='ocrx_word' id='word_1_351' title='bbox 1533 1421 1729 1455; x_wconf 82' lang='lat' dir='ltr'>obedientiae</span> <span class='ocrx_word' id='word_1_352' title='bbox 1745 1425 1826 1461; x_wconf 88' lang='lat' dir='ltr'>vota,</span> 
     </span>
     <span class='ocr_line' id='line_1_76' title="bbox 1084 1474 1826 1518; baseline -0.004 -9"><span class='ocrx_word' id='word_1_353' title='bbox 1084 1478 1146 1509; x_wconf 78' lang='lat' dir='ltr'>una</span> <span class='ocrx_word' id='word_1_354' title='bbox 1171 1487 1244 1510; x_wconf 86' lang='lat' dir='ltr'>eum</span> <span class='ocrx_word' id='word_1_355' title='bbox 1273 1476 1386 1509; x_wconf 89' lang='lat' dir='ltr'>ceteris</span> <span class='ocrx_word' id='word_1_356' title='bbox 1411 1475 1546 1508; x_wconf 84' lang='lat' dir='ltr'>decretis</span> <span class='ocrx_word' id='word_1_357' title='bbox 1570 1474 1826 1518; x_wconf 86' lang='lat' dir='ltr'>particularibus,</span> 
     </span>
     <span class='ocr_line' id='line_1_77' title="bbox 1084 1527 1826 1573; baseline -0.004 -11"><span class='ocrx_word' id='word_1_358' title='bbox 1084 1531 1131 1563; x_wconf 89' lang='lat' dir='ltr'>vel</span> <span class='ocrx_word' id='word_1_359' title='bbox 1158 1530 1289 1563; x_wconf 88' lang='lat' dir='ltr'>instituti</span> <span class='ocrx_word' id='word_1_360' title='bbox 1314 1530 1430 1573; x_wconf 90' lang='lat' dir='ltr'>ipsius,</span> <span class='ocrx_word' id='word_1_361' title='bbox 1456 1529 1503 1561; x_wconf 90' lang='lat' dir='ltr'>vel</span> <span class='ocrx_word' id='word_1_362' title='bbox 1528 1527 1697 1572; x_wconf 84' lang='lat' dir='ltr'>pontificiis</span> <span class='ocrx_word' id='word_1_363' title='bbox 1722 1527 1826 1568; x_wconf 89' lang='lat' dir='ltr'>etiam,</span> 
     </span>
     <span class='ocr_line' id='line_1_78' title="bbox 1084 1583 1829 1625; baseline -0.003 -10"><span class='ocrx_word' id='word_1_364' title='bbox 1084 1583 1122 1615; x_wconf 88' lang='lat' dir='ltr'>ad</span> <span class='ocrx_word' id='word_1_365' title='bbox 1147 1583 1274 1623; x_wconf 82' lang='lat' dir='ltr'>victum,</span> <span class='ocrx_word' id='word_1_366' title='bbox 1302 1583 1510 1625; x_wconf 88' lang='lat' dir='ltr'>vestitumque</span> <span class='ocrx_word' id='word_1_367' title='bbox 1535 1591 1735 1614; x_wconf 89' lang='lat' dir='ltr'>communem</span> <span class='ocrx_word' id='word_1_368' title='bbox 1761 1591 1829 1624; x_wconf 89' lang='lat' dir='ltr'>spe-</span> 
     </span>
     <span class='ocr_line' id='line_1_79' title="bbox 1085 1633 1828 1680; baseline -0.001 -11"><span class='ocrx_word' id='word_1_369' title='bbox 1085 1636 1255 1678; x_wconf 84' lang='lat' dir='ltr'>ctantibus,</span> <span class='ocrx_word' id='word_1_370' title='bbox 1283 1637 1350 1680; x_wconf 80' lang='lat' dir='ltr'>ipso</span> <span class='ocrx_word' id='word_1_371' title='bbox 1375 1636 1521 1675; x_wconf 87' lang='lat' dir='ltr'>decreto,</span> <span class='ocrx_word' id='word_1_372' title='bbox 1546 1640 1580 1667; x_wconf 86' lang='lat' dir='ltr'>ut</span> <span class='ocrx_word' id='word_1_373' title='bbox 1604 1645 1698 1678; x_wconf 82' lang='lat' dir='ltr'>supra</span> <span class='ocrx_word' id='word_1_374' title='bbox 1713 1662 1720 1675; x_wconf 94' lang='lat'>,</span> <span class='ocrx_word' id='word_1_375' title='bbox 1745 1633 1828 1668; x_wconf 89' lang='lat' dir='ltr'>edito</span> 
     </span>
     <span class='ocr_line' id='line_1_80' title="bbox 1085 1688 1829 1733; baseline -0.007 -9"><span class='ocrx_word' id='word_1_376' title='bbox 1085 1695 1113 1724; x_wconf 88' lang='lat' dir='ltr'>et</span> <span class='ocrx_word' id='word_1_377' title='bbox 1137 1690 1338 1733; x_wconf 81' lang='lat' dir='ltr'>promulgato</span> <span class='ocrx_word' id='word_1_378' title='bbox 1364 1699 1564 1733; x_wconf 83' lang='lat' dir='ltr'>nequaquam</span> <span class='ocrx_word' id='word_1_379' title='bbox 1589 1688 1747 1729; x_wconf 88' lang='lat' dir='ltr'>obstante,</span> <span class='ocrx_word' id='word_1_380' title='bbox 1773 1698 1829 1730; x_wconf 91' lang='lat' dir='ltr'>po-</span> 
     </span>
     <span class='ocr_line' id='line_1_81' title="bbox 1085 1740 1829 1785; baseline -0.005 -9"><span class='ocrx_word' id='word_1_381' title='bbox 1085 1748 1227 1777; x_wconf 80' lang='lat' dir='ltr'>testatem</span> <span class='ocrx_word' id='word_1_382' title='bbox 1253 1743 1325 1776; x_wconf 84' lang='lat' dir='ltr'>facit</span> <span class='ocrx_word' id='word_1_383' title='bbox 1356 1742 1512 1785; x_wconf 89' lang='lat' dir='ltr'>superiori</span> <span class='ocrx_word' id='word_1_384' title='bbox 1537 1741 1677 1774; x_wconf 87' lang='lat' dir='ltr'>eiusdem</span> <span class='ocrx_word' id='word_1_385' title='bbox 1705 1740 1829 1774; x_wconf 88' lang='lat' dir='ltr'>Ordinis</span> 
     </span>
     <span class='ocr_line' id='line_1_82' title="bbox 1086 1793 1830 1839; baseline -0.004 -11"><span class='ocrx_word' id='word_1_386' title='bbox 1086 1796 1255 1829; x_wconf 75' lang='lat' dir='ltr'>novitiatus</span> <span class='ocrx_word' id='word_1_387' title='bbox 1287 1796 1319 1828; x_wconf 92' lang='lat' dir='ltr'>in</span> <span class='ocrx_word' id='word_1_388' title='bbox 1344 1795 1553 1839; x_wconf 83' lang='lat' dir='ltr'>infrascriptis</span> <span class='ocrx_word' id='word_1_389' title='bbox 1577 1793 1776 1827; x_wconf 87' lang='lat' dir='ltr'>monasteriis</span> <span class='ocrx_word' id='word_1_390' title='bbox 1801 1798 1830 1825; x_wconf 90' lang='lat' dir='ltr'>et</span> 
     </span>
     <span class='ocr_line' id='line_1_83' title="bbox 1087 1847 1831 1892; baseline -0.005 -9"><span class='ocrx_word' id='word_1_391' title='bbox 1087 1850 1292 1883; x_wconf 88' lang='lat' dir='ltr'>conventibus</span> <span class='ocrx_word' id='word_1_392' title='bbox 1309 1849 1462 1892; x_wconf 79' lang='lat' dir='ltr'>erigendi,</span> <span class='ocrx_word' id='word_1_393' title='bbox 1477 1855 1506 1882; x_wconf 88' lang='lat' dir='ltr'>et</span> <span class='ocrx_word' id='word_1_394' title='bbox 1522 1849 1657 1882; x_wconf 88' lang='lat' dir='ltr'>novitios</span> <span class='ocrx_word' id='word_1_395' title='bbox 1678 1847 1831 1891; x_wconf 86' lang='lat' dir='ltr'>recipien-</span> 
     </span>
     <span class='ocr_line' id='line_1_84' title="bbox 1087 1901 1831 1946; baseline -0.004 -10"><span class='ocrx_word' id='word_1_396' title='bbox 1087 1904 1137 1943; x_wconf 85' lang='lat' dir='ltr'>di,</span> <span class='ocrx_word' id='word_1_397' title='bbox 1161 1903 1314 1936; x_wconf 87' lang='lat' dir='ltr'>educandi</span> <span class='ocrx_word' id='word_1_398' title='bbox 1339 1909 1432 1946; x_wconf 81' lang='lat' dir='ltr'>atque</span> <span class='ocrx_word' id='word_1_399' title='bbox 1461 1903 1500 1935; x_wconf 91' lang='lat' dir='ltr'>ad</span> <span class='ocrx_word' id='word_1_400' title='bbox 1528 1902 1757 1946; x_wconf 87' lang='lat' dir='ltr'>professionem</span> <span class='ocrx_word' id='word_1_401' title='bbox 1782 1901 1831 1933; x_wconf 89' lang='lat' dir='ltr'>ad-</span> 
     </span>
     <span class='ocr_line' id='line_1_85' title="bbox 1089 1956 1831 2000; baseline -0.003 -11"><span class='ocrx_word' id='word_1_402' title='bbox 1089 1958 1241 1998; x_wconf 83' lang='lat' dir='ltr'>mittendi,</span> <span class='ocrx_word' id='word_1_403' title='bbox 1258 1958 1353 1991; x_wconf 88' lang='lat' dir='ltr'>modo</span> <span class='ocrx_word' id='word_1_404' title='bbox 1370 1963 1475 1990; x_wconf 88' lang='lat' dir='ltr'>tamen</span> <span class='ocrx_word' id='word_1_405' title='bbox 1489 1957 1520 1989; x_wconf 93' lang='lat' dir='ltr'>id</span> <span class='ocrx_word' id='word_1_406' title='bbox 1535 1957 1573 1989; x_wconf 86' lang='lat' dir='ltr'>ad</span> <span class='ocrx_word' id='word_1_407' title='bbox 1598 1956 1831 2000; x_wconf 84' lang='lat' dir='ltr'>praescriptum</span> 
     </span>
     <span class='ocr_line' id='line_1_86' title="bbox 1089 2009 1830 2050; baseline -0.004 -6"><span class='ocrx_word' id='word_1_408' title='bbox 1089 2012 1304 2045; x_wconf 87' lang='lat' dir='ltr'>instructionis</span> <span class='ocrx_word' id='word_1_409' title='bbox 1317 2012 1404 2044; x_wconf 85' lang='lat' dir='ltr'>iussu</span> <span class='ocrx_word' id='word_1_410' title='bbox 1414 2012 1493 2044; x_wconf 84' lang='lat' dir='ltr'>Suae</span> <span class='ocrx_word' id='word_1_411' title='bbox 1503 2010 1681 2044; x_wconf 82' lang='lat' dir='ltr'>Sanctitatis</span> <span class='ocrx_word' id='word_1_412' title='bbox 1690 2009 1830 2050; x_wconf 83' lang='lat' dir='ltr'>editum³,</span> 
     </span>
    </p>
   </div>
   <div class='ocr_carea' id='block_1_15' title="bbox 1054 2064 1831 2109">
    <p class='ocr_par' dir='ltr' id='par_1_19' title="bbox 1054 2064 1831 2109">
     <span class='ocr_line' id='line_1_87' title="bbox 1054 2064 1831 2109; baseline -0.003 -11"><span class='ocrx_word' id='word_1_413' title='bbox 1054 2096 1056 2098; x_wconf 78' lang='grc'>,</span> <span class='ocrx_word' id='word_1_414' title='bbox 1089 2076 1190 2109; x_wconf 87' lang='lat' dir='ltr'>neque</span> <span class='ocrx_word' id='word_1_415' title='bbox 1222 2066 1282 2098; x_wconf 87' lang='lat' dir='ltr'>alio</span> <span class='ocrx_word' id='word_1_416' title='bbox 1312 2065 1406 2098; x_wconf 86' lang='lat' dir='ltr'>modo</span> <span class='ocrx_word' id='word_1_417' title='bbox 1430 2065 1492 2097; x_wconf 85' lang='lat' dir='ltr'>fiat.</span> <span class='ocrx_word' id='word_1_418' title='bbox 1518 2064 1670 2104; x_wconf 86' lang='lat' dir='ltr'>Quoniam</span> <span class='ocrx_word' id='word_1_419' title='bbox 1697 2074 1771 2097; x_wconf 87' lang='lat' dir='ltr'>vero</span> <span class='ocrx_word' id='word_1_420' title='bbox 1796 2073 1831 2096; x_wconf 90' lang='lat' dir='ltr'>ea</span> 
     </span>
    </p>
   </div>
   <div class='ocr_carea' id='block_1_16' title="bbox 1088 2118 1833 2325">
    <p class='ocr_par' dir='ltr' id='par_1_20' title="bbox 1088 2118 1833 2325">
     <span class='ocr_line' id='line_1_88' title="bbox 1089 2118 1832 2158; baseline -0.004 -6"><span class='ocrx_word' id='word_1_421' title='bbox 1089 2125 1135 2152; x_wconf 87' lang='lat' dir='ltr'>est</span> <span class='ocrx_word' id='word_1_422' title='bbox 1160 2120 1239 2152; x_wconf 85' lang='lat' dir='ltr'>Suae</span> <span class='ocrx_word' id='word_1_423' title='bbox 1264 2119 1441 2152; x_wconf 87' lang='lat' dir='ltr'>Sanctitatis</span> <span class='ocrx_word' id='word_1_424' title='bbox 1463 2129 1550 2151; x_wconf 87' lang='lat' dir='ltr'>mens</span> <span class='ocrx_word' id='word_1_425' title='bbox 1575 2123 1605 2150; x_wconf 89' lang='lat' dir='ltr'>et</span> <span class='ocrx_word' id='word_1_426' title='bbox 1629 2118 1782 2158; x_wconf 87' lang='lat' dir='ltr'>voluntas,</span> <span class='ocrx_word' id='word_1_427' title='bbox 1799 2122 1832 2149; x_wconf 90' lang='lat' dir='ltr'>ut</span> 
     </span>
     <span class='ocr_line' id='line_1_89' title="bbox 1089 2170 1833 2213; baseline -0.003 -8"><span class='ocrx_word' id='word_1_428' title='bbox 1089 2174 1119 2205; x_wconf 93' lang='lat' dir='ltr'>in</span> <span class='ocrx_word' id='word_1_429' title='bbox 1145 2173 1344 2207; x_wconf 85' lang='lat' dir='ltr'>monasteriis</span> <span class='ocrx_word' id='word_1_430' title='bbox 1361 2178 1391 2206; x_wconf 92' lang='lat' dir='ltr'>et</span> <span class='ocrx_word' id='word_1_431' title='bbox 1408 2172 1623 2213; x_wconf 76' lang='lat' dir='ltr'>conventibus,</span> <span class='ocrx_word' id='word_1_432' title='bbox 1649 2171 1689 2204; x_wconf 92' lang='lat' dir='ltr'>ad</span> <span class='ocrx_word' id='word_1_433' title='bbox 1705 2170 1833 2204; x_wconf 90' lang='lat' dir='ltr'>alendos</span> 
     </span>
     <span class='ocr_line' id='line_1_90' title="bbox 1088 2224 1832 2270; baseline -0.005 -10"><span class='ocrx_word' id='word_1_434' title='bbox 1088 2227 1223 2261; x_wconf 90' lang='lat' dir='ltr'>novitios</span> <span class='ocrx_word' id='word_1_435' title='bbox 1247 2226 1429 2270; x_wconf 85' lang='lat' dir='ltr'>praefinitis,</span> <span class='ocrx_word' id='word_1_436' title='bbox 1455 2226 1610 2269; x_wconf 80' lang='lat' dir='ltr'>regularis</span> <span class='ocrx_word' id='word_1_437' title='bbox 1635 2224 1832 2259; x_wconf 82' lang='lat' dir='ltr'>observantia</span> 
     </span>
     <span class='ocr_line' id='line_1_91' title="bbox 1089 2277 1832 2325; baseline -0.005 -11"><span class='ocrx_word' id='word_1_438' title='bbox 1089 2286 1242 2325; x_wconf 88' lang='lat' dir='ltr'>perpetuo</span> <span class='ocrx_word' id='word_1_439' title='bbox 1267 2281 1450 2322; x_wconf 88' lang='lat' dir='ltr'>retineatur,</span> <span class='ocrx_word' id='word_1_440' title='bbox 1469 2280 1595 2313; x_wconf 87' lang='lat' dir='ltr'>mandat</span> <span class='ocrx_word' id='word_1_441' title='bbox 1613 2284 1642 2312; x_wconf 93' lang='lat' dir='ltr'>et</span> <span class='ocrx_word' id='word_1_442' title='bbox 1666 2277 1832 2323; x_wconf 81' lang='lat' dir='ltr'>praecipit,</span> 
     </span>
    </p>
   </div>
   <div class='ocr_carea' id='block_1_17' title="bbox 1090 2394 1835 2701">
    <p class='ocr_par' dir='ltr' id='par_1_21' title="bbox 1090 2394 1835 2610">
     <span class='ocr_line' id='line_1_92' title="bbox 1126 2394 1834 2430; baseline -0.001 -6"><span class='ocrx_word' id='word_1_443' title='bbox 1126 2398 1136 2424; x_wconf 83' lang='grc'>1</span> <span class='ocrx_word' id='word_1_444' title='bbox 1159 2396 1201 2423; x_wconf 88' lang='lat' dir='ltr'>Sic</span> <span class='ocrx_word' id='word_1_445' title='bbox 1220 2395 1335 2430; x_wconf 76' lang='lat' dir='ltr'>legimus</span> <span class='ocrx_word' id='word_1_446' title='bbox 1354 2404 1385 2422; x_wconf 88' lang='lat' dir='ltr'>ex</span> <span class='ocrx_word' id='word_1_447' title='bbox 1405 2395 1468 2423; x_wconf 85' lang='lat' dir='ltr'>edit.</span> <span class='ocrx_word' id='word_1_448' title='bbox 1490 2395 1606 2422; x_wconf 89' lang='lat' dir='ltr'>Cherub.</span> <span class='ocrx_word' id='word_1_449' title='bbox 1630 2394 1725 2428; x_wconf 78' lang='lat' dir='ltr'>nom.;</span> <span class='ocrx_word' id='word_1_450' title='bbox 1746 2398 1772 2422; x_wconf 87' lang='lat' dir='ltr'>et</span> <span class='ocrx_word' id='word_1_451' title='bbox 1791 2403 1834 2423; x_wconf 53' lang='lat' dir='ltr'>reo</span> 
     </span>
     <span class='ocr_line' id='line_1_93' title="bbox 1090 2439 1834 2476; baseline -0.003 -8"><span class='ocrx_word' id='word_1_452' title='bbox 1090 2449 1153 2468; x_wconf 86' lang='lat' dir='ltr'>vera</span> <span class='ocrx_word' id='word_1_453' title='bbox 1171 2441 1321 2475; x_wconf 83' lang='lat' dir='ltr'>decretum,</span> <span class='ocrx_word' id='word_1_454' title='bbox 1343 2449 1424 2476; x_wconf 89' lang='lat' dir='ltr'>supra</span> <span class='ocrx_word' id='word_1_455' title='bbox 1446 2440 1561 2468; x_wconf 87' lang='lat' dir='ltr'>relatum</span> <span class='ocrx_word' id='word_1_456' title='bbox 1583 2448 1644 2476; x_wconf 84' lang='lat' dir='ltr'>pag.</span> <span class='ocrx_word' id='word_1_457' title='bbox 1661 2440 1725 2470; x_wconf 67' lang='lat'>206.</span> <span class='ocrx_word' id='word_1_458' title='bbox 1742 2439 1834 2467; x_wconf 82' lang='lat' dir='ltr'>datum</span> 
     </span>
     <span class='ocr_line' id='line_1_94' title="bbox 1090 2483 1835 2520; baseline -0.004 -7"><span class='ocrx_word' id='word_1_459' title='bbox 1090 2486 1140 2513; x_wconf 85' lang='lat' dir='ltr'>fuit</span> <span class='ocrx_word' id='word_1_460' title='bbox 1154 2486 1197 2513; x_wconf 92' lang='lat' dir='ltr'>die</span> <span class='ocrx_word' id='word_1_461' title='bbox 1212 2486 1247 2513; x_wconf 63' lang='lat'>⁰20</span> <span class='ocrx_word' id='word_1_462' title='bbox 1260 2486 1337 2516; x_wconf 87' lang='lat' dir='ltr'>iunii,</span> <span class='ocrx_word' id='word_1_463' title='bbox 1353 2485 1424 2520; x_wconf 76' lang='lat' dir='ltr'>quod</span> <span class='ocrx_word' id='word_1_464' title='bbox 1442 2489 1545 2520; x_wconf 76' lang='lat' dir='ltr'>postea,</span> <span class='ocrx_word' id='word_1_465' title='bbox 1562 2489 1591 2511; x_wconf 89' lang='lat' dir='ltr'>ut</span> <span class='ocrx_word' id='word_1_466' title='bbox 1605 2483 1648 2511; x_wconf 79' lang='lat' dir='ltr'>hic</span> <span class='ocrx_word' id='word_1_467' title='bbox 1663 2484 1773 2518; x_wconf 83' lang='lat' dir='ltr'>dicitur,</span> <span class='ocrx_word' id='word_1_468' title='bbox 1784 2483 1835 2511; x_wconf 81' lang='lat' dir='ltr'>tuit</span> 
     </span>
     <span class='ocr_line' id='line_1_95' title="bbox 1090 2528 1832 2565; baseline -0.003 -8"><span class='ocrx_word' id='word_1_469' title='bbox 1090 2531 1133 2557; x_wconf 91' lang='lat' dir='ltr'>die</span> <span class='ocrx_word' id='word_1_470' title='bbox 1150 2531 1228 2557; x_wconf 86' lang='lat' dir='ltr'>tertia</span> <span class='ocrx_word' id='word_1_471' title='bbox 1239 2530 1295 2557; x_wconf 90' lang='lat' dir='ltr'>iulii</span> <span class='ocrx_word' id='word_1_472' title='bbox 1311 2530 1519 2565; x_wconf 80' lang='lat' dir='ltr'>promulgatum.</span> <span class='ocrx_word' id='word_1_473' title='bbox 1532 2529 1654 2556; x_wconf 88' lang='lat' dir='ltr'>Erronee</span> <span class='ocrx_word' id='word_1_474' title='bbox 1664 2528 1757 2564; x_wconf 84' lang='lat' dir='ltr'>itaque</span> <span class='ocrx_word' id='word_1_475' title='bbox 1767 2528 1832 2555; x_wconf 85' lang='lat' dir='ltr'>edit.</span> 
     </span>
     <span class='ocr_line' id='line_1_96' title="bbox 1090 2574 1514 2610; baseline -0.005 -8"><span class='ocrx_word' id='word_1_476' title='bbox 1090 2576 1172 2602; x_wconf 88' lang='lat' dir='ltr'>Main.</span> <span class='ocrx_word' id='word_1_477' title='bbox 1190 2575 1233 2602; x_wconf 85' lang='lat' dir='ltr'>liic</span> <span class='ocrx_word' id='word_1_478' title='bbox 1248 2575 1312 2610; x_wconf 84' lang='lat' dir='ltr'>legit</span> <span class='ocrx_word' id='word_1_479' title='bbox 1327 2575 1393 2601; x_wconf 80' lang='lat' dir='ltr'>iulii</span> <span class='ocrx_word' id='word_1_480' title='bbox 1407 2575 1448 2609; x_wconf 76' lang='lat' dir='ltr'>(n.</span> <span class='ocrx_word' id='word_1_481' title='bbox 1465 2574 1514 2609; x_wconf 83' lang='grc' dir='ltr'>τ,),</span> 
     </span>
    </p>

    <p class='ocr_par' dir='ltr' id='par_1_22' title="bbox 1126 2619 1620 2656">
     <span class='ocr_line' id='line_1_97' title="bbox 1126 2619 1620 2656; baseline -0.004 -8"><span class='ocrx_word' id='word_1_482' title='bbox 1126 2622 1142 2648; x_wconf 74' lang='lat'><strong>2</strong></span> <span class='ocrx_word' id='word_1_483' title='bbox 1160 2621 1251 2656; x_wconf 85' lang='lat' dir='ltr'>Praep.</span> <span class='ocrx_word' id='word_1_484' title='bbox 1268 2621 1300 2648; x_wconf 81' lang='lat' dir='ltr'>in</span> <span class='ocrx_word' id='word_1_485' title='bbox 1316 2628 1365 2647; x_wconf 93' lang='lat' dir='ltr'>nos</span> <span class='ocrx_word' id='word_1_486' title='bbox 1380 2619 1504 2646; x_wconf 86' lang='lat' dir='ltr'>addimus</span> <span class='ocrx_word' id='word_1_487' title='bbox 1517 2619 1556 2652; x_wconf 80' lang='lat' dir='ltr'>(R.</span> <span class='ocrx_word' id='word_1_488' title='bbox 1571 2619 1620 2654; x_wconf 85' lang='grc' dir='ltr'><strong>τ.).</strong></span> 
     </span>
    </p>

    <p class='ocr_par' dir='ltr' id='par_1_23' title="bbox 1127 2663 1788 2701">
     <span class='ocr_line' id='line_1_98' title="bbox 1127 2663 1788 2701; baseline -0.006 -8"><span class='ocrx_word' id='word_1_489' title='bbox 1127 2666 1143 2694; x_wconf 80' lang='lat'><strong>3</strong></span> <span class='ocrx_word' id='word_1_490' title='bbox 1158 2665 1303 2693; x_wconf 72' lang='lat' dir='ltr'>videretur</span> <span class='ocrx_word' id='word_1_491' title='bbox 1318 2664 1407 2701; x_wconf 85' lang='lat' dir='ltr'>potius</span> <span class='ocrx_word' id='word_1_492' title='bbox 1421 2663 1566 2701; x_wconf 84' lang='lat' dir='ltr'>legendum</span> <span class='ocrx_word' id='word_1_493' title='bbox 1582 2664 1676 2693; x_wconf 79' lang='lat' dir='ltr'>editae</span> <span class='ocrx_word' id='word_1_494' title='bbox 1690 2664 1727 2699; x_wconf 75' lang='lat' dir='ltr'>(n.</span> <span class='ocrx_word' id='word_1_495' title='bbox 1742 2667 1788 2697; x_wconf 53' lang='lat'><em>¹¹3).</em></span> 
     </span>
    </p>
   </div>
   <div class='ocr_carea' id='block_1_18' title="bbox 1834 250 2012 278">
    <p class='ocr_par' dir='ltr' id='par_1_24' title="bbox 1834 250 2012 278">
     <span class='ocr_line' id='line_1_99' title="bbox 1834 250 2012 278; baseline 0.011 -2"><span class='ocrx_word' id='word_1_496' title='bbox 1834 250 1881 276; x_wconf 76' lang='lat' dir='ltr'>An.</span> <span class='ocrx_word' id='word_1_497' title='bbox 1899 250 1927 278; x_wconf 90' lang='lat' dir='ltr'>C.</span> <span class='ocrx_word' id='word_1_498' title='bbox 1945 250 2012 278; x_wconf 68' lang='lat'>162⁴</span> 
     </span>
    </p>
   </div>
   <div class='ocr_carea' id='block_1_19' title="bbox 1837 896 2021 949">
    <p class='ocr_par' dir='ltr' id='par_1_25' title="bbox 1837 896 2021 949">
     <span class='ocr_line' id='line_1_100' title="bbox 1881 896 2021 918; baseline -0.014 0"><span class='ocrx_word' id='word_1_499' title='bbox 1881 896 2021 918; x_wconf 74' lang='lat' dir='ltr'>Monasierio-</span> 
     </span>
     <span class='ocr_line' id='line_1_101' title="bbox 1837 923 2021 949; baseline -0.011 -4"><span class='ocrx_word' id='word_1_500' title='bbox 1837 929 1882 945; x_wconf 80' lang='lat' dir='ltr'>rum</span> <span class='ocrx_word' id='word_1_501' title='bbox 1893 923 2021 949; x_wconf 73' lang='lat' dir='ltr'>designatio.</span> 
     </span>
    </p>
   </div>
  </div>
 </body>
</html>
