2269 3235
102 225 150 254 An.
167 226 196 253 C.
219 224 287 253 ⁴623

147 396 283 422 Hieronymus

100 422 233 449 flonuphrius
244 421 283 443 He-

99 452 188 474 truscos,

155 1403 279 1429 Magttatena

97 1431 206 1453 Tutum,

133 2257 276 2278 ferdinandus

96 2284 163 2304 Pretel
179 2284 204 2304 ile
221 2285 276 2305 Men·

95 2312 153 2333 cloza.

911 225 1052 253 URBANUS
1072 228 1129 253 vm
1148 229 1196 254 PP-

345 273 432 318 535.
458 274 665 320 Hieronymus
696 274 897 319 Ilonuphrius
925 277 1039 310 Hetru-

300 338 392 368 scus,
420 327 522 361 incola
556 328 662 372 oppidi
696 328 831 362 Gandiae
859 329 1038 362 Valentinae

299 380 461 422 dioecesis,
471 392 551 425 puer
560 381 718 422 decennis,
732 392 803 415 cum
816 381 929 414 lethale
945 382 976 414 in
989 393 1038 415 su-

298 434 429 478 percilio
445 445 546 479 prope
563 440 706 479 tempora
722 435 834 468 vulnus
850 435 1036 479 accepisset,

297 491 427 531 propter
450 488 534 532 quod
557 488 651 521 totius
669 488 751 521 oculi
776 493 882 521 tumor
898 493 928 523 et
944 489 1037 522 vehe-

298 551 386 574 mens
403 541 499 574 febris
521 546 727 581 accesserant,
748 547 787 582 et,
809 547 880 585 post
897 541 1037 575 adhibita

297 605 354 638 per
374 605 514 628 mensem
534 595 693 638 integrum
716 605 773 638 per
796 595 982 638 chirurgum
1000 606 1035 629 ex

296 647 371 682 artis
386 648 582 692 praescripto
599 648 835 689 medicamenta,
849 649 961 682 vulnus
974 659 1037 682 non

296 702 399 735 solum
426 712 490 735 non
520 701 731 742 solidaretur,
756 702 810 734 sed
834 702 911 735 adeo
939 703 1035 736 latum

296 759 326 789 et
348 755 539 799 profundum
564 761 655 796 esset,
672 760 706 790 ut
730 756 937 789 linamentum
962 756 1038 799 digi-

296 809 356 841 tale
379 808 577 842 inferendum
602 815 699 850 esset,
722 820 757 842 ac
781 814 866 844 tanta
890 810 991 843 sanies
1007 815 1037 843 et

295 862 430 905 putredo
455 862 576 903 ssueret,
600 868 634 896 ut
658 863 828 906 chirurgus
853 863 919 907 ipse
946 864 1038 896 mira-

296 921 393 956 retur,
418 921 448 949 et
471 916 615 949 crederet
639 927 673 949 os
698 917 824 959 aliquod
849 916 932 949 intus
956 928 1034 950 con-

296 969 446 1009 fractum,
471 975 501 1002 et
524 970 656 1002 alterum
674 969 861 1011 chirurgum
878 969 971 1002 etiam
989 980 1039 1002 vo-

298 1023 362 1056 cari
379 1023 529 1062 iussisset,
546 1028 576 1055 et
592 1022 685 1055 ambo
702 1033 809 1055 coram
827 1022 953 1056 infirmo
967 1034 1038 1056 con-

297 1077 471 1116 venissent;
496 1076 626 1110 remotis
650 1076 763 1116 fasciis,
788 1076 902 1120 quibus
926 1078 1037 1110 vulnus

298 1136 364 1164 erat
388 1136 531 1175 apertum
552 1136 582 1164 et
606 1131 789 1173 obligatum,
815 1137 939 1174 praeter
962 1143 1032 1165 om—

298 1195 369 1217 nem
386 1185 643 1228 expectationem,
661 1184 781 1217 meritis
798 1185 828 1216 B.
847 1185 968 1227 Ignatii,
986 1185 1035 1218 cui

298 1241 396 1271 mater
419 1237 519 1280 pueri,
543 1242 616 1270 voto
641 1237 702 1268 iam
727 1237 817 1276 sacto,
843 1237 931 1269 illum
954 1248 1036 1270 com-

298 1289 516 1329 mendaverat,
544 1289 655 1322 vulnus
686 1289 763 1322 illud
790 1290 914 1333 penitus
938 1290 1036 1323 obdu-

295 1348 378 1375 ctum
394 1369 401 1382 ,
425 1343 567 1375 clausum
591 1347 622 1375 et
645 1342 813 1375 solidatum
838 1343 1033 1377 invenerunt.

338 1396 353 1439 ᾗ
377 1395 429 1429 36.
454 1395 635 1438 Magdalena
667 1396 836 1436 Talavera,
861 1396 892 1428 in
922 1397 1033 1430 eodem

294 1448 409 1492 oppido
422 1448 559 1481 Gandiae
575 1458 787 1489 commorans,
801 1460 872 1482 cum
892 1460 950 1493 per
970 1455 1033 1483 tres

293 1512 390 1535 annos
403 1502 550 1545 gravibus
566 1502 740 1535 laborasset
755 1502 1032 1544 obstructionibus,

292 1565 371 1600 quae
383 1555 414 1588 in
427 1555 634 1599 hydropisim,
647 1566 741 1599 quam
757 1556 974 1590 confirmatam
983 1568 1034 1601 ap-

292 1609 427 1653 pellant,
447 1609 710 1649 terminaverant,
735 1609 865 1653 eiusque
888 1616 1031 1644 ventrem

292 1662 370 1696 adeo
395 1667 568 1696 tumentem
594 1668 625 1696 et
653 1663 795 1696 inflatum
819 1664 1030 1705 reddiderant,

293 1721 326 1749 ut
349 1727 382 1749 se
406 1716 445 1749 de
468 1717 539 1750 loco
564 1715 601 1749 ad
619 1717 724 1750 locum
742 1727 870 1750 movere
885 1728 949 1751 non
964 1729 1033 1762 pos-

291 1775 347 1812 set,
367 1770 428 1803 nisi
451 1771 653 1814 permoleste,
678 1770 787 1804 videns
811 1771 952 1804 remedia
976 1783 1032 1815 per

291 1823 371 1857 duos
388 1824 526 1857 medicos
539 1824 678 1856 adhibita
695 1824 753 1857 sibi
770 1825 847 1857 nihil
864 1825 1029 1868 profuisse,

292 1877 330 1909 ad
354 1877 458 1910 divina
481 1878 622 1920 confugit
645 1877 799 1910 subsidia:
822 1884 852 1911 et
876 1884 947 1912 voto
968 1879 1031 1913 Deo

291 1930 386 1971 facto,
410 1941 447 1963 ac
470 1930 607 1973 imagine
635 1930 708 1963 dicti
742 1931 827 1963 Beati
852 1932 953 1964 ventri
976 1932 1030 1964 ad-

292 1985 388 2024 mota,
412 1984 515 2016 statim
540 1984 651 2017 melius
676 1994 708 2017 se
732 1984 852 2026 habuit,
870 1985 1031 2029 depulsus-

290 2047 352 2081 que
380 2041 426 2071 est
450 2037 580 2070 morbus
611 2037 834 2071 obstructionis
859 2044 888 2071 et
918 2039 1031 2083 hydro—

289 2090 377 2134 pisis,
401 2091 444 2123 ita
464 2101 605 2135 prorsus,
630 2096 665 2124 ut
689 2091 772 2124 intra
791 2097 855 2124 tres
879 2092 927 2125 vel
956 2104 1030 2136 qua-

289 2150 361 2178 tuor
385 2145 450 2178 dies
481 2145 671 2179 detumuerit
701 2150 830 2186 venter,
861 2151 891 2179 et
919 2147 1029 2180 exinde

291 2197 342 2231 illa
365 2209 398 2231 se
421 2198 500 2232 bene
524 2199 678 2232 habuerit.

335 2251 349 2294 ἓ
371 2250 422 2284 37.
443 2252 659 2285 Ferdinandus
683 2252 785 2285 Pretel
809 2253 847 2285 de
872 2254 1029 2294 Mendoza,

292 2314 363 2336 cum
387 2305 419 2337 in
442 2305 556 2338 febrim
581 2306 741 2339 incidisset
758 2306 934 2347 tertianam,
950 2318 1029 2351 quae

293 2367 364 2389 mox
383 2358 415 2389 in
437 2357 612 2402 duplicem,
637 2359 750 2392 deinde
776 2360 806 2392 in
831 2360 1029 2402 pestilentem

292 2412 353 2442 una
369 2421 441 2443 cum
457 2412 569 2445 mentis
581 2418 710 2456 stupore
727 2417 757 2446 et
774 2414 1030 2447 extraordinariis

292 2464 498 2505 horroribus,
523 2475 559 2498 ex
583 2466 753 2500 humorum
778 2467 969 2500 abundantia
1002 2473 1031 2500 et

292 2517 406 2550 virium
430 2519 620 2551 naturalium
643 2519 768 2553 defectu
798 2520 1029 2562 accidentibus,

291 2571 549 2613 degeneraverat3
565 2577 595 2604 et
608 2583 644 2605 ex
657 2574 762 2608 multis
778 2575 1030 2618 purgationibus,

292 2625 447 2658 incassum
472 2625 628 2666 adhibitis,
654 2627 698 2659 vis
724 2628 825 2660 morbi
843 2628 921 2661 adeo
941 2634 1030 2661 aucta

1741 222 1785 256 ‘29

1072 282 1161 319 esset,
1180 282 1214 310 ut
1238 288 1255 311 a
1272 277 1402 311 medicis
1419 277 1595 319 destitutus,
1613 278 1643 312 in
1664 289 1814 324 supremo

1072 329 1133 363 iam
1166 331 1278 365 mortis
1307 332 1489 365 discrimine
1519 338 1718 374 versaretur,
1755 334 1815 367 rite

1072 384 1233 417 confessus
1258 390 1288 417 et
1312 385 1533 418 communione
1566 386 1754 427 instructus,
1779 397 1814 420 ac

1071 446 1162 469 sacro
1194 444 1367 480 perunctus
1400 439 1493 479 oleo,
1529 439 1674 472 manibus
1706 445 1814 472 tenens

1072 489 1242 532 imaginem
1267 491 1349 523 beati
1375 492 1496 534 Ignatii,
1522 503 1616 536 quam
1637 493 1718 526 collo
1738 502 1814 536 pen-

1070 542 1197 576 dentem
1221 545 1374 587 gestabat,
1399 550 1430 578 et
1454 556 1491 578 ex
1516 551 1581 579 toto
1598 546 1694 580 corde
1717 546 1761 579 illi
1780 557 1813 580 se

1071 597 1306 638 commendans,
1317 599 1536 632 convalescere
1553 600 1646 643 cepit,
1656 604 1687 632 et
1700 599 1813 633 morbo

1071 654 1116 682 est
1141 650 1301 684 liberatus.

1114 704 1129 746 g
1153 702 1205 736 38.
1232 705 1320 737 Anna
1344 705 1525 738 Barzellona
1555 706 1619 738 fere
1642 716 1813 749 sexagena-

1070 756 1125 797 ria,
1152 768 1225 790 cum
1249 762 1315 791 toto
1340 758 1458 791 biennii
1475 758 1576 802 spatio
1594 759 1706 792 morbo
1724 769 1814 803 para-

1071 810 1144 854 lysis
1168 811 1306 854 graviter
1330 817 1438 844 vexata
1473 812 1644 845 immobilis
1671 818 1752 845 esset
1774 813 1813 845 ad

1071 874 1164 897 omne
1189 875 1270 909 opus
1295 865 1423 906 laboris,
1448 870 1478 898 et
1502 865 1619 908 gradus
1643 866 1813 899 ascendere

1071 927 1133 950 non
1157 923 1274 961 posset,
1291 919 1352 951 nisi
1372 918 1566 962 scipionibus
1591 919 1707 960 innixa,
1725 924 1754 954 et
1771 919 1814 952 in-

1071 980 1168 1014 super
1191 981 1291 1004 novus
1323 972 1504 1015 apoplexiae
1528 973 1559 1005 in
1584 973 1683 1007 altero
1715 973 1813 1006 latere

1071 1024 1202 1057 morbus
1219 1025 1410 1067 accessisset,
1426 1026 1571 1058 humanis
1588 1019 1736 1059 remediis
1749 1037 1813 1060 om-

1071 1080 1144 1112 nino
1168 1078 1349 1112 destitutam
1374 1089 1406 1112 se
1431 1079 1618 1122 intelligens,
1641 1085 1712 1113 voto
1736 1091 1812 1113 nun-

1070 1137 1203 1175 cupato,
1237 1132 1349 1165 melius
1384 1143 1416 1165 se
1441 1133 1558 1165 habere
1583 1134 1680 1177 cepit,
1706 1144 1722 1166 e
1745 1139 1811 1167 toto

1070 1186 1123 1218 illo
1146 1186 1196 1218 die
1221 1196 1256 1218 ac
1280 1190 1371 1219 nocte
1396 1186 1570 1230 insequenti
1596 1188 1741 1221 inchoata
1760 1199 1813 1220 va-

1069 1238 1175 1271 letudo
1200 1238 1241 1272 ita
1261 1243 1307 1272 est
1330 1244 1441 1280 aucta,
1467 1245 1502 1272 ut
1526 1240 1587 1272 iam
1613 1241 1811 1274 illucescente

1069 1301 1161 1324 mane
1186 1302 1261 1324 sana
1285 1292 1414 1325 omnino
1438 1292 1477 1325 ad
1502 1293 1668 1326 ecclesiam
1685 1294 1810 1337 collegii

1068 1344 1168 1377 dictae
1193 1344 1356 1377 Societatis
1375 1345 1551 1378 accurrerit
1567 1346 1810 1389 expeditissime,

1068 1397 1184 1439 gratias
1208 1397 1272 1430 Deo
1297 1408 1332 1430 ac
1356 1398 1448 1431 beato
1473 1398 1593 1441 Ignatio
1618 1398 1787 1432 redditura.

1112 1451 1126 1493 ᾗ
1158 1449 1210 1483 39.
1245 1451 1379 1484 Ioannae
1409 1462 1535 1495 quoque
1563 1452 1672 1485 Clarae
1696 1457 1726 1485 et
1749 1453 1810 1486 No-

1067 1514 1204 1547 querae,
1230 1504 1355 1537 mulieri
1386 1505 1604 1543 Maioricensi,
1630 1516 1729 1539 annos
1756 1516 1809 1539 na-

1067 1561 1115 1589 tae
1138 1567 1200 1598 Lv1,
1222 1557 1370 1590 caecitate
1390 1558 1557 1599 laboranti,
1575 1558 1700 1591 videndi
1716 1559 1810 1592 sacul-

1066 1615 1161 1643 tatem
1182 1610 1318 1643 reddidit
1342 1611 1451 1645 beatus
1476 1611 1624 1654 Ignatius.

1110 1666 1124 1708 ἓ
1148 1663 1200 1697 40.
1226 1665 1485 1698 Bartholomaeus
1516 1666 1652 1699 Contesti
1684 1666 1808 1700 chirur-

1066 1728 1124 1759 gus
1149 1718 1227 1751 adeo
1251 1718 1377 1751 acerbis
1402 1723 1432 1751 et
1456 1718 1613 1751 diuturnis
1631 1719 1741 1763 capitis
1757 1719 1809 1753 do-

1066 1771 1186 1804 loribus
1210 1771 1461 1815 opprimebatur,
1483 1777 1517 1805 ut
1537 1783 1613 1816 prae
1637 1773 1735 1806 nimio
1757 1773 1809 1806 do-

1066 1824 1132 1857 lore
1151 1835 1243 1868 saepe
1261 1824 1299 1857 ad
1317 1830 1434 1857 terram
1452 1825 1652 1858 allideretur:
1678 1826 1809 1859 accessit

1065 1878 1096 1910 in
1120 1879 1287 1911 oculorum
1312 1878 1412 1911 altero
1433 1884 1497 1911 tam
1515 1879 1620 1922 gravis
1637 1879 1809 1913 inflamma-

1065 1932 1117 1973 tio,
1140 1937 1175 1964 ut
1198 1932 1333 1965 alterum
1367 1933 1461 1966 etiam
1491 1933 1671 1975 divexaret⁷
1704 1934 1745 1967 ita
1777 1940 1809 1967 ut

1064 1995 1102 2018 ne
1117 1985 1336 2018 tenuissimum
1356 1986 1484 2029 quidem
1504 1987 1583 2019 lucis
1600 1987 1723 2020 radium
1741 1998 1810 2031 per-

1063 2038 1155 2080 ferre⁷
1181 2044 1233 2071 aut
1256 2039 1489 2083 aliquantulum
1511 2040 1675 2083 quiescere
1692 2046 1807 2084 posset,

1063 2091 1104 2125 ob
1128 2092 1222 2136 idque
1247 2093 1279 2125 in
1303 2093 1470 2126 tenebroso
1493 2093 1636 2126 conditus
1661 2093 1807 2127 cubiculo

1063 2145 1134 2178 inde
1159 2156 1222 2179 non
1250 2146 1490 2188 egrediebatur:
1523 2152 1553 2179 et
1577 2157 1614 2180 eo
1639 2147 1806 2180 deventum

1064 2204 1120 2239 est,
1144 2204 1179 2231 ut
1203 2210 1239 2232 ex
1264 2199 1460 2232 intolerando
1491 2199 1601 2233 dolore
1626 2210 1689 2233 non
1717 2200 1807 2233 dubi-

1064 2258 1143 2285 taret
1159 2253 1326 2294 affirmare,
1347 2254 1431 2297 quod
1448 2254 1473 2287 si
1491 2254 1617 2298 quidam
1635 2254 1805 2297 chirurgus

1064 2307 1125 2339 iam
1150 2307 1314 2340 defunctus
1331 2308 1362 2340 in
1380 2308 1525 2340 humanis
1543 2313 1660 2350 ageret,
1678 2308 1805 2340 oculum

1063 2361 1122 2393 sibi
1141 2361 1209 2393 erui
1226 2362 1370 2394 iussurus
1387 2367 1484 2394 esset:
1507 2361 1659 2404 religione
1676 2361 1803 2394 demum

1063 2414 1178 2446 eximiii
1203 2425 1279 2457 erga
1302 2415 1430 2447 Beatum
1457 2415 1622 2456 incensus,
1648 2414 1731 2447 illius
1755 2426 1805 2448 re-

1063 2467 1192 2510 liquiam
1206 2467 1244 2499 ad
1269 2478 1301 2500 se
1326 2467 1432 2500 afferri
1449 2468 1553 2507 iussit,
1580 2473 1610 2499 et
1627 2467 1657 2499 in
1677 2473 1803 2511 puncto,

1063 2521 1147 2564 quod
1172 2521 1230 2553 fuit
1254 2521 1306 2553 illa
1330 2521 1442 2561 delata,
1459 2521 1538 2553 bene
1555 2531 1588 2554 se
1605 2521 1732 2553 habuit:
1758 2532 1805 2554 ca-

1062 2575 1135 2618 pitis
1160 2578 1189 2608 et
1213 2575 1379 2607 oculorum
1411 2575 1543 2607 cessavit
1573 2575 1674 2615 dolor,
1702 2575 1803 2608 visum

1063 2628 1272 2671 recuperavit,
1293 2631 1322 2661 et
1346 2628 1425 2660 lucis
1442 2628 1642 2671 splendorem
1659 2629 1724 2661 sine
1740 2630 1802 2661 ulla

1830 233 1878 260 An.
1900 233 1927 260 C.
1946 233 2016 263 4623

1854 720 1912 741 Anna
1930 720 2012 741 Bamt·

1828 746 1884 771 lona,

1852 1464 1932 1484 launna
1948 1464 2012 1485 Clara

1825 1489 1931 1517 Noquera.

1835 1676 2008 1698 Bsirthoiimzaous

1824 1703 1928 1726 troi-iesu,
