2269 3235
95 240 149 267 An.
168 239 198 266 G.
217 238 284 266 1624

113 514 212 536 Facultas
221 519 276 534 com-

92 541 188 562 missario
195 541 277 561 cruciu-

92 569 141 589 tae.
157 567 182 588 de
198 573 240 594 qua
256 567 277 588 iu

92 594 184 615 rubrica.

108 2387 220 2418 Derogatm
230 2395 277 2410 00„-

93 2417 212 2437 tranei-um.

910 238 1052 262 unnauus

292 286 328 319 in
342 285 469 321 Christo
481 284 551 328 filio
570 290 677 319 nostro
689 284 848 330 Philippo
858 285 1036 329 Hispania·
1051 290 1055 296 ‘

292 349 369 372 rum
387 339 459 382 reqi
471 339 640 380 catholico,
661 339 813 372 Urbanus
825 339 921 382 Papa
940 337 1032 371 VIII.

295 393 493 428 Charissime
517 393 552 425 in
578 393 716 433 Christo,
737 397 793 425 etc.
815 390 911 425 Alias
930 391 1036 434 felicis

293 445 525 479 recordationis
549 446 632 480 Pius
656 446 752 489 Papa
780 444 832 485 V¹,
856 449 914 478 etc.

337 500 405 544 §2
431 501 518 533 Nunc
549 504 654 532 autem
686 498 819 532 faciliori
851 497 1034 531 earumdem

293 553 466 596 gratiarum
484 552 693 597 exequutioni,
718 556 870 596 quantum
888 562 959 585 cum
975 551 1035 585 Do-

292 606 379 640 mino
398 616 576 651 possumuS,
600 605 766 649 providere
791 606 940 646 volentes,
966 615 1035 649 sup-

292 659 514 704 plicationibus
530 659 623 692 etiam
641 658 715 691 dicti
732 658 868 702 Philippi
885 658 969 701 regis
983 668 1036 691 no·

292 713 377 746 mine
396 713 487 746 nobis
505 722 601 756 super
618 712 678 745 hoc
703 711 864 745 humiliter
880 711 1034 755 porrectis

294 765 452 806 inclinati,
478 765 579 798 eidem
604 764 720 798 Didaeo
738 764 936 808 patriarchae
961 775 1031 797 mo-

293 819 401 859 derno,
417 823 447 851 et
461 828 519 862 pro
537 823 680 862 tempore
694 817 838 850 existenti
858 818 1033 860 gratiarum

291 872 524 918 praedictarum
546 872 731 916 exequutori
756 877 785 904 et
815 872 1034 905 commissario

292 925 374 959 dicta
390 925 575 958 auctoritate
590 925 748 969 deputato,
761 925 972 969 praeinsertas
990 925 1036 960 lit-

292 983 374 1013 teras
396 982 520 1012 nostras
545 989 617 1012 oum
642 979 790 1012 omnibus
807 984 837 1011 et
854 978 986 1022 singulis
1004 979 1036 1011 in

293 1033 337 1066 eis
353 1033 516 1075 contentis,
535 1032 629 1066 modo
651 1038 680 1065 et
700 1033 802 1066 forma
815 1032 936 1077 ‘quibus
956 1032 1035 1065 aliae

291 1091 417 1121 nostrae
442 1091 472 1119 et
496 1087 711 1120 Romanorum
733 1086 920 1120 Pontificum
945 1096 1035 1130 prae-

291 1140 494 1174 decessorum
511 1145 694 1174 nostrorum
715 1139 895 1173 huiusmodi
913 1140 1035 1172 litterae

291 1205 386 1239 super
410 1194 564 1227 dictarum
582 1194 756 1237 gratiarum
776 1193 987 1238 spiritualium
1004 1198 1035 1226 et

292 1247 514 1292 temporalium
538 1258 595 1291 per
619 1247 767 1280 eumdem
793 1247 881 1280 Pium
906 1247 1035 1291 praede-

291 1311 449 1334 cessorem
466 1310 699 1342 concessarum,
717 1305 749 1333 ut
767 1302 954 1344 praefertur,
964 1311 1035 1344 pro-

290 1354 455 1397 rogatione
480 1353 622 1398 expediri
647 1354 757 1387 solitae
782 1354 937 1397 publicari
962 1360 1052 1387 con-¹

290 1410 466 1449 sueverunt,
491 1407 683 1451 publicandi,
701 1407 833 1450 illasque
850 1407 944 1440 simul
961 1418 1033 1439 eum
1049 1374 1052 1430 i

290 1461 407 1495 eisdem
432 1461 566 1503 litteris,
600 1461 647 1493 rel
676 1461 868 1504 separatim,
902 1461 1033 1504 singulis

290 1515 379 1548 annis
404 1514 607 1558 imprimendi
632 1524 687 1547 seu
712 1514 851 1558 imprimi
879 1514 1033 1555 faciendi,

290 1569 584 1613 eleemosynamque
607 1578 665 1612 per
689 1578 752 1608 eos,
777 1568 830 1611 qui
848 1567 957 1611 gratiis
976 1578 1034 1611 per

290 1623 501 1668 praeinsertas
536 1623 658 1656 litteras
682 1627 816 1656 'nostras
851 1622 1033 1656 huiusmodi

291 1676 448 1711 concessis
471 1677 517 1710 uti
537 1675 704 1716 voluerint,
723 1675 937 1718 elargiendam
953 1676 1033 1718 (sine

290 1735 395 1763 tamen
424 1729 620 1774 praeiudicio
650 1729 887 1774 eleemosynae,
913 1729 1033 1762 ratione

290 1784 463 1828 gratiarum
477 1783 688 1828 spiritualium
700 1787 730 1815 et
741 1782 963 1826 temporalium
977 1793 1034 1826 per

290 1838 409 1871 dictum
422 1837 511 1871 Pium
523 1837 799 1882 praedecessorem
811 1846 1032 1870 concessarum

290 1891 483 1933 huiusmodi,
508 1896 538 1925 et
562 1902 579 1923 a
603 1890 735 1924 diversis
760 1890 908 1924 Romanis
933 1890 1034 1923 Ponti-

291 1945 403 1978 ficibus
427 1944 726 1989 praedecessoribus
750 1944 866 1978 nostris
886 1954 921 1977 ac
939 1944 1032 1977 etiam

290 2009 306 2031 a
330 1998 421 2032 nobis
437 2002 692 2043 prorogatarum,
710 2004 743 2031 ut
760 1999 948 2042 praefertur,
965 1998 1033 2031 dari

291 2054 472 2096 consuetae)
483 2051 567 2085 iuxta
584 2052 767 2085 earumdem
780 2052 955 2096 primarum
966 2062 1034 2095 gra-

291 2105 405 2138 tIarum
430 2110 573 2139 tenorem
608 2110 637 2138 et
668 2107 803 2139 sormam
829 2105 953 2138 taxandi
979 2116 1034 2138 seu

291 2158 481 2200 declarandi,
505 2160 679 2204 apostolica
703 2159 888 2193 auctoritate
914 2159 1034 2203 praedi-

292 2214 351 2254 cta,
376 2216 483 2246 tenore
507 2213 731 2256 praesentium,
748 2213 1033 2256 plenam‚liberam

293 2268 323 2298 et
337 2266 475 2309 amplam
488 2266 667 2299 facultatem
684 2270 714 2300 et
731 2266 950 2300 auctoritatem
964 2276 1035 2300 con-

293 2318 433 2352 cedimus
457 2325 487 2352 et
511 2320 722 2364 impartimur.

337 2374 353 2417 g
368 2373 401 2406 3.
416 2374 484 2407 Non
501 2374 695 2409 obstantibus
708 2375 899 2419 praemissis,
918 2385 954 2408 ac
971 2386 1035 2408 om-

293 2428 387 2461 nibus
404 2427 474 2469 illis,
493 2438 572 2471 quae
596 2428 627 2460 in
644 2428 755 2462 litteris
776 2429 892 2462 nostris
909 2429 1033 2473 praedi-

293 2481 350 2515 ctis
382 2481 538 2514 voluimus
577 2491 641 2514 non
681 2482 825 2524 obstare,
860 2483 1034 2527 ceterisque

294 2535 459 2570 contrariis
484 2535 745 2580 quibuscumque.

331 2635 342 2660 1
360 2633 428 2660 Vide
443 2640 537 2668 supra,
554 2640 615 2667 pag.
639 2632 696 2659 165.

412 2706 489 2734 Bull.
506 2706 587 2735 Rom.
604 2721 638 2726 —
658 2706 715 2734 Vol.
733 2706 813 2734 XIII.
960 2705 994 2734 33

1077 237 1136 262 vm
1160 238 1207 262 rr.

1114 287 1224 319 Datum
1241 286 1367 327 Rornae,
1382 285 1463 329 apud
1484 284 1512 317 S.
1532 284 1669 325 Petrum,
1690 284 1748 317 sub
1765 295 1816 317 an-

1070 340 1145 373 nulo
1160 339 1337 380 piscatoris,
1350 339 1399 372 die
1414 349 1447 372 111
1460 338 1636 372 decembris
1658 348 1811 381 iincxxiv,

1070 393 1269 436 pontificatus
1294 393 1393 426 nostri
1417 403 1499 427 anno
1525 403 1557 426 11.

1105 453 1162 481 Dat.
1181 454 1224 482 die
1239 455 1254 482 3
1270 454 1423 482 decembris
1440 454 1518 490 1624,
1535 454 1628 491 pontif.
1645 462 1716 483 anno
1731 461 1758 482 11.

1419 572 1462 604 CI.

1071 642 1209 676 Cavecur
1221 669 1230 681 ,
1258 641 1438 685 quominus
1474 641 1581 684 officia
1611 647 1678 675 lam
1707 643 1814 676 oneris

1112 705 1215 738 quam
1229 694 1361 727 honoris
1382 695 1418 726 in
1435 694 1569 737 collegyio
1589 694 1621 727 S.
1638 695 1813 729 Francisci

1112 748 1150 780 (Ie
1163 747 1276 781 Paula
1292 748 1328 780 in
1342 747 1472 790 reqione
1493 747 1656 780 Montium
1678 747 1716 781 de
1734 748 1814 781 Urbe

1110 811 1177 845 pro¹
1182 801 1343 844 fratribus
1365 799 1501 834 Ordinis
1518 800 1735 833 Minimorum
1743 811 1815 844 pro-

1111 854 1238 887 vinciae
1257 853 1430 888 Calabriae
1440 857 1551 893 erecto,
1565 853 1605 885 ab
1619 853 1697 886 aliis
1713 863 1815 897 quam

1112 907 1150 940 ab
1175 906 1319 940 eiusdem
1337 906 1525 951 provinciae
1548 907 1708 949 fratribus
1725 916 1814 939 exer—

1113 965 1257 994 ceantur.

1276 1032 1414 1059 Urbanus
1430 1031 1604 1066 Episcopus,
1735 1037 1741 1052 ·

1248 1084 1354 1104 servus
1385 1083 1542 1104 servorum
1570 1076 1634 1108 Dei,

1188 1122 1224 1149 ad
1244 1124 1421 1156 perpetuam
1440 1121 1485 1152 tei
1504 1120 1691 1149 memoriam.

1112 1194 1194 1228 Inter
1212 1198 1317 1227 cetera
1338 1193 1443 1226 cordis
1462 1193 1562 1226 nostri
1580 1192 1811 1235 desiderabilia,

1068 1257 1103 1279 ea
1121 1257 1256 1291 quoque,
1275 1257 1312 1279 ex
1333 1246 1438 1280 debito
1455 1245 1622 1290 pastoralis
1642 1246 1736 1279 officii
1755 1256 1813 1280 no-

1068 1300 1140 1333 stris
1153 1300 1305 1341 humeris,
1320 1299 1393 1333 licet
1406 1299 1593 1343 imparibus,
1605 1299 1710 1332 divina
1727 1298 1814 1333 dum-

1067 1358 1149 1386 taxat
1163 1354 1367 1397 dispositione
1382 1353 1529 1397 impositi,
1543 1363 1607 1387 non
1620 1353 1742 1386 modice
1755 1364 1813 1386 nos

1067 1412 1159 1450 urget
1172 1418 1257 1450 cura,
1271 1412 1305 1440 ut
1319 1407 1400 1440 inter
1413 1406 1633 1440 christifideles
1644 1406 1812 1451 quoslibet,

1067 1461 1255 1504 praesertim
1280 1461 1445 1504 religiosas
1470 1471 1622 1505 personas
1648 1460 1705 1494 sub
1723 1461 1813 1494 suavi

1069 1515 1160 1548 unius
1184 1520 1214 1548 et
1238 1515 1379 1548 eiusdem
1404 1515 1536 1549 instituti
1560 1515 1634 1558 iugo
1659 1519 1690 1548 et
1709 1514 1812 1548 chari-

1068 1568 1137 1601 tatis
1163 1568 1276 1601 vexillo
1300 1568 1460 1602 Altissimo
1485 1568 1687 1610 famulantes,
1713 1578 1810 1612 prae-

1068 1621 1132 1654 ciso
1156 1621 1388 1655 discordiarum
1413 1627 1444 1654 et
1468 1621 1658 1654 zizaniarum
1692 1620 1812 1653 inimici

1066 1674 1204 1708 hominis
1233 1681 1446 1708 sementorum
1472 1674 1577 1717 aditu,
1605 1685 1664 1718 pax
1690 1679 1720 1707 et
1737 1684 1811 1708 con-

1067 1728 1175 1762 cordia
1199 1728 1333 1771 vigeant,
1354 1727 1483 1772 piorum
1508 1727 1688 1760 testantium
1707 1727 1813 1761 volun-

1068 1786 1145 1815 tates
1163 1781 1395 1826 adimpleantur
1415 1786 1446 1814 et
1462 1781 1683 1815 inviolabiliter
1704 1781 1813 1815 obser·

1068 1841 1193 1878 ventur,
1220 1846 1255 1869 ac
1285 1835 1479 1879 regularium
1510 1836 1580 1868 loca
1609 1835 1647 1868 ad
1672 1835 1812 1868 divinum

1068 1890 1185 1922 cultum
1210 1889 1459 1933 propagandum,
1479 1893 1509 1923 et
1529 1889 1724 1932 ignorantiae
1742 1889 1813 1922 cali-

1067 1943 1173 1986 ginem
1202 1943 1451 1985 discutiendam,
1478 1953 1648 1987 sacraeque
1679 1943 1812 1987 paginae

1068 1996 1244 2030 doctrinam
1277 1997 1356 2040 (qua
1392 1996 1547 2029 mediante
1582 1996 1747 2030 uberiores
1781 1996 1812 2029 in

1068 2050 1158 2083 vinea
1195 2050 1325 2083 dextera
1358 2050 1482 2083 Domini
1518 2050 1657 2093 plantata
1690 2050 1812 2083 fructus

1068 2103 1173 2147 colligi
1195 2108 1225 2136 et
1248 2103 1424 2136 animarum
1451 2103 1532 2135 salus
1556 2102 1811 2146 procurandique

1068 2156 1271 2200 noscuntur')
1288 2156 1522 2200 adipiscendam
1537 2155 1637 2188 libere
1659 2155 1812 2188 destinata

1067 2216 1330 2255 promoreantur:
1355 2215 1385 2244 et
1408 2215 1592 2254 propterea,
1618 2209 1717 2254 quae³
1741 2221 1812 2243 suc-

1068 2275 1157 2298 cessu
1181 2264 1332 2308 temporis
1355 2263 1473 2307 aliquid
1499 2267 1609 2297 contra
1633 2263 1808 2297 desiderio-

1068 2330 1140 2351 rum
1176 2323 1359 2352 nostrorum
1399 2317 1581 2351 huiusmodi
1625 2317 1808 2361 disposition

1068 2384 1140 2405 nem
1174 2383 1251 2405 ausu
1283 2371 1452 2406 temerario
1485 2371 1554 2403 fieri
1583 2371 1631 2403 vel
1663 2370 1811 2404 attentari

1069 2426 1238 2469 contingat,
1259 2426 1340 2459 sacri
1364 2425 1556 2469 apostolatus
1581 2424 1687 2458 officiii
1711 2425 1810 2458 nostri

1068 2485 1174 2525 partes
1198 2479 1440 2523 interponimus,
1459 2489 1494 2511 ac
1514 2478 1588 2511 alias
1606 2478 1689 2511 ultro
1710 2477 1812 2522 dispo-

1106 2562 1117 2587 1
1130 2560 1220 2588 Lectio
1232 2559 1361 2587 mendosa
1372 2566 1422 2586 nec
1430 2558 1507 2586 facile
1519 2558 1710 2586 emendabilis:
1720 2558 1810 2586 forsan

1066 2605 1222 2640 procurari
1236 2605 1294 2632 loco
1306 2604 1545 2639 procurandique
1556 2603 1699 2639 legendum
1709 2604 1750 2638 (R.
1760 2608 1808 2637 T.).

1105 2649 1122 2676 2
1137 2649 1239 2676 Forsan
1259 2648 1406 2684 legendum
1422 2648 1536 2683 quando
1551 2656 1602 2683 pro
1618 2656 1691 2684 quae
1705 2649 1743 2683 (R.
1760 2649 1807 2682 τ.).

1722 227 1786 261 257
1833 236 1884 263 An.
1901 236 1928 263 c.
1948 236 2015 264 ιδῃ

1854 1216 1974 1238 Exordium.
