2269 3235
161 260 207 286 Λῐι.
227 262 256 286 G.
278 260 343 287 1023

189 430 298 451 Contraria
315 435 346 451 re·

162 459 240 478 mmet.

192 803 279 823 Sanctio
300 807 349 828 poe-

164 830 224 850 uatis.

205 2080 345 2102 Prooemium.

391 249 432 283 8⁹.)

360 309 517 349 attentari,
545 308 669 341 irritum
695 314 725 340 et
750 309 839 340 inane
864 307 946 339 dicta
972 307 1105 340 auctori-

361 367 423 395 tate
447 361 656 395 decernimus.

406 417 421 460 ἓ
445 416 474 448 5.
500 416 567 449 Non
592 414 786 448 obstantibes
820 413 1023 458 praemissis,
1048 423 1104 453 ac,

361 474 516 513 quatenus
543 479 622 512 opus
647 468 695 508 sit,
714 467 823 509 regula
845 468 954 500 nostrai
978 466 1016 499 de
1038 477 1105 509 gra-

363 523 414 555 tiis
437 522 475 554 ad
501 522 597 554 instar
622 531 684 554 non
715 520 945 563 concedendis,
974 520 1105 563 aliisque

362 575 524 619 quibusvis
550 573 824 608 constitutionibus
852 578 882 606 ot
906 572 1107 606 ordinationi-

363 628 422 660 bus
435 626 626 671 apostolicis,
643 636 765 659 necnon
782 626 929 659 omnibus
946 626 1106 669 illis,quae

363 679 465 713 dictus
490 680 550 712 Leo
575 679 799 723 praedecessor
823 678 853 711 in
878 678 969 713 dictis
993 677 1106 710 litteris

364 733 462 766 voluit
484 742 549 766 non
573 733 716 774 obstare,
741 732 917 776 ceterisque
941 730 1107 765 contrariis

365 787 629 832 quibuscumque.

410 842 425 885 ἓ
449 841 480 875 6.
509 840 591 874 Nulli
616 850 693 883 ergo
718 839 847 873 omnino
872 839 1037 872 hominum
1064 839 1104 872 li-

366 900 434 929 ceat
457 895 537 928 hanc
561 895 706 938 paginam
732 899 857 927 nostrae
881 893 1108 934 absolutionis,

366 949 554 983 extensionis
579 954 610 981 et
634 948 751 981 decreti
783 948 955 990 infringere
974 974 981 987 ,
1009 948 1056 979 vel
1081 947 1108 979 ei

366 1013 444 1035 ausu
465 1001 632 1035 temerario
657 999 823 1034 contraire.
856 1000 886 1033 Si
912 999 982 1043 quis
1005 1005 1108 1033 autem

366 1057 427 1089 hoc
451 1060 604 1088 attentare
629 1053 897 1098 praesumpserit,
922 1053 1109 1096 indignatio-

367 1119 439 1142 nem
465 1107 689 1151 omnipotentis
706 1107 771 1148 Dei,
789 1117 824 1140 ac
841 1106 1007 1140 beatorum
1028 1107 1111 1140 Petri

368 1168 399 1195 et
421 1161 507 1194 Pauli
531 1161 747 1205 apostolorum
768 1160 844 1201 eius,
866 1171 897 1193 se
918 1160 1041 1193 noverit
1064 1160 1111 1193 in-

370 1225 547 1249 cursurum.

413 1270 525 1302 Datum
550 1268 677 1309 Romae,
705 1267 787 1312 apud
815 1268 843 1301 S.
869 1267 1006 1308 Petrum,
1031 1277 1113 1301 anno

369 1322 594 1356 lncarnationis
618 1321 798 1355 Dominicae
826 1330 981 1360 iincxxin,
1010 1321 1113 1354 idibus

370 1375 556 1416 decembris,
582 1374 782 1419 pontificatus
806 1374 907 1407 nostri
932 1384 1013 1407 anno
1038 1384 1057 1406 1.

406 1438 464 1465 Dat.
481 1437 525 1466 die
543 1437 575 1466 13
590 1436 741 1465 decembris
759 1436 836 1469 1623,
858 1436 951 1472 pontif.
974 1444 1043 1463 anno
1059 1442 1076 1464 1.

714 1590 774 1622 XV.

374 1672 546 1716 Deputatz'o
570 1670 806 1714 archiepiscopi
831 1670 988 1704 Cretensis
1009 1671 1044 1702 in
1071 1670 1116 1702 vi-

419 1726 586 1758 sitatorem
612 1724 708 1757 totius
733 1725 826 1767 reqni
853 1722 993 1757 Cretae¹.

610 1804 781 1832 Venerabili
800 1803 888 1831 fratri

500 1849 597 1877 Lucae
618 1848 843 1882 archiepiscopo
864 1848 996 1875 Cretensi

579 1894 716 1921 Urbanus
737 1894 817 1927 Papa
835 1893 913 1920 VIII.

587 1955 776 1984 Venerabilis
796 1956 891 1983 frater
906 1977 912 1988 ,

414 2002 545 2029 salutem
566 2003 597 2028 et
618 2000 814 2034 apostolicam
833 1999 1081 2027 benedictionem.

423 2073 457 2106 In
481 2071 609 2116 specula
633 2070 795 2104 militantis
820 2071 976 2104 Ecclesiae
1000 2071 1121 2104 meritis

378 2127 452 2160 licet
465 2125 639 2170 imparibus
653 2124 848 2158 inscrutabili
866 2124 987 2157 divinae
1001 2124 1121 2168 sapien-

379 2181 440 2214 tiae
463 2179 661 2224 providentia
681 2178 855 2219 constituti,
873 2178 1039 2222 pastoralis
1063 2179 1122 2211 sol-

379 2233 550 2268 licitudinis
575 2233 684 2266 oculos
705 2232 743 2265 ad
767 2242 877 2266 omnes
901 2231 1120 2265 christifideles

379 2293 409 2321 et
424 2297 476 2320 eas
492 2286 586 2320 etiam
610 2285 697 2319 orbis
717 2285 876 2326 eeclesias,
894 2295 973 2329 quae
989 2290 1121 2329 propter

378 2341 569 2385 populorum
601 2339 780 2372 distantiam
813 2349 907 2383 opem
936 2343 965 2371 et
989 2349 1120 2382 operam

378 2399 502 2428 nostras
534 2393 632 2436 magis
667 2393 838 2437 implorare
870 2393 1120 2436 dignoscuntur,

379 2454 508 2493 paterne
532 2448 709 2491 dirigimus,
729 2458 765 2480 ac
788 2457 845 2490 per
869 2446 1054 2480 visitationis
1071 2457 1121 2479 re—

380 2503 491 2537 media.
512 2502 658 2545 ahisque,
684 2500 799 2544 quihus
830 2511 1007 2545 possumus,
1031 2500 1123 2533 ratio-

381 2556 485 2596 nibus,
503 2556 687 2599 religionem
706 2556 737 2588 in
765 2555 825 2588 illis
849 2555 1035 2588 catholicam
1053 2565 1123 2588 con-

383 2620 530 2650 servare,
555 2613 605 2650 et,
630 2609 684 2642 ubi
709 2609 847 2653 collapsa
873 2609 921 2650 sit,
945 2609 1121 2650 restituere,

420 2673 431 2700 1
454 2671 491 2700 Ex
510 2672 620 2707 Regest.
642 2672 669 2699 in
689 2671 792 2699 Secret.
813 2671 890 2699 Brev.

949 258 1124 282 nummum
1152 258 1303 282 namnum

1897 255 1946 284 Λη.
1962 256 1990 284 C.
2010 257 2076 285 ¹623

1138 307 1292 340 indefessa
1317 305 1430 339 mentis
1448 309 1574 338 nostrae
1589 304 1749 348 vigilantia
1767 315 1878 350 procu-

1138 370 1261 398 ramus;
1286 359 1433 403 quodque
1458 368 1515 402 per
1535 367 1592 390 nos
1609 357 1696 401 ipsos
1719 363 1878 402 praestare

1138 413 1315 457 nequimus,
1341 412 1477 456 idipsum
1502 422 1558 455 per
1583 411 1740 455 praelatos
1764 411 1826 445 side
1849 417 1880 445 et

1139 466 1317 509 integritate
1340 465 1490 509 probatos
1509 464 1684 508 adimplere
1707 464 1878 498 studemus.

1184 520 1198 562 ἓ
1224 519 1252 551 l.
1278 519 1362 552 Motu
1386 518 1492 562 itaque
1523 517 1654 561 proprio
1679 520 1709 551 et
1732 526 1769 549 ex
1793 517 1879 550 certa
1905 530 2082 551 cfr-tenuaicu-

1895 557 1997 582 episcopo
2026 563 2082 577 com-

1140 572 1269 606 scientia
1296 582 1332 605 ac
1356 572 1480 605 matura
1505 570 1730 604 deliberatione
1754 570 1879 611 nostris,
1896 584 1984 614 ,quinus
2010 584 2082 614 visita-

1140 631 1179 667 te,
1196 625 1234 659 de
1255 625 1344 659 cuius
1368 625 1536 669 prudentia
1561 628 1591 657 et
1615 623 1787 657 catholicae
1810 611 2083 667 1·eli-l‡‚‘{m„?f¹2‘}{¹f’t³r⁰3

1141 678 1242 722 gionis
1267 678 1334 712 zelo
1357 677 1532 722 plurimum
1549 677 1580 710 in
1599 677 1732 710 Domino
1755 676 1882 709 confidi·
1897 668 1975 690 ΜΝΞ*

1141 742 1220 772 mus,
1245 735 1387 765 nostrum
1413 736 1443 764 et
1462 729 1659 774 Apostolicae
1679 729 1767 763 Sedis
1791 738 1882 772 gene-

1142 785 1239 817 ralem
1265 789 1295 817 et
1319 783 1488 828 specialem
1512 783 1716 823 visitatorem,
1733 782 1883 817 reforma-

1142 843 1242 871 torem
1261 842 1292 871 et
1307 837 1485 881 delegatum
1499 836 1530 870 in
1544 838 1608 870 tota
1620 836 1721 869 insula
1734 836 1883 877 Cretensi,

1142 891 1315 935 apostolica
1327 890 1522 931 auctoritate,
1535 895 1644 924 tenore
1659 889 1883 934 praesentium,

1143 945 1274 978 facimus
1289 971 1296 985 ‚
1321 944 1538 978 constituimus
1562 949 1593 977 et
1616 944 1824 988 deputamus,
1849 954 1884 978 ac

1144 997 1201 1030 tibi
1226 1007 1284 1040 per
1308 997 1434 1030 easdem
1470 1002 1651 1040 praesentes
1680 997 1885 1038 mandamus,

1144 1055 1178 1085 ut
1202 1050 1241 1083 ad
1265 1050 1415 1090 civitates,
1440 1050 1565 1094 oppida,
1589 1049 1762 1092 districtus,
1786 1054 1886 1085 terras

1145 1110 1175 1139 et
1198 1106 1268 1139 loca
1292 1115 1511 1149 quaecumque
1545 1103 1686 1137 eiusdem
1714 1104 1834 1138 insulae
1856 1109 1888 1138 te

1146 1159 1299 1199 conseras,
1317 1158 1423 1201 ibique
1448 1167 1559 1191 omnes
1583 1162 1614 1190 et
1630 1157 1768 1200 singulas
1788 1158 1889 1191 cathe-

1146 1213 1270 1253 drales,
1296 1211 1496 1255 collegiatus,
1521 1211 1718 1255 parochiales
1750 1215 1780 1246 et
1810 1211 1886 1245 alias

1146 1275 1361 1310 quascumque
1386 1276 1457 1298 eum
1476 1266 1551 1298 cura
1568 1269 1598 1298 et
1615 1264 1682 1298 sine
1699 1265 1776 1298 cura
1794 1265 1889 1298 ecele-

1147 1320 1218 1360 sias,
1237 1318 1457 1363 cappellanias,
1478 1318 1600 1362 aliaque
1619 1317 1772 1351 beneficia
1795 1318 1890 1352 eccle-

1148 1372 1280 1413 siastica,
1298 1372 1390 1405 etiam
1417 1371 1544 1412 ruralia,
1563 1375 1592 1406 et
1608 1371 1668 1404 alia
1688 1382 1888 1417 quocumque

1148 1426 1276 1461 nomine
1298 1430 1488 1470 nuncupata,
1505 1430 1558 1459 aut
1581 1425 1769 1469 qualismata,
1797 1426 1889 1461 etiam

1148 1481 1186 1514 de
1202 1481 1271 1513 iure
1287 1484 1471 1524 patronatus
1486 1479 1651 1520 laicorum,
1665 1479 1891 1524 cuiuscumque

1149 1538 1257 1575 status,
1278 1533 1404 1577 gradus,
1429 1532 1559 1574 ordinis,
1584 1532 1772 1566 conditionis
1794 1537 1826 1567 et
1848 1533 1891 1567 di-

1150 1586 1276 1630 gnitatis
1301 1586 1346 1619 illi
1370 1586 1441 1627 sint,
1465 1595 1588 1619 necnon
1611 1585 1799 1630 hospitalia,
1824 1596 1892 1619 ora-

1149 1640 1241 1680 toria,
1253 1639 1535 1680 confraternitates,
1549 1639 1723 1680 societates,
1737 1649 1791 1672 seu
1805 1639 1892 1673 scho-

1151 1694 1195 1727 las
1213 1693 1306 1726 etiani
1322 1692 1486 1734 laicorum,
1500 1692 1593 1725 etiam
1614 1692 1891 1737 disciplinantium,

1152 1752 1182 1781 et
1198 1747 1273 1780 alias
1297 1746 1535 1790 quomodolibet
1557 1750 1763 1790 nuncupatas,
1783 1751 1814 1780 et
1832 1747 1893 1780 alia

1152 1801 1203 1845 pia
1226 1801 1295 1833 loca
1320 1800 1412 1833 etiam
1436 1810 1493 1844 per
1522 1800 1618 1833 laicos
1649 1800 1819 1843 gubernari
1847 1811 1894 1834 so-

1153 1854 1217 1895 lita,
1231 1854 1324 1887 etiarn
1342 1854 1579 1897 quomodolibet
1589 1859 1742 1898 exempta,
1752 1864 1788 1888 ac
1801 1854 1893 1888 nobis

1153 1914 1183 1942 et
1204 1907 1402 1952 Apostolicae
1427 1908 1497 1941 Sedi
1530 1907 1708 1942 immediate
1733 1908 1893 1949 subiecta,

1154 1962 1275 1995 etiamsi
1306 1962 1423 1994 nullius
1459 1961 1631 2003 dioecesis,
1656 1962 1702 1994 vel
1729 1961 1894 2005 hospitalis

1153 2017 1182 2050 S.
1208 2016 1331 2050 Ioannis
1366 2015 1660 2061 Hierosolymitani,
1688 2016 1736 2049 vel
1761 2015 1892 2048 aliarum

1155 2069 1337 2102 militiarum
1363 2069 1503 2110 existant,
1521 2069 1615 2102 etiam
1632 2079 1678 2109 ea,
1698 2079 1778 2112 quae
1793 2068 1894 2101 distri-

1155 2128 1222 2156 ctus
1243 2128 1272 2156 et
1291 2123 1451 2157 territoria
1475 2123 1604 2167 propria
1628 2123 1755 2163 habent,
1772 2131 1893 2155 necnon

1155 2177 1248 2210 etiam
1273 2187 1308 2209 ea
1332 2176 1458 2217 onmia,
1483 2187 1562 2220 quae
1590 2176 1648 2220 ipsi
1672 2177 1816 2209 locorum
1840 2175 1895 2209 Or-

1155 2230 1277 2271 dinarii,
1306 2235 1465 2274 tamquam
1490 2230 1630 2263 eiusdem
1655 2230 1743 2263 Sedis
1767 2231 1895 2275 Aposto-

1155 2284 1234 2318 licae
1258 2284 1392 2327 delegati
1416 2284 1455 2317 de
1480 2284 1548 2317 iure
1568 2284 1615 2317 vel
1640 2294 1675 2316 ex
1700 2283 1835 2317 decretis
1851 2294 1896 2316 sa-

1156 2338 1200 2371 cri
1224 2337 1353 2371 Concilii
1383 2336 1555 2369 Tridentini
1587 2336 1712 2370 visitare
1743 2342 1894 2380 possunt,

1155 2402 1330 2434 eorumque
1357 2390 1503 2434 capitula,
1528 2389 1776 2430 archidiaconos,
1805 2400 1896 2434 prae-

1155 2445 1283 2488 positos,
1301 2444 1593 2489 archipresbyteros
1618 2449 1647 2477 et
1666 2443 1742 2476 alias
1766 2443 1896 2487 dignita-

1156 2504 1211 2539 tes,
1235 2499 1328 2532 etiam
1353 2499 1488 2532 maiores
1513 2501 1583 2542 post
1606 2498 1830 2542 pontificalem,
1847 2498 1894 2531 vel

1156 2553 1345 2597 principales
1370 2552 1400 2585 in
1426 2552 1499 2596 ipsis
1527 2551 1710 2595 collegiatis,
1734 2562 1769 2585 ae
1793 2562 1896 2596 perso-

1156 2611 1246 2640 natus
1266 2611 1296 2639 et
1312 2605 1414 2639 officia
1439 2605 1625 2646 obtinentes,
1650 2604 1826 2646 canonicos
1843 2615 1896 2648 pa-

1157 2661 1345 2695 rochialium
1368 2660 1572 2695 ecclesiarum
1596 2663 1736 2695 rectores
1750 2686 1757 2700 ,
1780 2659 1897 2704 portio-
