2269 3235
498 218 562 251 732

545 279 733 313 conceditur
765 278 894 312 cuilibet
925 277 1082 311 sacerdoti
1121 278 1195 311 dicti
1222 278 1225 287 ¹

544 332 686 371 Ordinis,
705 336 737 365 ut
754 332 832 365 duas
851 333 961 364 missas
974 331 1108 374 singulis
1125 331 1198 363 lieb-

544 387 688 419 (louiadis
727 385 899 427 celebrare,
940 389 970 419 et
1009 385 1048 418 de
1089 395 1198 418 earum

544 439 757 482 eleemosynis
778 439 817 472 ad
850 441 916 476 sui,
933 439 1057 472 libitum
1089 439 1197 481 dispo-

545 502 621 525 nere
647 496 791 535 possent3
809 502 845 526 ac
863 492 1042 536 prohibitio,
1068 501 1106 524 nc
1123 491 1199 525 dicti

544 546 726 580 sacerdotes
753 550 924 580 exerceant
948 546 1050 579 efficia
1080 548 1111 579 et
1146 545 1196 578 di-

544 601 698 642 gnitates,
722 610 803 644 quae
828 602 858 633 iu
885 598 996 633 eadem
1021 599 1200 642 Congrega-

548 655 631 687 tione
658 656 801 687 exerceri
826 653 944 695 solent,
969 654 1043 686 658.

457 706 668 741 CCLXXXlX.
690 707 736 740 De
753 707 908 741 electione
927 707 1080 751 praefecti
1102 716 1201 749 geue-

547 761 636 802 ralis,
662 761 876 795 consultorum
890 765 921 794 et
936 760 1045 794 arbitri
1063 759 1201 803 Congre-

547 816 684 858 gat10nis
700 814 895 848 Clericorum
919 814 1126 857 Regularium
1147 814 1202 846 mi-

548 869 748 901 nistrantium
774 868 919 907 insu-mis,
944 867 1018 900 659.

460 920 570 955 CCXC.
595 920 641 953 De
667 920 823 954 electione
849 920 1051 953 definitorum
1069 919 1202 962 Congre-

548 975 684 1017 gationis
713 973 926 1015 Cassinensis,
960 973 1039 1007 alias
1073 976 1202 1013 sanetae

549 1027 687 1060 Iustinae
713 1027 752 1060 de
784 1027 909 1067 Padua,
936 1026 1068 1061 Ordinis
1103 1029 1203 1061 sancti

550 1080 724 1121 Benedicti,
737 1080 822 1113 aede
837 1080 1022 1114 eorumdem
1039 1081 1204 1114 vacatione

551 1133 590 1166 ab
623 1134 743 1171 oflici03
781 1142 904 1166 necnon
944 1133 984 1166 de
1019 1135 1204 1167 auctoritate

550 1186 654 1219 dietae
679 1188 763 1219 circa
788 1187 1014 1229 dispositiones
1040 1186 1204 1222 abbatum.

551 1249 724 1283 eorumque
745 1241 944 1281 mutationes,
963 1249 999 1273 ac
1017 1250 1136 1282 eorum,
1152 1242 1205 1285 qni

549 1292 723 1326 decanatus
749 1302 880 1326 munere
906 1293 995 1337 digni
1020 1297 1103 1337 sunt,
1129 1293 1208 1327 elec-

550 1348 679 1387 tionem,
703 1347 777 1379 661.

463 1397 585 1433 CCXCl.
623 1399 825 1433 Confirmatio
861 1400 1121 1434 constitutionum
1153 1400 1209 1434 Ur-

552 1452 706 1486 banarum
731 1454 861 1486 fratrum
886 1454 1044 1488 Minoi-um
1072 1455 1209 1488 Conven-

553 1507 685 1540 tualium
710 1507 840 1541 Ordinis
865 1508 894 1540 S.
921 1508 1081 1542 Francisci
1106 1511 1137 1542 in
1159 1520 1210 1543 ca-

554 1560 652 1603 pitulo
677 1561 819 1603 generali
857 1562 932 1595 dicti
966 1561 1096 1596 Ordinis
1127 1572 1209 1596 anno

555 1623 684 1647 moexxv
706 1614 865 1648 celebrato
884 1626 939 1659 pro
955 1615 1087 1649 feliciori
1111 1618 1210 1661 ipsius

554 1665 686 1700 Ordinis
712 1678 881 1711 progressu
906 1669 1074 1711 editarum,
1099 1679 1135 1703 ac
1171 1672 1210 1704 dc

554 1718 702 1751 mandato
720 1718 837 1752 Urbani
861 1719 929 1752 vul
948 1722 1210 1764 examinatarum,

556 1780 628 1803 cum
653 1771 868 1805 annullatione
893 1782 1165 1818 quarumcumque
1183 1784 1212 1807 a-

556 1823 669 1857 liarum
695 1827 955 1859 constitutionum
969 1827 1142 1870 praedictis
1162 1837 1211 1861 re-

555 1880 776 1922 pugnantium,
802 1880 876 1912 663.

1047 224 1141 246 numa
1148 223 1223 246 RIUM
1249 223 1399 246 ROMANUM

1251 277 1389 309 Ctlxtjll.
1415 276 1584 310 Concessio
1609 276 1764 310 ecclesiae
1789 276 1818 310 S.
1836 277 1993 312 Laurentii

1342 331 1371 362 iu
1400 329 1504 371 Fonte,
1525 332 1555 363 in
1581 331 1711 373 regione
1736 329 1887 364 Montium
1904 333 1992 373 sitae,

1340 382 1589 416 confraternitati
1626 383 1832 425 Aulicornm,
1869 384 1908 417 ad
1944 386 1995 427 pia

1340 445 1436 479 opera
1471 446 1527 479 per
1558 439 1626 470 eius
1658 437 1832 471 confratres
1865 439 1894 470 in
1928 439 1996 480 ipsa

1342 489 1533 531 exercenda,
1559 490 1632 523 664.

1254 546 1407 580 CCXClll.
1434 548 1536 591 Super
1560 547 1788 590 prohibitione,
1819 558 1858 581 nc
1886 557 1998 581 saeer-

1343 600 1432 634 dotes
1453 599 1584 635 Ordinis
1607 601 1636 634 S.
1663 600 1789 634 loannis
1813 602 1919 635 officia
1944 602 1998 634 ha-

1344 653 1447 695 beant,
1473 656 1616 699 sequitur
1641 654 1823 696 declarabo,
1848 664 1929 699 quae
1948 665 2000 689 no-

1342 707 1481 741 minibus
1521 709 1697 742 officiorum
1738 712 1769 741 et
1810 708 1999 752 dignitatum

1344 760 1549 804 intelligenda
1577 763 1656 804 siut,
1682 771 1718 795 ac
1750 771 1923 805 poenarum
1954 763 2000 794 in-

1345 814 1439 846 llietio
1469 814 1660 857 eligentibus
1691 825 1727 849 ae
1753 815 1862 848 electis
1892 818 1999 848 contra

1346 866 1476 900 sormam
1502 868 1595 901 huius
1621 870 1860 902 constitutionis.

1256 922 1412 957 CCXClV.
1426 923 1513 957 Nova
1527 927 1644 958 erectio
1655 927 1819 959 seminarii
1837 927 2000 969 apostolici

1345 976 1547 1019 Cariatensis,
1563 987 1634 1011 eum
1660 979 1875 1021 assignatione
1893 978 2002 1011 aediti-

1346 1031 1468 1064 ciorum
1494 1034 1525 1064 et
1549 1033 1798 1074 possessionum,
1824 1033 1897 1064 668.

1260 1087 1395 1122 CCXCV.
1421 1088 1615 1132 Approbatio
1640 1092 1671 1123 et
1695 1090 1891 1123 confirmatio
1923 1099 2001 1122 non-

1348 1140 1504 1175 nullarum
1530 1144 1789 1176 constitutionum
1815 1153 1871 1186 pro
1897 1144 2002 1176 tutiori

1348 1194 1479 1228 fratrum
1502 1194 1773 1229 Disealceatorum
1800 1195 2003 1229 Reformato-

1349 1257 1419 1280 rum
1443 1246 1574 1282 Ordinis
1599 1248 1628 1281 S.
1654 1250 1825 1292 Augustini
1858 1248 2004 1291 Congre-

1349 1301 1485 1343 gationis
1510 1300 1630 1335 Galliac
1653 1301 1809 1345 gubernio
1835 1300 2003 1342 editarum,

1352 1359 1426 1391 669.

1263 1415 1417 1450 CCXCVI.
1443 1417 1671 1452 Ordinationes
1695 1424 1727 1452 et
1756 1418 1845 1462 leges
1878 1427 2006 1452 servan-

1353 1476 1411 1510 dae
1437 1479 1468 1510 in
1494 1477 1650 1512 electione
1668 1480 1775 1522 magni
1793 1479 1936 1523 magistri
1953 1479 2006 1512 ho-

1353 1534 1474 1577 spitalis
1498 1537 1597 1569 saneti
1622 1535 1747 1570 Ioannis
1772 1536 2006 1580 Hierosolymi-

1354 1594 1428 1634 tani,
1443 1592 1518 1626 67⁶2.

1265 1649 1431 1684 CCXCVII.
1468 1650 1670 1686 Confirmatio
1710 1654 1836 1687 unionis
1867 1652 2007 1696 Congre—

1354 1710 1506 1752 grationis
1523 1709 1785 1753 Presbyterorum
1810 1710 1948 1745 Oratorii
1973 1710 2006 1743 B.

1353 1766 1471 1800 Mariae
1494 1769 1666 1810 gratiarum
1692 1771 1722 1802 in
1748 1766 1911 1812 provincia
1935 1768 2008 1802 Pro-

1354 1825 1478 1857 vinciae
1518 1824 1763 1868 Congregationi
1802 1826 1939 1861 Oratorii
1970 1825 2007 1860 D.

1354 1881 1391 1916 N.
1416 1881 1489 1916 Iesu
1513 1882 1638 1927 Christi,
1664 1886 1739 1918 677.

981 2246 1079 2282 FINIS
1103 2248 1195 2308 TOMI
1218 2249 1492 2285 DECIMITERTII.

1131 2557 1165 2591 V.
1189 2567 1228 2591 esc
1247 2557 1449 2603 deleyatione
1467 2561 1507 2594 D.
1530 2561 1569 2594 D.
1593 2561 1841 2605 Arohiepiscopi
1864 2560 1963 2595 Taur.

1196 2620 1230 2653 P.
1253 2621 1464 2657 Cnonovanus
1484 2633 1502 2656 A
1521 2622 1724 2657 Cosrimoms
1743 2621 1825 2656 Ord.
1846 2621 1919 2655 Min.
