2269 3235
249 237 298 264 An.
316 238 345 264 C.
364 237 430 264 1027

284 1518 380 1538 Clausal-i
395 1517 439 1537 sub-

258 1546 307 1566 tutti.

293 2156 448 2176 Contrariorum

267 2183 385 2208 derogatio.

475 227 539 261 574Δ

445 283 620 328 specialiter
655 286 685 316 et
715 290 859 324 expresse
892 279 921 311 in
954 288 1023 311 etun
1056 289 1181 310 causam

446 342 516 370 ante
531 335 770 380 publicationem
786 332 996 376 prtwsentiunt
1012 332 1105 374 facta)
1120 330 1186 373 qui-

446 389 551 421 busvis
567 386 819 431 personis‚etiaiu
834 384 990 423 abbatiali,
1005 383 1184 426 episcopali7

447 440 717 484 areliiepiscopali,
739 437 952 481 patriarchali,
971 437 1016 469 vel
1036 436 1094 468 alia
1115 447 1187 479 qua-

447 495 492 527 vis
516 493 684 535 dignitate,
709 492 802 523 etiam
829 491 1038 523 cardinalatus
1063 490 1186 521 bonore

447 546 647 588 fulgentibus,
661 545 770 588 quovis
789 544 901 577 iutuitu
921 549 951 575 et.
967 542 1188 575 consideratio·

447 599 597 639 ne‚etiam
612 602 696 631 motu
711 597 842 641 proprio
856 602 882 629 et
899 608 933 629 ex
946 598 1030 629 certa
1048 595 1185 637 scientia,

447 664 482 684 ac
499 652 660 696 potestatis
678 651 880 694 plenitudiue,
898 661 933 682 ac
951 650 1043 682 etiarn
1058 649 1142 693 quod
1156 649 1186 681 in

447 705 500 746 eis7
526 705 609 748 quod
634 704 686 736 illa
711 704 768 736 sub
793 702 1044 736 revocationibus
1064 707 1091 734 ct
1118 712 1188 735 con-

449 759 552 791 trariis
576 758 834 802 dispositionibus
852 768 908 800 per
933 758 1089 789 Romanos
1112 756 1189 789 Pon-

450 812 546 844 tifices
578 822 636 855 pro
669 816 811 855 tempore
844 810 1012 843 existentes
1040 820 1186 853 compre-

449 865 542 897 hendi
569 875 632 897 non
660 875 751 908 posse
779 869 831 896 aut
860 863 975 895 debere
1003 873 1187 896 concessum

451 920 538 959 foret,
564 924 593 951 et
618 918 694 950 alias
720 929 790 950 cuin
818 916 979 960 quibusvis
1003 915 1071 948 aliis
1095 915 1186 948 etiam

449 971 719 1013 ‹lerogatorianun
753 969 962 1011 derogatoriis
994 972 1023 1003 ct
1056 968 1189 1002 insolitis

450 1025 605 1065 clausulis,
630 1035 752 1057 necnon
778 1023 974 1057 irritantibus
998 1027 1027 1057 ct
1051 1023 1119 1055 aliis
1139 1023 1189 1056 de-

450 1079 553 1118 cretis,
578 1088 713 1121 quorum
739 1082 874 1117 tenores,
893 1076 1025 1121 perinde
1049 1087 1084 1109 ac
1109 1076 1189 1109 side

450 1131 546 1164 verbo
571 1131 609 1163 ad
628 1131 760 1163 verbum
788 1131 1000 1163 insererentur
1029 1135 1059 1163 et,
1087 1129 1185 1173 expri-

451 1189 620 1224 merentur,
639 1184 747 1216 haberi
770 1184 866 1218 voluit
883 1194 941 1227 pro
959 1183 1124 1227 expressis,
1142 1183 1190 1216 vel

451 1239 525 1271 alias
549 1239 659 1282 quovis
680 1238 773 1271 modo
791 1243 821 1270 et
838 1248 874 1270 ex
892 1238 1001 1280 quavis
1022 1239 1117 1269 causa
1134 1248 1191 1280 per

451 1303 665 1336 quoscun'ique
690 1292 849 1324 Romanos
874 1291 1040 1324 Pontifices
1065 1290 1192 1334 praede-

453 1357 594 1379 cessores
608 1357 681 1378 suos
694 1346 844 1378 hactenus
856 1355 1012 1385 concessa,
1023 1343 1192 1384 revocavit,

454 1399 581 1433 cassavit
596 1404 625 1431 et
642 1399 824 1439 annullavit,
842 1409 878 1431 ac
895 1398 1016 1431 viribus
1033 1403 1063 1431 et
1080 1397 1193 1431 effectu

454 1452 620 1485 evacuavit.

498 1506 511 1549 ,ἓ
535 1505 564 1538 3.
589 1506 766 1538 Decernens
791 1506 834 1538 sic
866 1505 897 1537 in
930 1505 1111 1549 praemissis
1136 1515 1194 1549 per

454 1570 666 1603 quoscumque
684 1560 802 1592 iudices
823 1559 1000 1592 ordinarios
1018 1565 1048 1592 et
1072 1558 1195 1601 delega-

455 1620 512 1651 tos,
530 1614 621 1646 etiam
642 1624 806 1647 causarum
832 1613 938 1657 palatii
963 1612 1125 1656 apostolici
1145 1623 1196 1644 au-

456 1667 572 1700 ditores
587 1694 594 1707 ,
619 1667 833 1711 ipsosquemet
858 1666 1049 1706 cardinales,
1075 1665 1195 1698 sublata

457 1720 501 1751 eis
525 1725 554 1752 et
585 1731 695 1753 eorum
721 1720 847 1753 cuilibet
871 1719 980 1763 quavis
1005 1719 1096 1752 aliter
1120 1717 1197 1751 tudi-

459 1773 548 1805 eandi
572 1779 602 1806 et
625 1773 852 1817 interpretandi
873 1774 1017 1806 facultate
1041 1778 1071 1805 et
1095 1777 1199 1805 aucto-

459 1826 559 1866 ritate,
574 1826 704 1859 iudicari
730 1831 759 1859 et
783 1826 907 1859 deliniri
931 1826 1057 1868 debere7
1077 1836 1199 1859 necnon

460 1880 584 1913 irritum
615 1886 645 1913 et
675 1880 766 1913 inane
799 1880 951 1924 quidquid
984 1890 1074 1913 secus
1106 1890 1200 1924 super

460 1933 640 1976 praemissis
663 1944 720 1976 per
744 1944 971 1977 quoscumque,
997 1932 1089 1965 etiam
1109 1943 1200 1976 prae-

461 1992 545 2019 textu
562 1987 753 2029 facultatum,
770 1987 964 2019 indultorum
979 1992 1009 2019 et
1025 1986 1202 2030 privilegio-

462 2051 532 2072 rum
557 2040 802 2084 praedictorum,
821 2041 956 2074 scienter
980 2042 1027 2074 vel
1053 2042 1201 2084 ignoran-

462 2101 509 2127 ter
527 2095 688 2138 contigerit
708 2096 862 2129 attentari.

508 2149 522 2192 ἓ
539 2148 568 2181 -4,
589 2149 813 2189 Facultatibus,
831 2149 958 2181 indultis
975 2154 1004 2182 et
1020 2148 1202 2192 privilegiis,

464 2202 593 2245 aliisque
610 2202 800 2246 praemissis,
817 2212 939 2235 necnon
953 2202 1063 2245 regula
1080 2201 1118 2234 de
1136 2202 1204 2234 iure

465 2256 605 2298 quaesito
622 2266 683 2288 non
702 2255 849 2295 tollendo,
864 2260 988 2296 statuto,
1006 2254 1204 2288 ordinatione

466 2314 492 2341 et
518 2309 727 2342 declaratione
744 2309 822 2341 Suae
841 2308 1017 2342 Sanctitatis
1043 2309 1075 2341 in
1099 2309 1206 2341 crasti-

466 2372 540 2394 num
569 2362 634 2395 cius
663 2362 889 2406 assumptionis
918 2362 955 2395 ad
989 2362 1103 2395 summi
1129 2373 1206 2406 apo-

467 2416 595 2447 stolatus
626 2416 745 2459 apicem
779 2416 878 2457 editis,
904 2420 934 2448 et
964 2416 994 2447 in
1019 2415 1206 2448 cancellaria

468 2469 638 2512 apostolica
669 2470 726 2502 sub
758 2470 807 2502 die
839 2480 890 2503 xxi
922 2469 1038 2502 mensis
1068 2469 1206 2503 octobris

469 2521 538 2553 anni
555 2522 711 2555 millesimi
726 2522 942 2555 sexcentesimi
954 2523 1107 2565 'vigesimi
1125 2523 1206 2556 tertii

472 2576 645 2617 publicatis,
659 2577 804 2620 quodque
824 2577 897 2609 dicti
911 2582 1033 2609 sanctae
1051 2578 1208 2609 Romanae

475 2628 627 2661 aeclesiae
648 2629 820 2662 cardinales
838 2630 867 2662 in
888 2630 1163 2664 constitutionibus
1180 2635 1206 2662 ct

1021 230 1199 255 ntiLLMtIUM
1223 228 1377 253 ROMANUM

1971 229 2020 257 An.
2037 229 2066 258 C.
2088 230 2154 258 1627

1220 276 1337 319 regulis·
1362 287 1419 319 per
1444 273 1644 307 Sanctitatcm
1666 274 1760 308 Suam
1783 281 1855 320 post
1878 277 1959 321 prio-

1221 340 1290 362 rum
1309 339 1435 361 suarum
1457 327 1716 361 constitutionum
1733 333 1763 361 et
1778 330 1960 372 regularum

1220 382 1389 414 editionem
1414 384 1444 414 ct
1469 380 1713 424 publicationem
1732 380 1879 415 faciendis
1898 393 1961 417 non

1222 435 1439 477 includantur,
1464 434 1524 467 nisi
1549 434 1619 467 illac
1644 434 1828 468 corumdem
1853 436 1958 469 cardi-

1222 488 1339 520 nalium
1359 489 1499 521 {averem
1513 492 1713 529 concernunt,
1726 488 1774 521 vel
1791 489 1876 532 ipsae
1893 500 1964 523 con-

1222 540 1398 574 stitutiones
1427 545 1458 573 et
1488 541 1617 584 regulae
1641 541 1778 574 edendae
1809 541 1847 575 de
1878 541 1962 586 ipso—

1222 606 1292 627 rum
1311 594 1517 628 cardinalium
1532 595 1578 627 vel
1596 594 1726 628 maioris
1742 595 1839 638 partis
1851 605 1962 629 eorum

1222 648 1353 681 consilio
1378 647 1479 681 editae
1504 647 1641 688 fuerint,
1666 647 1798 691 aliisque
1822 648 1962 691 regulis,

1222 701 1496 735 constitutionibus
1520 706 1550 734 et
1573 701 1823 734 ordinationibus
1843 706 1964 745 aposto-

1223 754 1299 796 licis,
1318 754 1493 798 ceterisque
1509 754 1675 789 contrariis
1699 755 1963 800 quibuscumque,

1223 818 1420 852 nequaquam
1445 809 1652 842 obstantibus.

1334 862 1376 895 Pl.
1394 861 1573 906 publicetur
1590 867 1620 896 ct
1635 862 1842 898 describatur.
1859 863 1896 896 M.

2018 874 2088 900 Papae
2115 872 2164 894 oub-

1980 901 2074 928 scriptio.

1266 934 1443 969 Publicola
1459 945 1501 967 xx
1519 934 1607 977 iulii,
1626 935 1707 968 hora
1719 935 1966 979 decimaquarta

1222 988 1259 1020 in
1283 987 1482 1021 cancellaria
1506 987 1685 1031 apostolica
1708 997 1869 1021 Mocxxvn.

1751 1050 1785 1082 A.
1811 1060 1876 1093 reg.

1268 1122 1363 1155 Lecta
1384 1126 1412 1155 et
1421 1121 1590 1165 publicata
1602 1121 1668 1165 fm't
1683 1121 1874 1164 supradicta
1888 1121 1968 1156 Con·
2008 1141 2135 1163 pumicum,

1224 1175 1352 1208 stitutio
1369 1176 1490 1208 Romae
1509 1175 1546 1208 in
1566 1174 1765 1208 cancellarici
1781 1174 1967 1218 apostolico,

1225 1240 1312 1262 anno
1332 1229 1577 1262 Incarnationis
1594 1229 1785 1262 Domim'cae
1804 1237 1968 1269 uncxxvtn

1226 1281 1278 1314 die
1304 1292 1375 1315 vero
1406 1282 1524 1314 vicarlis
1555 1291 1596 1315 xx
1621 1280 1711 1322 iulii,
1741 1285 1771 1314 ct
1792 1281 1967 1324 reqistrata

1226 1335 1290 1377 suit
1303 1336 1315 1367 ’ί
1318 1347 1339 1368 n
1349 1346 1391 1379 qu
1397 1336 1523 1368 interno
1534 1336 1750 1368 cancellariae
1761 1334 1967 1379 apostolicae,

1224 1388 1434 1431 pontificatus
1446 1388 1502 1422 SS.
1511 1388 1549 1421 D.
1557 1388 1596 1422 N.
1606 1399 1692 1422 anno
1706 1398 1748 1421 1v.

1272 1459 1401 1494 MARCUS
1421 1461 1584 1494 Aaronios
1600 1460 1777 1493 Ascen'rms
1794 1463 1970 1503 procustos.

1545 1585 1662 1619 CCLIV.

1380 1656 1505 1689 Erectio
1536 1656 1665 1700 colleyii
1699 1656 1825 1689 Urbani

1408 1709 1445 1742 de
1452 1709 1675 1753 Propayandci
1684 1708 1766 1742 Fide
1774 1707 1793 1741 ¹.

1436 1781 1572 1808 Urbanus
1593 1780 1767 1814 Episcopus,

1419 1832 1524 1853 servus
1552 1833 1706 1853 servorum
1726 1825 1791 1858 Dei,

1354 1870 1390 1897 ad
1409 1873 1585 1923 pegpetuam
1604 1869 1649 1897 rei
1668 1868 1856 1897 memoriam.

1279 1932 1469 1965 Immortalis
1494 1931 1548 1965 Dei
1572 1931 1669 1965 Filius
1693 1936 1834 1965 nostram
1858 1935 1978 1964 morta·
2019 1939 2159 1961 Prooemium.

1235 1986 1353 2019 litatem
1378 1986 1510 2019 induere
1534 1987 1652 2027 volens,
1676 1990 1710 2020 ut
1734 1985 1880 2019 tenebras
1907 1984 1977 2018 infi-

1236 2040 1372 2073 delitatis
1398 2045 1492 2084 atque
1518 2039 1716 2083 insipientiae
1747 2039 1876 2072 umbras
1900 2038 1978 2072 deii-

1237 2099 1331 2135 ceret,
1349 2104 1430 2137 quae
1447 2094 1612 2126 homnium
1629 2093 1749 2126 animas
1766 2093 1979 2137 oppleverant,

1237 2146 1332 2179 veluti
1363 2146 1409 2179 sol
1441 2146 1689 2189 fulgentissimus
1721 2150 1767 2179 est
1799 2151 1926 2179 exortus
1951 2150 1982 2178 et

1239 2211 1329 2233 verae
1354 2200 1426 2233 fidei
1443 2200 1598 2243 igniculos
1615 2200 1733 2244 ubique
1748 2205 1906 2234 terrarum
1923 2210 1981 2244 per

1238 2254 1415 2297 Apostolos,
1432 2259 1617 2297 ceterosque
1631 2254 1784 2297 evangelii
1797 2263 1980 2298 praeconeS,

1239 2313 1398 2352 tamquam
1409 2318 1467 2351 per
1476 2307 1664 2341 nitidissima
1677 2308 1790 2352 sydera
1803 2307 1980 2340 diffundere

1240 2361 1368 2394 curavit.
1393 2361 1546 2400 Quoniam
1572 2372 1658 2403 vero,
1682 2361 1731 2394 vel
1756 2361 1910 2405 quaedam
1936 2371 1982 2393 su-

1239 2418 1369 2459 persunt
1382 2415 1537 2458 regiones,
1551 2425 1640 2458 quae,
1654 2419 1688 2448 ut
1700 2415 1823 2458 penitus
1837 2415 1981 2448 locorum

1241 2469 1473 2513 intercapedine
1490 2469 1626 2510 dissitae,
1644 2470 1691 2502 vel
1708 2469 1844 2502 barbara
1861 2468 1983 2502 feritate

1241 2523 1435 2563 dissociatae,
1456 2523 1564 2555 lumen
1581 2523 1683 2555 adhuc
1700 2521 1823 2555 divinae
1848 2521 1927 2565 legis
1947 2531 1983 2553 ac

1242 2575 1314 2609 fidei
1339 2576 1469 2609 minime
1494 2580 1705 2620 exceperunt,
1729 2579 1783 2609 aut
1812 2574 1981 2609 nonnullae

1279 2640 1288 2665 1
1313 2638 1350 2666 Ex
1369 2639 1479 2673 Rogest.
1502 2639 1527 2665 in
1549 2638 1651 2666 Secret.
1673 2637 1750 2665 Brev.
