2269 3235
224 249 273 275 An.
291 250 318 275 ⁴1.
346 249 409 275 ttisL'ti

260 575 364 596 Exn-miii,
379 583 382 593 ⁴
395 580 404 593 n

222 608 263 628 qua
280 608 299 621 m
315 602 404 621 rubrica.

249 1477 358 1496 Contraria
372 1475 409 1495 tol«

228 1504 303 1524 luatur.

243 1636 304 1656 Fides
312 1637 412 1655 tranzuiu-

229 1666 270 1688 ptis
284 1663 376 1683 additui.

455 238 497 270 lis»
506 239 520 270 ἰι

423 300 481 328 tate
496 295 709 327 concessimus
722 299 749 325 et
766 293 913 335 impartiti
934 302 1051 329 sumus,
1067 297 1157 335 prout

422 349 451 381 in
478 348 593 381 nostris
617 348 752 389 desuper
770 346 799 377 in
818 345 909 377 simili
936 345 1034 378 forma
1056 343 1160 377 Brevis

421 401 572 445 expeditis
585 399 706 441 litteris,
718 409 850 441 quarum
867 396 1003 431 tenores¹
1016 408 1161 441 praesen-

422 454 502 487 tibus
527 464 584 497 pro
610 452 764 495 expressis
789 451 897 483 liabcri
925 451 1079 490 volumus,
1099 450 1160 493 ple-

421 507 490 539 nius
511 505 714 539 ‹·ontinctur‘³.

465 562 479 601 ξ
505 560 532 591 l.
559 561 646 592 Nunc
666 564 780 597 autem,
798 558 901 590 dilecti
928 558 981 590 tilii
1007 568 1158 601 procura-

422 613 497 645 toris
522 612 677 655 generalis
708 611 781 644 dicti
812 611 936 643 Ordinis
964 622 998 643 ac
1025 610 1158 643 ministri

420 666 575 709 generalis
608 666 739 698 fratrum
764 665 999 708 1⁷›1*:u¹tlictol·utn
1032 664 1159 697 nomine

421 719 510 751 nobis
528 719 690 751 humiliter
707 718 861 761 porrectis
879 717 1159 761 supplicationibus

421 773 568 813 inclinati,
579 773 616 805 dc
629 772 862 816 praedictorum
875 771 1079 804 cardinalium
1090 780 1160 803 con-

420 826 499 867 silio,
525 831 557 859 ut
581 837 597 858 a
618 826 766 858 fratribus
791 825 929 857 eiusdem
951 824 1076 857 Ordinis
1096 824 1161 856 uni-

421 881 518 913 versis
539 884 568 912 et
588 879 719 922 singulis
736 879 851 921 ubique
867 877 1081 917 existentibus,
1099 877 1160 909 Ro-

420 944 489 966 mae
504 939 606 965 autem
626 933 785 966 dumtaxat
802 932 840 964 ab
854 931 898 963 cis
916 936 945 963 et
962 942 978 963 a
996 929 1161 963 sacerdoti-

420 989 478 1021 bus
504 989 540 1020 ad
566 987 728 1020 ecclesiam
754 986 806 1018 ubi
833 985 973 1017 eiusdem
994 984 1024 1016 B.
1050 983 1161 1016 Felicis

422 1052 535 1084 corpus
561 1040 727 1083 requiescit
753 1036 1003 1071 confluentibus⁸
1023 1035 1161 1069 officium

422 1099 451 1128 et
482 1094 575 1127 missa
605 1093 642 1126 de
675 1104 711 1125 co
741 1098 900 1135 tamquam
932 1091 970 1123 de
1002 1088 1161 1123 communi

421 1147 611 1180 Confessoris
636 1156 698 1179 non
723 1145 882 1178 l'ontiticis
910 1144 995 1176 iuxta
1021 1143 1163 1176 rubricas

422 1201 556 1233 missalis
587 1205 614 1232 ct
648 1198 795 1232 breviarii
830 1197 951 1231 romani
978 1196 1102 1229 recitari
1134 1201 1163 1228 et

423 1255 575 1287 celebrari
596 1254 768 1297 respective
794 1253 891 1285 libere
917 1251 1061 1284 similiter
1082 1254 1111 1284 et
1130 1250 1165 1282 li-

423 1309 481 1340 cite
502 1308 599 1351 possit
620 1312 649 1339 et
670 1308 778 1347 valcat,
803 1305 962 1339 licentiam
987 1309 1016 1337 et
1041 1304 1166 1336 faculta-

424 1368 496 1402 tem,
514 1361 594 1394 dieta
615 1360 809 1399 auctoritate,
827 1365 932 1392 tenore
952 1357 1164 1402 praesentium

425 1415 626 1448 concedimus
651 1415 768 1458 pariter
794 1419 821 1445 et
848 1413 1058 1457 impartimur.

470 1469 484 1512 ἓ
515 1469 544 1501 2.
576 1469 643 1501 Non
677 1467 873 1501 obstantibus
907 1466 1052 1499 onmibus
1085 1465 1165 1505 illis,

378 1527 381 1530 '
426 1533 505 1565 quae
530 1522 560 1554 in
585 1522 675 1555 dictis
700 1521 811 1554 litteris
836 1520 992 1553 xoluimus
1017 1530 1080 1552 non
1109 1519 1165 1552 ob-

427 1582 518 1615 stare,
529 1575 703 1618 celerisque
721 1574 887 1607 contrariis
904 1574 1165 1617 quilmscumque.

471 1630 486 1673 ξ
516 1629 545 1662 3.
572 1629 722 1661 Volumus
747 1632 873 1667 aulem,
898 1633 930 1659 ut„
954 1626 1166 1670 praesentium

429 1683 643 1726 transumptis,
661 1682 753 1715 etiam
773 1681 943 1724 impressis,
962 1691 1055 1712 manu
1076 1679 1168 1712 alicu<

428 1738 475 1770 ius
498 1737 612 1769 notarii
643 1736 759 1779 publici
783 1734 987 1777 subscriptis,
1012 1739 1041 1766 et
1065 1733 1167 1776 sigillo

428 1791 559 1823 alicuius
572 1800 724 1833 personae
742 1789 773 1821 in
790 1789 939 1831 dignitate
957 1788 1167 1820 ecclesiastica

429 1843 615 1877 constitutae
629 1843 767 1883 munitis,
781 1841 887 1874 eadem
904 1852 1034 1884 prorsus
1051 1841 1168 1884 ubique

428 1897 505 1930 sides
529 1897 725 1936 adhibeatur,
749 1906 828 1939 quae.
853 1894 1058 1927 adhiberetur
1082 1905 1169 1938 prae-

429 1950 577 1992 sentibus,
601 1950 624 1982 si
651 1950 748 1983 forent
775 1949 930 1981 exhibitae
948 1949 994 1980 vel
1015 1953 1167 1980 ostensae.

473 2004 584 2036 Datum
610 2004 747 2044 Romae,
773 2002 856 2046 apud
882 2002 910 2035 S
937 2002 1063 2034 Petrum
1079 2029 1086 2041 ,
1111 2002 1168 2034 sub

430 2057 544 2090 annulo
556 2057 733 2097 Piscatoris,
759 2056 808 2088 die
830 2066 859 2089 lx
886 2056 993 2099 aprilis
1017 2066 1168 2093 uncxxw,

430 2111 627 2154 pontificatus
641 2110 739 2143 nostri
755 2120 836 2142 anno
855 2120 897 2142 111.

465 2173 526 2199 Dat.
543 2173 587 2200 die
602 2172 618 2199 9
633 2172 727 2207 aprilis
748 2172 823 2206 1626,
840 2171 933 2207 pontif.
951 2180 1021 2198 anno
1038 2178 1075 2198 m.

775 2309 827 2342 CC.

433 2383 635 2424 Dect-stratio,
666 2381 752 2426 quod
776 2386 887 2414 sancta
912 2380 1099 2414 Elisabetha
1122 2390 1172 2413 re-

476 2438 557 2479 {Je'ua
589 2435 819 2479 Portuqalliae
847 2436 991 2468 Tertium
1018 2434 1173 2468 Ordinem

478 2490 508 2522 S.
533 2489 702 2522 Frcmcisci
726 2499 870 2533 arpresse
894 2488 993 2531 suerit
1015 2487 1169 2531 professa.

472 2562 482 2586 1
501 2561 569 2588 Edit.
585 2561 663 2588 Main.
680 2561 744 2596 legit
760 2564 856 2589 tenore
873 2562 908 2596 (n.
925 2561 973 2596 Τ.).

470 2606 485 2633 2
501 2608 571 2637 Quas
588 2607 647 2633 vide
662 2615 743 2641 supra
759 2615 818 2641 pag.
837 2606 887 2633 37⁴2
901 2609 937 2640 (a.
955 2607 1002 2635 T).

472 2652 487 2680 3
502 2651 598 2679 Vocem
614 2652 821 2685 confluentibus
836 2651 960 2679 addimus
975 2652 1015 2686 (n.
1032 2651 1079 2685 T.).

995 244 1172 268 minantum
1198 242 1351 266 ROMANUM

1941 239 1990 266 An.
2012 239 2042 267 C.
2060 237 2127 267 1626

1397 290 1531 317 Urbanus
1551 289 1629 323 Papa
1648 289 1726 320 vm,

1318 336 1353 363 ad
1371 336 1546 369 perpetuam
1562 333 1606 360 rei
1624 332 1804 360 memoriam.

1237 396 1324 438 Cum,
1339 397 1415 430 sicut
1431 395 1562 429 dilectus
1575 394 1657 428 silius
1670 394 1800 428 loannes
1814 394 1851 428 de
1865 404 1931 427 san·
1972 409 2064 428 inflante
2082 413 2130 433 pm-

1194 456 1243 484 cto
1268 450 1472 491 Bernardino,
1491 454 1679 493 procurator
1703 448 1857 491 generalis
1877 447 1931 481 Or·
1946 436 2130 490 iiiiii-‘iiim‘r‘fiiiss

1193 504 1274 536 dinis
1306 504 1437 536 fratrum
1471 502 1625 536 Minorum
1657 501 1686 535 S.
1712 501 1870 534 Francisei
1894 500 1931 533 de
1947 490 2130 543 iiiiissisci‘fm'siii

1193 556 1412 599 telliservantia,
1438 556 1528 589 nobis
1556 565 1657 598 nuper
1691 554 1805 598 exponi
1840 553 1931 594 fecit,
1948 541 2096 563 ‘mmmm'

1194 611 1222 642 S.
1248 610 1458 643 Elisabetham
1484 609 1636 652 reginam,
1657 608 1732 641 dum
1756 607 1840 648 vixit,
1860 607 1934 640 Por-

1194 663 1349 705 tugalliac,
1368 673 1461 707 quam
1480 673 1537 695 nos
1554 662 1629 694 alias
1653 661 1757 694 divina
1777 661 1933 704 aspirante

1193 716 1293 757 gratia
1312 716 1342 748 in
1360 716 1546 749 Sanctorum
1564 725 1731 748 numerum
1756 714 1932 755 retulimus,

1193 769 1331 801 Tertium
1367 769 1513 802 Ordinem
1544 769 1572 802 S.
1599 768 1756 801 Francisci
1788 777 1933 811 expresse

1194 823 1366 865 professam
1392 822 1487 855 fuisse
1511 823 1602 865 plene
1626 821 1814 864 constiterit,
1840 826 1935 865 prout

1196 875 1224 907 in
1245 886 1403 919 processu,
1429 875 1559 918 aliisque
1584 875 1859 908 informationibus
1882 874 1935 907 dc-

1195 939 1290 971 super
1313 928 1473 961 t'abricatis
1498 928 1588 960 latius
1613 928 1800 968 continetur,
1821 933 1851 961 et
1866 938 1937 971 pro-

1195 986 1302 1024 pterea
1327 982 1427 1014 dictus
1453 982 1595 1021 Ioannes,
1612 991 1650 1014 ne
1674 981 1730 1014 ulli
1751 982 1783 1014 in
1807 981 1867 1014 hoe
1883 981 1937 1014 du-

1196 1034 1336 1067 bitationi
1363 1035 1450 1067 locus
1481 1044 1618 1077 unquam
1644 1044 1711 1067 esse
1735 1034 1853 1077 possit,
1880 1034 1938 1078 per

1196 1097 1270 1127 nos,
1296 1092 1328 1119 ut
1353 1087 1433 1119 infra
1457 1092 1635 1130 opportune
1660 1086 1827 1130 providere
1851 1097 1937 1120 sum-

1198 1150 1326 1183 mopere
1351 1140 1517 1173 desideret.

1242 1196 1256 1236 ξ
1274 1193 1301 1225 1.
1320 1194 1392 1234 Nos,
1411 1193 1556 1226 eumdem
1582 1193 1729 1226 Ioannem
1750 1193 1938 1237 specialibus

1199 1247 1356 1279 favoribus
1381 1252 1411 1280 et
1436 1247 1544 1290 gratiis
1568 1247 1718 1290 prosequi
1743 1248 1891 1290 volentes,
1908 1252 1939 1280 et

1199 1311 1215 1332 a
1239 1300 1401 1343 quibusvis
1425 1300 1776 1341 excommunicationis,
1801 1310 1935 1344 suspen—

1199 1353 1295 1386 sionis
1321 1359 1350 1386 et,
1375 1354 1542 1394 interdicti,
1566 1354 1697 1398 aliisque
1721 1353 1940 1387 ecclesiast1cis

1200 1408 1372 1449 sententiis,
1398 1408 1539 1441 censuris
1564 1413 1593 1441 et
1616 1408 1737 1452 poenis,
1763 1419 1780 1440 a
1804 1408 1872 1440 iure
1892 1408 1940 1440 vel

1200 1462 1238 1494 ab
1263 1462 1410 1503 homine,
1444 1462 1553 1505 quavis
1577 1462 1742 1496 occasione
1771 1462 1819 1494 vel
1847 1463 1941 1495 causa

1201 1515 1287 1555 latis,
1314 1516 1339 1548 si
1365 1515 1478 1560 quibus
1510 1516 1749 1559 quomodolibet
1773 1515 1941 1549 innodatus

1201 1568 1312 1610 existit,
1330 1568 1367 1600 ad
1385 1568 1531 1601 effectum
1548 1569 1762 1612 praesentium
1782 1568 1943 1601 dumtaxat

1201 1622 1477 1665 conseqiwmlmn,
1504 1623 1616 1655 harum
1642 1622 1722 1655 serie
1746 1622 1942 1655 absolventes

1202 1680 1230 1707 et
1255 1675 1433 1708 absolutum
1453 1676 1519 1707 fore
1544 1681 1717 1717 censentes,
1743 1675 1944 1719 supplicatio-

1201 1729 1294 1762 nibus
1319 1729 1385 1762 eius
1409 1729 1536 1762 nomine
1567 1730 1657 1762 nobis
1685 1740 1779 1774 super
1802 1730 1862 1762 hoc
1886 1729 1943 1762 hu-

1202 1782 1318 1815 militer
1331 1783 1485 1826 porrectis
1500 1783 1649 1825 inclinati,
1664 1783 1701 1816 de
1715 1782 1942 1816 venerabilium

1202 1837 1335 1868 fratrum
1360 1840 1540 1870 nostrorum
1566 1836 1594 1869 S.
1621 1837 1655 1869 R.
1681 1836 1714 1868 E.
1736 1835 1941 1868 cardinalium

1203 1890 1298 1922 sacris
1314 1890 1423 1922 ritibus
1437 1890 1690 1934 praepositomm
1709 1889 1851 1930 consilio,
1865 1899 1945 1922 eam-

1203 1942 1273 1975 dem
1289 1942 1317 1975 S.
1332 1942 1543 1975 Elisabetliam
1558 1943 1653 1976 Tertii
1667 1942 1791 1975 Ordinis
1805 1942 1834 1975 S.
1852 1942 1946 1975 Fran-

1203 1995 1276 2028 cisci
1293 1995 1474 2028 huiusmodi
1492 1996 1586 2028 fuisse
1600 2000 1629 2029 et
1642 2006 1719 2037 esse,
1731 2001 1823 2039 atque
1837 1995 1868 2028 in
1882 2005 1946 2029 om-

1204 2049 1295 2082 nibus
1313 2060 1371 2093 pro
1390 2050 1440 2083 tali
1458 2050 1575 2093 ubique
1593 2049 1702 2082 haberi
1719 2054 1749 2082 et
1765 2049 1921 2093 reputari3

1248 2104 1263 2147 ἓ
1286 2104 1315 2137 2.
1341 2104 1454 2147 Sicque
1472 2109 1501 2136 et
1518 2115 1581 2137 non
1601 2104 1690 2138 aliter
1705 2114 1763 2147 per
1779 2113 1945 2147 quoscum-

1204 2168 1264 2201 que
1282 2157 1400 2190 iudices
1425 2157 1600 2191 ordinarios
1621 2162 1650 2190 et
1666 2157 1835 2200 delegatos,
1852 2157 1945 2190 etiam

1205 2222 1370 2244 causarum
1396 2211 1501 2254 palatii
1527 2211 1690 2254 apostolici
1711 2210 1880 2252 auditores,
1897 2211 1945 2243 iu-

1205 2264 1303 2297 dicari
1327 2270 1357 2297 ct
1382 2264 1505 2297 definiri
1536 2264 1650 2298 debere
1666 2292 1673 2305 ,
1698 2275 1735 2298 ac
1767 2265 1892 2297 irritum
1917 2270 1948 2297 et

1207 2318 1307 2358 inane,
1325 2318 1350 2350 si
1368 2328 1457 2351 secus
1475 2328 1570 2362 super
1586 2318 1635 2351 his
1652 2328 1669 2351 a
1685 2329 1856 2362 quoquam,
1875 2328 1948 2362 qua-

1206 2372 1251 2404 xis
1282 2372 1487 2415 auctoritate,
1513 2373 1648 2405 scienter
1671 2373 1718 2405 vel
1744 2373 1946 2415 ignoranter,

1207 2425 1373 2468 contigerit
1386 2425 1541 2466 attentari,
1559 2425 1732 2470 apostolica
1753 2425 1948 2466 auctoritate,

1208 2483 1314 2512 tenore
1334 2479 1559 2522 praesentium,
1577 2483 1730 2523 perpetuo
1747 2479 1947 2512 decernimus

1208 2537 1238 2564 ct
1261 2532 1467 2566 declaramus.

1253 2587 1267 2629 ξ,
1291 2586 1320 2619 3.
1345 2587 1379 2621 In
1399 2587 1593 2620 contrarium
1611 2587 1795 2620 facientibus
1811 2596 1874 2620 non
1891 2586 1949 2620 ob-

1209 2641 1360 2674 stantibus
1384 2641 1646 2684 quilmscumque.

1979 1204 2078 1225 neclan-at
2089 1209 2137 1224 san-

1953 1233 2007 1251 ctam
2042 1230 2136 1251 Elisabe-

1954 1258 2010 1278 tham
2051 1258 2136 1277 tertium

1953 1284 2053 1305 Ordinem
2073 1283 2137 1304 fuisse

1954 1316 2052 1337 expresse
2090 1315 2138 1337 pro·

1953 1338 2037 1359 fessam.

1986 2110 2050 2130 Aliter
2063 2108 2144 2130 iudica-

1960 2138 1977 2158 ri
1992 2136 2099 2163 prohibet.

2037 2588 2148 2611 contraria

1962 2617 2076 2639 subtrahit.
