<?xml version="1.0" encoding="UTF-8"?>
<!DOCTYPE html PUBLIC "-//W3C//DTD XHTML 1.0 Transitional//EN"
    "http://www.w3.org/TR/xhtml1/DTD/xhtml1-transitional.dtd">
<html xmlns="http://www.w3.org/1999/xhtml" xml:lang="en" lang="en">
 <head>
  <title>
</title>
<meta http-equiv="Content-Type" content="text/html;charset=utf-8" />
  <meta name='ocr-system' content='tesseract 3.04.00' />
  <meta name='ocr-capabilities' content='ocr_page ocr_carea ocr_par ocr_line ocrx_word'/>
</head>
<body>
  <div class='ocr_page' id='page_1' title='image "./bullarumdiplomat13cath_0635.png"; bbox 0 0 2269 3235; ppageno 0'>
   <div class='ocr_carea' id='block_1_1' title="bbox 121 244 305 274">
    <p class='ocr_par' dir='ltr' id='par_1_1' title="bbox 121 244 305 274">
     <span class='ocr_line' id='line_1_1' title="bbox 121 244 305 274; baseline -0.011 -1"><span class='ocrx_word' id='word_1_1' title='bbox 121 246 171 274; x_wconf 76' lang='lat' dir='ltr'>An.</span> <span class='ocrx_word' id='word_1_2' title='bbox 189 245 217 274; x_wconf 89' lang='lat' dir='ltr'>C.</span> <span class='ocrx_word' id='word_1_3' title='bbox 239 244 305 272; x_wconf 75' lang='lat'>1627</span> 
     </span>
    </p>
   </div>
   <div class='ocr_carea' id='block_1_2' title="bbox 120 517 306 937">
    <p class='ocr_par' dir='ltr' id='par_1_2' title="bbox 120 517 306 937">
     <span class='ocr_line' id='line_1_2' title="bbox 205 517 304 539; baseline -0.03 0"><span class='ocrx_word' id='word_1_4' title='bbox 205 517 304 539; x_wconf 74' lang='lat' dir='ltr'>Part-bus</span> 
     </span>
     <span class='ocr_line' id='line_1_3' title="bbox 121 545 304 575; baseline -0.027 -8"><span class='ocrx_word' id='word_1_5' title='bbox 121 551 174 575; x_wconf 73' lang='lat' dir='ltr'>quae</span> <span class='ocrx_word' id='word_1_6' title='bbox 200 545 304 565; x_wconf 70' lang='lat' dir='ltr'>Commu-</span> 
     </span>
     <span class='ocr_line' id='line_1_4' title="bbox 121 571 305 592; baseline -0.016 0"><span class='ocrx_word' id='word_1_7' title='bbox 121 575 187 592; x_wconf 80' lang='lat' dir='ltr'>tiones</span> <span class='ocrx_word' id='word_1_8' title='bbox 209 571 230 591; x_wconf 91' lang='lat' dir='ltr'>Ct</span> <span class='ocrx_word' id='word_1_9' title='bbox 234 577 265 590; x_wconf 79' lang='grc' dir='ltr'>ιιιιι</span> <span class='ocrx_word' id='word_1_10' title='bbox 269 576 305 590; x_wconf 78' lang='lat' dir='ltr'>ens</span> 
     </span>
     <span class='ocr_line' id='line_1_5' title="bbox 122 597 303 621; baseline -0.028 -1"><span class='ocrx_word' id='word_1_11' title='bbox 122 599 174 621; x_wconf 73' lang='lat' dir='ltr'>Vttl.</span> <span class='ocrx_word' id='word_1_12' title='bbox 190 598 242 617; x_wconf 82' lang='lat' dir='ltr'>Sixtt</span> <span class='ocrx_word' id='word_1_13' title='bbox 255 597 270 616; x_wconf 84' lang='lat' dir='ltr'>V</span> <span class='ocrx_word' id='word_1_14' title='bbox 285 599 303 616; x_wconf 79' lang='lat' dir='ltr'>et</span> 
     </span>
     <span class='ocr_line' id='line_1_6' title="bbox 120 623 305 646; baseline -0.022 0"><span class='ocrx_word' id='word_1_15' title='bbox 120 626 182 646; x_wconf 69' lang='lat' dir='ltr'>huius</span> <span class='ocrx_word' id='word_1_16' title='bbox 199 623 305 645; x_wconf 73' lang='lat' dir='ltr'>t‘ontiticis</span> 
     </span>
     <span class='ocr_line' id='line_1_7' title="bbox 121 652 299 672; baseline -0.017 0"><span class='ocrx_word' id='word_1_17' title='bbox 121 652 299 672; x_wconf 73' lang='lat' dir='ltr'>contravenerunt</span> 
     </span>
     <span class='ocr_line' id='line_1_8' title="bbox 122 678 305 704; baseline -0.016 -6"><span class='ocrx_word' id='word_1_18' title='bbox 122 678 243 704; x_wconf 70' lang='lat' dir='ltr'>praeligitur</span> <span class='ocrx_word' id='word_1_19' title='bbox 266 678 305 695; x_wconf 78' lang='lat' dir='ltr'>ter·</span> 
     </span>
     <span class='ocr_line' id='line_1_9' title="bbox 122 705 304 725; baseline -0.016 0"><span class='ocrx_word' id='word_1_20' title='bbox 122 706 188 725; x_wconf 80' lang='lat' dir='ltr'>minus</span> <span class='ocrx_word' id='word_1_21' title='bbox 244 705 304 723; x_wconf 74' lang='lat' dir='ltr'>trium</span> 
     </span>
     <span class='ocr_line' id='line_1_10' title="bbox 121 730 304 751; baseline -0.016 0"><span class='ocrx_word' id='word_1_22' title='bbox 121 731 224 751; x_wconf 76' lang='lat' dir='ltr'>mensium</span> <span class='ocrx_word' id='word_1_23' title='bbox 236 730 263 749; x_wconf 76' lang='lat' dir='ltr'>ad</span> <span class='ocrx_word' id='word_1_24' title='bbox 274 735 304 749; x_wconf 82' lang='lat' dir='ltr'>re-</span> 
     </span>
     <span class='ocr_line' id='line_1_11' title="bbox 122 756 305 780; baseline -0.011 -3"><span class='ocrx_word' id='word_1_25' title='bbox 122 756 253 777; x_wconf 82' lang='lat' dir='ltr'>tractandum</span> <span class='ocrx_word' id='word_1_26' title='bbox 272 761 305 780; x_wconf 67' lang='lat' dir='ltr'>ge-</span> 
     </span>
     <span class='ocr_line' id='line_1_12' title="bbox 122 785 305 807; baseline -0.016 -3"><span class='ocrx_word' id='word_1_27' title='bbox 122 786 154 804; x_wconf 80' lang='lat' dir='ltr'>sta</span> <span class='ocrx_word' id='word_1_28' title='bbox 178 785 251 803; x_wconf 78' lang='lat' dir='ltr'>contra</span> <span class='ocrx_word' id='word_1_29' title='bbox 276 788 305 807; x_wconf 84' lang='lat' dir='ltr'>ip-</span> 
     </span>
     <span class='ocr_line' id='line_1_13' title="bbox 122 809 306 831; baseline -0.022 0"><span class='ocrx_word' id='word_1_30' title='bbox 122 809 156 831; x_wconf 65' lang='lat' dir='ltr'>sas</span> <span class='ocrx_word' id='word_1_31' title='bbox 171 809 306 830; x_wconf 82' lang='lat' dir='ltr'>Constitutio-</span> 
     </span>
     <span class='ocr_line' id='line_1_14' title="bbox 122 838 305 861; baseline -0.016 -4"><span class='ocrx_word' id='word_1_32' title='bbox 122 842 158 857; x_wconf 79' lang='lat' dir='ltr'>nes</span> <span class='ocrx_word' id='word_1_33' title='bbox 183 838 204 856; x_wconf 77' lang='lat' dir='ltr'>et</span> <span class='ocrx_word' id='word_1_34' title='bbox 227 840 305 861; x_wconf 68' lang='lat' dir='ltr'>poenas</span> 
     </span>
     <span class='ocr_line' id='line_1_15' title="bbox 123 862 306 888; baseline -0.011 -5"><span class='ocrx_word' id='word_1_35' title='bbox 123 862 175 888; x_wconf 77' lang='lat' dir='ltr'>exigi</span> <span class='ocrx_word' id='word_1_36' title='bbox 188 862 306 888; x_wconf 70' lang='lat' dir='ltr'>prohiben-</span> 
     </span>
     <span class='ocr_line' id='line_1_16' title="bbox 121 889 305 909; baseline -0.011 0"><span class='ocrx_word' id='word_1_37' title='bbox 121 891 154 909; x_wconf 81' lang='lat' dir='ltr'>tur</span> <span class='ocrx_word' id='word_1_38' title='bbox 181 889 237 909; x_wconf 67' lang='lat' dir='ltr'>‹ln-to</span> <span class='ocrx_word' id='word_1_39' title='bbox 266 890 305 908; x_wconf 73' lang='lat' dir='ltr'>ter-</span> 
     </span>
     <span class='ocr_line' id='line_1_17' title="bbox 122 915 290 937; baseline 0 -1"><span class='ocrx_word' id='word_1_40' title='bbox 122 916 178 936; x_wconf 86' lang='lat' dir='ltr'>mino</span> <span class='ocrx_word' id='word_1_41' title='bbox 193 915 290 937; x_wconf 80' lang='lat' dir='ltr'>durante.</span> 
     </span>
    </p>
   </div>
   <div class='ocr_carea' id='block_1_3' title="bbox 128 2429 315 2617">
    <p class='ocr_par' dir='ltr' id='par_1_3' title="bbox 128 2429 315 2617">
     <span class='ocr_line' id='line_1_18' title="bbox 168 2429 312 2456; baseline 0.007 -6"><span class='ocrx_word' id='word_1_42' title='bbox 168 2430 213 2453; x_wconf 83' lang='lat' dir='ltr'>Quo</span> <span class='ocrx_word' id='word_1_43' title='bbox 228 2429 312 2456; x_wconf 67' lang='lat' dir='ltr'>empse,</span> 
     </span>
     <span class='ocr_line' id='line_1_19' title="bbox 129 2458 312 2483; baseline -0.005 -6"><span class='ocrx_word' id='word_1_44' title='bbox 129 2458 235 2483; x_wconf 66' lang='lat' dir='ltr'>temquam</span> <span class='ocrx_word' id='word_1_45' title='bbox 263 2462 312 2477; x_wconf 83' lang='lat' dir='ltr'>eon-</span> 
     </span>
     <span class='ocr_line' id='line_1_20' title="bbox 128 2485 311 2508; baseline 0.005 -5"><span class='ocrx_word' id='word_1_46' title='bbox 128 2485 160 2503; x_wconf 79' lang='lat' dir='ltr'>tra</span> <span class='ocrx_word' id='word_1_47' title='bbox 179 2489 219 2504; x_wconf 90' lang='lat' dir='ltr'>non</span> <span class='ocrx_word' id='word_1_48' title='bbox 236 2489 311 2508; x_wconf 76' lang='lat' dir='ltr'>parcn-</span> 
     </span>
     <span class='ocr_line' id='line_1_21' title="bbox 128 2511 312 2536; baseline 0 -6"><span class='ocrx_word' id='word_1_49' title='bbox 128 2511 166 2535; x_wconf 81' lang='lat' dir='ltr'>tes,</span> <span class='ocrx_word' id='word_1_50' title='bbox 181 2516 242 2530; x_wconf 71' lang='lat' dir='ltr'>uranu</span> <span class='ocrx_word' id='word_1_51' title='bbox 254 2511 312 2536; x_wconf 76' lang='lat' dir='ltr'>regia</span> 
     </span>
     <span class='ocr_line' id='line_1_22' title="bbox 129 2539 311 2563; baseline -0.005 -5"><span class='ocrx_word' id='word_1_52' title='bbox 129 2540 150 2558; x_wconf 83' lang='lat' dir='ltr'>et.</span> <span class='ocrx_word' id='word_1_53' title='bbox 186 2539 311 2563; x_wconf 77' lang='lat' dir='ltr'>exequutive</span> 
     </span>
     <span class='ocr_line' id='line_1_23' title="bbox 129 2565 312 2589; baseline 0.005 -6"><span class='ocrx_word' id='word_1_54' title='bbox 129 2565 264 2589; x_wconf 75' lang='lat' dir='ltr'>procedatur,</span> <span class='ocrx_word' id='word_1_55' title='bbox 292 2566 312 2584; x_wconf 80' lang='lat' dir='ltr'>et</span> 
     </span>
     <span class='ocr_line' id='line_1_24' title="bbox 130 2591 315 2617; baseline 0.005 -6"><span class='ocrx_word' id='word_1_56' title='bbox 130 2595 198 2617; x_wconf 76' lang='lat' dir='ltr'>poena</span> <span class='ocrx_word' id='word_1_57' title='bbox 211 2591 315 2617; x_wconf 72' lang='lat' dir='ltr'><strong>exigatur.</strong></span> 
     </span>
    </p>
   </div>
   <div class='ocr_carea' id='block_1_4' title="bbox 317 243 1085 2580">
    <p class='ocr_par' dir='ltr' id='par_1_4' title="bbox 317 243 1068 483">
     <span class='ocr_line' id='line_1_25' title="bbox 926 243 1068 267; baseline 0 0"><span class='ocrx_word' id='word_1_58' title='bbox 926 243 1068 267; x_wconf 75' lang='lat' dir='ltr'><strong>URBANUS</strong></span> 
     </span>
     <span class='ocr_line' id='line_1_26' title="bbox 317 290 1057 335; baseline -0.001 -11"><span class='ocrx_word' id='word_1_59' title='bbox 317 290 409 324; x_wconf 84' lang='lat' dir='ltr'>nibus</span> <span class='ocrx_word' id='word_1_60' title='bbox 427 290 662 335; x_wconf 84' lang='lat' dir='ltr'>impositarum¹</span> <span class='ocrx_word' id='word_1_61' title='bbox 677 296 707 325; x_wconf 91' lang='lat' dir='ltr'>et</span> <span class='ocrx_word' id='word_1_62' title='bbox 721 291 938 335; x_wconf 77' lang='lat' dir='ltr'>impositorum</span> <span class='ocrx_word' id='word_1_63' title='bbox 956 291 1057 324; x_wconf 89' lang='lat' dir='ltr'>vendi-</span> 
     </span>
     <span class='ocr_line' id='line_1_27' title="bbox 317 343 1058 387; baseline -0.001 -11"><span class='ocrx_word' id='word_1_64' title='bbox 317 344 418 377; x_wconf 80' lang='lat' dir='ltr'>tiones</span> <span class='ocrx_word' id='word_1_65' title='bbox 443 344 566 376; x_wconf 85' lang='lat' dir='ltr'>extendi</span> <span class='ocrx_word' id='word_1_66' title='bbox 584 344 813 377; x_wconf 87' lang='lat' dir='ltr'>declaravimus</span> <span class='ocrx_word' id='word_1_67' title='bbox 837 349 867 377; x_wconf 88' lang='lat' dir='ltr'>et</span> <span class='ocrx_word' id='word_1_68' title='bbox 886 343 1058 387; x_wconf 87' lang='lat' dir='ltr'>respective</span> 
     </span>
     <span class='ocr_line' id='line_1_28' title="bbox 319 397 1058 442; baseline -0.001 -13"><span class='ocrx_word' id='word_1_69' title='bbox 319 397 524 440; x_wconf 79' lang='lat' dir='ltr'><strong>extendimus,</strong></span> <span class='ocrx_word' id='word_1_70' title='bbox 544 403 639 442; x_wconf 87' lang='lat' dir='ltr'>prout</span> <span class='ocrx_word' id='word_1_71' title='bbox 656 398 687 430; x_wconf 90' lang='lat' dir='ltr'>in</span> <span class='ocrx_word' id='word_1_72' title='bbox 704 398 794 432; x_wconf 88' lang='lat' dir='ltr'>dictis</span> <span class='ocrx_word' id='word_1_73' title='bbox 808 398 918 430; x_wconf 87' lang='lat' dir='ltr'>litteris</span> <span class='ocrx_word' id='word_1_74' title='bbox 935 397 1058 440; x_wconf 88' lang='lat' dir='ltr'>plenius</span> 
     </span>
     <span class='ocr_line' id='line_1_29' title="bbox 319 451 505 483; baseline 0 0"><span class='ocrx_word' id='word_1_75' title='bbox 319 451 505 483; x_wconf 68' lang='lat' dir='ltr'>continetur.</span> 
     </span>
    </p>

    <p class='ocr_par' dir='ltr' id='par_1_5' title="bbox 321 501 1085 2418">
     <span class='ocr_line' id='line_1_30' title="bbox 364 501 1058 546; baseline -0.004 -10"><span class='ocrx_word' id='word_1_76' title='bbox 364 504 379 546; x_wconf 62' lang='grc' dir='ltr'><strong>ξ</strong></span> <span class='ocrx_word' id='word_1_77' title='bbox 404 504 433 536; x_wconf 73' lang='lat'>⁶2.</span> <span class='ocrx_word' id='word_1_78' title='bbox 452 504 537 536; x_wconf 88' lang='lat' dir='ltr'>Licet</span> <span class='ocrx_word' id='word_1_79' title='bbox 562 509 664 537; x_wconf 90' lang='lat' dir='ltr'>autem</span> <span class='ocrx_word' id='word_1_80' title='bbox 687 514 795 537; x_wconf 85' lang='lat' dir='ltr'>omnes</span> <span class='ocrx_word' id='word_1_81' title='bbox 815 508 845 535; x_wconf 85' lang='lat' dir='ltr'>et</span> <span class='ocrx_word' id='word_1_82' title='bbox 862 502 988 545; x_wconf 75' lang='lat' dir='ltr'>singuli,</span> <span class='ocrx_word' id='word_1_83' title='bbox 1006 501 1058 544; x_wconf 85' lang='lat' dir='ltr'>qui</span> 
     </span>
     <span class='ocr_line' id='line_1_31' title="bbox 321 555 1058 598; baseline -0.001 -10"><span class='ocrx_word' id='word_1_84' title='bbox 321 556 359 588; x_wconf 90' lang='lat' dir='ltr'>ad</span> <span class='ocrx_word' id='word_1_85' title='bbox 384 557 598 598; x_wconf 74' lang='lat' dir='ltr'>venditiones,</span> <span class='ocrx_word' id='word_1_86' title='bbox 629 557 847 596; x_wconf 89' lang='lat' dir='ltr'>alienationes,</span> <span class='ocrx_word' id='word_1_87' title='bbox 872 555 1058 596; x_wconf 77' lang='lat' dir='ltr'>locationes,</span> 
     </span>
     <span class='ocr_line' id='line_1_32' title="bbox 321 608 1061 653; baseline -0.001 -12"><span class='ocrx_word' id='word_1_88' title='bbox 321 610 444 653; x_wconf 87' lang='lat' dir='ltr'>aliaque</span> <span class='ocrx_word' id='word_1_89' title='bbox 476 610 507 642; x_wconf 91' lang='lat' dir='ltr'>in</span> <span class='ocrx_word' id='word_1_90' title='bbox 541 610 671 653; x_wconf 84' lang='lat' dir='ltr'>singulis</span> <span class='ocrx_word' id='word_1_91' title='bbox 702 608 1000 648; x_wconf 72' lang='lat' dir='ltr'>constitutionibus,</span> <span class='ocrx_word' id='word_1_92' title='bbox 1025 619 1061 640; x_wconf 88' lang='lat' dir='ltr'>ac</span> 
     </span>
     <span class='ocr_line' id='line_1_33' title="bbox 321 662 1061 707; baseline -0.001 -12"><span class='ocrx_word' id='word_1_93' title='bbox 321 663 412 695; x_wconf 88' lang='lat' dir='ltr'>etiam</span> <span class='ocrx_word' id='word_1_94' title='bbox 438 663 678 696; x_wconf 75' lang='lat' dir='ltr'>nosti-islitteris</span> <span class='ocrx_word' id='word_1_95' title='bbox 694 663 862 707; x_wconf 87' lang='lat' dir='ltr'>praedictis</span> <span class='ocrx_word' id='word_1_96' title='bbox 886 662 1061 706; x_wconf 79' lang='lat' dir='ltr'>respective</span> 
     </span>
     <span class='ocr_line' id='line_1_34' title="bbox 321 715 1062 761; baseline -0.001 -13"><span class='ocrx_word' id='word_1_97' title='bbox 321 716 388 748; x_wconf 85' lang='lat' dir='ltr'>sieri</span> <span class='ocrx_word' id='word_1_98' title='bbox 413 716 580 760; x_wconf 83' lang='lat' dir='ltr'>prohibita,</span> <span class='ocrx_word' id='word_1_99' title='bbox 603 722 655 749; x_wconf 82' lang='lat' dir='ltr'>aut</span> <span class='ocrx_word' id='word_1_100' title='bbox 678 726 789 749; x_wconf 88' lang='lat' dir='ltr'>eorum</span> <span class='ocrx_word' id='word_1_101' title='bbox 814 715 950 761; x_wconf 80' lang='lat' dir='ltr'>aliquod,</span> <span class='ocrx_word' id='word_1_102' title='bbox 975 715 1062 747; x_wconf 70' lang='lat' dir='ltr'>nulla</span> 
     </span>
     <span class='ocr_line' id='line_1_35' title="bbox 321 769 1062 813; baseline 0 -12"><span class='ocrx_word' id='word_1_103' title='bbox 321 769 409 802; x_wconf 86' lang='lat' dir='ltr'>Sedis</span> <span class='ocrx_word' id='word_1_104' title='bbox 432 770 627 813; x_wconf 85' lang='lat' dir='ltr'>Apostolicae</span> <span class='ocrx_word' id='word_1_105' title='bbox 652 769 859 813; x_wconf 82' lang='lat' dir='ltr'>praecedente</span> <span class='ocrx_word' id='word_1_106' title='bbox 883 769 914 801; x_wconf 92' lang='lat' dir='ltr'>in</span> <span class='ocrx_word' id='word_1_107' title='bbox 938 769 1062 812; x_wconf 90' lang='lat' dir='ltr'>scriptis</span> 
     </span>
     <span class='ocr_line' id='line_1_36' title="bbox 321 822 1061 866; baseline 0 -12"><span class='ocrx_word' id='word_1_108' title='bbox 321 822 445 855; x_wconf 75' lang='lat' dir='ltr'>obtenta</span> <span class='ocrx_word' id='word_1_109' title='bbox 472 823 616 864; x_wconf 80' lang='lat' dir='ltr'>licentia,</span> <span class='ocrx_word' id='word_1_110' title='bbox 642 824 689 855; x_wconf 90' lang='lat' dir='ltr'>vel</span> <span class='ocrx_word' id='word_1_111' title='bbox 714 823 766 855; x_wconf 72' lang='lat' dir='ltr'>ill-:1</span> <span class='ocrx_word' id='word_1_112' title='bbox 799 823 881 866; x_wconf 89' lang='lat' dir='ltr'>apud</span> <span class='ocrx_word' id='word_1_113' title='bbox 904 822 1061 856; x_wconf 88' lang='lat' dir='ltr'>notarium</span> 
     </span>
     <span class='ocr_line' id='line_1_37' title="bbox 321 875 1062 910; baseline 0 -2"><span class='ocrx_word' id='word_1_114' title='bbox 321 875 353 908; x_wconf 92' lang='lat' dir='ltr'>in</span> <span class='ocrx_word' id='word_1_115' title='bbox 377 881 448 908; x_wconf 90' lang='lat' dir='ltr'>actu</span> <span class='ocrx_word' id='word_1_116' title='bbox 472 876 693 909; x_wconf 79' lang='lat' dir='ltr'>celebrationis</span> <span class='ocrx_word' id='word_1_117' title='bbox 725 882 903 910; x_wconf 88' lang='lat' dir='ltr'>contractus</span> <span class='ocrx_word' id='word_1_118' title='bbox 934 876 1062 909; x_wconf 91' lang='lat' dir='ltr'>minime</span> 
     </span>
     <span class='ocr_line' id='line_1_38' title="bbox 321 928 1064 974; baseline 0.001 -13"><span class='ocrx_word' id='word_1_119' title='bbox 321 928 460 969; x_wconf 77' lang='lat' dir='ltr'>dimissa,</span> <span class='ocrx_word' id='word_1_120' title='bbox 480 929 663 963; x_wconf 77' lang='lat' dir='ltr'>devenerint</span> <span class='ocrx_word' id='word_1_121' title='bbox 680 935 709 963; x_wconf 89' lang='lat' dir='ltr'>et</span> <span class='ocrx_word' id='word_1_122' title='bbox 726 941 781 963; x_wconf 89' lang='lat' dir='ltr'>seu</span> <span class='ocrx_word' id='word_1_123' title='bbox 795 929 995 974; x_wconf 84' lang='lat' dir='ltr'>exequutioni</span> <span class='ocrx_word' id='word_1_124' title='bbox 1015 929 1064 962; x_wconf 89' lang='lat' dir='ltr'>de-</span> 
     </span>
     <span class='ocr_line' id='line_1_39' title="bbox 321 978 1064 1028; baseline 0 -12"><span class='ocrx_word' id='word_1_125' title='bbox 321 978 557 1025; x_wconf 79' lang='lat' dir='ltr'>mandaverint,</span> <span class='ocrx_word' id='word_1_126' title='bbox 585 995 703 1028; x_wconf 85' lang='lat' dir='ltr'>poenas</span> <span class='ocrx_word' id='word_1_127' title='bbox 727 995 837 1017; x_wconf 89' lang='lat' dir='ltr'>omnes</span> <span class='ocrx_word' id='word_1_128' title='bbox 862 984 894 1016; x_wconf 89' lang='lat' dir='ltr'>in</span> <span class='ocrx_word' id='word_1_129' title='bbox 918 983 1064 1017; x_wconf 88' lang='lat' dir='ltr'>eonstitu-</span> 
     </span>
     <span class='ocr_line' id='line_1_40' title="bbox 322 1036 1063 1081; baseline 0 -12"><span class='ocrx_word' id='word_1_130' title='bbox 322 1037 459 1070; x_wconf 86' lang='lat' dir='ltr'>tionibus</span> <span class='ocrx_word' id='word_1_131' title='bbox 483 1043 512 1070; x_wconf 89' lang='lat' dir='ltr'>et</span> <span class='ocrx_word' id='word_1_132' title='bbox 536 1048 645 1070; x_wconf 89' lang='lat' dir='ltr'>earum</span> <span class='ocrx_word' id='word_1_133' title='bbox 674 1038 813 1081; x_wconf 88' lang='lat' dir='ltr'>qualibet</span> <span class='ocrx_word' id='word_1_134' title='bbox 844 1048 880 1070; x_wconf 87' lang='lat' dir='ltr'>ac</span> <span class='ocrx_word' id='word_1_135' title='bbox 912 1037 1004 1070; x_wconf 83' lang='lat' dir='ltr'>etiam</span> <span class='ocrx_word' id='word_1_136' title='bbox 1033 1036 1063 1069; x_wconf 94' lang='lat' dir='ltr'>in</span> 
     </span>
     <span class='ocr_line' id='line_1_41' title="bbox 323 1091 1064 1135; baseline 0.001 -13"><span class='ocrx_word' id='word_1_137' title='bbox 323 1091 439 1124; x_wconf 88' lang='lat' dir='ltr'>nostris</span> <span class='ocrx_word' id='word_1_138' title='bbox 453 1091 564 1124; x_wconf 88' lang='lat' dir='ltr'>litteris</span> <span class='ocrx_word' id='word_1_139' title='bbox 577 1091 745 1135; x_wconf 85' lang='lat' dir='ltr'>praedictis</span> <span class='ocrx_word' id='word_1_140' title='bbox 763 1096 923 1124; x_wconf 89' lang='lat' dir='ltr'>contentas</span> <span class='ocrx_word' id='word_1_141' title='bbox 941 1101 977 1123; x_wconf 89' lang='lat' dir='ltr'>eo</span> <span class='ocrx_word' id='word_1_142' title='bbox 996 1091 1064 1134; x_wconf 89' lang='lat' dir='ltr'>ipso</span> 
     </span>
     <span class='ocr_line' id='line_1_42' title="bbox 323 1143 1063 1183; baseline -0.001 -7"><span class='ocrx_word' id='word_1_143' title='bbox 323 1143 516 1177; x_wconf 90' lang='lat' dir='ltr'>incurrerint</span> <span class='ocrx_word' id='word_1_144' title='bbox 535 1148 565 1178; x_wconf 86' lang='lat' dir='ltr'>et</span> <span class='ocrx_word' id='word_1_145' title='bbox 588 1144 759 1178; x_wconf 82' lang='lat' dir='ltr'>incurrisse</span> <span class='ocrx_word' id='word_1_146' title='bbox 776 1144 896 1177; x_wconf 85' lang='lat' dir='ltr'>censeri</span> <span class='ocrx_word' id='word_1_147' title='bbox 915 1143 1063 1183; x_wconf 86' lang='lat' dir='ltr'>debeant;</span> 
     </span>
     <span class='ocr_line' id='line_1_43' title="bbox 322 1196 1065 1240; baseline 0 -11"><span class='ocrx_word' id='word_1_148' title='bbox 322 1197 538 1237; x_wconf 80' lang='lat' dir='ltr'>nihilominus,</span> <span class='ocrx_word' id='word_1_149' title='bbox 557 1208 593 1230; x_wconf 84' lang='lat' dir='ltr'>ex</span> <span class='ocrx_word' id='word_1_150' title='bbox 614 1199 722 1231; x_wconf 76' lang='lat' dir='ltr'>nostra</span> <span class='ocrx_word' id='word_1_151' title='bbox 743 1197 933 1240; x_wconf 77' lang='lat' dir='ltr'>benignitate</span> <span class='ocrx_word' id='word_1_152' title='bbox 958 1196 1065 1229; x_wconf 88' lang='lat' dir='ltr'>mitius</span> 
     </span>
     <span class='ocr_line' id='line_1_44' title="bbox 323 1249 1065 1294; baseline 0 -12"><span class='ocrx_word' id='word_1_153' title='bbox 323 1250 466 1292; x_wconf 85' lang='lat' dir='ltr'>agendo,</span> <span class='ocrx_word' id='word_1_154' title='bbox 492 1255 579 1283; x_wconf 91' lang='lat' dir='ltr'>motu</span> <span class='ocrx_word' id='word_1_155' title='bbox 602 1250 753 1294; x_wconf 86' lang='lat' dir='ltr'>proprio,</span> <span class='ocrx_word' id='word_1_156' title='bbox 777 1260 840 1283; x_wconf 91' lang='lat' dir='ltr'>non</span> <span class='ocrx_word' id='word_1_157' title='bbox 871 1250 910 1282; x_wconf 91' lang='lat' dir='ltr'>ad</span> <span class='ocrx_word' id='word_1_158' title='bbox 934 1249 1065 1282; x_wconf 89' lang='lat' dir='ltr'>alicuius</span> 
     </span>
     <span class='ocr_line' id='line_1_45' title="bbox 323 1302 1065 1347; baseline -0.001 -12"><span class='ocrx_word' id='word_1_159' title='bbox 323 1302 445 1336; x_wconf 85' lang='lat' dir='ltr'>oblatae</span> <span class='ocrx_word' id='word_1_160' title='bbox 458 1303 547 1336; x_wconf 87' lang='lat' dir='ltr'>nobis</span> <span class='ocrx_word' id='word_1_161' title='bbox 557 1303 694 1347; x_wconf 83' lang='lat' dir='ltr'>desuper</span> <span class='ocrx_word' id='word_1_162' title='bbox 706 1302 866 1347; x_wconf 81' lang='lat' dir='ltr'>petitionis</span> <span class='ocrx_word' id='word_1_163' title='bbox 876 1302 1065 1343; x_wconf 76' lang='lat' dir='ltr'>instantiam,</span> 
     </span>
     <span class='ocr_line' id='line_1_46' title="bbox 323 1355 1065 1390; baseline 0.001 -2"><span class='ocrx_word' id='word_1_164' title='bbox 323 1355 378 1389; x_wconf 87' lang='lat' dir='ltr'>sed</span> <span class='ocrx_word' id='word_1_165' title='bbox 402 1367 438 1389; x_wconf 83' lang='lat' dir='ltr'>ex</span> <span class='ocrx_word' id='word_1_166' title='bbox 456 1358 543 1389; x_wconf 78' lang='lat' dir='ltr'>mera</span> <span class='ocrx_word' id='word_1_167' title='bbox 568 1359 677 1390; x_wconf 76' lang='lat' dir='ltr'>nostra</span> <span class='ocrx_word' id='word_1_168' title='bbox 702 1357 831 1390; x_wconf 73' lang='lat' dir='ltr'>scientia</span> <span class='ocrx_word' id='word_1_169' title='bbox 857 1361 886 1389; x_wconf 90' lang='lat' dir='ltr'>et</span> <span class='ocrx_word' id='word_1_170' title='bbox 911 1356 1065 1390; x_wconf 87' lang='lat' dir='ltr'>delibera-</span> 
     </span>
     <span class='ocr_line' id='line_1_47' title="bbox 322 1409 1065 1454; baseline 0.003 -14"><span class='ocrx_word' id='word_1_171' title='bbox 322 1409 418 1449; x_wconf 82' lang='lat' dir='ltr'>tione,</span> <span class='ocrx_word' id='word_1_172' title='bbox 442 1420 478 1442; x_wconf 90' lang='lat' dir='ltr'>ac</span> <span class='ocrx_word' id='word_1_173' title='bbox 502 1409 539 1443; x_wconf 88' lang='lat' dir='ltr'>de</span> <span class='ocrx_word' id='word_1_174' title='bbox 566 1410 755 1453; x_wconf 86' lang='lat' dir='ltr'>apostolicae</span> <span class='ocrx_word' id='word_1_175' title='bbox 779 1410 942 1453; x_wconf 88' lang='lat' dir='ltr'>potestatis</span> <span class='ocrx_word' id='word_1_176' title='bbox 967 1410 1065 1454; x_wconf 90' lang='lat' dir='ltr'>pleni-</span> 
     </span>
     <span class='ocr_line' id='line_1_48' title="bbox 324 1461 1065 1507; baseline 0.001 -13"><span class='ocrx_word' id='word_1_177' title='bbox 324 1461 442 1505; x_wconf 85' lang='lat' dir='ltr'>tudine,</span> <span class='ocrx_word' id='word_1_178' title='bbox 469 1463 615 1496; x_wconf 89' lang='lat' dir='ltr'>omnibus</span> <span class='ocrx_word' id='word_1_179' title='bbox 640 1467 669 1497; x_wconf 87' lang='lat' dir='ltr'>et</span> <span class='ocrx_word' id='word_1_180' title='bbox 693 1463 833 1506; x_wconf 84' lang='lat' dir='ltr'>singulis,</span> <span class='ocrx_word' id='word_1_181' title='bbox 852 1463 904 1506; x_wconf 88' lang='lat' dir='ltr'>qui</span> <span class='ocrx_word' id='word_1_182' title='bbox 924 1463 956 1495; x_wconf 90' lang='lat' dir='ltr'>in</span> <span class='ocrx_word' id='word_1_183' title='bbox 973 1473 1065 1507; x_wconf 88' lang='lat' dir='ltr'>prae-</span> 
     </span>
     <span class='ocr_line' id='line_1_49' title="bbox 323 1515 1067 1560; baseline 0.001 -13"><span class='ocrx_word' id='word_1_184' title='bbox 323 1515 436 1556; x_wconf 85' lang='lat' dir='ltr'>missis,</span> <span class='ocrx_word' id='word_1_185' title='bbox 454 1521 508 1549; x_wconf 85' lang='lat' dir='ltr'>aut</span> <span class='ocrx_word' id='word_1_186' title='bbox 525 1527 635 1550; x_wconf 90' lang='lat' dir='ltr'>eorum</span> <span class='ocrx_word' id='word_1_187' title='bbox 652 1516 756 1560; x_wconf 86' lang='lat' dir='ltr'>aliquo</span> <span class='ocrx_word' id='word_1_188' title='bbox 777 1517 928 1549; x_wconf 86' lang='lat' dir='ltr'>hactenus</span> <span class='ocrx_word' id='word_1_189' title='bbox 946 1522 1067 1549; x_wconf 88' lang='lat' dir='ltr'>contra-</span> 
     </span>
     <span class='ocr_line' id='line_1_50' title="bbox 323 1570 1065 1611; baseline 0.001 -10"><span class='ocrx_word' id='word_1_190' title='bbox 323 1570 525 1611; x_wconf 87' lang='lat' dir='ltr'>travenerint,</span> <span class='ocrx_word' id='word_1_191' title='bbox 551 1570 721 1603; x_wconf 89' lang='lat' dir='ltr'>terminum</span> <span class='ocrx_word' id='word_1_192' title='bbox 746 1570 841 1602; x_wconf 90' lang='lat' dir='ltr'>trium</span> <span class='ocrx_word' id='word_1_193' title='bbox 863 1570 1028 1610; x_wconf 84' lang='lat' dir='ltr'>mensium,</span> <span class='ocrx_word' id='word_1_194' title='bbox 1049 1580 1065 1602; x_wconf 90' lang='grc'><strong>3</strong></span> 
     </span>
     <span class='ocr_line' id='line_1_51' title="bbox 323 1622 1066 1667; baseline 0 -12"><span class='ocrx_word' id='word_1_195' title='bbox 323 1622 373 1655; x_wconf 89' lang='lat' dir='ltr'>die</span> <span class='ocrx_word' id='word_1_196' title='bbox 397 1623 619 1666; x_wconf 89' lang='lat' dir='ltr'>publicationis</span> <span class='ocrx_word' id='word_1_197' title='bbox 643 1624 857 1667; x_wconf 89' lang='lat' dir='ltr'>praesentium</span> <span class='ocrx_word' id='word_1_198' title='bbox 884 1628 1066 1667; x_wconf 88' lang='lat' dir='ltr'>computan-</span> 
     </span>
     <span class='ocr_line' id='line_1_52' title="bbox 323 1675 1065 1720; baseline 0.001 -12"><span class='ocrx_word' id='word_1_199' title='bbox 323 1675 416 1716; x_wconf 90' lang='lat' dir='ltr'>dum,</span> <span class='ocrx_word' id='word_1_200' title='bbox 441 1676 523 1709; x_wconf 88' lang='lat' dir='ltr'>intra</span> <span class='ocrx_word' id='word_1_201' title='bbox 547 1687 641 1720; x_wconf 87' lang='lat' dir='ltr'>quem</span> <span class='ocrx_word' id='word_1_202' title='bbox 663 1687 773 1710; x_wconf 89' lang='lat' dir='ltr'>omnes</span> <span class='ocrx_word' id='word_1_203' title='bbox 798 1681 827 1711; x_wconf 87' lang='lat' dir='ltr'>et</span> <span class='ocrx_word' id='word_1_204' title='bbox 851 1677 977 1720; x_wconf 81' lang='lat' dir='ltr'>singuli,</span> <span class='ocrx_word' id='word_1_205' title='bbox 1002 1682 1065 1709; x_wconf 89' lang='lat' dir='ltr'>tam</span> 
     </span>
     <span class='ocr_line' id='line_1_53' title="bbox 324 1730 1067 1774; baseline 0.003 -13"><span class='ocrx_word' id='word_1_206' title='bbox 324 1734 505 1772; x_wconf 87' lang='lat' dir='ltr'>emptores,</span> <span class='ocrx_word' id='word_1_207' title='bbox 537 1740 632 1774; x_wconf 88' lang='lat' dir='ltr'>quam</span> <span class='ocrx_word' id='word_1_208' title='bbox 672 1730 875 1773; x_wconf 89' lang='lat' dir='ltr'>venditores,</span> <span class='ocrx_word' id='word_1_209' title='bbox 908 1730 1067 1774; x_wconf 86' lang='lat' dir='ltr'>ceterique</span> 
     </span>
     <span class='ocr_line' id='line_1_54' title="bbox 325 1783 1067 1826; baseline 0.004 -12"><span class='ocrx_word' id='word_1_210' title='bbox 325 1783 562 1825; x_wconf 84' lang='lat' dir='ltr'>quomodolibet</span> <span class='ocrx_word' id='word_1_211' title='bbox 593 1784 880 1826; x_wconf 79' lang='lat' dir='ltr'>contravenientes,</span> <span class='ocrx_word' id='word_1_212' title='bbox 906 1784 1012 1818; x_wconf 82' lang='lat' dir='ltr'>onmia</span> <span class='ocrx_word' id='word_1_213' title='bbox 1037 1790 1067 1817; x_wconf 88' lang='lat' dir='ltr'>ct</span> 
     </span>
     <span class='ocr_line' id='line_1_55' title="bbox 327 1835 1068 1881; baseline 0.004 -14"><span class='ocrx_word' id='word_1_214' title='bbox 327 1835 449 1878; x_wconf 87' lang='lat' dir='ltr'>singula</span> <span class='ocrx_word' id='word_1_215' title='bbox 461 1848 518 1880; x_wconf 91' lang='lat' dir='ltr'>per</span> <span class='ocrx_word' id='word_1_216' title='bbox 531 1848 583 1871; x_wconf 91' lang='lat' dir='ltr'>eos</span> <span class='ocrx_word' id='word_1_217' title='bbox 597 1842 683 1881; x_wconf 88' lang='lat' dir='ltr'>gesta</span> <span class='ocrx_word' id='word_1_218' title='bbox 699 1843 729 1871; x_wconf 85' lang='lat' dir='ltr'>et</span> <span class='ocrx_word' id='word_1_219' title='bbox 741 1838 813 1871; x_wconf 88' lang='lat' dir='ltr'>inde</span> <span class='ocrx_word' id='word_1_220' title='bbox 828 1841 960 1881; x_wconf 85' lang='lat' dir='ltr'>sequuta</span> <span class='ocrx_word' id='word_1_221' title='bbox 976 1848 1068 1881; x_wconf 87' lang='lat' dir='ltr'>quae-</span> 
     </span>
     <span class='ocr_line' id='line_1_56' title="bbox 327 1891 1065 1933; baseline 0.003 -12"><span class='ocrx_word' id='word_1_222' title='bbox 327 1899 461 1932; x_wconf 87' lang='lat' dir='ltr'>cumque</span> <span class='ocrx_word' id='word_1_223' title='bbox 481 1895 676 1933; x_wconf 86' lang='lat' dir='ltr'>retractasse,</span> <span class='ocrx_word' id='word_1_224' title='bbox 695 1896 725 1924; x_wconf 90' lang='lat' dir='ltr'>et</span> <span class='ocrx_word' id='word_1_225' title='bbox 741 1896 811 1924; x_wconf 88' lang='lat' dir='ltr'>actu</span> <span class='ocrx_word' id='word_1_226' title='bbox 833 1891 1017 1925; x_wconf 84' lang='lat' dir='ltr'>retrosimili</span> <span class='ocrx_word' id='word_1_227' title='bbox 1036 1891 1065 1923; x_wconf 94' lang='lat' dir='ltr'>in</span> 
     </span>
     <span class='ocr_line' id='line_1_57' title="bbox 326 1942 1066 1988; baseline 0.004 -14"><span class='ocrx_word' id='word_1_228' title='bbox 326 1942 516 1986; x_wconf 89' lang='lat' dir='ltr'>pristinum,</span> <span class='ocrx_word' id='word_1_229' title='bbox 540 1950 633 1987; x_wconf 88' lang='lat' dir='ltr'>prout</span> <span class='ocrx_word' id='word_1_230' title='bbox 664 1948 735 1978; x_wconf 88' lang='lat' dir='ltr'>ante</span> <span class='ocrx_word' id='word_1_231' title='bbox 763 1950 928 1988; x_wconf 87' lang='lat' dir='ltr'>sequutam</span> <span class='ocrx_word' id='word_1_232' title='bbox 961 1945 1066 1988; x_wconf 88' lang='lat' dir='ltr'>aliquo</span> 
     </span>
     <span class='ocr_line' id='line_1_58' title="bbox 327 1996 1067 2042; baseline 0.004 -14"><span class='ocrx_word' id='word_1_233' title='bbox 327 1996 422 2029; x_wconf 85' lang='lat' dir='ltr'>mode</span> <span class='ocrx_word' id='word_1_234' title='bbox 447 1998 735 2031; x_wconf 59' lang='lat' dir='ltr'>contrat-cntionem</span> <span class='ocrx_word' id='word_1_235' title='bbox 761 2003 863 2040; x_wconf 87' lang='lat' dir='ltr'>erant,</span> <span class='ocrx_word' id='word_1_236' title='bbox 890 1998 1067 2042; x_wconf 85' lang='lat' dir='ltr'>reposuisse</span> 
     </span>
     <span class='ocr_line' id='line_1_59' title="bbox 327 2050 1068 2095; baseline 0.004 -14"><span class='ocrx_word' id='word_1_237' title='bbox 327 2054 357 2082; x_wconf 91' lang='lat' dir='ltr'>et</span> <span class='ocrx_word' id='word_1_238' title='bbox 380 2050 553 2083; x_wconf 84' lang='lat' dir='ltr'>restituisse</span> <span class='ocrx_word' id='word_1_239' title='bbox 577 2050 720 2093; x_wconf 86' lang='lat' dir='ltr'>debeant,</span> <span class='ocrx_word' id='word_1_240' title='bbox 738 2051 908 2095; x_wconf 77' lang='lat' dir='ltr'>apostolica</span> <span class='ocrx_word' id='word_1_241' title='bbox 933 2052 1068 2085; x_wconf 88' lang='lat' dir='ltr'>auctori-</span> 
     </span>
     <span class='ocr_line' id='line_1_60' title="bbox 326 2103 1068 2149; baseline 0.004 -14"><span class='ocrx_word' id='word_1_242' title='bbox 326 2107 387 2135; x_wconf 85' lang='lat' dir='ltr'>tate</span> <span class='ocrx_word' id='word_1_243' title='bbox 412 2103 614 2146; x_wconf 83' lang='lat' dir='ltr'>praefigimus</span> <span class='ocrx_word' id='word_1_244' title='bbox 631 2115 688 2148; x_wconf 91' lang='lat' dir='ltr'>per</span> <span class='ocrx_word' id='word_1_245' title='bbox 712 2104 902 2148; x_wconf 81' lang='lat' dir='ltr'>praesentes,</span> <span class='ocrx_word' id='word_1_246' title='bbox 920 2116 982 2148; x_wconf 84' lang='lat' dir='ltr'>quo</span> <span class='ocrx_word' id='word_1_247' title='bbox 1002 2106 1068 2149; x_wconf 90' lang='lat' dir='ltr'>qui-</span> 
     </span>
     <span class='ocr_line' id='line_1_61' title="bbox 327 2156 1066 2202; baseline 0.003 -13"><span class='ocrx_word' id='word_1_248' title='bbox 327 2156 398 2189; x_wconf 87' lang='lat' dir='ltr'>dem</span> <span class='ocrx_word' id='word_1_249' title='bbox 423 2157 558 2190; x_wconf 90' lang='lat' dir='ltr'>termino</span> <span class='ocrx_word' id='word_1_250' title='bbox 583 2157 714 2192; x_wconf 87' lang='lat' dir='ltr'>durante</span> <span class='ocrx_word' id='word_1_251' title='bbox 737 2169 854 2202; x_wconf 87' lang='lat' dir='ltr'>poenas</span> <span class='ocrx_word' id='word_1_252' title='bbox 878 2158 1066 2202; x_wconf 82' lang='lat' dir='ltr'>praedictas,</span> 
     </span>
     <span class='ocr_line' id='line_1_62' title="bbox 328 2211 1084 2255; baseline 0 -12"><span class='ocrx_word' id='word_1_253' title='bbox 328 2215 389 2243; x_wconf 88' lang='lat' dir='ltr'>tam</span> <span class='ocrx_word' id='word_1_254' title='bbox 414 2211 452 2244; x_wconf 86' lang='lat' dir='ltr'>ab</span> <span class='ocrx_word' id='word_1_255' title='bbox 470 2211 546 2255; x_wconf 84' lang='lat' dir='ltr'>ipsis</span> <span class='ocrx_word' id='word_1_256' title='bbox 564 2213 829 2253; x_wconf 84' lang='lat' dir='ltr'>contrahentibus,</span> <span class='ocrx_word' id='word_1_257' title='bbox 849 2212 967 2247; x_wconf 82' lang='lat' dir='ltr'>scilicet</span> <span class='ocrx_word' id='word_1_258' title='bbox 994 2223 1067 2246; x_wconf 88' lang='lat' dir='ltr'>ven-</span> <span class='ocrx_word' id='word_1_259' title='bbox 1083 2229 1084 2243; x_wconf 65' lang='grc'>1</span> 
     </span>
     <span class='ocr_line' id='line_1_63' title="bbox 328 2264 1085 2316; baseline 0.005 -19"><span class='ocrx_word' id='word_1_260' title='bbox 328 2264 492 2307; x_wconf 88' lang='lat' dir='ltr'>ditoribus,</span> <span class='ocrx_word' id='word_1_261' title='bbox 518 2266 726 2300; x_wconf 86' lang='lat' dir='ltr'>alienantibus</span> <span class='ocrx_word' id='word_1_262' title='bbox 751 2272 781 2300; x_wconf 93' lang='lat' dir='ltr'>et</span> <span class='ocrx_word' id='word_1_263' title='bbox 806 2267 1010 2308; x_wconf 84' lang='lat' dir='ltr'>lecatoribus,</span> <span class='ocrx_word' id='word_1_264' title='bbox 1032 2278 1085 2316; x_wconf 50' lang='lat' dir='ltr'>ac]¹</span> 
     </span>
     <span class='ocr_line' id='line_1_64' title="bbox 328 2319 1068 2364; baseline 0.007 -15"><span class='ocrx_word' id='word_1_265' title='bbox 328 2319 531 2362; x_wconf 89' lang='lat' dir='ltr'>emptoribus,</span> <span class='ocrx_word' id='word_1_266' title='bbox 557 2320 792 2364; x_wconf 81' lang='lat' dir='ltr'>acquirentibus</span> <span class='ocrx_word' id='word_1_267' title='bbox 817 2326 847 2354; x_wconf 89' lang='lat' dir='ltr'>et</span> <span class='ocrx_word' id='word_1_268' title='bbox 872 2321 1068 2355; x_wconf 88' lang='lat' dir='ltr'>conductori-</span> 
     </span>
     <span class='ocr_line' id='line_1_65' title="bbox 327 2370 955 2418; baseline 0.008 -15"><span class='ocrx_word' id='word_1_269' title='bbox 327 2370 395 2412; x_wconf 87' lang='lat' dir='ltr'>bus,</span> <span class='ocrx_word' id='word_1_270' title='bbox 409 2383 501 2414; x_wconf 85' lang='lat' dir='ltr'>quam</span> <span class='ocrx_word' id='word_1_271' title='bbox 520 2383 536 2405; x_wconf 91' lang='lat' dir='ltr'>a</span> <span class='ocrx_word' id='word_1_272' title='bbox 552 2374 682 2408; x_wconf 86' lang='lat' dir='ltr'>notariis</span> <span class='ocrx_word' id='word_1_273' title='bbox 700 2374 782 2418; x_wconf 83' lang='lat' dir='ltr'>exigi</span> <span class='ocrx_word' id='word_1_274' title='bbox 798 2375 955 2408; x_wconf 88' lang='lat' dir='ltr'>nolumus.</span> 
     </span>
    </p>

    <p class='ocr_par' dir='ltr' id='par_1_6' title="bbox 328 2425 1069 2580">
     <span class='ocr_line' id='line_1_66' title="bbox 372 2425 1069 2473; baseline 0.007 -16"><span class='ocrx_word' id='word_1_275' title='bbox 372 2426 386 2469; x_wconf 62' lang='lat' dir='ltr'>g</span> <span class='ocrx_word' id='word_1_276' title='bbox 411 2425 440 2458; x_wconf 74' lang='lat'>3.</span> <span class='ocrx_word' id='word_1_277' title='bbox 458 2426 527 2470; x_wconf 89' lang='lat' dir='ltr'>Ipso</span> <span class='ocrx_word' id='word_1_278' title='bbox 544 2433 647 2461; x_wconf 84' lang='lat' dir='ltr'>autem</span> <span class='ocrx_word' id='word_1_279' title='bbox 664 2429 799 2462; x_wconf 88' lang='lat' dir='ltr'>termino</span> <span class='ocrx_word' id='word_1_280' title='bbox 817 2430 922 2473; x_wconf 86' lang='lat' dir='ltr'>elapso</span> <span class='ocrx_word' id='word_1_281' title='bbox 939 2434 969 2462; x_wconf 89' lang='lat' dir='ltr'>et</span> <span class='ocrx_word' id='word_1_282' title='bbox 982 2440 1069 2473; x_wconf 89' lang='lat' dir='ltr'>prae-</span> 
     </span>
     <span class='ocr_line' id='line_1_67' title="bbox 328 2478 1068 2524; baseline 0.007 -14"><span class='ocrx_word' id='word_1_283' title='bbox 328 2478 431 2511; x_wconf 90' lang='lat' dir='ltr'>missis</span> <span class='ocrx_word' id='word_1_284' title='bbox 455 2489 517 2512; x_wconf 82' lang='grc'><strong>11011</strong></span> <span class='ocrx_word' id='word_1_285' title='bbox 542 2481 663 2524; x_wconf 90' lang='lat' dir='ltr'>parito,</span> <span class='ocrx_word' id='word_1_286' title='bbox 689 2487 751 2515; x_wconf 86' lang='lat' dir='ltr'>tam</span> <span class='ocrx_word' id='word_1_287' title='bbox 777 2493 918 2515; x_wconf 87' lang='lat' dir='ltr'>camerae</span> <span class='ocrx_word' id='word_1_288' title='bbox 942 2488 1068 2516; x_wconf 89' lang='lat' dir='ltr'>nostrae</span> 
     </span>
     <span class='ocr_line' id='line_1_68' title="bbox 328 2533 1068 2580; baseline 0.007 -16"><span class='ocrx_word' id='word_1_289' title='bbox 328 2533 519 2576; x_wconf 86' lang='lat' dir='ltr'>apostolicae</span> <span class='ocrx_word' id='word_1_290' title='bbox 555 2535 806 2569; x_wconf 86' lang='lat' dir='ltr'>commissarium</span> <span class='ocrx_word' id='word_1_291' title='bbox 826 2564 832 2577; x_wconf 88' lang='lat'>,</span> <span class='ocrx_word' id='word_1_292' title='bbox 870 2546 964 2580; x_wconf 87' lang='lat' dir='ltr'>quam</span> <span class='ocrx_word' id='word_1_293' title='bbox 1001 2536 1068 2569; x_wconf 87' lang='lat' dir='ltr'>sisci</span> 
     </span>
    </p>
   </div>
   <div class='ocr_carea' id='block_1_5' title="bbox 1075 308 1090 2682">
    <p class='ocr_par' dir='ltr' id='par_1_7' title="bbox 1075 308 1090 2682">
     <span class='ocr_line' id='line_1_69' title="bbox 1075 308 1090 2682; baseline 0 0"><span class='ocrx_word' id='word_1_294' title='bbox 1075 308 1090 2682; x_wconf 95' lang='lat' dir='ltr'> </span> 
     </span>
    </p>
   </div>
   <div class='ocr_carea' id='block_1_6' title="bbox 364 2603 1069 2643">
    <p class='ocr_par' dir='ltr' id='par_1_8' title="bbox 364 2603 1069 2643">
     <span class='ocr_line' id='line_1_70' title="bbox 364 2603 1069 2643; baseline 0.007 -12"><span class='ocrx_word' id='word_1_295' title='bbox 364 2605 376 2631; x_wconf 90' lang='lat'>1</span> <span class='ocrx_word' id='word_1_296' title='bbox 393 2603 507 2632; x_wconf 88' lang='lat' dir='ltr'>Indubie</span> <span class='ocrx_word' id='word_1_297' title='bbox 522 2605 665 2641; x_wconf 82' lang='lat' dir='ltr'>legendum</span> <span class='ocrx_word' id='word_1_298' title='bbox 676 2607 876 2642; x_wconf 75' lang='lat' dir='ltr'>impositiones</span> <span class='ocrx_word' id='word_1_299' title='bbox 892 2616 942 2643; x_wconf 88' lang='lat' dir='ltr'>pro</span> <span class='ocrx_word' id='word_1_300' title='bbox 954 2608 1069 2643; x_wconf 74' lang='lat' dir='ltr'>imposi-</span> 
     </span>
    </p>
   </div>
   <div class='ocr_carea' id='block_1_7' title="bbox 328 2650 892 2688">
    <p class='ocr_par' dir='ltr' id='par_1_9' title="bbox 328 2650 892 2688">
     <span class='ocr_line' id='line_1_71' title="bbox 328 2650 892 2688; baseline -0.002 -10"><span class='ocrx_word' id='word_1_301' title='bbox 328 2651 433 2685; x_wconf 74' lang='lat' dir='ltr'>tarum,</span> <span class='ocrx_word' id='word_1_302' title='bbox 448 2652 478 2677; x_wconf 90' lang='lat' dir='ltr'>ut</span> <span class='ocrx_word' id='word_1_303' title='bbox 492 2650 561 2679; x_wconf 83' lang='lat' dir='ltr'>infra</span> <span class='ocrx_word' id='word_1_304' title='bbox 574 2659 636 2687; x_wconf 82' lang='lat' dir='ltr'>pag.</span> <span class='ocrx_word' id='word_1_305' title='bbox 652 2651 704 2680; x_wconf 85' lang='lat'>600</span> <span class='ocrx_word' id='word_1_306' title='bbox 721 2652 756 2688; x_wconf 75' lang='lat' dir='ltr'>(a.</span> <span class='ocrx_word' id='word_1_307' title='bbox 773 2652 822 2688; x_wconf 88' lang='lat' dir='ltr'><strong>T.).</strong></span> <span class='ocrx_word' id='word_1_308' title='bbox 876 2663 892 2677; x_wconf 76' lang='lat'>‹-</span> 
     </span>
    </p>
   </div>
   <div class='ocr_carea' id='block_1_8' title="bbox 1091 233 1846 2676">
    <p class='ocr_par' dir='ltr' id='par_1_10' title="bbox 1091 233 1846 2676">
     <span class='ocr_line' id='line_1_72' title="bbox 1094 233 1795 266; baseline 0 0"><span class='ocrx_word' id='word_1_309' title='bbox 1094 243 1149 266; x_wconf 85' lang='lat' dir='ltr'>vni</span> <span class='ocrx_word' id='word_1_310' title='bbox 1173 243 1221 266; x_wconf 81' lang='lat' dir='ltr'>PP.</span> <span class='ocrx_word' id='word_1_311' title='bbox 1734 233 1795 266; x_wconf 65' lang='lat'>597</span> 
     </span>
     <span class='ocr_line' id='line_1_73' title="bbox 1091 289 1828 334; baseline -0.005 -11"><span class='ocrx_word' id='word_1_312' title='bbox 1091 296 1328 334; x_wconf 86' lang='lat' dir='ltr'>procuratorem</span> <span class='ocrx_word' id='word_1_313' title='bbox 1354 291 1550 333; x_wconf 80' lang='lat' dir='ltr'>generalem,</span> <span class='ocrx_word' id='word_1_314' title='bbox 1577 289 1706 322; x_wconf 73' lang='lat' dir='ltr'>dilectos</span> <span class='ocrx_word' id='word_1_315' title='bbox 1732 290 1828 325; x_wconf 72' lang='lat' dir='ltr'>tilios,</span> 
     </span>
     <span class='ocr_line' id='line_1_74' title="bbox 1091 344 1831 387; baseline 0 -12"><span class='ocrx_word' id='word_1_316' title='bbox 1091 355 1182 387; x_wconf 77' lang='lat' dir='ltr'>posse</span> <span class='ocrx_word' id='word_1_317' title='bbox 1200 348 1229 377; x_wconf 91' lang='lat' dir='ltr'>et</span> <span class='ocrx_word' id='word_1_318' title='bbox 1245 344 1360 377; x_wconf 85' lang='lat' dir='ltr'>debere</span> <span class='ocrx_word' id='word_1_319' title='bbox 1378 344 1515 377; x_wconf 87' lang='lat' dir='ltr'>eiusdem</span> <span class='ocrx_word' id='word_1_320' title='bbox 1535 354 1677 376; x_wconf 81' lang='lat' dir='ltr'>camerae</span> <span class='ocrx_word' id='word_1_321' title='bbox 1694 344 1831 379; x_wconf 79' lang='lat' dir='ltr'>nomine,</span> 
     </span>
     <span class='ocr_line' id='line_1_75' title="bbox 1092 396 1832 438; baseline 0 -10"><span class='ocrx_word' id='word_1_322' title='bbox 1092 401 1121 428; x_wconf 87' lang='lat' dir='ltr'>et</span> <span class='ocrx_word' id='word_1_323' title='bbox 1145 397 1270 429; x_wconf 89' lang='lat' dir='ltr'>nemine</span> <span class='ocrx_word' id='word_1_324' title='bbox 1295 403 1413 437; x_wconf 85' lang='lat' dir='ltr'>vocato,</span> <span class='ocrx_word' id='word_1_325' title='bbox 1435 408 1470 430; x_wconf 86' lang='lat' dir='ltr'>ac</span> <span class='ocrx_word' id='word_1_326' title='bbox 1497 407 1589 429; x_wconf 83' lang='lat' dir='ltr'>manu</span> <span class='ocrx_word' id='word_1_327' title='bbox 1612 396 1698 438; x_wconf 71' lang='lat' dir='ltr'>regia</span> <span class='ocrx_word' id='word_1_328' title='bbox 1719 401 1748 428; x_wconf 84' lang='lat' dir='ltr'>ct</span> <span class='ocrx_word' id='word_1_329' title='bbox 1766 407 1832 428; x_wconf 83' lang='lat' dir='ltr'>exe-</span> 
     </span>
     <span class='ocr_line' id='line_1_76' title="bbox 1092 449 1831 492; baseline 0 -11"><span class='ocrx_word' id='word_1_330' title='bbox 1092 450 1228 492; x_wconf 84' lang='lat' dir='ltr'>quutive,</span> <span class='ocrx_word' id='word_1_331' title='bbox 1253 461 1288 482; x_wconf 81' lang='lat' dir='ltr'>ac</span> <span class='ocrx_word' id='word_1_332' title='bbox 1311 451 1404 483; x_wconf 86' lang='lat' dir='ltr'>etiam</span> <span class='ocrx_word' id='word_1_333' title='bbox 1429 451 1467 482; x_wconf 80' lang='lat' dir='ltr'>(lc</span> <span class='ocrx_word' id='word_1_334' title='bbox 1493 452 1588 491; x_wconf 72' lang='lat' dir='ltr'>lacto,</span> <span class='ocrx_word' id='word_1_335' title='bbox 1615 450 1691 482; x_wconf 86' lang='lat' dir='ltr'>citra</span> <span class='ocrx_word' id='word_1_336' title='bbox 1723 449 1831 481; x_wconf 79' lang='lat' dir='ltr'>vitium</span> 
     </span>
     <span class='ocr_line' id='line_1_77' title="bbox 1093 503 1834 546; baseline 0.001 -12"><span class='ocrx_word' id='word_1_337' title='bbox 1093 503 1193 545; x_wconf 89' lang='lat' dir='ltr'>spolii⁷</span> <span class='ocrx_word' id='word_1_338' title='bbox 1209 503 1359 536; x_wconf 76' lang='lat' dir='ltr'>nullitatis</span> <span class='ocrx_word' id='word_1_339' title='bbox 1372 509 1402 535; x_wconf 81' lang='lat' dir='ltr'>et</span> <span class='ocrx_word' id='word_1_340' title='bbox 1415 508 1648 543; x_wconf 71' lang='lat' dir='ltr'>attentatarum,</span> <span class='ocrx_word' id='word_1_341' title='bbox 1666 503 1834 546; x_wconf 69' lang='lat' dir='ltr'>posscssio-</span> 
     </span>
     <span class='ocr_line' id='line_1_78' title="bbox 1093 556 1833 596; baseline 0 -9"><span class='ocrx_word' id='word_1_342' title='bbox 1093 566 1164 588; x_wconf 83' lang='lat' dir='ltr'>nem</span> <span class='ocrx_word' id='word_1_343' title='bbox 1189 556 1345 589; x_wconf 89' lang='lat' dir='ltr'>bonorum</span> <span class='ocrx_word' id='word_1_344' title='bbox 1373 557 1590 596; x_wconf 76' lang='lat' dir='ltr'>venditorum,</span> <span class='ocrx_word' id='word_1_345' title='bbox 1615 557 1833 596; x_wconf 62' lang='lat' dir='ltr'>atis-rimorum,</span> 
     </span>
     <span class='ocr_line' id='line_1_79' title="bbox 1095 608 1832 652; baseline 0.003 -13"><span class='ocrx_word' id='word_1_346' title='bbox 1095 608 1141 640; x_wconf 84' lang='lat' dir='ltr'>vel</span> <span class='ocrx_word' id='word_1_347' title='bbox 1153 608 1326 641; x_wconf 84' lang='lat' dir='ltr'>locatorum</span> <span class='ocrx_word' id='word_1_348' title='bbox 1338 620 1459 652; x_wconf 79' lang='lat' dir='ltr'>capere,</span> <span class='ocrx_word' id='word_1_349' title='bbox 1471 609 1509 641; x_wconf 89' lang='lat' dir='ltr'>ad</span> <span class='ocrx_word' id='word_1_350' title='bbox 1522 611 1665 641; x_wconf 55' lang='lat' dir='ltr'>ellectum</span> <span class='ocrx_word' id='word_1_351' title='bbox 1680 609 1832 642; x_wconf 74' lang='lat' dir='ltr'>retinendi</span> 
     </span>
     <span class='ocr_line' id='line_1_80' title="bbox 1095 661 1833 705; baseline 0.001 -12"><span class='ocrx_word' id='word_1_352' title='bbox 1095 662 1255 694; x_wconf 85' lang='lat' dir='ltr'>etsructus</span> <span class='ocrx_word' id='word_1_353' title='bbox 1273 661 1399 694; x_wconf 88' lang='lat' dir='ltr'>illorum</span> <span class='ocrx_word' id='word_1_354' title='bbox 1418 662 1610 705; x_wconf 87' lang='lat' dir='ltr'>percipiendi</span> <span class='ocrx_word' id='word_1_355' title='bbox 1622 663 1658 693; x_wconf 85' lang='lat' dir='ltr'>ad</span> <span class='ocrx_word' id='word_1_356' title='bbox 1670 663 1833 695; x_wconf 83' lang='lat' dir='ltr'>utilitatem</span> 
     </span>
     <span class='ocr_line' id='line_1_81' title="bbox 1095 713 1833 758; baseline 0 -12"><span class='ocrx_word' id='word_1_357' title='bbox 1095 713 1194 746; x_wconf 86' lang='lat' dir='ltr'>dictae</span> <span class='ocrx_word' id='word_1_358' title='bbox 1206 725 1359 755; x_wconf 85' lang='lat' dir='ltr'>camerae,</span> <span class='ocrx_word' id='word_1_359' title='bbox 1369 724 1404 746; x_wconf 88' lang='lat' dir='ltr'>ac</span> <span class='ocrx_word' id='word_1_360' title='bbox 1418 715 1590 757; x_wconf 76' lang='lat' dir='ltr'>respective</span> <span class='ocrx_word' id='word_1_361' title='bbox 1604 715 1833 758; x_wconf 76' lang='lat' dir='ltr'>posscssifflicni</span> 
     </span>
     <span class='ocr_line' id='line_1_82' title="bbox 1096 767 1835 810; baseline 0.003 -11"><span class='ocrx_word' id='word_1_362' title='bbox 1096 777 1152 800; x_wconf 88' lang='lat' dir='ltr'>suo</span> <span class='ocrx_word' id='word_1_363' title='bbox 1169 771 1311 810; x_wconf 87' lang='lat' dir='ltr'>tempore</span> <span class='ocrx_word' id='word_1_364' title='bbox 1329 767 1544 808; x_wconf 82' lang='lat' dir='ltr'>consignandi,</span> <span class='ocrx_word' id='word_1_365' title='bbox 1559 767 1643 799; x_wconf 66' lang='lat' dir='ltr'>iuxta</span> <span class='ocrx_word' id='word_1_366' title='bbox 1661 768 1835 801; x_wconf 86' lang='lat' dir='ltr'>contitutio-</span> 
     </span>
     <span class='ocr_line' id='line_1_83' title="bbox 1096 820 1833 863; baseline 0 -11"><span class='ocrx_word' id='word_1_367' title='bbox 1096 829 1170 852; x_wconf 91' lang='lat' dir='ltr'>num</span> <span class='ocrx_word' id='word_1_368' title='bbox 1185 825 1214 852; x_wconf 89' lang='lat' dir='ltr'>et</span> <span class='ocrx_word' id='word_1_369' title='bbox 1225 825 1404 853; x_wconf 88' lang='lat' dir='ltr'>nostrarum</span> <span class='ocrx_word' id='word_1_370' title='bbox 1417 820 1592 852; x_wconf 88' lang='lat' dir='ltr'>litterarum</span> <span class='ocrx_word' id='word_1_371' title='bbox 1604 820 1833 863; x_wconf 84' lang='lat' dir='ltr'>praedictarum</span> 
     </span>
     <span class='ocr_line' id='line_1_84' title="bbox 1096 873 1837 917; baseline 0 -12"><span class='ocrx_word' id='word_1_372' title='bbox 1096 874 1240 914; x_wconf 86' lang='lat' dir='ltr'>sormam,</span> <span class='ocrx_word' id='word_1_373' title='bbox 1259 873 1404 917; x_wconf 86' lang='lat' dir='ltr'>personis</span> <span class='ocrx_word' id='word_1_374' title='bbox 1424 873 1455 905; x_wconf 91' lang='lat' dir='ltr'>in</span> <span class='ocrx_word' id='word_1_375' title='bbox 1475 873 1592 906; x_wconf 84' lang='lat' dir='ltr'>eisdem</span> <span class='ocrx_word' id='word_1_376' title='bbox 1611 873 1837 906; x_wconf 86' lang='lat' dir='ltr'>constitutioni—</span> 
     </span>
     <span class='ocr_line' id='line_1_85' title="bbox 1096 927 1837 969; baseline -0.001 -10"><span class='ocrx_word' id='word_1_377' title='bbox 1096 927 1156 960; x_wconf 89' lang='lat' dir='ltr'>bus</span> <span class='ocrx_word' id='word_1_378' title='bbox 1181 932 1211 960; x_wconf 87' lang='lat' dir='ltr'>et</span> <span class='ocrx_word' id='word_1_379' title='bbox 1234 927 1350 960; x_wconf 87' lang='lat' dir='ltr'>nostris</span> <span class='ocrx_word' id='word_1_380' title='bbox 1374 927 1486 960; x_wconf 85' lang='lat' dir='ltr'>litteris</span> <span class='ocrx_word' id='word_1_381' title='bbox 1511 927 1690 969; x_wconf 73' lang='lat' dir='ltr'>designatis,</span> <span class='ocrx_word' id='word_1_382' title='bbox 1716 937 1837 959; x_wconf 83' lang='lat' dir='ltr'>necnon</span> 
     </span>
     <span class='ocr_line' id='line_1_86' title="bbox 1097 981 1838 1025; baseline 0 -12"><span class='ocrx_word' id='word_1_383' title='bbox 1097 981 1190 1013; x_wconf 87' lang='lat' dir='ltr'>etiam</span> <span class='ocrx_word' id='word_1_384' title='bbox 1216 981 1351 1025; x_wconf 83' lang='lat' dir='ltr'>desuper</span> <span class='ocrx_word' id='word_1_385' title='bbox 1383 992 1476 1024; x_wconf 87' lang='lat' dir='ltr'>agere</span> <span class='ocrx_word' id='word_1_386' title='bbox 1506 992 1612 1014; x_wconf 90' lang='lat' dir='ltr'>coram</span> <span class='ocrx_word' id='word_1_387' title='bbox 1637 991 1838 1024; x_wconf 83' lang='lat' dir='ltr'>quocumque</span> 
     </span>
     <span class='ocr_line' id='line_1_87' title="bbox 1099 1034 1838 1071; baseline 0 -5"><span class='ocrx_word' id='word_1_388' title='bbox 1099 1035 1255 1071; x_wconf 80' lang='lat' dir='ltr'>Romanae</span> <span class='ocrx_word' id='word_1_389' title='bbox 1270 1034 1375 1067; x_wconf 87' lang='lat' dir='ltr'>curiae</span> <span class='ocrx_word' id='word_1_390' title='bbox 1392 1045 1446 1067; x_wconf 89' lang='lat' dir='ltr'>seu</span> <span class='ocrx_word' id='word_1_391' title='bbox 1460 1034 1562 1068; x_wconf 84' lang='lat' dir='ltr'>Status</span> <span class='ocrx_word' id='word_1_392' title='bbox 1575 1035 1673 1068; x_wconf 86' lang='lat' dir='ltr'>nostri</span> <span class='ocrx_word' id='word_1_393' title='bbox 1688 1034 1838 1067; x_wconf 86' lang='lat' dir='ltr'>Ecclesia-</span> 
     </span>
     <span class='ocr_line' id='line_1_88' title="bbox 1098 1087 1839 1131; baseline 0 -11"><span class='ocrx_word' id='word_1_394' title='bbox 1098 1087 1167 1121; x_wconf 86' lang='lat' dir='ltr'>stici</span> <span class='ocrx_word' id='word_1_395' title='bbox 1182 1087 1284 1121; x_wconf 90' lang='lat' dir='ltr'>iudice</span> <span class='ocrx_word' id='word_1_396' title='bbox 1300 1099 1358 1131; x_wconf 90' lang='lat' dir='ltr'>pro</span> <span class='ocrx_word' id='word_1_397' title='bbox 1372 1088 1525 1121; x_wconf 73' lang='lat' dir='ltr'>elsectuali</span> <span class='ocrx_word' id='word_1_398' title='bbox 1536 1093 1565 1120; x_wconf 89' lang='lat' dir='ltr'>et</span> <span class='ocrx_word' id='word_1_399' title='bbox 1581 1088 1703 1131; x_wconf 68' lang='lat' dir='ltr'>integra</span> <span class='ocrx_word' id='word_1_400' title='bbox 1715 1098 1839 1121; x_wconf 89' lang='lat' dir='ltr'>revoca—</span> 
     </span>
     <span class='ocr_line' id='line_1_89' title="bbox 1099 1141 1838 1185; baseline 0 -12"><span class='ocrx_word' id='word_1_401' title='bbox 1099 1141 1182 1174; x_wconf 90' lang='lat' dir='ltr'>tione</span> <span class='ocrx_word' id='word_1_402' title='bbox 1199 1146 1230 1174; x_wconf 85' lang='lat' dir='ltr'>et</span> <span class='ocrx_word' id='word_1_403' title='bbox 1246 1141 1438 1185; x_wconf 84' lang='lat' dir='ltr'>repositione</span> <span class='ocrx_word' id='word_1_404' title='bbox 1448 1142 1589 1175; x_wconf 92' lang='lat' dir='ltr'>omnium</span> <span class='ocrx_word' id='word_1_405' title='bbox 1602 1147 1630 1174; x_wconf 88' lang='lat' dir='ltr'>et</span> <span class='ocrx_word' id='word_1_406' title='bbox 1641 1142 1838 1184; x_wconf 84' lang='lat' dir='ltr'>singulorum</span> 
     </span>
     <span class='ocr_line' id='line_1_90' title="bbox 1099 1194 1838 1238; baseline 0.001 -12"><span class='ocrx_word' id='word_1_407' title='bbox 1099 1194 1130 1226; x_wconf 91' lang='lat' dir='ltr'>in</span> <span class='ocrx_word' id='word_1_408' title='bbox 1154 1194 1336 1238; x_wconf 84' lang='lat' dir='ltr'>pristinum,</span> <span class='ocrx_word' id='word_1_409' title='bbox 1362 1205 1425 1228; x_wconf 91' lang='lat' dir='ltr'>non</span> <span class='ocrx_word' id='word_1_410' title='bbox 1450 1195 1592 1228; x_wconf 86' lang='lat' dir='ltr'>obstante</span> <span class='ocrx_word' id='word_1_411' title='bbox 1619 1195 1838 1236; x_wconf 86' lang='lat' dir='ltr'>taciturnitate,</span> 
     </span>
     <span class='ocr_line' id='line_1_91' title="bbox 1098 1248 1840 1292; baseline 0.003 -12"><span class='ocrx_word' id='word_1_412' title='bbox 1098 1248 1300 1291; x_wconf 75' lang='lat' dir='ltr'>negligentia,</span> <span class='ocrx_word' id='word_1_413' title='bbox 1321 1259 1356 1281; x_wconf 88' lang='lat' dir='ltr'>ac</span> <span class='ocrx_word' id='word_1_414' title='bbox 1377 1248 1469 1281; x_wconf 88' lang='lat' dir='ltr'>etiam</span> <span class='ocrx_word' id='word_1_415' title='bbox 1492 1248 1739 1282; x_wconf 87' lang='lat' dir='ltr'>contradictione</span> <span class='ocrx_word' id='word_1_416' title='bbox 1760 1249 1840 1292; x_wconf 86' lang='lat' dir='ltr'>ipso-</span> 
     </span>
     <span class='ocr_line' id='line_1_92' title="bbox 1099 1302 1836 1336; baseline 0.004 -3"><span class='ocrx_word' id='word_1_417' title='bbox 1099 1306 1237 1334; x_wconf 89' lang='lat' dir='ltr'>rummet</span> <span class='ocrx_word' id='word_1_418' title='bbox 1260 1302 1512 1335; x_wconf 83' lang='lat' dir='ltr'>contrahentium</span> <span class='ocrx_word' id='word_1_419' title='bbox 1538 1308 1568 1335; x_wconf 89' lang='lat' dir='ltr'>et</span> <span class='ocrx_word' id='word_1_420' title='bbox 1593 1303 1761 1336; x_wconf 84' lang='lat' dir='ltr'>cuiuslibet</span> <span class='ocrx_word' id='word_1_421' title='bbox 1781 1312 1836 1336; x_wconf 90' lang='lat' dir='ltr'>eo-</span> 
     </span>
     <span class='ocr_line' id='line_1_93' title="bbox 1099 1355 1839 1399; baseline 0.003 -12"><span class='ocrx_word' id='word_1_422' title='bbox 1099 1365 1180 1395; x_wconf 88' lang='lat' dir='ltr'>rum,</span> <span class='ocrx_word' id='word_1_423' title='bbox 1206 1355 1249 1388; x_wconf 87' lang='lat' dir='ltr'>ita</span> <span class='ocrx_word' id='word_1_424' title='bbox 1273 1355 1356 1399; x_wconf 85' lang='lat' dir='ltr'>quod</span> <span class='ocrx_word' id='word_1_425' title='bbox 1381 1356 1473 1389; x_wconf 88' lang='lat' dir='ltr'>etiam</span> <span class='ocrx_word' id='word_1_426' title='bbox 1496 1356 1557 1389; x_wconf 89' lang='lat' dir='ltr'>illis</span> <span class='ocrx_word' id='word_1_427' title='bbox 1582 1367 1636 1389; x_wconf 86' lang='lat' dir='ltr'>seu</span> <span class='ocrx_word' id='word_1_428' title='bbox 1660 1356 1758 1389; x_wconf 91' lang='lat' dir='ltr'>altero</span> <span class='ocrx_word' id='word_1_429' title='bbox 1787 1367 1839 1389; x_wconf 87' lang='lat' dir='ltr'>eo-</span> 
     </span>
     <span class='ocr_line' id='line_1_94' title="bbox 1100 1409 1840 1453; baseline 0.001 -12"><span class='ocrx_word' id='word_1_430' title='bbox 1100 1419 1170 1442; x_wconf 90' lang='lat' dir='ltr'>rum</span> <span class='ocrx_word' id='word_1_431' title='bbox 1183 1419 1247 1442; x_wconf 90' lang='lat' dir='ltr'>non</span> <span class='ocrx_word' id='word_1_432' title='bbox 1261 1409 1457 1450; x_wconf 86' lang='lat' dir='ltr'>instantibus,</span> <span class='ocrx_word' id='word_1_433' title='bbox 1468 1410 1608 1453; x_wconf 86' lang='lat' dir='ltr'>quinimo</span> <span class='ocrx_word' id='word_1_434' title='bbox 1622 1410 1716 1442; x_wconf 84' lang='lat' dir='ltr'>etiam</span> <span class='ocrx_word' id='word_1_435' title='bbox 1738 1410 1840 1443; x_wconf 88' lang='lat' dir='ltr'>invitis</span> 
     </span>
     <span class='ocr_line' id='line_1_95' title="bbox 1099 1462 1839 1506; baseline 0.001 -12"><span class='ocrx_word' id='word_1_436' title='bbox 1099 1467 1129 1494; x_wconf 88' lang='lat' dir='ltr'>ct</span> <span class='ocrx_word' id='word_1_437' title='bbox 1146 1462 1443 1503; x_wconf 84' lang='lat' dir='ltr'>contradicentibus,</span> <span class='ocrx_word' id='word_1_438' title='bbox 1462 1463 1577 1503; x_wconf 86' lang='lat' dir='ltr'>onmia,</span> <span class='ocrx_word' id='word_1_439' title='bbox 1597 1466 1631 1496; x_wconf 89' lang='lat' dir='ltr'>ut</span> <span class='ocrx_word' id='word_1_440' title='bbox 1654 1463 1839 1506; x_wconf 85' lang='lat' dir='ltr'>praefertur,</span> 
     </span>
     <span class='ocr_line' id='line_1_96' title="bbox 1099 1515 1840 1560; baseline 0 -12"><span class='ocrx_word' id='word_1_441' title='bbox 1099 1515 1191 1549; x_wconf 88' lang='lat' dir='ltr'>etiam</span> <span class='ocrx_word' id='word_1_442' title='bbox 1209 1526 1305 1548; x_wconf 88' lang='lat' dir='ltr'>manu</span> <span class='ocrx_word' id='word_1_443' title='bbox 1325 1516 1414 1558; x_wconf 81' lang='lat' dir='ltr'>regia</span> <span class='ocrx_word' id='word_1_444' title='bbox 1442 1516 1472 1548; x_wconf 92' lang='lat' dir='ltr'>in</span> <span class='ocrx_word' id='word_1_445' title='bbox 1493 1516 1662 1560; x_wconf 85' lang='lat' dir='ltr'>pristinum</span> <span class='ocrx_word' id='word_1_446' title='bbox 1683 1516 1840 1559; x_wconf 86' lang='lat' dir='ltr'>quampri-</span> 
     </span>
     <span class='ocr_line' id='line_1_97' title="bbox 1101 1569 1841 1613; baseline 0.003 -12"><span class='ocrx_word' id='word_1_447' title='bbox 1101 1579 1187 1602; x_wconf 90' lang='lat' dir='ltr'>mum</span> <span class='ocrx_word' id='word_1_448' title='bbox 1214 1574 1425 1613; x_wconf 86' lang='lat' dir='ltr'>reponantur;</span> <span class='ocrx_word' id='word_1_449' title='bbox 1447 1573 1476 1603; x_wconf 93' lang='lat' dir='ltr'>et</span> <span class='ocrx_word' id='word_1_450' title='bbox 1500 1569 1781 1610; x_wconf 84' lang='lat' dir='ltr'>contravenientes,</span> <span class='ocrx_word' id='word_1_451' title='bbox 1806 1581 1841 1603; x_wconf 84' lang='lat' dir='ltr'>ac</span> 
     </span>
     <span class='ocr_line' id='line_1_98' title="bbox 1100 1622 1841 1666; baseline 0.001 -12"><span class='ocrx_word' id='word_1_452' title='bbox 1100 1622 1205 1655; x_wconf 89' lang='lat' dir='ltr'>omnia</span> <span class='ocrx_word' id='word_1_453' title='bbox 1222 1626 1252 1656; x_wconf 89' lang='lat' dir='ltr'>et</span> <span class='ocrx_word' id='word_1_454' title='bbox 1265 1622 1386 1665; x_wconf 87' lang='lat' dir='ltr'>singula</span> <span class='ocrx_word' id='word_1_455' title='bbox 1402 1623 1433 1654; x_wconf 94' lang='lat' dir='ltr'>in</span> <span class='ocrx_word' id='word_1_456' title='bbox 1442 1623 1610 1666; x_wconf 87' lang='lat' dir='ltr'>pristinum</span> <span class='ocrx_word' id='word_1_457' title='bbox 1629 1623 1709 1655; x_wconf 86' lang='lat' dir='ltr'>infra</span> <span class='ocrx_word' id='word_1_458' title='bbox 1722 1622 1841 1656; x_wconf 89' lang='lat' dir='ltr'>dictum</span> 
     </span>
     <span class='ocr_line' id='line_1_99' title="bbox 1100 1675 1842 1720; baseline 0.003 -13"><span class='ocrx_word' id='word_1_459' title='bbox 1100 1675 1270 1707; x_wconf 83' lang='lat' dir='ltr'>terminum</span> <span class='ocrx_word' id='word_1_460' title='bbox 1287 1675 1383 1708; x_wconf 90' lang='lat' dir='ltr'>trium</span> <span class='ocrx_word' id='word_1_461' title='bbox 1398 1676 1553 1708; x_wconf 88' lang='lat' dir='ltr'>mensium</span> <span class='ocrx_word' id='word_1_462' title='bbox 1567 1686 1630 1709; x_wconf 91' lang='lat' dir='ltr'>non</span> <span class='ocrx_word' id='word_1_463' title='bbox 1645 1682 1842 1720; x_wconf 88' lang='lat' dir='ltr'>reponentes,</span> 
     </span>
     <span class='ocr_line' id='line_1_100' title="bbox 1100 1727 1844 1773; baseline 0.003 -13"><span class='ocrx_word' id='word_1_464' title='bbox 1100 1727 1132 1760; x_wconf 90' lang='lat' dir='ltr'>in</span> <span class='ocrx_word' id='word_1_465' title='bbox 1145 1738 1262 1772; x_wconf 85' lang='lat' dir='ltr'>poenas</span> <span class='ocrx_word' id='word_1_466' title='bbox 1282 1729 1457 1772; x_wconf 85' lang='lat' dir='ltr'>praedictas</span> <span class='ocrx_word' id='word_1_467' title='bbox 1472 1729 1540 1772; x_wconf 90' lang='lat' dir='ltr'>ipso</span> <span class='ocrx_word' id='word_1_468' title='bbox 1561 1729 1640 1769; x_wconf 86' lang='lat' dir='ltr'>iure,</span> <span class='ocrx_word' id='word_1_469' title='bbox 1655 1730 1771 1773; x_wconf 86' lang='lat' dir='ltr'>absque</span> <span class='ocrx_word' id='word_1_470' title='bbox 1792 1730 1844 1762; x_wconf 92' lang='lat' dir='ltr'>ali-</span> 
     </span>
     <span class='ocr_line' id='line_1_101' title="bbox 1100 1781 1843 1826; baseline 0.003 -12"><span class='ocrx_word' id='word_1_471' title='bbox 1100 1783 1162 1825; x_wconf 76' lang='lat' dir='ltr'>qua</span> <span class='ocrx_word' id='word_1_472' title='bbox 1188 1781 1409 1824; x_wconf 86' lang='lat' dir='ltr'>declaratione,</span> <span class='ocrx_word' id='word_1_473' title='bbox 1435 1783 1695 1826; x_wconf 82' lang='lat' dir='ltr'>etiamsi,·quoad</span> <span class='ocrx_word' id='word_1_474' title='bbox 1719 1789 1843 1817; x_wconf 88' lang='lat' dir='ltr'>contra-</span> 
     </span>
     <span class='ocr_line' id='line_1_102' title="bbox 1101 1835 1843 1881; baseline 0.001 -13"><span class='ocrx_word' id='word_1_475' title='bbox 1101 1835 1210 1869; x_wconf 88' lang='lat' dir='ltr'>hentes</span> <span class='ocrx_word' id='word_1_476' title='bbox 1224 1840 1254 1869; x_wconf 90' lang='lat' dir='ltr'>et</span> <span class='ocrx_word' id='word_1_477' title='bbox 1267 1846 1377 1869; x_wconf 89' lang='lat' dir='ltr'>eorum</span> <span class='ocrx_word' id='word_1_478' title='bbox 1389 1837 1570 1880; x_wconf 87' lang='lat' dir='ltr'>quemlibet,</span> <span class='ocrx_word' id='word_1_479' title='bbox 1581 1837 1682 1881; x_wconf 86' lang='lat' dir='ltr'>pretia</span> <span class='ocrx_word' id='word_1_480' title='bbox 1691 1838 1843 1878; x_wconf 88' lang='lat' dir='ltr'>restituta,</span> 
     </span>
     <span class='ocr_line' id='line_1_103' title="bbox 1101 1889 1842 1933; baseline 0.003 -12"><span class='ocrx_word' id='word_1_481' title='bbox 1101 1893 1153 1921; x_wconf 84' lang='lat' dir='ltr'>aut</span> <span class='ocrx_word' id='word_1_482' title='bbox 1167 1889 1226 1922; x_wconf 84' lang='lat' dir='ltr'>alia</span> <span class='ocrx_word' id='word_1_483' title='bbox 1240 1889 1271 1921; x_wconf 88' lang='lat' dir='ltr'>in</span> <span class='ocrx_word' id='word_1_484' title='bbox 1286 1900 1523 1933; x_wconf 89' lang='lat' dir='ltr'>recompensam</span> <span class='ocrx_word' id='word_1_485' title='bbox 1539 1891 1649 1933; x_wconf 87' lang='lat' dir='ltr'>soluta,</span> <span class='ocrx_word' id='word_1_486' title='bbox 1664 1891 1786 1931; x_wconf 84' lang='lat' dir='ltr'>tradita,</span> <span class='ocrx_word' id='word_1_487' title='bbox 1796 1891 1842 1924; x_wconf 85' lang='lat' dir='ltr'>vel</span> 
     </span>
     <span class='ocr_line' id='line_1_104' title="bbox 1102 1942 1842 1987; baseline 0.003 -13"><span class='ocrx_word' id='word_1_488' title='bbox 1102 1942 1132 1974; x_wconf 93' lang='lat' dir='ltr'>in</span> <span class='ocrx_word' id='word_1_489' title='bbox 1156 1942 1200 1975; x_wconf 86' lang='lat' dir='ltr'>eis</span> <span class='ocrx_word' id='word_1_490' title='bbox 1224 1943 1461 1986; x_wconf 83' lang='lat' dir='ltr'>quomodolibet</span> <span class='ocrx_word' id='word_1_491' title='bbox 1490 1944 1647 1987; x_wconf 88' lang='lat' dir='ltr'>promissa</span> <span class='ocrx_word' id='word_1_492' title='bbox 1673 1944 1842 1987; x_wconf 87' lang='lat' dir='ltr'>adimpleta</span> 
     </span>
     <span class='ocr_line' id='line_1_105' title="bbox 1100 1996 1841 2037; baseline 0.004 -9"><span class='ocrx_word' id='word_1_493' title='bbox 1100 2006 1163 2029; x_wconf 92' lang='lat' dir='ltr'>non</span> <span class='ocrx_word' id='word_1_494' title='bbox 1177 1996 1301 2037; x_wconf 87' lang='lat' dir='ltr'>fuerint,</span> <span class='ocrx_word' id='word_1_495' title='bbox 1317 1997 1488 2030; x_wconf 86' lang='lat' dir='ltr'>incurrisse</span> <span class='ocrx_word' id='word_1_496' title='bbox 1502 2002 1533 2030; x_wconf 89' lang='lat' dir='ltr'>et</span> <span class='ocrx_word' id='word_1_497' title='bbox 1553 1998 1584 2029; x_wconf 92' lang='lat' dir='ltr'>in</span> <span class='ocrx_word' id='word_1_498' title='bbox 1603 1998 1669 2030; x_wconf 87' lang='lat' dir='ltr'>illas</span> <span class='ocrx_word' id='word_1_499' title='bbox 1687 1997 1841 2031; x_wconf 88' lang='lat' dir='ltr'>incidisse.</span> 
     </span>
     <span class='ocr_line' id='line_1_106' title="bbox 1145 2050 1843 2095; baseline 0.003 -13"><span class='ocrx_word' id='word_1_500' title='bbox 1145 2050 1160 2093; x_wconf 63' lang='lat' dir='ltr'>g</span> <span class='ocrx_word' id='word_1_501' title='bbox 1184 2050 1213 2082; x_wconf 72' lang='lat'>4.</span> <span class='ocrx_word' id='word_1_502' title='bbox 1231 2051 1376 2083; x_wconf 63' lang='lat' dir='ltr'>Notat-ios</span> <span class='ocrx_word' id='word_1_503' title='bbox 1394 2062 1530 2094; x_wconf 85' lang='lat' dir='ltr'>quoque,</span> <span class='ocrx_word' id='word_1_504' title='bbox 1546 2052 1638 2084; x_wconf 89' lang='lat' dir='ltr'>etiam</span> <span class='ocrx_word' id='word_1_505' title='bbox 1657 2052 1743 2084; x_wconf 75' lang='lat' dir='ltr'>Sedis</span> <span class='ocrx_word' id='word_1_506' title='bbox 1761 2053 1843 2095; x_wconf 78' lang='lat' dir='ltr'>Apo—</span> 
     </span>
     <span class='ocr_line' id='line_1_107' title="bbox 1101 2103 1844 2148; baseline 0.003 -13"><span class='ocrx_word' id='word_1_507' title='bbox 1101 2103 1227 2136; x_wconf 78' lang='lat' dir='ltr'>stolicae</span> <span class='ocrx_word' id='word_1_508' title='bbox 1241 2109 1447 2147; x_wconf 84' lang='lat' dir='ltr'>nuncupatos,</span> <span class='ocrx_word' id='word_1_509' title='bbox 1461 2104 1554 2137; x_wconf 86' lang='lat' dir='ltr'>etiam</span> <span class='ocrx_word' id='word_1_510' title='bbox 1568 2105 1605 2137; x_wconf 87' lang='lat' dir='ltr'>de</span> <span class='ocrx_word' id='word_1_511' title='bbox 1622 2115 1756 2138; x_wconf 89' lang='lat' dir='ltr'>numero</span> <span class='ocrx_word' id='word_1_512' title='bbox 1773 2116 1844 2148; x_wconf 82' lang='lat' dir='ltr'>par-</span> 
     </span>
     <span class='ocr_line' id='line_1_108' title="bbox 1101 2157 1843 2200; baseline 0.003 -11"><span class='ocrx_word' id='word_1_513' title='bbox 1101 2157 1318 2200; x_wconf 88' lang='lat' dir='ltr'>ticipiantium,</span> <span class='ocrx_word' id='word_1_514' title='bbox 1329 2157 1409 2190; x_wconf 88' lang='lat' dir='ltr'>intra</span> <span class='ocrx_word' id='word_1_515' title='bbox 1418 2158 1563 2191; x_wconf 87' lang='lat' dir='ltr'>eumdem</span> <span class='ocrx_word' id='word_1_516' title='bbox 1579 2158 1672 2190; x_wconf 88' lang='lat' dir='ltr'>trium</span> <span class='ocrx_word' id='word_1_517' title='bbox 1687 2159 1843 2191; x_wconf 89' lang='lat' dir='ltr'>mensium</span> 
     </span>
     <span class='ocr_line' id='line_1_109' title="bbox 1103 2210 1843 2254; baseline 0.004 -12"><span class='ocrx_word' id='word_1_518' title='bbox 1103 2210 1281 2251; x_wconf 85' lang='lat' dir='ltr'>terminum,</span> <span class='ocrx_word' id='word_1_519' title='bbox 1297 2216 1359 2243; x_wconf 89' lang='lat' dir='ltr'>tam</span> <span class='ocrx_word' id='word_1_520' title='bbox 1378 2211 1408 2243; x_wconf 91' lang='lat' dir='ltr'>in</span> <span class='ocrx_word' id='word_1_521' title='bbox 1429 2211 1606 2244; x_wconf 73' lang='lat' dir='ltr'>exhibendo</span> <span class='ocrx_word' id='word_1_522' title='bbox 1624 2212 1843 2254; x_wconf 86' lang='lat' dir='ltr'>instrumento,</span> 
     </span>
     <span class='ocr_line' id='line_1_110' title="bbox 1101 2264 1845 2308; baseline 0.003 -12"><span class='ocrx_word' id='word_1_523' title='bbox 1101 2275 1195 2308; x_wconf 88' lang='lat' dir='ltr'>quam</span> <span class='ocrx_word' id='word_1_524' title='bbox 1214 2264 1307 2296; x_wconf 88' lang='lat' dir='ltr'>etiam</span> <span class='ocrx_word' id='word_1_525' title='bbox 1325 2264 1455 2297; x_wconf 87' lang='lat' dir='ltr'>ulterius</span> <span class='ocrx_word' id='word_1_526' title='bbox 1472 2265 1504 2296; x_wconf 90' lang='grc'>111</span> <span class='ocrx_word' id='word_1_527' title='bbox 1521 2264 1697 2297; x_wconf 83' lang='lat' dir='ltr'>adnotando</span> <span class='ocrx_word' id='word_1_528' title='bbox 1716 2265 1747 2297; x_wconf 93' lang='lat' dir='ltr'>in</span> <span class='ocrx_word' id='word_1_529' title='bbox 1764 2276 1845 2298; x_wconf 89' lang='lat' dir='ltr'>mar-</span> 
     </span>
     <span class='ocr_line' id='line_1_111' title="bbox 1101 2318 1844 2362; baseline 0.001 -11"><span class='ocrx_word' id='word_1_530' title='bbox 1101 2318 1844 2362; x_wconf 85' lang='lat' dir='ltr'>gineipsoruminstrumentorumcassationem,</span> 
     </span>
     <span class='ocr_line' id='line_1_112' title="bbox 1102 2373 1846 2417; baseline 0.003 -12"><span class='ocrx_word' id='word_1_531' title='bbox 1102 2373 1367 2414; x_wconf 84' lang='lat' dir='ltr'>retractationem,</span> <span class='ocrx_word' id='word_1_532' title='bbox 1386 2373 1616 2406; x_wconf 86' lang='lat' dir='ltr'>restitutionem</span> <span class='ocrx_word' id='word_1_533' title='bbox 1634 2379 1664 2406; x_wconf 92' lang='lat' dir='ltr'>et</span> <span class='ocrx_word' id='word_1_534' title='bbox 1682 2374 1846 2417; x_wconf 86' lang='lat' dir='ltr'>repositio-</span> 
     </span>
     <span class='ocr_line' id='line_1_113' title="bbox 1102 2426 1846 2470; baseline 0.003 -12"><span class='ocrx_word' id='word_1_535' title='bbox 1102 2437 1173 2459; x_wconf 89' lang='lat' dir='ltr'>nem</span> <span class='ocrx_word' id='word_1_536' title='bbox 1190 2426 1221 2458; x_wconf 90' lang='lat' dir='ltr'>in</span> <span class='ocrx_word' id='word_1_537' title='bbox 1234 2426 1402 2470; x_wconf 88' lang='lat' dir='ltr'>pristinum</span> <span class='ocrx_word' id='word_1_538' title='bbox 1415 2427 1556 2459; x_wconf 90' lang='lat' dir='ltr'>omnium</span> <span class='ocrx_word' id='word_1_539' title='bbox 1571 2432 1680 2459; x_wconf 86' lang='lat' dir='ltr'>contra</span> <span class='ocrx_word' id='word_1_540' title='bbox 1698 2427 1846 2460; x_wconf 86' lang='lat' dir='ltr'>constitn-</span> 
     </span>
     <span class='ocr_line' id='line_1_114' title="bbox 1103 2480 1845 2523; baseline 0.001 -11"><span class='ocrx_word' id='word_1_541' title='bbox 1103 2480 1222 2513; x_wconf 90' lang='lat' dir='ltr'>tionum</span> <span class='ocrx_word' id='word_1_542' title='bbox 1234 2484 1264 2512; x_wconf 90' lang='lat' dir='ltr'>et</span> <span class='ocrx_word' id='word_1_543' title='bbox 1275 2480 1450 2512; x_wconf 83' lang='lat' dir='ltr'>litterarum</span> <span class='ocrx_word' id='word_1_544' title='bbox 1458 2480 1691 2523; x_wconf 84' lang='lat' dir='ltr'>praedictarum</span> <span class='ocrx_word' id='word_1_545' title='bbox 1704 2486 1845 2514; x_wconf 86' lang='lat' dir='ltr'>tenorem</span> 
     </span>
     <span class='ocr_line' id='line_1_115' title="bbox 1102 2533 1844 2577; baseline 0.003 -12"><span class='ocrx_word' id='word_1_546' title='bbox 1102 2538 1255 2573; x_wconf 86' lang='lat' dir='ltr'>actorum,</span> <span class='ocrx_word' id='word_1_547' title='bbox 1272 2533 1414 2577; x_wconf 81' lang='lat' dir='ltr'>paruisse</span> <span class='ocrx_word' id='word_1_548' title='bbox 1428 2533 1552 2575; x_wconf 89' lang='lat' dir='ltr'>debere,</span> <span class='ocrx_word' id='word_1_549' title='bbox 1567 2534 1641 2566; x_wconf 76' lang='lat' dir='ltr'>alias</span> <span class='ocrx_word' id='word_1_550' title='bbox 1658 2534 1844 2577; x_wconf 83' lang='lat' dir='ltr'>privationis</span> 
     </span>
     <span class='ocr_line' id='line_1_116' title="bbox 1102 2586 1845 2632; baseline 0.001 -12"><span class='ocrx_word' id='word_1_551' title='bbox 1102 2586 1279 2620; x_wconf 85' lang='lat' dir='ltr'>officiorum</span> <span class='ocrx_word' id='word_1_552' title='bbox 1290 2597 1419 2620; x_wconf 86' lang='lat' dir='ltr'>suorum</span> <span class='ocrx_word' id='word_1_553' title='bbox 1430 2592 1460 2619; x_wconf 91' lang='lat' dir='ltr'>et</span> <span class='ocrx_word' id='word_1_554' title='bbox 1472 2587 1547 2620; x_wconf 84' lang='lat' dir='ltr'>alias</span> <span class='ocrx_word' id='word_1_555' title='bbox 1561 2598 1669 2621; x_wconf 90' lang='lat' dir='ltr'>omnes</span> <span class='ocrx_word' id='word_1_556' title='bbox 1683 2598 1800 2632; x_wconf 90' lang='lat' dir='ltr'>poenas</span> <span class='ocrx_word' id='word_1_557' title='bbox 1815 2588 1845 2621; x_wconf 91' lang='lat' dir='ltr'>in</span> 
     </span>
     <span class='ocr_line' id='line_1_117' title="bbox 1102 2641 1844 2676; baseline 0.001 -2"><span class='ocrx_word' id='word_1_558' title='bbox 1102 2641 1219 2675; x_wconf 85' lang='lat' dir='ltr'>eisdem</span> <span class='ocrx_word' id='word_1_559' title='bbox 1237 2641 1511 2676; x_wconf 84' lang='lat' dir='ltr'>constitutionibus</span> <span class='ocrx_word' id='word_1_560' title='bbox 1531 2646 1560 2676; x_wconf 88' lang='lat' dir='ltr'>et</span> <span class='ocrx_word' id='word_1_561' title='bbox 1580 2642 1691 2676; x_wconf 85' lang='lat' dir='ltr'>litteris</span> <span class='ocrx_word' id='word_1_562' title='bbox 1711 2642 1844 2676; x_wconf 72' lang='lat' dir='ltr'>inflictas</span> 
     </span>
    </p>
   </div>
   <div class='ocr_carea' id='block_1_9' title="bbox 1844 242 2027 269">
    <p class='ocr_par' dir='ltr' id='par_1_11' title="bbox 1844 242 2027 269">
     <span class='ocr_line' id='line_1_118' title="bbox 1844 242 2027 269; baseline 0.005 -1"><span class='ocrx_word' id='word_1_563' title='bbox 1844 242 1894 268; x_wconf 76' lang='lat' dir='ltr'>An.</span> <span class='ocrx_word' id='word_1_564' title='bbox 1911 242 1939 268; x_wconf 81' lang='lat' dir='ltr'>C.</span> <span class='ocrx_word' id='word_1_565' title='bbox 1959 243 2027 269; x_wconf 77' lang='lat'><strong>1627</strong></span> 
     </span>
    </p>
   </div>
   <div class='ocr_carea' id='block_1_10' title="bbox 1858 2059 2045 2268">
    <p class='ocr_par' dir='ltr' id='par_1_12' title="bbox 1858 2059 2045 2268">
     <span class='ocr_line' id='line_1_119' title="bbox 1902 2059 2042 2081; baseline 0 -1"><span class='ocrx_word' id='word_1_566' title='bbox 1902 2059 1983 2081; x_wconf 63' lang='lat' dir='ltr'>notarii</span> <span class='ocrx_word' id='word_1_567' title='bbox 2001 2066 2042 2081; x_wconf 78' lang='lat' dir='ltr'>oni·</span> 
     </span>
     <span class='ocr_line' id='line_1_120' title="bbox 1858 2089 2043 2107; baseline 0 0"><span class='ocrx_word' id='word_1_568' title='bbox 1858 2093 1894 2107; x_wconf 73' lang='lat' dir='ltr'>nes</span> <span class='ocrx_word' id='word_1_569' title='bbox 1907 2089 2043 2107; x_wconf 69' lang='lat' dir='ltr'>instrumenta</span> 
     </span>
     <span class='ocr_line' id='line_1_121' title="bbox 1858 2114 2043 2134; baseline 0.005 -1"><span class='ocrx_word' id='word_1_570' title='bbox 1858 2114 1978 2134; x_wconf 62' lang='lat' dir='ltr'>huiusmodi</span> <span class='ocrx_word' id='word_1_571' title='bbox 1987 2114 2043 2134; x_wconf 79' lang='lat' dir='ltr'>exbi-</span> 
     </span>
     <span class='ocr_line' id='line_1_122' title="bbox 1859 2141 2043 2161; baseline -0.005 0"><span class='ocrx_word' id='word_1_572' title='bbox 1859 2141 1920 2161; x_wconf 78' lang='lat' dir='ltr'>beant</span> <span class='ocrx_word' id='word_1_573' title='bbox 1931 2143 1950 2160; x_wconf 83' lang='lat' dir='ltr'>et</span> <span class='ocrx_word' id='word_1_574' title='bbox 1961 2141 1979 2160; x_wconf 92' lang='lat' dir='ltr'>in</span> <span class='ocrx_word' id='word_1_575' title='bbox 1990 2146 2043 2160; x_wconf 67' lang='lat' dir='ltr'>mar-</span> 
     </span>
     <span class='ocr_line' id='line_1_123' title="bbox 1859 2169 2043 2191; baseline 0 -5"><span class='ocrx_word' id='word_1_576' title='bbox 1859 2173 1906 2191; x_wconf 65' lang='lat' dir='ltr'>gine</span> <span class='ocrx_word' id='word_1_577' title='bbox 1941 2169 2043 2187; x_wconf 43' lang='lat' dir='ltr'>camalia-</span> 
     </span>
     <span class='ocr_line' id='line_1_124' title="bbox 1858 2193 2044 2214; baseline -0.005 0"><span class='ocrx_word' id='word_1_578' title='bbox 1858 2200 1895 2214; x_wconf 63' lang='lat' dir='ltr'>nus</span> <span class='ocrx_word' id='word_1_579' title='bbox 1916 2193 2044 2213; x_wconf 73' lang='lat' dir='ltr'>adnotentur</span> 
     </span>
     <span class='ocr_line' id='line_1_125' title="bbox 1860 2221 2045 2240; baseline 0 0"><span class='ocrx_word' id='word_1_580' title='bbox 1860 2221 1998 2240; x_wconf 75' lang='lat' dir='ltr'>intra-lictum</span> <span class='ocrx_word' id='word_1_581' title='bbox 2007 2222 2045 2240; x_wconf 77' lang='lat' dir='ltr'>ter-</span> 
     </span>
     <span class='ocr_line' id='line_1_126' title="bbox 1859 2253 1944 2268; baseline -0.012 0"><span class='ocrx_word' id='word_1_582' title='bbox 1859 2253 1944 2268; x_wconf 85' lang='grc'><strong>11111111111.</strong></span> 
     </span>
    </p>
   </div>
  </div>
 </body>
</html>
