2269 3235
90 250 148 278 Au(
160 249 190 277 C.
207 248 275 276 1624

118 2601 149 2622 Do
164 2601 284 2622 eorumdem

101 2633 196 2651 numero.

918 248 1059 272 {iniimus
1088 249 1142 272 viii
1166 249 1213 272 rr.

290 295 441 341 peculiari
466 295 554 329 Sedis
576 295 772 339 Apostolicae
799 295 1051 339 dispensatione*

291 348 419 382 admissi
444 348 570 382 suerint.

335 402 366 436 Si
384 402 434 436 cui
454 413 489 436 ex
514 403 648 436 alumnis
672 401 849 447 specialiter
868 400 1034 434 indulserit

291 456 386 490 Sedes
409 457 606 500 Apostolica,
633 461 666 489 ut
689 465 752 489 non
777 455 918 488 obstante
943 454 1029 487 iura-

292 515 397 543 mento
413 509 451 542 ad
468 509 564 543 ritum
582 509 739 543 Ecclesiae
755 508 882 541 Latinae
899 507 1033 541 transire

291 563 399 607 possit,
420 568 563 597 teneatur
579 563 618 597 ad
633 562 864 596 restitutionem
890 562 1032 595 omnium

292 626 510 660 expensarum,
534 626 614 660 quae
638 615 669 648 in
694 625 731 648 eo
755 615 867 648 alendo
892 619 922 649 et
946 615 1034 648 insti-

292 669 409 703 tuendo
433 669 530 702 factae
555 672 635 710 sunt,
651 668 711 701 nisi
735 668 829 701 etiam
854 679 950 713 super
973 668 1034 701 hoc

292 722 505 766 dispensatum
523 732 594 754 cum
614 731 652 755 eo
676 721 785 762 suerit3
803 721 857 765 qui
877 731 952 755 vero
968 722 1034 754 sine

292 777 438 820 expressa
458 774 690 819 dispensatione
714 775 809 808 ritum
834 774 1033 816 mutaverint,

292 829 542 872 quibuscumque
559 828 670 861 officiis
686 833 717 861 et
731 828 893 862 beneficiis
910 839 947 862 eo
965 828 1034 872 ipso

292 881 354 914 sint
371 881 486 925 privati
510 886 540 914 et
563 881 602 914 ad
627 881 741 914 similia
766 881 797 914 in
820 882 962 914 futurum
983 881 1035 915 ob-

290 933 418 968 tinenda
441 934 596 968 inhabiles
620 940 775 979 perpetuo
800 935 949 975 existant,
974 935 1036 968 col-

291 988 365 1032 legii
381 993 485 1022 autem
502 994 664 1033 protector
687 990 908 1023 administrans
926 994 1036 1022 contra

292 1053 345 1076 005
370 1046 526 1087 tamquam
553 1049 662 1077 contra
690 1043 836 1088 periuros
863 1043 1035 1088 procedere

291 1096 390 1141 possit
413 1107 448 1130 ac
473 1097 594 1130 debeat.

336 1150 394 1190 Qui
420 1161 457 1184 ex
474 1150 600 1184 Oriente
625 1155 655 1184 et
674 1150 803 1185 Graecia
828 1149 966 1190 veniunt,
987 1160 1036 1182 cu-

292 1208 402 1244 retur,
425 1209 461 1236 ut
484 1208 637 1247 quantum
661 1203 730 1236 fieri
754 1207 878 1247 potest,
903 1203 1036 1236 honesto

293 1263 323 1290 et
347 1257 515 1291 commodo
539 1258 609 1291 loco
632 1257 696 1291 nati
720 1257 791 1297 sint,
808 1262 905 1300 utque
926 1267 1036 1290 eorum

292 1316 439 1355 parentes
463 1316 494 1344 et
517 1310 742 1354 consanguinei
770 1310 852 1344 bona
876 1321 912 1343 ac
936 1310 1036 1344 domi-

293 1365 401 1398 cilium
424 1364 456 1397 in
479 1364 517 1397 iis
541 1364 724 1407 regionibus
748 1364 893 1405 habeant,
915 1374 978 1407 quo
998 1364 1039 1396 sa-

293 1418 384 1451 eilius
408 1423 438 1451 et
460 1417 609 1451 libentius
626 1418 658 1450 in
674 1418 808 1462 patriam
829 1423 1036 1451 revertantur.

293 1471 350 1511 Qui
374 1481 450 1505 vero
474 1481 511 1504 ex
534 1471 622 1504 ltalia
645 1471 858 1515 recipiuntur,
883 1470 1037 1504 eiusmodi

294 1525 369 1566 sint,
393 1530 428 1558 ut
450 1529 582 1569 propter
604 1530 771 1569 parentum
797 1529 827 1557 et
849 1524 1037 1566 consangui-

293 1589 428 1612 neorum
446 1588 554 1612 curam
570 1588 635 1611 non
655 1583 809 1621 cogantur
833 1577 871 1610 ab
896 1578 1038 1611 instituto

295 1632 420 1676 collegii
439 1632 599 1673 desistere,
617 1631 671 1665 sed
688 1632 763 1664 tales
781 1631 851 1672 sint,
869 1631 922 1674 qui
940 1631 1038 1663 libere

295 1685 418 1729 possint
440 1695 458 1718 a
480 1685 713 1729 protectoribus
728 1684 760 1717 in
778 1694 829 1718 eas
845 1684 951 1717 Italiae
967 1694 1039 1728 par-

296 1745 342 1772 tes
365 1738 405 1772 ad
429 1749 538 1772 curam
562 1739 740 1772 animarum
764 1737 973 1771 exercendam
996 1737 1039 1771 di-

296 1792 386 1833 mitti,
410 1802 490 1837 quae
515 1802 625 1825 eorum
650 1793 747 1836 opera
771 1791 966 1834 indigebunt.

340 1846 433 1881 Curet
451 1846 648 1890 praepositus
672 1845 838 1888 generalis,
856 1850 890 1878 ut
907 1844 968 1879 sint
987 1844 1040 1877 ali-

296 1899 360 1944 qui,
377 1900 430 1943 qui
449 1899 580 1933 idoneos
604 1899 643 1932 ad
666 1899 762 1932 finem
788 1904 817 1932 et
841 1898 1037 1942 disciplinam

297 1954 422 1997 collegii
447 1954 650 1997 conquirant,
675 1953 776 1997 deque
800 1963 910 1986 eorum
936 1952 1039 1986 indole

297 2013 327 2041 et
340 2007 453 2041 ceteris
470 2007 642 2040 secundum
659 2006 897 2040 constitutiones
915 2006 1039 2049 collegii

298 2061 455 2105 requisitis
480 2066 565 2093 recte
589 2060 741 2100 iudicent,
763 2070 865 2103 neque
881 2059 1040 2092 ordinarie

298 2125 488 2160 quemquam
515 2113 708 2154 admittant¹‚
728 2114 789 2146 nisi
816 2114 854 2146 de
882 2124 1040 2147 consensu

298 2169 430 2202 rectoris
459 2173 490 2201 et
516 2178 587 2201 cum
614 2167 744 2208 litteris,
769 2178 849 2211 quae
876 2167 970 2200 fidem
999 2168 1041 2200 fa-

299 2222 394 2267 ciant,
418 2232 491 2255 eum
516 2221 634 2254 habere
659 2221 854 2254 conditiones
878 2231 987 2254 omnes
1012 2227 1039 2254 et

300 2275 438 2317 singulas
455 2275 620 2319 requisitas
633 2275 664 2307 in
678 2274 792 2318 specie.
808 2274 908 2317 Ignoti
926 2280 1040 2316 autem,

300 2328 381 2371 vagi,
398 2333 452 2361 aut
475 2329 613 2372 alioquin
638 2328 742 2361 minus
767 2328 870 2362 idonei
895 2329 980 2361 nulla
996 2339 1043 2361 ra·

300 2381 386 2415 tione
409 2381 609 2425 recipiantur.
634 2382 699 2422 Qua
729 2382 760 2415 in
791 2392 825 2415 re
853 2383 1042 2426 protectoris

300 2435 477 2480 specialiter
501 2435 540 2468 ad
563 2436 823 2479 gubernationem
848 2437 973 2480 collegii
993 2437 1042 2470 de-

300 2488 420 2533 putati,
453 2489 623 2532 praepositi
662 2490 818 2533 generalis
849 2495 879 2523 et
910 2490 1042 2524 rectoris

300 2541 524 2576 conscientiam
548 2552 727 2575 oneramus.

344 2597 414 2630 Non
436 2596 544 2640 plures
568 2596 773 2630 admittantur
798 2597 829 2629 in
854 2596 1041 2639 collegium,

339 2660 347 2686 1
363 2658 494 2694 Erronee,
507 2662 536 2686 ut
546 2663 620 2695 puto,
633 2658 1040 2694 0111111111.11.1111“ιία111(11.1.).

1067 307 1161 338 quam
1182 306 1261 340 quos
1286 296 1352 329 sine
1371 295 1515 340 periculo
1531 295 1612 329 aeris
1629 295 1721 329 alieni
1738 305 1809 329 eon-

1068 349 1211 382 trahendi
1248 350 1448 393 superiorum
1487 349 1604 384 iudicio
1640 349 1808 393 collegium

1067 403 1235 436 commode
1260 407 1435 437 sustentare
1458 403 1583 447 poterit.

1111 455 1167 494 Qui
1192 455 1349 489 decimum
1383 462 1504 490 sextum
1530 466 1646 489 annum
1671 467 1810 490 excesse-

1067 508 1139 549 rint,
1157 509 1260 543 statim
1285 514 1356 554 post
1379 516 1530 544 semestre
1555 510 1689 555 spatium
1709 510 1748 543 ab
1768 510 1811 544 in-

1067 571 1177 604 gressu
1193 562 1224 594 in
1241 563 1419 605 collegium,
1438 564 1575 597 minores
1591 570 1705 605 autem,
1719 564 1810 598 dum-

1067 614 1161 648 modo
1186 625 1239 648 sex
1264 626 1388 648 menses
1415 621 1505 649 antea
1530 617 1560 649 in
1585 617 1719 660 collegio
1744 628 1812 652 ver-

1067 669 1125 701 sati
1150 668 1230 709 sint,
1256 669 1361 702 statim
1390 674 1482 713 atque
1507 669 1664 703 decimum
1689 676 1810 705 sextum

1068 722 1278 766 expleverint,
1304 722 1425 763 iurent;
1450 723 1668 765 Italo-Graeci,
1692 735 1724 757 se
1748 735 1811 758 non

1068 775 1263 809 discessuros
1288 786 1304 809 e
1329 775 1480 819 collegio,
1504 776 1564 808 nisi
1589 776 1741 819 legittime
1765 777 1812 810 di-

1068 829 1242 871 mittantur,
1261 834 1291 863 et
1310 834 1425 863 statum
1449 830 1695 863 ecclesiasticum
1716 841 1752 863 ac
1769 841 1813 864 sa-

1069 894 1140 917 cros
1164 883 1259 917 etiam
1284 883 1411 917 ordines
1431 893 1530 927 usque
1553 883 1591 916 ad
1616 883 1813 928 presbytera-

1068 942 1133 969 tum
1159 937 1222 970 ritu
1240 947 1354 980 graeco
1377 942 1578 981 suscepturos
1602 937 1814 981 quandocum-

1069 1002 1129 1034 que
1154 997 1184 1024 et
1212 989 1318 1032 inibi¹,
1344 991 1561 1035 superioribus
1584 990 1684 1024 visum
1708 991 1812 1032 fuerit,

1070 1049 1162 1088 atque
1194 1044 1233 1077 ad
1258 1054 1366 1078 curam
1391 1044 1586 1087 animarum,
1612 1055 1813 1088 quocumque

1070 1098 1151 1131 intra
1175 1098 1294 1131 Italiam
1317 1108 1334 1130 a
1358 1097 1602 1141 protectoribus,
1620 1101 1673 1132 aut
1692 1107 1756 1131 uno
1781 1098 1814 1130 il-

1069 1151 1173 1184 lorum
1202 1151 1241 1183 ad
1268 1151 1300 1184 id
1328 1151 1505 1195 specialiter
1530 1151 1700 1195 deputato,
1725 1151 1813 1185 missi

1070 1204 1202 1246 fuerint,
1228 1205 1345 1247 ituros,
1370 1216 1471 1249 neque
1496 1209 1621 1240 acturos
1644 1217 1813 1250 umquam,

1070 1262 1103 1290 ut
1127 1258 1166 1290 ad
1196 1258 1291 1292 ritum
1314 1258 1446 1291 latinum
1473 1259 1605 1292 transire
1629 1259 1688 1292 sibi
1712 1259 1812 1293 liceat.

1070 1310 1181 1344 Graeci
1213 1316 1318 1344 autem
1348 1311 1453 1345 iurent
1486 1312 1582 1344 ritum
1615 1322 1764 1354 graecum
1797 1324 1814 1345 a

1071 1369 1177 1398 sancta
1193 1365 1335 1398 Romana
1352 1365 1491 1398 Ecclesia
1516 1365 1682 1409 probatum
1704 1376 1815 1410 perpe-

1070 1425 1124 1452 tuo
1149 1424 1345 1459 servaturos,
1370 1429 1474 1463 neque
1498 1430 1516 1451 a
1540 1419 1674 1462 collegio
1698 1419 1814 1453 disces-

1072 1482 1173 1512 suros,
1193 1471 1253 1505 nisi
1277 1472 1417 1515 legitime
1440 1471 1639 1505 dimittantur
1655 1472 1694 1505 ab
1711 1472 1758 1514 iis,
1776 1473 1814 1506 ad

1072 1536 1151 1570 quos
1169 1529 1303 1569 spectat,
1322 1530 1460 1569 tuncque
1481 1526 1585 1557 statim
1603 1525 1634 1558 in
1651 1525 1814 1559 Graeciam

1071 1578 1280 1622 profecturos,
1296 1577 1356 1611 nisi
1376 1578 1438 1611 alio
1455 1588 1473 1610 a
1492 1578 1710 1622 superioribus
1728 1579 1815 1612 missi

1071 1632 1199 1672 suerint,
1217 1631 1332 1675 ibique,
1354 1636 1506 1675 quantum
1531 1631 1563 1664 in
1580 1642 1612 1665 se
1633 1632 1702 1673 erit,
1720 1633 1815 1666 fidem

1072 1685 1269 1725 catholicam,
1286 1695 1381 1729 quam
1405 1684 1438 1717 in
1461 1685 1522 1718 hoc
1546 1685 1679 1728 collegio
1700 1685 1815 1720 didice-

1072 1744 1166 1779 runt,
1198 1738 1428 1781 seminaturos,
1460 1748 1563 1782 neque
1594 1744 1719 1772 acturos
1748 1750 1815 1773 um-

1072 1802 1177 1836 quam,
1202 1797 1237 1825 ut
1260 1791 1298 1824 ad
1324 1792 1419 1824 ritum
1443 1791 1574 1824 latinum
1600 1792 1734 1826 transire
1758 1793 1818 1827 51111

1073 1846 1172 1878 liceat.
1199 1845 1387 1879 Promittant
1414 1850 1577 1889 praeterea
1603 1856 1655 1888 se,
1681 1845 1755 1879 dum
1785 1847 1818 1880 in

1073 1899 1207 1942 collegio
1232 1899 1461 1941 versabuntur,
1488 1899 1630 1932 instituta
1654 1903 1683 1933 et
1708 1900 1819 1933 consti-

1073 1953 1210 1986 tutiones
1234 1952 1301 1985 eius
1329 1952 1414 1986 iuxta
1438 1953 1637 1996 superiorum
1663 1954 1818 1998 interpre-

1074 2007 1223 2039 tationem
1256 2011 1452 2048 servaturos,
1478 2016 1580 2050 neque
1611 2017 1628 2039 a
1657 2008 1818 2041 communi

1074 2060 1216 2093 omnium
1242 2059 1442 2093 alumnorum
1468 2059 1591 2093 vivendi
1616 2061 1747 2103 ratione,
1770 2061 1818 2094 101

1075 2114 1106 2146 111
1122 2114 1245 2155 vestitu,
1264 2113 1360 2146 101111
1385 2113 1584 2156 habitatione,
1607 2114 1654 2147 vel
1679 2114 1711 2147 in
1736 2115 1820 2149 victu

1075 2168 1289 2209 discessuros,
1314 2177 1414 2211 neque
1448 2167 1621 2211 quidquam
1652 2168 1818 2202 molituros

1075 2227 1185 2255 contra
1209 2220 1469 2263 constitutiones,
1495 2220 1635 2254 instituta
1660 2226 1690 2254 et
1714 2222 1819 2256 mode-

1057 2280 1196 2308 ,ratores
1224 2274 1358 2317 collegii.
1384 2274 1480 2313 Quam
1506 2275 1759 2318 promissionem,
1781 2275 1820 2308 si-

1076 2329 1140 2362 mul
1165 2339 1237 2362 cum
1261 2328 1454 2371 iuramento,
1482 2329 1513 2361 in
1537 2329 1636 2370 libro,
1661 2340 1755 2373 quem
1780 2329 1819 2363 ad

1076 2384 1155 2416 lianc
1180 2392 1248 2415 rem
1274 2382 1392 2415 servari
1417 2382 1578 2424 volumus,
1605 2382 1818 2428 chirographo

1076 2447 1132 2470 suo
1158 2447 1264 2470 coram
1290 2436 1421 2470 testibus
1446 2436 1684 2479 consignabunt.

1121 2490 1288 2533 Postquam
1306 2490 1337 2522 in
1357 2490 1525 2532 collegium
1545 2489 1673 2523 admissi
1692 2490 1805 2524 suerint

1077 2607 1145 2629 cem
1169 2596 1320 2636 habitent,
1345 2606 1408 2640 quo
1433 2601 1586 2640 tempore,
1603 2607 1683 2640 quae
1703 2597 1742 2630 ad
1758 2597 1820 2642 pie-

1114 2661 1124 2686 1
1142 2658 1237 2688 Potius
1253 2658 1390 2686 videretur
1405 2658 1550 2694 legendum
1566 2659 1614 2686 ubi
1631 2659 1668 2696 (n.
1684 2660 1734 2695 T.).

1712 238 1773 271 ί347
1821 248 1870 275 An.
1891 249 1919 275 0.
1937 248 2005 276 1601

1858 470 1887 491 De
1903 470 2009 493 iuramen-

1825 499 1846 517 to
1862 497 1887 517 ab
1903 502 1934 518 eui
1948 502 2008 523 pra·-

1825 524 1908 545 stando.

1811 2518 1818 2532 ‚
1916 2522 1918 2525 .
1947 2522 1951 2525 .
2002 2523 2004 2525 .

1076 2543 1244 2587 separatim
1270 2554 1287 2575 a
1311 2542 1423 2576 ceteris
1440 2542 1478 2574 ad
1498 2542 1565 2575 dies
1586 2543 1752 2576 minimum
1770 2544 1820 2577 de·
1834 2522 2020 2573 &ffligfsgffiima
