2269 3235
79 340 132 366 An.
153 338 184 366 C.
200 337 267 365 1624

260 662 264 664 ’
282 651 532 695 exemptionibus
548 656 578 683 et
592 649 766 694 privilegiis
782 649 940 689 omnibus,
957 648 1022 692 qui-

886 335 1025 358 suffixus
1049 334 1105 357 Yltt
1128 335 1175 358 ΙΨ.

278 383 367 418 nino¹
378 394 435 428 per
446 384 512 417 eius
522 384 640 417 litteras
651 383 824 428 praedictas
834 388 942 416 contra
953 393 1017 423 vos,

279 443 332 471 aut
355 443 492 471 vestrum
517 438 685 482 hospitale,
710 448 768 470 nec
791 437 884 470 etiam
910 441 1019 469 contra

280 491 495 535 exemptiones
506 497 536 524 et
548 491 711 535 privilegia
723 494 824 523 vestra
838 490 1018 522 innovatum

281 554 359 585 esse,
375 554 433 578 nec
450 544 591 578 innovari
608 543 733 583 debere,
751 543 804 575 sed
824 553 888 583 vos,
907 552 1020 586 resque

281 602 311 629 et
323 597 405 631 bona
415 603 517 631 vestra
529 597 675 630 universa
687 601 717 628 et
731 596 852 638 singula
866 595 897 627 in
910 595 1022 628 vestris

282 704 341 738 hus
357 710 428 738 ante
444 711 474 738 et
489 708 559 749 post
574 704 797 743 ordinationes,
814 703 1024 736 confirmatio-
1038 714 1040 720 Χ

282 768 365 799 nem,
383 764 413 792 et
428 759 546 791 litteras
570 768 642 790 suas
665 757 841 801 praedictas
860 756 908 789 usi
925 761 953 789 et
971 767 1024 800 po-

283 811 331 844 titi
355 811 471 852 eratis,
497 821 621 854 semper
649 815 679 843 et
702 810 819 854 ubique
844 809 1040 843 conservari

284 865 417 905 debere,
438 865 544 909 sicque
568 875 624 908 per
648 874 864 908 quoscumque
887 863 1023 904 iudices,

284 918 461 959 ordinarios
485 924 515 952 et
539 918 715 962 delegatos,
740 918 832 951 etiam
858 928 1024 951 causarum

284 972 390 1016 palatii
423 972 585 1016 apostolici
617 972 797 1013 auditores,
823 982 858 1004 ac
882 981 1026 1004 camerae

285 1019 476 1112 'olicae
505 1026 654 1067 clericos,
679 1026 709 1058 in
733 1026 842 1069 quavis
874 1026 966 1058 causa
997 1029 1027 1057 et

286 1078 317 1111 in
349 1079 594 1122 antiatsublata
623 1079 669 1112 eis
696 1083 727 1113 et
754 1089 865 1112 eorum
899 1078 1028 1111 cuilibet

287 1133 396 1177 quavis
427 1133 518 1167 aliter
548 1132 704 1166 iudicandi
737 1138 766 1165 et
801 1130 1028 1175 interpretandi

288 1187 433 1220 facultate
446 1191 476 1219 et
491 1186 691 1230 auctoritate)
708 1185 841 1218 iudicari
858 1190 889 1217 et
905 1184 1028 1217 definiri

288 1240 414 1281 debere,
428 1251 464 1273 ac
480 1240 604 1273 irritum
622 1245 651 1272 et
665 1240 756 1272 inane
770 1238 922 1283 quidquid
940 1248 1029 1271 secus

290 1304 384 1337 super
408 1293 456 1326 his
481 1304 498 1326 a
519 1303 689 1337 quoquam,
715 1293 849 1326 scienter
873 1292 920 1325 vel
945 1292 1031 1335 igno-

289 1352 407 1387 ranter,
422 1346 590 1389 contigerit
614 1346 769 1386 attentari,
790 1350 884 1389 prout
909 1345 939 1377 in
961 1345 1048 1383 aliis]

290 1399 430 1433 eiusdem
459 1400 604 1443 Gregorii
635 1399 887 1444 praedecessoris
919 1389 1048 1432 litteris?

290 1453 434 1486 similiter
458 1453 580 1497 plenius
605 1453 800 1487 continetur:
819 1453 958 1496 Cumque
975 1462 1031 1485 nos

291 1506 508 1550 superioribus
528 1507 627 1547 annis,
645 1517 680 1540 ex
698 1507 800 1540 causis
814 1512 888 1539 tunc
905 1516 1031 1550 expres-

291 1560 343 1600 sis,
353 1560 478 1604 priores
490 1561 610 1593 litteras
621 1560 773 1604 praedicti
787 1560 931 1603 Gregorii
945 1571 1032 1603 prae-

291 1613 465 1647 decessoris
483 1615 705 1648 confirmantes
726 1620 755 1647 et
772 1614 964 1655 innovantes,
984 1613 1031 1646 di·
1048 1647 1050 1660 1

291 1667 373 1700 lecto
397 1667 472 1708 filio,
492 1672 567 1700 tunc
585 1673 615 1700 et
638 1678 696 1711 pro
722 1673 864 1711 tempore
889 1664 1050 1706 existenti]

292 1725 418 1754 nostrae
448 1726 479 1754 et
508 1721 597 1754 Sedis
625 1721 822 1764 Apostolicae
854 1721 884 1753 in
910 1712 1051 1754 civitate*

293 1778 323 1808 et
347 1774 497 1808 comitatu
522 1774 710 1808 Bononiensi
735 1775 773 1807 de
797 1775 894 1807 latere
919 1773 1051 1818 legatQ}

294 1838 349 1861 seu
373 1828 440 1861 eius
460 1828 642 1872 vicelegatQ
659 1834 712 1861 aut
728 1829 932 1872 gubernatori
950 1840 1034 1862 com-

294 1882 473 1916 miserimus
497 1887 527 1915 et
551 1883 814 1923 mandaverimus,
832 1888 862 1915 ut
881 1889 1033 1927 opportu-
1050 1885 1051 1888 ’

295 1936 343 1969 nis
367 1936 445 1969 iuris
469 1941 499 1969 et
523 1937 594 1970 facti
619 1937 776 1977 remediis,
801 1937 887 1970 omni
913 1942 943 1970 et
963 1948 1036 1980 qua-

295 2001 430 2034 cumque
454 1991 674 2035 appellatione,
698 2002 830 2024 recursu
854 1997 883 2024 et
907 1991 1032 2024 subter-

295 2044 382 2087 fugio
407 2044 602 2088 postpositis,
627 2049 752 2088 cogeret
779 2050 807 2077 et
833 2045 1054 2088 compellerett

296 2107 511 2142 quoscumque
537 2099 595 2131 sub
615 2104 777 2142 praetextu
802 2099 1035 2142 exemptionum

297 2155 327 2184 et
342 2151 581 2196 privilegiorum
606 2152 750 2196 quamvis
769 2151 1037 2196 amplissimorum

297 2206 418 2239 solvere
442 2210 623 2239 recusantes
643 2211 746 2239 taxam
764 2217 821 2250 pro
839 2206 1038 2250 reparatione

298 2259 435 2292 cuiusvis
459 2259 599 2292 ssuminis
628 2259 678 2292 siti
702 2260 734 2292 in
758 2260 906 2294 comitatu
937 2259 1038 2292 Bono-

298 2312 398 2345 niensi
422 2323 481 2356 pro
500 2313 620 2347 ratione
637 2313 794 2347 bonorum
816 2314 855 2346 ab
873 2313 947 2357 ipsis
966 2324 1038 2357 pos-

300 2376 469 2406 sessorum,
487 2367 540 2410 qui
554 2378 612 2411 pro
626 2367 678 2400 tali
697 2367 895 2411 reparatione
913 2366 1039 2410 aliquod
1055 2372 1057 2397 t

301 2419 503 2452 commodum
527 2421 700 2462 sentirent,
725 2420 847 2454 etiamsi
871 2421 1039 2459 seculares,

301 2478 354 2506 aut
373 2474 545 2516 regulares,
559 2474 777 2515 Mendicantes‚
798 2479 851 2507 aut
869 2484 933 2507 non
956 2474 1040 2506 Men-

301 2526 459 2567 dicantes,
484 2531 514 2560 et
547 2527 684 2560 cuiusvis
714 2528 845 2560 instituti
876 2527 1040 2571 utriusque

302 2590 394 2613 sexus
411 2580 588 2621 existerent,
606 2590 641 2613 ac
661 2580 735 2614 alias
751 2586 845 2624 prout
869 2581 900 2613 in
924 2581 1041 2614 nostris

303 2634 362 2667 sub
386 2634 437 2668 die
456 2646 476 2669 x
494 2634 598 2667 martii
622 2644 695 2674 nnc,
720 2635 920 2678 pontificatus
944 2635 1041 2668 nostri

340 2709 352 2734 1
371 2706 437 2734 Heio
451 2705 574 2733 delemus
595 2705 677 2733 verba
696 2707 798 2741 teneri,
816 2709 905 2741 prout
925 2706 955 2732 in
976 2706 1042 2741 qui-

305 2751 436 2784 busdam,
452 2759 596 2786 perperam
610 2750 751 2778 interiecta
764 2752 802 2780 (R.
821 2751 870 2785 T.).

1052 392 1133 415 anno
1147 393 1190 422 1x‚
1206 381 1358 425 expeditis
1372 381 1484 415 litteris
1498 379 1641 412 similiter
1654 379 1790 412 contine-

1053 440 1117 467 tur:
1131 436 1230 475 Nunc,
1243 445 1281 467 ne
1298 435 1406 477 vigore
1419 439 1597 467 nostrarum
1611 431 1791 465 huiusmodi

1053 489 1228 522 litterarum
1248 488 1407 521 molestari
1428 487 1564 531 possitis,
1581 487 1701 519 litteras
1718 485 1793 519 Gre—

1054 541 1136 584 gorii
1158 540 1410 584 praedecessoris
1436 543 1465 573 in
1490 545 1628 573 vestrum
1654 539 1791 571 savorem

1055 598 1212 628 emanatas
1226 594 1448 627 confirmantes
1462 599 1491 626 et
1506 594 1794 636 innovantes,prae-

1056 648 1190 681 sentium
1217 653 1323 680 tenore
1348 647 1554 685 declaramus,
1574 652 1666 689 atque
1690 645 1795 678 decer-

1056 702 1177 743 nimus,
1197 702 1274 734 nibil
1299 701 1427 734 omnino
1451 711 1507 744 per
1530 700 1649 732 litteras
1674 704 1796 732 nostras

1057 755 1234 799 praedictas
1253 760 1360 788 eontra
1378 765 1442 795 vos,
1460 758 1512 786 aut
1530 758 1668 786 vestrum
1688 752 1797 796 hospi-

1057 809 1127 849 tale,
1138 819 1195 842 nec
1206 809 1299 842 etiam
1314 806 1423 842 contra
1437 806 1651 850 exemptiones
1664 810 1693 839 et
1707 805 1798 849 privi-

1057 863 1139 905 legia
1156 868 1258 895 vestra
1273 860 1473 896 innovatum¹
1487 871 1565 901 esse,
1581 871 1638 893 nec
1656 859 1798 892 innovari

1059 917 1192 956 debere;
1217 916 1271 949 sed
1296 927 1370 956 vos,
1396 925 1509 959 resque
1538 919 1568 947 et
1590 914 1672 947 bona
1696 919 1800 946 vestra

1059 970 1206 1003 universa
1233 974 1262 1002 et
1291 969 1413 1011 singula
1438 969 1469 1001 in
1494 968 1604 1001 vestris
1627 967 1800 1010 exemptio-

1060 1023 1152 1056 nibus
1176 1034 1212 1056 ac
1229 1022 1402 1066 privilegiis
1419 1021 1576 1061 omnibus,
1592 1021 1706 1064 quibus
1730 1025 1801 1053 ante

1061 1081 1091 1111 et
1120 1082 1190 1120 post
1222 1076 1455 1115 ordinationes,
1487 1074 1742 1108 confirmationes
1772 1079 1801 1106 et

1062 1130 1180 1164 litteras
1212 1135 1337 1162 nostras
1365 1128 1542 1172 praedictas
1573 1128 1621 1161 usi
1652 1133 1682 1160 et
1711 1127 1801 1171 potiti

1062 1184 1146 1224 estis,
1163 1194 1288 1227 semper
1305 1188 1334 1216 et
1351 1183 1468 1226 ubique
1481 1182 1660 1215 conservari
1677 1182 1802 1222 debere;

1063 1237 1169 1281 sicque
1187 1247 1244 1280 per
1261 1246 1476 1280 quoscumque
1492 1235 1610 1269 iudices
1626 1235 1803 1269 ordinarios

1046 1319 1047 1341 ἶ
1064 1294 1093 1323 et
1117 1289 1286 1332 delegatos,
1304 1289 1397 1322 etiam
1422 1299 1586 1322 causarum
1605 1289 1711 1332 palatii
1731 1299 1805 1333 apo-

1064 1343 1166 1376 stolici
1190 1343 1350 1377 auditores
1367 1348 1397 1376 et
1414 1343 1554 1376 ciusdem
1573 1353 1715 1376 camerae
1732 1353 1806 1387 apo-

1065 1398 1191 1431 stolicae
1206 1398 1349 1438 clericos,
1363 1398 1394 1430 in
1408 1398 1516 1442 quavis
1533 1400 1628 1431 causa
1647 1402 1677 1430 et
1690 1397 1806 1430 instan-

1047 1481 1049 1487 ,
1066 1451 1107 1483 tia
1125 1452 1260 1495 (sublata
1278 1451 1332 1491 eis,
1351 1456 1381 1484 et
1406 1462 1516 1485 eorum
1541 1451 1678 1493 cuilibet,
1698 1451 1806 1494 quavis

1065 1505 1155 1539 aliter
1180 1505 1338 1538 iudicandi
1364 1511 1394 1538 et
1418 1505 1645 1549 interpretandi
1662 1505 1807 1538 facultate

1066 1564 1096 1591 et
1120 1560 1319 1603 auctoritate)
1334 1559 1465 1592 iudicari
1484 1564 1513 1592 et
1533 1559 1657 1592 definiri
1682 1559 1807 1601 debere,

1066 1624 1102 1645 ac
1127 1613 1251 1646 irritum
1274 1618 1304 1646 et
1328 1613 1419 1646 inane
1439 1613 1591 1657 quidquid
1609 1623 1697 1645 secus
1714 1623 1808 1656 super

1067 1667 1115 1700 liis
1139 1678 1156 1700 a
1180 1667 1472 1711 quoquam‚quavis
1492 1667 1687 1707 auctoritate,
1708 1667 1809 1700 scien-

1068 1726 1115 1753 ter
1150 1722 1197 1753 vel
1223 1721 1427 1764 ignoranter,
1455 1721 1623 1764 contigerit
1653 1721 1807 1754 attentari.

1068 1776 1136 1808 Non
1164 1775 1360 1808 obstantibus
1380 1775 1572 1819 praemissis,
1598 1786 1633 1808 ac
1657 1775 1810 1808 constitu-

1069 1829 1207 1863 tionibus
1224 1835 1254 1862 et
1267 1829 1518 1863 ordinationibus
1535 1829 1727 1873 apostolicis,
1743 1840 1811 1862 nec-

1069 1893 1131 1916 non
1156 1883 1305 1923 civitatis,
1331 1883 1494 1926 regiminis
1524 1888 1553 1916 et
1578 1883 1660 1915 illius
1690 1882 1811 1926 praesi-

1069 1937 1209 1970 dentium
1231 1937 1339 1980 (etiam
1363 1937 1551 1977 iuramento,
1573 1937 1812 1970 confirmatione

1070 1990 1254 2034 apostolica,
1275 1991 1322 2023 rel
1340 1991 1450 2035 quavis
1467 1990 1614 2023 firmitate
1635 1990 1694 2023 alia
1718 1990 1812 2024 robo-

1072 2044 1158 2087 ratis)
1182 2044 1304 2077 statutis
1323 2049 1353 2076 et
1377 2043 1666 2083 consuetudinibus,
1690 2054 1813 2077 necnon

1071 2097 1216 2131 omnibus
1241 2097 1312 2137 illis,
1326 2108 1405 2141 quae
1422 2097 1453 2130 in
1470 2097 1587 2130 nostris
1602 2096 1714 2130 litteris
1727 2107 1814 2140 prae-

1072 2151 1162 2184 dictis
1188 2151 1345 2184 voluimus
1374 2161 1437 2183 non
1469 2150 1612 2191 obstare,
1637 2149 1813 2194 ceterisque

1073 2204 1239 2238 contrariis
1272 2204 1534 2247 quibuscumque.

1116 2259 1227 2292 Datum
1261 2259 1399 2298 Romae,
1425 2257 1507 2301 apud
1532 2258 1560 2290 S.
1587 2257 1730 2297 Petrum,
1756 2256 1813 2290 sub

1073 2312 1188 2345 annulo
1213 2311 1392 2351 Piscatoris,
1421 2311 1471 2344 die
1496 2321 1540 2344 vn
1565 2311 1672 2355 aprilis
1695 2321 1813 2352 iincw,

1073 2365 1272 2410 pontificatus
1296 2365 1395 2398 nostri
1420 2375 1501 2399 anno
1526 2374 1591 2398 xm.

1119 2419 1174 2463 {3-
1189 2420 1277 2452 Nunc
1291 2422 1394 2452 autem
1409 2428 1476 2458 nos,
1490 2419 1756 2462 praeinsertarum
1770 2417 1816 2450 lit-

1075 2478 1215 2508 terarum
1235 2472 1416 2505 huiusmodi
1438 2472 1572 2505 firmiori
1597 2471 1815 2504 subsistentiae

1075 2533 1107 2560 et
1123 2527 1272 2560 validitati
1290 2526 1457 2559 consulere
1473 2525 1628 2566 volentes,
1642 2531 1731 2559 motu
1747 2536 1817 2569 pro-

1075 2581 1155 2624 prio,
1172 2585 1203 2613 et
1227 2590 1262 2613 ex
1287 2581 1372 2612 certa
1391 2589 1426 2612 ac
1444 2580 1568 2611 matura
1592 2579 1818 2613 deliberatione

1075 2634 1202 2674 nostris,
1226 2633 1327 2677 deque
1351 2633 1542 2677 apostolicae
1566 2633 1728 2677 potestatis
1753 2633 1819 2677 ple-

1076 2687 1227 2727 nitudine,
1252 2686 1462 2730 praeinsertas
1484 2686 1604 2720 litteras
1628 2685 1818 2726 huiusmodi,

1112 2750 1124 2777 1
1144 2750 1292 2784 Pei—peram
1308 2749 1372 2777 edit.
1390 2749 1470 2777 Main.
1486 2749 1552 2785 legit
1568 2750 1704 2777 innovata
1721 2749 1757 2784 (a.
1769 2749 1821 2782 T.)-

1696 321 1761 355 155
1806 330 1856 356 An.
1876 330 1904 357 c.
1919 330 1988 356 1024

1858 2425 1965 2451 Utraeque
1983 2426 2015 2445 lit-

1830 2455 1888 2473 ιρι-ω·
1895 2453 2016 2473 confirman-

1831 2482 1864 2500 tur
1874 2479 1901 2500 ιιι)
1914 2479 2006 2499 Urbano.
