2269 3235
140 226 191 254 Λ11.
205 226 233 255 C.
254 227 324 255 1624

166 555 287 577 Exordium.

157 1328 160 1331 Ι
171 1301 255 1323 Ordinis
269 1302 319 1331 Erej

134 1330 232 1349 mit-arum
251 1332 318 1349 sancti

134 1356 244 1381 Augustini
271 1362 318 1382 pre-

165 2210 268 2230 tudunum
284 2215 317 2228 ee-

133 2237 230 2257 lebrandi
268 2243 317 2257 mis-

133 2270 178 2284 sam
194 2265 214 2283 et
229 2264 316 2283 recitan-

133 2290 154 2310 111
177 2291 268 2311 osticium
292 2290 317 2310 de

132 2316 198 2338 beata
214 2316 283 2338 Clara.

923 213 1101 253 611150οηί05
1127 229 1182 253 vm
1208 229 1255 253 rr.

379 285 439 319 pro
460 274 595 310 Ordinis
609 276 771 321 praedicti
786 276 944 321 fratribus
964 281 993 310 et
1013 288 1078 310 mo-

382 328 538 363 malibus.

539 411 675 438 Urbanus
701 411 779 444 Papa
802 410 881 442 VIII,

481 464 517 491 ad
532 464 665 491 futuram
687 463 732 490 rei
753 462 934 490 memoriam.

383 542 507 576 Domini
527 542 626 576 nostri
650 542 719 574 Iesu
742 540 866 581 Christi,
892 541 945 584 qui
971 550 1078 574 servos

340 602 370 629 et
389 596 517 630 ancillas
538 605 610 629 suas
633 599 778 627 aeternae
798 594 918 637 gloriae
934 594 1077 639 praemio

339 650 434 684 donat
458 650 489 682 in
513 648 618 689 coelis,
643 648 725 681 vices
750 658 941 692 quamquam
966 649 1076 681 imme-

339 703 391 737 riti
414 707 559 747 gerentes
583 701 615 734 in
640 701 743 742 terris,
761 712 797 735 ex
822 702 961 736 iniuncto
986 702 1076 735 nobis

338 755 504 800 pastoralis
516 754 609 788 officii
623 754 730 788 debito
738 765 912 799 procurare
922 759 1075 797 tenemur,

337 814 370 841 ut
403 808 588 842 eorumdem
623 819 788 841 sorvorum
825 813 855 841 et
890 808 1075 842 ancillarum

336 861 448 895 Christi
462 861 566 895 debita
583 862 743 896 veneratio
760 862 792 895 in
809 862 875 895 dics
892 863 992 906 magis
1006 874 1076 907 pro-

335 919 507 956 moveatur,
525 920 555 948 et
570 915 716 948 laudetur
734 915 887 949 Dominus
906 916 938 948 111
955 916 1075 949 Sanctis

334 968 407 1001 suis.
433 968 644 1008 Quamobrem
673 968 814 1001 fidelium
843 969 1075 1012 quorumlibet,

333 1022 522 1066 praesertim
539 1032 614 1055 vero
635 1022 692 1055 sub
713 1023 800 1055 suavi
821 1022 984 1065 religionis
1001 1023 1075 1066 iugo

334 1076 493 1109 Δ»1111551100
519 1075 747 1116 famulantium,
766 1076 855 1117 votis,
877 1086 957 1119 quae
980 1087 1075 1120 pecu-

335 1130 445 1163 liarem
467 1129 653 1163 Sanctorum
679 1129 860 1162 huiusmodi
886 1130 1004 1162 cultum
1025 1141 1075 1163 rc—

335 1183 486 1228 spiciunt,
511 1183 644 1216 libenter
668 1183 853 1224 annuimus,
878 1187 973 1227 prout
1000 1194 1075 1217 con-

336 1237 485 1281 spicimus
510 1237 541 1269 in
565 1236 698 1269 Domino
722 1236 891 1269 salubriter
914 1237 1074 1281 expedire.

379 1291 394 1334 ἓ
419 1291 448 1323 Γ1.
473 1291 561 1331 Sane,
579 1290 706 1323 nomine
726 1289 915 1323 dilectorum
936 1291 1074 1324 filiorum

332 1343 551 1387 procuratoris
575 1343 731 1385 generalis
749 1346 778 1376 et
801 1343 934 1376 fratrum
952 1343 1076 1376 Ordinis

333 1397 544 1430 Eremitarum
565 1396 663 1429 sancti
683 1396 850 1439 Augustini
867 1396 958 1429 nobis
975 1407 1076 1441 nuper

333 1451 511 1495 expositum
543 1450 621 1491 fuit,
646 1450 731 1494 quod
760 1450 819 1494 ipsi
844 1461 881 1483 ex
905 1451 1074 1494 peculiari,

333 1515 427 1549 quem
448 1515 524 1548 erga
548 1505 671 1537 beatam
693 1504 814 1538 Claram
833 1504 871 1537 de
889 1505 992 1538 Monte
1010 1505 1032 1537 F
1034 1506 1076 1537 al-

333 1558 415 1600 chio,
433 1558 573 1591 eiusdem
599 1557 724 1592 Ordinis
748 1557 942 1599 monialium,
961 1563 1073 1601 gerunt

333 1612 507 1646 devotionis
520 1612 644 1653 affectu,
659 1612 691 1645 in
708 1612 798 1645 cuius
816 1612 992 1645 visceribus
1007 1613 1075 1645 Pas-

333 1666 429 1700 sionis
446 1666 570 1700 Domini
587 1665 691 1699 Nostri
707 1665 778 1699 lesu
795 1665 909 1699 Christi
927 1666 1075 1710 mysteria

333 1720 470 1753 maxima
490 1730 563 1753 cum
587 1719 753 1753 devotione
777 1719 808 1752 in
834 1719 944 1752 vicinis
964 1719 1074 1753 incolis

332 1773 476 1808 venerari
499 1778 654 1816 asserunt,
675 1778 705 1806 et
729 1773 767 1806 ad
791 1773 968 1816 augendam
991 1774 1074 1807 chri-

332 1828 513 1862 stifidelium
543 1838 619 1871 erga
647 1828 734 1861 illam
766 1828 984 1869 devotionem,
1010 1828 1074 1861 offi-

332 1883 416 1916 cium
441 1888 472 1916 et
495 1882 625 1915 missam
656 1882 695 1915 de
727 1881 838 1915 eadem
869 1882 961 1915 beata
986 1883 1073 1917 Clara

332 1937 459 1970 recitari
479 1941 509 1970 et
526 1936 680 1970 celebrari
697 1946 789 1980 posse
806 1947 1007 1980 summopere
1024 1937 1074 1970 de-

332 1990 490 2030 siderant,
507 1989 599 2023 nobis
622 1994 791 2034 propterea
815 1989 979 2024 humiliter
1004 2001 1073 2035 sup-

332 2043 442 2088 plicari
474 2043 636 2084 feceruut,
665 2048 700 2076 ut
728 2043 864 2087 desuper
895 2049 1071 2088 opportune

332 2097 499 2142 providere
516 2097 554 2130 de
570 2097 765 2140 benignitate
782 2097 953 2142 apostolica
968 2098 1073 2142 digna-

333 2162 451 2185 remur.

377 2205 392 2249 §
416 2205 445 2238 ⁶2.
471 2205 533 2239 Nos
558 2204 675 2247 igitur,
701 2203 761 2248 piis
786 2204 971 2238 eorumdem
996 2216 1072 2250 pro-

334 2258 487 2292 curatoris
508 2262 538 2291 et
557 2258 691 2291 fratrum
713 2258 793 2291 votis
817 2258 998 2292 huiusmodi
1023 2270 1073 2292 an-

333 2322 451 2352 nuere,
480 2312 613 2355 illosque
637 2311 825 2356 specialibus
860 2312 1019 2346 favoribus
1044 2317 1072 2347 ct

333 2365 442 2409 gratiis
462 2365 611 2409 prosequi
636 2365 785 2406 volentes,
807 2369 836 2400 ct
863 2376 880 2398 a
909 2366 1072 2410 quibusvis

333 2419 675 2460 excommunicationis,
699 2420 914 2464 suspensionis
934 2427 963 2454 et
980 2422 1073 2455 iuter-

333 2474 418 2514 dicti,
439 2473 570 2516 aliisque
586 2473 804 2506 ecclesiasticis
820 2475 990 2516 sententiis,
1005 2486 1073 2509 cen-

333 2527 415 2562 suris
440 2532 470 2560 et
492 2526 617 2570 poenis,
643 2537 660 2559 a
684 2527 752 2560 iure
784 2528 832 2561 vel
856 2529 895 2561 ab
920 2529 1070 2572 homine7

332 2581 442 2626 quavis
459 2580 623 2614 occasione
640 2580 688 2613 vel
706 2582 799 2614 causa
817 2582 896 2622 latis,
913 2582 937 2614 si
958 2583 1071 2626 quibus

1112 283 1197 310 ctum
1231 277 1443 322 praesentium
1476 276 1624 309 ‹luxtaxat
1659 286 1854 320 consequen-

1112 330 1198 371 dum,
1223 331 1335 363 harum
1361 330 1442 363 serie
1468 330 1678 370 absolventes,
1703 334 1733 362 et
1762 330 1855 363 abso-

1112 384 1194 416 lutos
1219 384 1285 416 sore
1306 389 1478 424 censentes,
1495 382 1676 417 huiusmodi
1702 383 1856 426 supplica-

1114 436 1250 469 tionibus
1264 436 1414 476 inclinati‚
1424 437 1462 469 de
1476 435 1702 469 venerabilium
1720 436 1854 468 fratrum

1112 493 1295 521 nostrorum
1310 494 1433 521 sanctae
1448 490 1606 522 Romanae
1619 489 1776 522 Ecclesiae
1790 499 1856 522 car-

1112 541 1265 574 dinalium
1279 542 1375 574 sacris
1390 542 1500 575 ritibus
1514 542 1766 586 praepositorum
1784 552 1855 575 con-

1112 594 1192 635 silio,
1209 599 1243 627 ut
1266 594 1305 626 de
1330 593 1414 626 dicta
1440 594 1531 626 beata
1556 594 1645 627 Clara
1670 594 1807 628 officium
1826 599 1855 627 et

1111 648 1207 681 missa
1231 648 1269 680 de
1294 647 1455 680 communi
1484 647 1648 690 111-61111111]
1681 659 1751 681 cum
1777 658 1851 681 ora-

1111 701 1195 734 tione
1219 701 1348 745 propria
1374 700 1406 733 111
1429 700 1568 733 ciusdem
1594 700 1718 733 Ordinis
1743 701 1853 733 missa-

1110 754 1192 787 libus
1209 754 1336 794 inserffl,
1351 753 1389 786 ab
1403 753 1548 787 omnibus
1562 753 1686 787 Ordinis
1702 754 1854 797 praedicti

1110 808 1276 852 utriusque
1301 818 1392 841 sexus
1412 807 1612 851 regularibus
1630 808 1775 851 personis
1791 813 1855 840 tan-

1110 867 1175 895 tum
1201 862 1327 896 recitari
1353 867 1383 895 et
1408 861 1561 895 celebrari
1586 861 1685 894 libere
1715 866 1745 894 ct
1770 861 1854 894 licito

1109 917 1209 960 possit
1225 922 1255 949 et
1272 917 1382 957 valeat,
1401 917 1573 960 apostolica
1599 915 1794 956 auctoritate,
1814 919 1853 950 te-

1109 981 1186 1004 nore
1210 971 1421 1015 praesentium
1436 998 1443 1012 ‚
1469 971 1625 1005 licentiam
1651 970 1852 1004 concedimus

1109 1029 1139 1056 ct
1159 1024 1368 1067 impertimur.

1154 1077 1169 1119 g
1193 1076 1222 1109 3.
1247 1077 1315 1109 Non
1346 1077 1542 1110 obstantibus
1578 1076 1852 1110 constitutionibus

1109 1135 1139 1163 et
1163 1130 1415 1163 ordinationibus
1448 1130 1647 1174 apostolicis,
1677 1131 1852 1175 ceterisque

1109 1184 1277 1217 contrariis
1301 1184 1567 1228 quibuscumque.

1153 1238 1168 1281 ,ξ
1193 1238 1221 1270 si.
1248 1238 1399 1271 Volumus
1431 1243 1556 1278 autem,
1581 1243 1614 1270 ut
1638 1238 1852 1282 praesentium

1110 1291 1324 1335 transumptis,
1350 1292 1443 1324 ctiam
1469 1291 1645 1335 impressis,
1671 1302 1766 1324 manu
1796 1292 1853 1324 ali—

1110 1345 1198 1377 cuius
1223 1345 1335 1379 notarii
1361 1345 1480 1389 publici
1497 1345 1682 1389 subscriptis
1698 1350 1728 1377 et
1748 1345 1851 1387 sigillo

1109 1408 1261 1441 personae
1286 1398 1317 1430 111
1341 1398 1492 1442 dignitate
1509 1398 1720 1432 ecclesiastica
1736 1398 1850 1431 consti-

1109 1455 1191 1485 tutae
1216 1452 1355 1493 munitis,
1377 1452 1486 1486 eadem
1502 1463 1633 1497 prorsus
1657 1452 1735 1485 fides
1759 1451 1792 1484 in
1808 1451 1852 1484 iu-

1109 1505 1190 1538 dicio
1208 1510 1238 1538 et
1257 1511 1345 1539 extra
1362 1506 1548 1539 adhibeatur
1565 1517 1645 1550 quae
1668 1506 1744 1550 ipsis
1763 1515 1851 1550 prae-

1109 1560 1249 1593 sentibus
1274 1560 1490 1602 adhiberetur,
1516 1561 1541 1593 si
1565 1561 1669 1594 forent
1692 1560 1850 1594 exhibitae

1108 1614 1155 1647 vel
1180 1620 1332 1647 ostensae.

1152 1667 1263 1700 Datum
1278 1668 1395 1701 Romae
1409 1667 1493 1712 apud
1504 1667 1532 1701 S.
1545 1667 1675 1700 Mariam
1688 1667 1849 1708 Maiorem,

1108 1720 1165 1753 sub
1195 1721 1310 1754 annulo
1340 1721 1529 1762 piscatoris,
1554 1721 1604 1753 die
1639 1730 1693 1754 xlv
1724 1720 1849 1764 augusti

1108 1784 1259 1816 MDCXXIV,
1284 1774 1485 1819 pontificatus
1508 1774 1607 1808 nostri
1633 1784 1714 1808 anno
1740 1784 1759 1807 1.

1142 1839 1203 1865 Dat.
1220 1838 1263 1866 die
1280 1839 1312 1865 14
1327 1838 1435 1874 augusti
1449 1838 1531 1872 1624,
1547 1838 1645 1874 pontif.
1665 1846 1709 1865 an.
1726 1844 1754 1865 11.

1406 1955 1547 1988 LXXXII.

1224 2004 1239 2021 (ἦ

1108 2026 1361 2071 Congyregyatiom'
1389 2027 1624 2060 monacliormn
1654 2026 1847 2061 Caelestino-

1150 2092 1226 2114 rum
1252 2081 1387 2116 Ordinis
1411 2082 1442 2114 S.
1468 2080 1636 2114 Benedicti
1660 2080 1845 2113 communi-

1151 2139 1268 2168 cantur
1301 2135 1429 2178 qratiam
1465 2138 1494 2166 el
1527 2133 1706 2177 privileyia
1737 2134 1849 2165 omnia

1152 2188 1404 2231 Conqreqatiom?
1415 2186 1611 2225 Cassinensi,
1629 2186 1771 2229 aliisque
1783 2196 1849 2218 mo-
1858 2175 1867 2184 ”

1150 2241 1331 2274 ηασΙιοι-ἰιηι
1363 2239 1668 2283 confirmationibus
1704 2249 1847 2272 concessa

1150 2299 1179 2327 ct
1203 2291 1436 2327 concedemla¹.

1318 2366 1453 2393 Urbanus
1469 2365 1548 2399 Papa
1558 2365 1638 2397 vm,

1234 2411 1270 2438 ad
1284 2415 1458 2445 perpetuam
1473 2411 1517 2438 rei
1532 2409 1713 2437 memoriam.

1149 2474 1345 2508 Sacrosancti
1381 2473 1575 2516 apostolatus
1611 2472 1844 2514 ministerium,

1105 2528 1189 2572 quod
1214 2527 1379 2560 ineffabilis
1410 2526 1590 2559 divitiarum
1623 2525 1792 2570 sapientiae
1816 2531 1845 2558 ct

1143 2601 1151 2626 ¹
1176 2599 1213 2626 De
1233 2602 1303 2626 statu
1327 2598 1414 2625 dictae
1438 2597 1657 2633 Congregationis
1681 2597 1844 2625 Caelestino-

333 2633 571 2680 quomodolibet
595 2633 734 2666 innodati
758 2635 910 2675 existunt,
934 2635 972 2668 ad
997 2636 1071 2669 ess'c-
1105 2653 1174 2679 rum,
1188 2643 1248 2671 ride
1260 2643 1350 2671 Coust.
1365 2642 1526 2670 1Caelestini
1535 2643 1568 2678 V,
1582 2646 1647 2670 tom.
1659 2648 1695 2678 lv,
1707 2650 1767 2678 pag.
1782 2642 1842 2670 116.

416 2697 495 2727 Buzl.
515 2697 596 2726 Rom.
616 2711 651 2717 —
668 2696 727 2725 Vol.
747 2695 830 2724 XIII.
991 2697 1027 2725 25

1753 219 1819 252 193
1864 230 1912 257 An.
1930 230 1961 258 c.
1984 230 2052 259 1624

1935 1091 2050 1118 Derogauo

1867 1120 2028 1140 contrariorum.

1902 1251 1964 1272 Fides
1980 1252 2049 1276 danda

1867 1280 2010 1305 transumptis.

1887 2490 2028 2513 Prooemium.
