2269 3235
243 261 293 306 ΙΨ.
314 261 342 288 C.
363 261 429 288 ¹627

477 251 539 285 588

444 312 557 342 iontem
590 310 830 351 baptismalem,
856 313 931 351 quot.
961 308 1033 339 item
1065 308 1093 339 in
1130 308 1179 340 itta

443 364 571 397 existant
592 362 782 403 collegiatae,
801 367 874 405 quot
897 361 1085 395 monasteria
1103 361 1181 394 viro-

444 428 512 449 rum
539 423 564 448 et
593 416 777 455 mulierum,
802 420 878 458 quot
910 415 1180 448 confraternitates

443 476 472 502 et
504 469 679 512 hospitalia,
698 474 782 500 etan
801 469 843 500 ibi
869 469 907 501 sit
932 479 1021 502 mons
1045 469 1179 511 Pietatis,

443 528 472 554 et
488 533 566 564 quae
583 522 621 553 sit,
635 532 727 553 eausa
745 521 914 554 scientiae?

486 575 536 607 ll.
562 576 715 613 Quantum
741 576 780 607 sit
803 576 906 619 ampla
925 575 1086 618 dioecesis,
1105 581 1181 619 quot

442 634 467 659 et
485 638 563 671 quae
579 629 644 660 loca
659 629 894 672 complectatur,
905 635 1022 673 etquae
1036 629 1075 662 sit
1088 640 1181 663 causa

441 681 608 714 scientiae?

484 733 536 766 49..
557 735 602 767 An
624 734 654 766 in
676 737 711 768 ea
733 741 872 768 erectum
899 736 937 768 sit
962 736 1178 769 seminarium:

440 791 515 829 quot
533 787 562 819 in
581 798 617 820 co
634 788 723 831 pueri
740 789 872 829 alantur,
889 794 917 821 et
931 800 1010 833 quae
1029 789 1068 822 sit
1088 799 1180 822 causa

441 840 611 873 scientiae?

484 893 535 927 113.
561 896 606 927 An
632 895 699 938 ipsa
721 895 852 928 ecclesia
882 901 985 938 vacet,
1011 896 1180 940 quomodo,

439 958 457 980 a
487 958 549 990 quo
578 954 718 992 tempore
749 949 837 990 citra,
858 954 888 981 et
916 960 995 993 quae
1024 950 1062 984 sit
1088 961 1181 983 causa

441 1000 611 1033 scientiae?

483 1053 526 1086 De
549 1057 628 1087 statu
645 1054 861 1096 ecclesiarum,
882 1066 961 1099 quae
979 1061 1050 1089 sunt
1066 1056 1097 1088 in
1114 1067 1182 1100 par-

440 1106 521 1139 tibus
546 1107 738 1150 infidelium,
764 1114 915 1151 quantum
947 1109 1016 1142 fieri
1044 1110 1179 1153 poterit,

439 1159 572 1202 diligens
591 1172 721 1193 examen
740 1161 929 1205 instituatur,
949 1173 1051 1206 neque
1068 1163 1180 1195 admit-

439 1216 543 1246 tantur
568 1213 647 1246 tituli
669 1214 699 1246 in
724 1215 909 1258 provinciali
934 1226 997 1248 non
1022 1216 1179 1260 descripti,

438 1267 485 1298 vel
507 1268 558 1309 qui
577 1267 607 1299 in
625 1268 790 1311 seripturis
809 1269 889 1301 sacri
907 1269 1033 1312 collegii
1050 1279 1113 1302 non
1130 1280 1180 1302 rc-

438 1320 611 1362 periuntur.

462 1383 696 1417 Interrogatoria
715 1392 767 1418 pro
787 1378 925 1412 habenda
944 1384 1155 1413 informatione

580 1433 680 1456 status
701 1430 830 1457 aticuius
851 1431 1037 1458 monasterii.

484 1482 511 1515 1.
538 1483 571 1515 ln
589 1494 649 1526 qua
666 1484 828 1527 provincia
852 1490 881 1517 et
899 1485 1035 1518 dioecesi
1061 1486 1100 1518 sit
1117 1496 1181 1518 mo-

443 1537 624 1577 nasterium,
643 1542 669 1569 et
689 1548 769 1580 quae
788 1538 825 1570 sit
844 1549 937 1571 causa
962 1539 1134 1571 scientiae‘?

483 1589 512 1622 2.
538 1590 631 1623 Cuius
656 1591 776 1624 ordinis
800 1592 849 1632 sit,
863 1597 893 1625 et
918 1603 997 1636 quae
1022 1593 1061 1625 sit
1085 1603 1179 1626 causa

441 1643 610 1676 scientiae?

483 1696 513 1730 3.
538 1698 612 1736 Quis
645 1698 684 1731 sit
714 1709 866 1731 numerus
892 1699 1131 1741 monachorum,
1151 1704 1181 1732 et
1204 1698 1208 1701 ⁴

440 1751 509 1794 quis
535 1761 588 1784 eos
613 1756 770 1795 tamquam
790 1757 884 1796 eaput
908 1764 1019 1796 regere
1048 1763 1181 1786 eonsue-

440 1805 537 1845 verit,
563 1811 592 1837 et
609 1816 687 1848 quae
706 1806 744 1838 sit
764 1816 857 1839 eausa
875 1807 1047 1839 scientiae?

484 1858 513 1890 4.
540 1859 602 1890 Sub
627 1870 687 1902 qua
709 1859 903 1893 invocatione
930 1861 968 1892 sit
993 1860 1124 1893 ecclesia
1140 1861 1182 1904 ip-

440 1912 505 1944 sius
522 1913 713 1952 monasterii,
732 1913 820 1945 cuius
845 1919 1020 1947 structurae
1038 1919 1067 1947 et
1087 1914 1182 1958 quali-

441 1965 521 2006 tatis,
546 1976 584 1997 an
611 1966 748 2008 indigeat
767 1968 976 2011 reparatione,
998 1974 1026 2001 et
1046 1979 1126 2012 quae
1144 1968 1183 2001 sit

441 2030 535 2052 causa
560 2020 731 2053 scientiae‘?

486 2073 514 2106 5.
540 2073 596 2112 Qui
622 2074 683 2106 siut
700 2074 839 2107 redditus
857 2086 983 2108 mensae
1008 2076 1182 2117 abbatialis,

442 2127 488 2159 vel
507 2127 663 2170 prioralis,
681 2128 734 2171 qui
756 2128 896 2162 redditus
913 2140 1039 2162 mensae
1053 2141 1184 2163 conven-

443 2181 544 2223 tualis7
567 2186 596 2213 et
612 2192 692 2224 quae
710 2182 748 2214 sit
766 2192 860 2214 eausa
877 2182 1049 2215 scientiae?

487 2234 515 2266 G.
541 2235 588 2267 An
612 2236 838 2268 monasterinm
855 2236 967 2269 habeat
987 2237 1124 2280 aliquam
1141 2237 1184 2270 iu-

443 2288 656 2321 risdictionem
676 2290 961 2333 temporalem,-aut
978 2291 1182 2334 spiritualem,

445 2353 540 2385 quam
565 2348 594 2376 et
618 2343 649 2375 in
666 2354 754 2387 quos,
772 2349 802 2377 et
818 2355 897 2388 quae
916 2344 953 2379 sit
971 2356 1065 2378 eausa
1085 2345 1184 2379 scien-

444 2396 505 2427 tiae
520 2396 529 2427 Γ
901 2403 904 2406 ’

491 2448 517 2479 7.
545 2450 591 2481 λιι
620 2449 732 2482 habeat
762 2461 871 2484 curam
904 2451 1102 2493 animarum,
1127 2462 1185 2496 per

446 2513 538 2544 quem
564 2503 640 2536 haec
664 2510 859 2546 exerceatur,
874 2510 904 2538 et
924 2516 1003 2550 quae
1029 2506 1068 2539 sit
1092 2516 1185 2539 causa

447 2555 616 2588 §vientiae‘t

492 2608 520 2641 8.
545 2609 593 2641 An
616 2615 712 2651 vacet,
738 2612 896 2655 quomodo
921 2618 951 2646 et
975 2623 991 2646 a
1011 2623 1075 2657 quo
1100 2617 1182 2648 tem-

447 2673 524 2707 pore
537 2663 632 2707 citra,
649 2670 679 2699 et
695 2677 774 2711 quae
794 2668 832 2701 sit
848 2678 941 2703 causa
959 2669 1133 2704 scientiae?

1007 260 1127 284 muman
1137 260 1191 283 wat
1221 259 1374 284 ROMANUM

1277 308 1350 341 Quid
1371 309 1514 342 agendum
1534 308 1668 342 perfecta
1683 300 1887 343 inquisitione.

1259 362 1334 395 Cum
1361 367 1458 395 totum
1485 373 1625 403 examen,
1651 374 1704 396 seu
1731 363 1889 407 inquisitio
1913 364 1951 397 de

1214 418 1348 459 persona
1382 417 1596 460 promovenda
1635 421 1666 450 et
1703 417 1881 451 informatio
1914 419 1952 452 de

1215 476 1295 503 statu
1321 470 1481 511 ccclesiae,
1500 482 1553 503 seu
1576 471 1768 511 monasterii,
1793 472 1951 515 perfectae

1215 523 1339 565 fuerint,
1365 524 1505 556 notarius
1529 534 1590 563 eas,
1611 525 1673 556 una
1698 535 1769 557 cum
1789 525 1953 568 scripturis

1215 582 1244 609 et
1268 577 1465 609 documentis
1490 576 1625 620 publicis
1650 581 1679 611 et
1702 577 1890 610 authenticis
1917 589 1953 611 ac

1214 631 1408 673 professione
1425 630 1508 671 fidei,
1527 631 1771 664 instrumentum
1792 631 1952 674 publicum

1214 683 1344 726 rediget.

1258 736 1287 769 Si
1304 747 1471 780 processus
1486 736 1696 780 inquisitionis
1717 737 1876 770 confectus
1893 737 1954 771 fue-

1214 789 1254 821 rit
1267 794 1354 822 extra
1367 790 1538 823 Romanam
1559 790 1694 832 Curiam,
1713 791 1880 834 praelatus,
1901 791 1954 835 qui

1214 852 1281 875 eam
1307 843 1485 883 confecerit,
1503 843 1541 876 ad
1562 844 1745 877 Pontificem
1766 845 1907 878 clausum
1924 850 1955 878 et

1214 895 1414 938 obsignatum
1446 898 1655 939 transmittet,
1686 898 1712 930 si
1746 898 1878 931 ecclesia
1906 899 1953 931 vel

1215 951 1405 983 monasteria
1421 961 1483 984 non
1500 951 1561 984 sint
1579 951 1617 984 ad
1640 952 1888 985 nominationem
1906 952 1954 985 vel

1214 1004 1497 1046 praesentationem
1522 1004 1725 1047 imperatoris
1745 1005 1792 1037 vel
1823 1005 1955 1038 alicuius

1214 1056 1312 1099 regis3
1331 1057 1354 1089 si
1382 1067 1456 1090 vcro
1481 1057 1519 1090 de
1543 1057 1724 1090 huiusmodi
1741 1058 1955 1092 nominatione

1215 1110 1262 1141 vel
1287 1111 1547 1153 praesentatione,
1570 1111 1756 1144 transmittet
1772 1122 1954 1155 processum

1214 1163 1252 1195 ad
1277 1163 1467 1196 cardinalem
1489 1163 1572 1196 illius
1588 1164 1679 1208 regni
1707 1165 1755 1197 vel
1775 1165 1955 1209 provinciae

1214 1222 1438 1260 protectorem,
1454 1217 1485 1249 in
1506 1228 1568 1260 qua
1592 1222 1638 1251 est
1662 1219 1803 1260 ecclesia,
1822 1220 1870 1252 vel
1888 1230 1955 1254 mo-

1214 1271 1385 1303 nasterium
1402 1271 1641 1314 providendum.

1258 1324 1328 1367 Ipse
1353 1329 1457 1357 autem
1482 1325 1657 1368 praelatus,
1682 1326 1730 1358 vel
1755 1336 1813 1369 per
1836 1326 1957 1360 litteras

1215 1382 1381 1420 separatas,
1401 1377 1494 1410 simul
1510 1384 1616 1411 tamen
1633 1389 1704 1411 cum
1722 1390 1872 1422 processu
1889 1380 1957 1412 mit-

1215 1431 1333 1472 tendas,
1356 1432 1402 1464 vel
1420 1442 1478 1476 per
1495 1432 1759 1476 subscriptionem
1774 1433 1956 1467 huiusmodi

1214 1485 1596 1527 processus,significabit,
1609 1491 1724 1529 quanta
1734 1485 1813 1519 sides
1826 1487 1956 1520 testibus

1214 1538 1408 1579 examinatis,
1433 1549 1608 1582 corumque
1633 1539 1724 1573 dictis
1745 1544 1775 1573 et
1791 1540 1956 1584 scripturis

1213 1592 1386 1635 productis,
1411 1603 1468 1626 suo
1492 1593 1609 1626 iudicio
1630 1593 1774 1626 habenda
1798 1594 1847 1635 sit,
1861 1594 1955 1638 simul

1215 1645 1308 1678 etiam
1323 1646 1398 1689 quid
1418 1646 1456 1679 de
1474 1647 1691 1690 promovendo
1708 1648 1775 1692 ipse
1790 1648 1910 1682 sentiat.

1259 1699 1428 1733 Processus
1453 1700 1497 1732 sie
1522 1701 1675 1734 formatus
1699 1706 1729 1734 et
1754 1702 1957 1735 transmissus

1215 1753 1354 1797 primum
1379 1765 1396 1786 a
1420 1754 1587 1795 cardinale,
1613 1755 1662 1787 cui
1688 1755 1777 1787 illum
1802 1755 1834 1788 in
1858 1756 1957 1789 consi-

1215 1807 1312 1840 storio
1336 1807 1492 1840 referendi
1518 1818 1633 1840 munus
1654 1808 1823 1851 incumbet,
1845 1809 1957 1842 deinde

1215 1870 1231 1892 a
1249 1860 1580 1894 tribus·cardinalibus
1604 1861 1764 1905 prioribus
1790 1861 1956 1896 ordinum¹

1215 1914 1448 1947 subscribetur:
1468 1920 1497 1947 et
1513 1920 1620 1959 postea
1640 1915 1693 1950 fiet
1711 1916 1821 1950 relatio
1838 1916 1870 1949 in
1887 1927 1958 1950 con-

1216 1968 1350 2001 sistorio.

1259 2022 1430 2055 Cardinalis
1455 2023 1572 2055 relator
1597 2033 1726 2056 monere
1757 2023 1852 2057 debet
1875 2035 1954 2069 pro-

1961 261 2013 288 An.
2034 260 2148 288 (1:1627

1217 2076 1418 2117 movendum,
1443 2077 1467 2109 si
1493 2087 1642 2121 praesens
1666 2078 1697 2110 in
1723 2078 1813 2111 curia
1837 2079 1886 2119 sit,
1907 2084 1956 2120 ut,
1978 2111 1981 2113 ,

1216 2130 1301 2164 iuxta
1317 2131 1485 2163 concilium
1503 2131 1710 2165 Lateranense
1726 2131 1896 2165 novissime
1912 2143 1959 2166 ce-

1217 2183 1382 2225 lebratum,
1407 2195 1516 2217 omnes
1541 2185 1714 2218 cardinales
1735 2186 1783 2218 vel
1804 2186 1959 2219 maiorem

1216 2242 1338 2280 partem
1364 2237 1488 2280 collegii
1513 2237 1613 2279 adeat,
1631 2244 1798 2282 antequam
1827 2239 1959 2273 ecclesia

1218 2291 1265 2323 vel
1290 2291 1516 2324 monasterium
1541 2298 1756 2336 proponatur,
1780 2298 1815 2326 ut
1839 2304 1918 2337 quae
1942 2303 1960 2326 a

1218 2345 1372 2378 referente
1397 2346 1518 2389 collega
1547 2352 1618 2379 sunt
1642 2347 1780 2380 audituri
1798 2365 1813 2389 ,-
1834 2348 1958 2381 oculata

1217 2398 1288 2439 side,
1307 2404 1459 2442 quantum
1480 2399 1518 2432 ad
1534 2410 1703 2444 personam
1722 2401 1818 2445 ipsius
1835 2412 1961 2446 promo-

1218 2453 1310 2485 vendi
1326 2453 1445 2495 attinet,
1463 2464 1655 2497 cognoscere
1673 2455 1804 2498 possint.

1255 2526 1266 2550 1
1289 2523 1384 2551 Nescio
1404 2533 1494 2552 annon
1514 2526 1660 2561 legendum
1680 2527 1769 2562 potius
1789 2527 1857 2556 foret
1879 2529 1960 2564 prio-

1218 2577 1286 2597 rum
1305 2570 1445 2597 ordinum
1463 2573 1501 2605 (R.
1518 2572 1568 2606 T.).
