2269 3235
225 225 275 252 Αη.
290 224 319 253 C.
341 224 408 254 1628

1037 240 1178 267 URBANUS
1201 243 1258 268 vm
1282 246 1330 270 1³1³.

421 275 534 309 larium
560 277 598 311 ab
618 279 678 313 illis
703 280 957 327 dependentium,
978 297 1072 332 super
1094 290 1160 324 titu-

420 326 525 362 lorum
543 335 572 364 et
592 332 786 367 functionum
813 337 988 371 officiorum
1014 341 1161 375 claustra-

419 379 507 423 lium,
529 388 559 415 et
577 387 638 418 tam
658 385 796 429 illorum,
820 400 913 433 quam
938 395 1157 436 temporalium

419 433 600 470 reddituum
629 450 808 474 mensarum
835 446 1087 479 conventualium
1105 448 1159 481 lm-

418 486 564 531 iusmodi,
573 501 694 526 necnon
707 493 958 530 iurisdietionum
973 501 1156 534 eorumdem

418 539 599 577 dimissione
616 544 647 577 in
671 546 809 581 favorem
834 549 991 584 dictorum
1009 554 1158 587 reforma-

419 596 539 637 torum,
565 598 622 630 sub
646 601 847 635 concessione
879 609 909 636 et
945 608 1156 642 reservatione

415 650 634 690 praestationis
658 658 762 687 certae
791 666 912 690 annuae
941 669 1083 694 summae
1106 673 1156 706 pe-

416 703 589 745 cuniarum,
608 711 637 738 et
654 708 834 750 quantitatis
856 711 929 753 vini,
957 714 1107 754 frumenti
1126 723 1155 750 et

413 755 546 790 aliarum
559 769 667 792 rerum
688 761 774 805 ipsis,
794 775 852 808 pro
873 777 984 800 eorum
1003 770 1155 812 portioni-

413 808 470 842 bus
494 813 732 848 monachalibus
749 817 813 850 sive
838 819 906 852 aliis
924 820 1038 855 debitis
1055 824 1154 857 reddi-

411 862 505 904 tibus,
522 875 579 908 per
599 867 698 901 dictos
722 871 910 906 reformatos
928 874 1058 918 (landen
1082 889 1152 920 cum

411 926 473 960 qua
496 918 571 952 dicti
595 931 659 955 non
684 924 857 967 reformati,
883 928 922 961 (10
947 930 1075 973 speciali
1100 943 1153 966 no-

410 972 474 1002 stra
507 972 650 1017 licentia,
682 976 714 1009 in
743 979 986 1021 particularibus
1019 984 1152 1018 aedibus

409 1026 578 1067 separatim
603 1035 633 1061 et
658 1031 791 1064 seorsim
817 1044 834 1065 a
859 1038 1085 1072 communitate
1109 1040 1151 1072 di-

409 1081 533 1112 ctorum
558 1082 819 1128 reformatorum,
845 1092 875 1119 et
899 1094 987 1122 extra
1012 1091 1079 1124 loca
1103 1103 1151 1126 re-

408 1131 539 1176 gularia,
566 1135 619 1178 eis,
644 1141 679 1169 ut
701 1139 896 1182 praefertur,
918 1143 1042 1187 relicta,
1069 1145 1148 1179 intra

408 1188 513 1218 tamen
530 1192 617 1231 septa
634 1192 830 1234 eorumdem,
849 1205 903 1228 seu
921 1196 1055 1230 aliorum
1070 1199 1148 1233 eius-

406 1237 478 1271 dem
509 1240 634 1275 Ordinis
667 1248 953 1293 monasteriorum,
984 1262 1148 1298 quousque

406 1291 489 1326 diem
510 1305 601 1328 suum
622 1298 767 1333 claudant
786 1307 972 1347 extremum,
995 1316 1049 1339 seu
1069 1318 1146 1351 quo-

405 1357 505 1389 usque
521 1348 613 1383 bonis
630 1351 785 1386 dictorum
807 1357 1050 1392 reformatorum
1068 1361 1147 1395 vitae

404 1408 440 1431 ac
454 1410 579 1434 morum
592 1406 744 1449 exemplis
757 1407 874 1442 inducti
888 1412 1145 1447 reformationem

404 1457 658 1499 congregationis
683 1459 711 1493 S.
738 1462 837 1495 Mauri
868 1464 1048 1500 huiusmodi
1080 1478 1145 1501 am-

402 1506 497 1549 plecti
526 1510 636 1553 velint,
662 1518 693 1545 et
722 1514 881 1549 viceversa
914 1518 972 1562 ipsi
998 1523 1143 1555 monachi

402 1568 466 1592 non
489 1563 652 1597 reformati
684 1566 819 1611 desuper
851 1581 922 1603 eum
951 1573 1069 1607 eisdem
1095 1587 1143 1609 re—

401 1612 542 1648 formatis
566 1618 688 1652 valeant
719 1624 904 1665 convenire,
929 1626 971 1659 ita
996 1629 1079 1671 quod
1105 1640 1139 1662 ex

400 1669 473 1699 tune
490 1667 564 1702 dicti
584 1671 733 1706 officiales
757 1676 948 1720 claustrales,
966 1683 1140 1725 cappellani

400 1723 430 1751 et
446 1719 621 1756 beneficiati
638 1727 801 1769 regulares
816 1740 878 1764 non
896 1733 1057 1768 reformati
1071 1737 1139 1769 red-

399 1772 481 1807 ditus
501 1787 694 1821 mensarum,
712 1792 747 1815 ac
765 1784 1093 1831 officia,cappellanias
1111 1797 1140 1824 et

398 1825 550 1863 beneficia
570 1836 835 1870 monasteriorum
857 1851 911 1873 seu
928 1842 1139 1885 prioratuum,

398 1890 434 1913 ac
458 1882 592 1918 aliorum
616 1889 810 1931 regularium
830 1893 975 1928 locorum
999 1897 1038 1929 ab
1063 1898 1139 1941 ipsis

397 1939 596 1972 monasteriis
610 1940 852 1985 dependentium
868 1947 1060 1993 huiusmodi,
1072 1952 1139 1984 red-

396 1987 480 2022 ditus
500 1992 626 2034 quidem
653 2006 834 2031 mensarum
856 2005 886 2033 et
910 2003 1097 2038 officiorum
1107 2006 1138 2038 in

395 2040 535 2077 savorem
560 2057 740 2083 mensarum
765 2056 1019 2090 conventualium
1043 2058 1138 2092 dicto-

395 2105 466 2128 rum
498 2099 764 2147 reformatorum,
797 2109 1009 2151 cappellanias
1040 2122 1135 2156 vero,

393 2147 547 2184 beneficia
574 2158 604 2188 et
634 2157 1003 2199 prioratus,huiusmodi
1031 2165 1063 2198 in
1091 2167 1136 2199 fa-

394 2212 502 2236 vorem
527 2208 765 2249 particularium
791 2213 891 2248 dictae
916 2220 1136 2261 congregatio-

393 2255 441 2288 nis
465 2258 494 2290 S.
518 2259 615 2293 Mauri
642 2266 871 2300 monachorum
897 2270 1019 2311 cedere,
1045 2278 1074 2305 01
1098 2274 1135 2307 (10

393 2317 456 2341 non
489 2313 686 2356 resignandis
722 2319 833 2353 officiis
869 2325 1069 2367 cappellanus
1106 2333 1135 2360 et

392 2360 571 2409 beneficiis,
599 2379 656 2412 per
684 2381 738 2405 eos
763 2374 919 2419 obtentis,
943 2377 975 2410 in
999 2379 1133 2414 aliorum

392 2425 486 2458 quam
511 2420 754 2459 reformatorum
783 2430 968 2464 eorumdem
993 2432 1132 2468 favorem

391 2471 577 2512 promittere
610 2481 641 2509 et
672 2478 709 2511 ad
741 2480 772 2512 id
804 2492 836 2515 se
867 2483 1027 2529 obligare,
1058 2488 1132 2522 dicti

391 2532 467 2557 vero
490 2527 652 2563 reformati
684 2533 869 2570 officialibus
894 2539 1130 2585 claustralibus,

428 2595 440 2622 1
457 2595 512 2624 Nisi
527 2599 615 2634 potius
629 2601 684 2636 legi
698 2603 796 2634 debeat
811 2608 936 2645 dandae,
949 2619 1045 2648 nempe
1055 2622 1131 2643 sum-

391 2646 453 2668 mae
469 2646 496 2670 et
509 2646 683 2678 quantitatis
695 2651 852 2685 praedictae
867 2655 905 2690 (a.
922 2656 970 2691 T.)-

1840 249 1903 283 6⁶27

1194 294 1383 336 cappellanis
1401 300 1430 329 et
1446 297 1638 333 beneficiatis
1655 301 1845 345 huiusmodi,
1861 318 1932 349 par-

1194 350 1254 378 tem
1279 347 1438 391 aliquam,
1465 352 1556 385 etiam
1583 355 1734 388 maiorem
1750 385 1757 399 ,
1780 359 1824 390 vel
1854 360 1932 392 fortov

1194 398 1329 439 totalem,
1355 401 1523 447 fructuum,
1549 407 1728 442 reddituum
1747 415 1776 443 et
1798 422 1931 455 proven-

1193 453 1278 483 tuum
1300 454 1487 500 officiorum,
1506 461 1773 503 cappellaniarum
1795 470 1825 496 01
1842 466 1933 497 bens·-

1191 504 1335 539 liciorum
1368 511 1561 552 regularium
1593 516 1844 560 praedictorum,
1871 520 1931 552 rita

1190 556 1346 592 dictorum
1364 573 1425 596 non
1443 566 1684 602 reformatorum
1700 571 1832 605 durante
1845 573 1931 605 dum-

1191 614 1281 653 taxat,
1303 625 1465 660 reservare
1489 625 1519 652 et
1543 622 1703 665 assignare
1727 626 1861 669 possint,

1236 665 1250 708 ξ,
1271 666 1300 699 e.
1326 668 1363 700 Et
1397 670 1526 715 insuper
1558 675 1657 708 cidem
1691 681 1927 723 congregationi

1189 717 1217 750 S.
1238 719 1346 761 Mauri,
1372 732 1425 755 seu
1453 724 1537 758 illius
1564 729 1702 771 capitulo
1722 734 1870 775 generali,
1896 742 1925 767 ut

1189 771 1319 814 (attenta
1342 778 1477 819 penuria
1498 782 1725 816 monachorum
1747 788 1928 822 reformato-

1187 835 1258 858 rum
1284 830 1438 863 nascentis
1463 836 1717 877 congregationis
1737 838 1927 883 huiusmodi,

1186 883 1216 911 et
1231 882 1403 923 quantitate
1417 884 1559 919 locorum
1578 890 1782 935 regularium,
1796 894 1834 926 ad
1848 906 1927 938 quae

1186 943 1245 975 pro
1258 934 1485 971 introducenda
1502 940 1534 972 in
1552 941 1612 975 illis
1625 944 1849 980 reformatione
1867 949 1926 992 ipsi

1185 991 1350 1034 vocantur>
1363 991 1502 1026 eiusdem
1517 999 1770 1040 congregationis
1785 1001 1813 1034 S.
1827 1003 1924 1036 Mauri

1185 1043 1366 1085 monachos,
1381 1046 1473 1079 ctiam
1490 1048 1650 1091 prioratus
1667 1052 1789 1096 aliquos
1807 1066 1842 1088 ac
1861 1057 1926 1089 ossi-

1184 1095 1230 1128 cia
1247 1097 1424 1133 claustralia
1442 1105 1471 1135 et
1488 1102 1547 1135 alia
1565 1114 1782 1150 quaecumque
1796 1120 1926 1152 quomo-

1183 1148 1300 1183 dolibet
1324 1160 1505 1197 nuncupata
1524 1160 1553 1190 et
1569 1159 1748 1200 qualismata
1772 1161 1924 1196 beneficia

1183 1205 1340 1245 regularia
1355 1206 1428 1240 dicti
1444 1219 1498 1242 seu
1510 1210 1721 1245 Cluniacensis
1733 1214 1857 1249 Ordinis
1871 1218 1924 1250 ob-

1183 1255 1324 1300 tinentes,
1336 1270 1354 1292 a
1368 1264 1577 1305 monasteriis,
1588 1276 1604 1298 a
1618 1267 1731 1310 quibus
1746 1269 1797 1301 illa
1811 1270 1923 1314 depen-

1181 1308 1255 1342 dent
1265 1310 1400 1354 (etiamsi
1414 1320 1589 1359 teneantur,
1600 1319 1720 1353 ratione
1732 1321 1922 1357 fundationis

1181 1363 1308 1397 illorum
1323 1372 1353 1399 et
1365 1369 1582 1411 provisionum
1597 1373 1655 1405 sibi
1670 1375 1707 1407 de
1724 1375 1784 1408 illis
1797 1383 1922 1420 aposto-

1181 1416 1240 1450 lica
1264 1429 1319 1452 scu
1344 1421 1504 1455 ordinaria
1530 1427 1715 1461 auctoritate
1739 1429 1919 1472 factarum‘,

1179 1480 1232 1503 seu
1250 1482 1286 1505 ex
1307 1474 1388 1508 nunc
1413 1475 1444 1508 111
1469 1477 1610 1511 futurum
1636 1480 1861 1526 faciendarum,
1881 1485 1918 1518 ad

1178 1524 1378 1560 residentiam
1397 1528 1428 1561 in
1445 1530 1537 1564 dictis
1548 1528 1763 1576 inonasteriis,
1778 1547 1832 1570 seu
1851 1538 1919 1571 aliis

1177 1577 1254 1611 10015
1274 1582 1484 1623 regularibus,
1503 1596 1521 1617 a
1537 1586 1661 1629 quibus,
1679 1594 1713 1621 ut
1732 1591 1917 1633 praefertur,

1176 1630 1384 1675 dependentia
1413 1637 1553 1682 fuerint),
1579 1640 1617 1673 ad
1642 1642 1701 1675 alia
1730 1646 1917 1679 monasteria

1176 1693 1229 1717 seu
1260 1685 1328 1719 loca
1359 1690 1518 1731 regularia
1550 1692 1650 1727 dictae
1681 1699 1916 1740 congregationi

1157 1770 1158 1776 ¹
1175 1737 1203 1770 S.
1215 1738 1312 1772 Mauri
1327 1741 1388 1774 iam
1405 1751 1586 1787 aggregata,
1601 1758 1656 1780 seu
1670 1749 1700 1781 in
1714 1750 1852 1784 futurum
1868 1763 1918 1796 ag-

1174 1794 1343 1835 greganda,
1355 1806 1412 1839 pro
1423 1798 1645 1841 functionibus,
1654 1812 1708 1835 seu
1722 1805 1914 1845 muneribus,

1174 1846 1212 1878 ad
1229 1858 1308 1890 quae
1325 1849 1364 1881 ab
1382 1861 1491 1884 eorum
1510 1855 1728 1897 superioribus
1748 1858 1869 1893 habiles
1887 1867 1915 1893 et

1174 1899 1277 1933 idonci
1295 1902 1349 1935 visi
1366 1904 1493 1946 fuerint,
1508 1907 1688 1951 subeundis,
1702 1921 1738 1943 ac
1759 1912 1844 1953 alias,
1857 1924 1915 1957 pro

1173 1955 1357 1988 eorumdem
1387 1961 1664 1995 monasteriorium
1691 1974 1747 1997 seu
1771 1966 1913 2000 locorum

1172 2009 1367 2050 regularium
1396 2013 1639 2049 reformatorum
1664 2005 1859 2062 necessitate,
1885 2027 1914 2055 et

1171 2062 1372 2106 novitiorum,
1390 2071 1443 2098 aut
1460 2067 1592 2101 aliarum
1608 2070 1638 2102 in
1656 2071 1716 2104 illis
1731 2072 1913 2116 degentium

1171 2125 1388 2160 personarum,
1404 2125 1465 2153 tam
1484 2121 1515 2153 111
1532 2122 1709 2157 litterarum
1727 2130 1756 2160 et
1774 2127 1914 2162 scientia-

1172 2180 1251 2212 rum,
1262 2182 1354 2215 quam
1366 2173 1548 2218 disciplinae
1560 2179 1714 2220 regularis
1727 2180 1827 2215 dictae
1842 2193 1913 2216 con-

1170 2225 1557 2266 gregationisreformatae
1568 2232 1743 2267 eruditione
1757 2241 1786 2267 et
1800 2235 1912 2270 instru-

1169 2277 1272 2311 ctione
1295 2280 1500 2324 (supportatis
1521 2283 1645 2318 interim
1664 2297 1720 2330 per
1737 2288 1814 2321 alios
1835 2289 1912 2323 eius-

1169 2330 1239 2363 dem
1269 2337 1524 2378 congrcgationis
1549 2338 1578 2371 S.
1604 2340 1702 2373 Mauri
1739 2344 1911 2377 monachos

1168 2385 1377 2429 prioratuum,
1397 2392 1663 2433 cappellaniarum
1687 2399 1716 2429 et
1740 2395 1910 2432 beneficio-

1168 2449 1237 2471 rum
1248 2441 1484 2483 lia-aedicterum
1494 2444 1607 2479 debitis
1621 2452 1650 2479 et
1667 2444 1825 2483 consuetis
1841 2462 1912 2485 one-

1167 2492 1278 2535 ribus),
1304 2494 1342 2526 ad
1375 2501 1498 2541 tempus
1519 2499 1577 2532 sibi
1601 2500 1784 2537 benevisum
1810 2510 1910 2540 trans-

1166 2545 1258 2587 ferre,
1272 2548 1396 2591 priores
1414 2562 1540 2596 quoque
1557 2559 1587 2588 01
1603 2557 1793 2592 novitiorum
1810 2561 1909 2603 magi-

1201 2664 1213 2689 1
1231 2663 1332 2693 Vocem
1345 2650 1494 2701 factarum
1508 2677 1558 2699 nos
1573 2670 1698 2701 addimus
1713 2674 1751 2712 (a.
1768 2676 1818 2712 1.).

1950 261 1998 288 Α11.
2020 263 2047 290 C.
2067 264 2132 293 ¹628

1971 698 2075 725 Pluraque
2091 706 2129 726 pm

1944 725 2063 745 lium—munli
2097 734 2128 747 ra·-

1945 753 2076 772 [0111111110ηὴ
2098 754 2126 773 ΓΛ-

1944 779 2010 798 vilium
2031 785 2126 804 pragi-es-

1942 811 1965 826 su
1982 808 2060 826 statuit.
