2269 3235
241 246 287 272 An.
310 245 336 271 (ἶ.
360 245 423 272 1627

471 235 534 268 594

440 300 503 326 tres
528 294 625 327 nostri
651 293 679 327 S.
704 293 736 325 R.
758 292 789 323 E.
816 290 988 323 cardinali-s
1012 288 1108 321 sacris
1133 288 1176 321 ri-

442 348 525 380 tibus
549 345 717 391 praepositi
748 344 777 376 in
807 344 899 376 causa
930 340 1177 374 canonizationis

441 400 647 444 vigintitrium
678 399 868 441 Martyrum,
899 394 1063 434 videlicet,
1096 393 1178 427 Petri

443 455 596 499 Baptistae
621 457 649 484 ct
675 451 833 484 sociorum
859 449 925 481 cius
950 458 985 480 cx
1015 447 1097 480 dicto
1126 446 1180 479 Or-

442 509 522 548 dine,
547 516 682 550 quorum
703 513 815 546 nempe
840 512 892 535 sex
917 500 1059 545 professi,
1084 499 1180 533 ceteri

443 572 517 593 vero
532 559 600 592 laici
615 563 644 591 et
661 557 829 590 familiares
847 554 1045 588 coadiutores
1058 563 1182 586 eorum-

443 615 513 646 dem
538 623 590 645 sex
621 611 835 654 professorum
861 612 959 647 crant,
977 606 1093 650 quique
1117 616 1182 638 om-

443 678 496 699 nes
517 676 574 709 pro
592 663 705 698 Christi
718 662 844 696 nominc
870 661 900 693 in
924 659 1041 704 oppido
1059 658 1182 692 civitate

444 724 623 762 nuncupato
637 719 778 760 Nangasa
792 715 845 759 qui
863 719 950 747 extra
966 723 1076 746 muros
1089 712 1121 744 in
1137 722 1184 745 re-

444 785 505 817 gno
530 771 675 816 Iaponiae
696 769 781 803 cruci
794 767 878 801 affixi
893 771 922 801 et
939 765 1182 800 transverberati

446 829 580 866 t'ucrunt,
595 825 625 857 in
639 834 728 856 sacro
740 823 835 856 Rotae
848 819 1015 861 auditorio,
1029 824 1059 852 et
1072 818 1184 851 deinde

445 882 483 913 do
509 879 654 913 mandato
678 882 786 910 nostro
810 875 848 908 ab
873 874 990 907 eisdem
1019 873 1185 907 cardinali-

446 936 514 976 bus,
541 933 695 966 referente
720 930 834 962 dilecto
851 928 916 962 silio
932 932 1044 961 nostro
1060 927 1185 960 Tiberio

448 987 526 1021 tituli
542 986 570 1019 S.
586 985 709 1018 Priscae
726 983 912 1027 presbytero
935 980 1085 1014 cardinali
1102 980 1185 1013 Muto

447 1044 635 1083 nuncupato,
660 1037 812 1076 discussa,
837 1034 1018 1068 censuerint
1042 1038 1185 1067 constare

447 1095 484 1127 dc
524 1092 673 1137 unu-tyrio
705 1096 735 1123 et
766 1088 952 1128 miraculis,
983 1087 1116 1131 ideoque
1148 1086 1186 1123 ad

1025 240 1204 265 nummatum
1228 239 1383 264 ROMANUM

1211 287 1284 320 dicti
1309 287 1390 320 Petri
1416 293 1446 320 ct
1469 287 1652 320 eorumdem
1677 287 1876 332 superiorum
1900 298 1953 322 no-

1213 340 1296 373 mine
1320 340 1410 373 nobis
1434 340 1595 373 humiliter
1618 341 1773 383 porrectis
1799 341 1952 383 inclinati,

1213 394 1251 426 de
1275 393 1459 426 eorumdem
1477 393 1683 426 cardinalium
1704 393 1845 434 consilio,
1863 398 1897 426 ut
1916 393 1955 427 dc

1214 445 1330 478 eisdem
1354 445 1551 490 Martyribus,
1571 450 1633 478 tam
1651 446 1690 478 ab
1708 445 1856 478 omnibus
1881 445 1955 479 dicti

1215 498 1339 532 Ordinis
1361 498 1390 532 S.
1408 498 1569 531 Francisei
1587 498 1744 541 religiosis
1761 498 1878 542 ubique
1897 499 1957 532 exi-

1215 551 1384 592 stentibus,
1409 561 1503 595 quam
1526 551 1619 584 etiam
1644 551 1713 584 aliis
1737 551 1957 585 ecclesiasticis

1216 609 1246 637 et
1269 604 1463 638 secularibus
1491 604 1636 649 personis
1669 603 1847 637 Manilensis
1871 604 1957 637 dioe-

1216 657 1296 690 cesis
1319 657 1501 701 dumtaxat,
1525 657 1578 690 ubi
1602 657 1772 701 praecipue
1800 657 1958 690 dictorum

1218 712 1386 755 Martyrum
1411 721 1470 755 pro
1495 710 1609 744 Christi
1634 710 1696 743 fide
1719 710 1843 744 labores
1869 710 1959 744 valde

1217 764 1435 808 profecerunt,
1460 764 1599 798 officium
1623 769 1653 797 et
1678 763 1774 797 missa
1805 763 1844 796 de
1872 774 1958 797 com-

1220 818 1305 851 muni
1337 817 1549 862 plurimorum
1579 819 1749 862 Martyrum
1768 814 1824 850 'die
1848 827 1959 851 eorum

1219 872 1323 913 natali,
1349 871 1493 904 videlicet
1515 871 1565 905 die
1589 871 1697 915 quinta
1724 871 1884 911 februarii,
1909 881 1959 904 rc-

1220 924 1309 958 citari
1341 930 1371 958 ct
1405 925 1558 957 celchrari
1594 924 1769 968 respective
1801 924 1900 957 libere
1931 929 1961 957 ct

1219 978 1303 1011 licite
1327 977 1425 1022 possit
1449 983 1479 1010 et
1502 978 1614 1017 valeat,
1635 977 1808 1021 apostolica
1825 977 1962 1010 auctori-

1220 1037 1291 1073 tate,
1309 1037 1419 1065 tenore
1441 1031 1655 1076 praesentium
1679 1030 1838 1064 licentiam
1863 1035 1894 1063 et
1918 1031 1961 1063 sa-

1220 1087 1366 1120 cultatem
1389 1085 1590 1119 concedimus
1607 1089 1637 1118 et
1656 1084 1866 1129 impartimur.

1960 241 2012 268 An.
2032 240 2062 269 C.
2082 239 2148 268 1627

448 1148 601 1181 actualem
619 1146 746 1178 illorum
764 1141 1034 1177 canonizationem
1052 1140 1188 1184 quando-

449 1212 582 1245 cumque
607 1198 746 1232 devenit-i
772 1207 882 1241 posse,
908 1195 1088 1240 superiores
1113 1205 1188 1228 vero

449 1255 523 1288 dicti
546 1252 680 1293 Ordinis,
700 1262 758 1296 pro
776 1262 823 1291 co,
849 1260 943 1294 quem
969 1259 1045 1292 erga
1061 1247 1188 1281 eosdem

449 1310 598 1352 Martyres
618 1311 740 1349 gerunt,
766 1303 940 1337 devotionis
965 1302 1096 1344 affectu,
1121 1301 1188 1335 offi-

450 1364 532 1396 cium
557 1367 585 1394 et
611 1360 736 1393 missam
762 1359 799 1391 de
817 1358 877 1390 illis
894 1356 1007 1400 (donec
1025 1356 1063 1389 ad
1081 1356 1191 1389 solem-

1266 1140 1280 1183 §
1304 1139 1333 1172 3.
1358 1140 1426 1173 Non
1458 1139 1655 1172 obstantibus
1686 1138 1963 1172 constitutionibus
2005 1151 2162 1172 cuntramn-

1222 1197 1251 1227 et
1275 1193 1525 1226 ordinationibus
1558 1192 1758 1236 apostolicis,
1789 1191 1964 1236 ceterisque
1978 1178 2089 1200 ¹¹¹⁰v⁹⁰⁶⁰'

1223 1247 1389 1281 contrariis
1413 1247 1674 1291 quibuscumque.

1268 1302 1283 1345 ξ
1302 1301 1331 1333 4.
1349 1301 1501 1334 Volumus
1521 1305 1636 1342 antem,
1650 1299 1734 1344 quod
1750 1299 1964 1344 praesentium
2007 1294 2164 1336 Tradsumpas-

1225 1354 1444 1398 transumptis,
1473 1354 1566 1386 etiam
1590 1353 1768 1397 impressis,
1793 1363 1889 1386 manu
1913 1352 1966 1385 ali·
1984 1338 2165 1386 {Eaffi‘d'mn'

275 2014 314 2037 Qui
325 2013 385 2033 modo
397 2018 442 2034 eam

262 2040 366 2061 conce-tit.

451 1428 521 1449 nem
547 1425 656 1448 eorum
675 1411 954 1451 canonizationem,
972 1421 1030 1454 pro
1051 1420 1113 1453 qua
1128 1419 1191 1442 non

451 1471 551 1504 solum
576 1469 676 1501 dietus
709 1468 818 1499 Petrus
849 1464 1033 1498 eorumdem
1057 1463 1192 1496 fratrum

452 1523 586 1564 nomine,
601 1531 710 1554 verum
729 1520 822 1552 ctiam
841 1517 1044 1551 charissimus
1061 1517 1092 1549 in
1109 1515 1194 1549 Chri-

452 1583 498 1610 sto
517 1576 598 1609 tilius
618 1580 725 1608 noster
748 1572 912 1616 Philippus
932 1582 986 1603 rex
1010 1570 1193 1611 catholicus,

453 1643 487 1664 ac
512 1628 696 1664 charissima
721 1627 751 1659 in
777 1626 900 1659 Christo
924 1624 989 1657 filia
1013 1629 1120 1656 nostra
1136 1624 1195 1656 Isa-

453 1685 533 1718 bella
558 1682 666 1725 regina
691 1679 844 1714 catholica
868 1677 1102 1722 Hispaniarum,
1127 1687 1195 1709 nec-

454 1749 516 1772 non
540 1737 686 1770 universa
699 1734 807 1767 civitas
824 1732 1001 1765 Manilensis
1017 1736 1046 1764 ct
1062 1731 1196 1764 Chinen-

455 1793 513 1833 sis,
547 1802 602 1823 seu
625 1787 859 1827 Machanensis,
884 1786 998 1829 aliique
1022 1785 1115 1818 nobis
1138 1795 1197 1828 per

456 1855 566 1878 corum
590 1843 709 1875 litteras
734 1841 771 1873 ad
795 1850 852 1873 nos
876 1838 1074 1871 transmissas
1097 1837 1198 1870 humi-

457 1900 528 1932 liter
556 1897 793 1942 supplicarunt,
824 1892 1021 1935 deveniatur)
1052 1896 1087 1924 ut
1117 1891 1198 1924 infra

457 1951 581 1985 recitari
606 1959 696 1994 posse
720 1947 893 1992 plurimum
915 1945 1106 1978 desiderent:

502 2007 517 2049 ἓ
541 2006 570 2038 2.
595 2005 674 2045 Nos,
699 2003 759 2047 piis
787 2000 972 2035 eorumdem
998 1999 1199 2044 superiorum

459 2060 538 2093 votis
561 2056 764 2098 huiusmodi,
788 2060 939 2099 quantum
969 2064 1042 2087 cum
1065 2053 1199 2087 Domino

460 2103 643 2156 possumus,
669 2119 822 2151 annuere,
853 2109 986 2153 illosque
1010 2106 1200 2151 specialibus

460 2167 617 2199 favoribus
635 2170 664 2198 et
681 2163 789 2207 gratiis
812 2161 962 2207 prosequi
982 2162 1131 2201 volentes,
1148 2171 1201 2194 eo-

463 2229 594 2263 rumque
619 2218 793 2261 singulares
823 2225 973 2260 personas
997 2224 1014 2246 a
1038 2213 1201 2258 quibusvis

463 2271 803 2312 exeomnmnicationis‚
829 2267 1044 2313 suspensionis
1061 2272 1091 2300 et
1110 2267 1202 2300 inter-

464 2326 547 2368 dicti,
565 2325 694 2369 aliisque
716 2322 935 2357 ecclesiasticis
948 2320 1119 2363 sententiis,
1134 2331 1202 2354 een-

465 2379 544 2411 >ui-is
569 2383 599 2411 et
621 2377 748 2422 poenis⁷
775 2387 791 2409 a
816 2376 882 2409 iure
912 2375 960 2408 vel
985 2374 1023 2407 ab
1056 2374 1201 2415 homine,

465 2433 572 2475 ‹1·‚-.axis
597 2431 760 2464 occasione
784 2430 832 2462 vel
857 2431 950 2462 causa
973 2428 1060 2469 latis,
1086 2428 1111 2461 si
1133 2427 1202 2471 qui-

467 2486 522 2517 hus
547 2484 782 2529 quomodolibet
806 2483 971 2516 innodatae
996 2482 1141 2522 existunt,
1165 2481 1202 2513 ad

468 2538 611 2569 cithium
646 2537 858 2581 praesentium
893 2536 1053 2568 dumtaxat
1087 2544 1200 2567 conse-

467 2590 635 2633 qui-ndum,
660 2591 771 2622 harum
796 2589 875 2622 serie
900 2588 1094 2621 absolventes
1111 2591 1139 2619 et
1153 2587 1205 2619 ab·

468 2645 583 2677 solutas
614 2644 678 2677 sore
711 2648 892 2684 censentes,
923 2640 1204 2686 supplicationibus

1225 1407 1315 1441 cuius
1332 1407 1447 1441 notarii
1467 1407 1586 1451 publici
1600 1406 1795 1451 subscriptis,
1815 1411 1846 1440 et
1862 1406 1966 1450 sigillo

1226 1462 1357 1494 alicuius
1371 1471 1526 1505 personae
1543 1461 1575 1493 in
1588 1460 1739 1504 dignitate
1755 1460 1967 1494 ecclesiastica

1227 1516 1413 1549 constitutae
1438 1514 1578 1555 munitis,
1601 1514 1711 1547 eadem
1737 1524 1869 1558 prorsus
1890 1513 1968 1546 fides

1227 1569 1343 1613 ubique
1358 1569 1554 1609 adhibeatur,
1567 1578 1647 1612 quae
1665 1567 1783 1600 eisdem
1800 1566 1970 1611 praesenti-

1228 1623 1288 1656 bus
1312 1622 1536 1663 adhiberetur,
1562 1621 1587 1654 si
1611 1622 1714 1655 forent
1737 1620 1894 1654 exhibitae
1921 1620 1968 1653 vel

1229 1680 1381 1710 ostensae.

1273 1731 1385 1763 Datum
1410 1730 1543 1770 Romae,
1568 1727 1652 1772 apud
1672 1727 1702 1761 S.
1726 1727 1856 1761 Mariam
1880 1727 1971 1760 Maio-

1230 1795 1308 1827 rem,
1319 1784 1377 1817 sub
1390 1783 1506 1816 annulo
1521 1781 1698 1823 Piscatoris,
1710 1781 1759 1814 die
1773 1790 1828 1814 xlv
1842 1785 1973 1824 septem-

1230 1838 1296 1871 bris
1319 1847 1481 1879 nncxxvn,
1500 1835 1702 1881 pontificatus
1719 1835 1819 1869 nostri
1836 1844 1917 1868 anno
1942 1844 1971 1867 v.

1266 1902 1326 1930 Dat.
1343 1901 1386 1930 die
1403 1902 1435 1929 14
1449 1900 1611 1938 septembris
1628 1900 1704 1935 1627,
1721 1898 1816 1935 pontif·
1831 1906 1900 1926 anno
1916 1905 1942 1926 v,

1550 2027 1655 2061 CCLX.

1232 2106 1405 2141 Indztltum
1420 2105 1605 2139 celebrandi
1617 2105 1752 2138 missam
1769 2108 1797 2137 et
1815 2102 1976 2136 recitandi

1277 2172 1293 2194 o
1319 2161 1417 2193 [eitun
1441 2160 1479 2192 de
1505 2159 1606 2192 {ribus
1633 2158 1835 2206 llIc'zrtyribus
1866 2157 1975 2190 Paulo

1278 2215 1390 2255 Miclzz',
1410 2214 1534 2248 Ioanne
1549 2213 1587 2246 cle
1613 2212 1700 2254 Goto,
1719 2216 1747 2244 et
1762 2211 1882 2244 Dictaeo
1901 2211 1976 2251 Qui-

1278 2269 1329 2301 :az'
1362 2279 1376 2300 e
1413 2268 1569 2301 Societate
1604 2266 1677 2299 Iesu
1712 2264 1890 2309 quotannis
1925 2263 1977 2296 die

1278 2322 1395 2366 quincti
1419 2320 1579 2364 selnwtarii
1610 2330 1667 2363 pro
1692 2319 1842 2352 omnibus
1873 2318 1977 2351 dictae

1279 2375 1447 2409 Societate's
1471 2372 1670 2419 reliyiosisss·

1273 2474 1284 2499 1
1302 2473 1361 2499 Hoc
1376 2471 1508 2498 indultum
1523 2470 1556 2498 ad
1573 2478 1666 2499 omnes
1677 2469 1848 2502 sacerdoteS,
1864 2471 1918 2496 tam
1933 2476 1977 2495 se-

1236 2517 1342 2544 culares
1362 2524 1442 2552 quam
1461 2515 1611 2550 regulares,
1632 2514 1665 2541 ad
1685 2514 1815 2541 ecclesias
1834 2513 1914 2540 huius
1928 2513 1978 2540 So-

1237 2562 1341 2588 cietatis
1362 2561 1527 2588 confluentes
1547 2559 1667 2587 extendit
1685 2567 1762 2586 sacra
1782 2558 1889 2586 Rituum
1908 2557 1978 2585 Con-

1236 2606 1375 2641 gregatio,
1396 2609 1426 2632 ut
1444 2605 1471 2632 in
1491 2603 1601 2632 decreto
1621 2612 1683 2632 mox
1702 2603 1886 2638 subsequente
1905 2602 1979 2638 quod

1238 2649 1361 2678 Urbanus
1375 2649 1434 2676 tht
1455 2647 1624 2684 approbavit.
