2269 3235
115 248 166 280 Ᾰη.
182 251 210 279 c.
234 250 302 279 ¹623
927 249 1069 273 URBANUS
1094 249 1150 273 vni
1173 250 1221 273 rr.
1752 235 1793 271 77
1840 247 1888 275 An.
1905 247 1933 275 c.
1956 246 2027 274 1623

111 313 296 360 craussacugcasg
354 299 410 332 Die
436 297 495 332 xx‘
519 298 670 332 februarii
697 307 840 332 itincxxtii
864 306 951 330 sacra
976 306 1049 330 con·
1084 297 1322 331 memorabilem
1347 296 1587 338 observantiam,
1614 300 1767 339 quatenus
1791 307 1823 329 e-

112 353 453 395 congregamus,greg-atio
478 352 685 386 cardinalium
714 349 843 384 Concilii
875 349 1049 382 Tridentini
1084 350 1157 382 tiam
1191 350 1229 382 de
1266 351 1302 383 ea
1335 355 1514 390 constaret,
1546 354 1598 382 aut
1627 352 1823 392 praetensam

310 405 528 449 interpretum,
554 416 588 438 re
609 409 756 438 accurato
775 402 879 436 studio
896 402 1048 442 discussa,

310 457 481 492 declaravit
496 458 591 492 fuisse
607 458 772 491 sublatam.

504 529 673 562 Reimarus
697 527 787 560 Card.
814 527 1005 560 UiiALoiivus.

354 618 431 653 Cum
455 618 506 651 die
534 628 554 651 x
586 617 736 651 februarii
761 617 905 660 proxime
928 621 1052 660 praete-

311 671 374 713 riti,
398 671 505 705 audito
530 670 660 715 capituli
684 670 898 703 Atrebatensis
923 674 1052 713 agente,

311 730 416 759 actum
440 725 548 758 fuisset
568 724 600 756 in
617 725 707 757 sacra
723 723 969 767 congregatione
986 733 1053 756 car—

312 778 463 812 dinalium
488 777 618 812 Concilii
647 777 822 811 Tridentini
845 777 1052 821 interpretum

312 841 370 874 pro
381 830 594 864 declaratione
611 841 667 864 seu
683 832 802 864 asserta
816 830 986 864 concordia
999 841 1054 863 seu

313 884 516 918 concessione
530 884 698 927 Fortigarii
716 884 792 917 olim
809 884 949 928 episcopi
966 885 1054 916 Atre·

311 937 449 971 batensis
473 938 512 970 ab
536 937 678 980 Eugenio
703 938 740 971 lV
766 938 968 978 confirmata,
992 948 1055 980 qua

313 991 485 1036 capitulum
510 996 540 1024 et
563 981 728 1032 canonici,
752 990 941 1031 beneficiati,
966 990 1055 1023 mini-

312 1045 380 1086 stri,
397 1055 433 1079 ac
449 1045 527 1078 aliae
540 1045 690 1079 ecclesiae
703 1044 890 1078 cathedralis
902 1055 1054 1088 personae

314 1098 534 1132 eximebantur
551 1099 589 1132 ab
606 1098 789 1132 omnimoda
806 1098 946 1142 episcopi
967 1098 1056 1131 iuris-

313 1151 461 1194 dictione,
478 1151 537 1186 an‘z
556 1152 664 1186 suisset
688 1152 828 1185 eiusdem
852 1152 982 1185 Concilii
1006 1152 1056 1185 dc-

315 1205 409 1239 cretis
433 1216 500 1249 cap.
519 1215 560 1245 iv,
577 1216 651 1238 sess.
671 1215 713 1246 vi,
726 1210 757 1238 et
776 1215 832 1248 cap
847 1215 889 1245 vi,
902 1215 977 1238 sess.
991 1215 1053 1237 xxv

314 1259 446 1300 sublata,
467 1259 576 1292 eadem
601 1269 689 1292 sacra
710 1259 914 1301 congregatio
934 1258 1056 1291 censuit

315 1304 413 1345 fuisse
436 1312 606 1351 sublatam3
632 1311 766 1346 advertit
790 1311 875 1344 enim
899 1311 981 1344 iiiter
1005 1322 1055 1344 ce-

315 1369 392 1405 tera,
406 1365 561 1398 eiusmodi
578 1365 822 1406 concessionem,
841 1365 973 1407 singulis
990 1365 1057 1397 eius

315 1417 458 1461 partibus
483 1418 650 1461 diligenter
674 1418 850 1462 perpensis,
875 1428 938 1451 non
962 1418 1057 1450 fuisse

316 1481 424 1504 veram
448 1472 653 1506 concordiam
678 1477 912 1516 praeservatam
936 1482 953 1504 a
978 1472 1057 1505 Con-

317 1525 401 1566 cilio,
428 1526 696 1569 quemadmodum
722 1526 895 1570 capitulum
921 1531 1054 1558 conten-

317 1578 431 1621 debat,
469 1580 524 1612 sed
561 1580 682 1613 nudum
719 1579 921 1624 privilegium
960 1579 1058 1622 ipsius

317 1632 468 1676 episcopi,
483 1643 537 1666 seu
550 1639 676 1677 pactum
690 1633 873 1676 gratuitum,
887 1632 970 1676 quod
984 1632 1060 1666 Con-

317 1685 424 1719 cilium
437 1696 500 1719 non
513 1686 738 1730 praeservavit,
753 1687 817 1720 imo
831 1697 979 1731 expresse
996 1697 1060 1719 sus-

319 1739 389 1772 tulit
404 1739 495 1773 dictis
515 1751 581 1784 cap.
600 1750 631 1773 iv
652 1746 682 1773 et
698 1751 738 1773 Vl.

362 1793 399 1826 Et
422 1793 636 1835 nihilominus,
654 1799 808 1837 quatenus
834 1794 927 1826 etiam
951 1794 1060 1827 suisset

319 1855 392 1880 vera
408 1847 588 1888 concordia,
605 1847 740 1880 advertit
756 1852 861 1880 tamen
883 1857 972 1880 sacra
989 1857 1060 1880 con-

319 1901 462 1943 gregatio
489 1901 574 1934 illam
595 1911 658 1935 non
682 1901 779 1935 fuisse
803 1902 842 1934 ab
864 1901 1005 1944 Eugenio
1023 1902 1059 1934 lv

320 1953 538 1987 confirmatam
552 1966 588 1988 ex
602 1957 687 1988 certa
701 1955 831 1988 scientia
857 1961 887 1988 et
904 1966 975 1988 cum
990 1966 1060 1988 cau-

319 2017 371 2040 sae
395 2007 584 2050 cognitione,
609 2019 681 2042 vere
706 2013 735 2043 et
759 2019 821 2042 non
846 2009 927 2051 ficte,
952 2019 1060 2052 quein-

319 2059 489 2094 admodum
507 2062 682 2106 copulative
702 2062 875 2106 requiritur
891 2062 928 2094 ad
942 2062 1012 2101 hoc,
1026 2066 1060 2094 ut

320 2119 484 2147 censeatur
498 2121 698 2159 praeservata
715 2126 732 2148 a
749 2116 899 2156 Concilio,
913 2126 1014 2159 neque
1029 2115 1060 2147 iii

320 2167 388 2211 ipsa
412 2168 658 2212 supplicatione,
684 2169 773 2202 cuius
798 2170 907 2212 vigore
938 2169 1060 2202 litterae

320 2221 569 2256 confirmationis
582 2223 744 2267 expeditae
758 2224 894 2264 suerunt,
907 2223 1060 2255 insertum

321 2274 415 2308 fuisse
439 2286 512 2309 vere
528 2281 628 2310 totum
646 2282 787 2310 tenorem
805 2276 904 2320 ipsius
921 2282 1062 2320 praeten-

322 2337 373 2360 sae
397 2329 594 2371 concordiae,
614 2340 745 2374 eamque
771 2330 953 2363 coadiuvari
978 2330 1062 2362 baud

321 2391 413 2425 posse
437 2383 590 2417 sententia
615 2394 670 2416 seu
701 2383 829 2416 decreto
859 2394 955 2427 super
978 2383 1061 2415 illius

322 2435 529 2479 exequutione
546 2436 577 2468 in
601 2437 745 2480 partibus
761 2437 834 2477 lato,
851 2442 882 2469 et
898 2448 915 2469 a
933 2436 1061 2480 capituli

1086 403 1298 436 immediatam
1324 404 1550 437 subiectionem
1571 402 1823 446 archiepiscopo,

1085 462 1137 488 aut
1162 456 1320 499 episcopo,
1341 468 1411 489 cuiii
1428 457 1476 489 liis
1492 457 1638 490 omnibus
1655 456 1749 489 suerit
1768 466 1825 499 pei·

1084 510 1258 543 Concilium
1275 511 1467 554 amplissime
1486 512 1683 553 derogatum.

1130 564 1219 597 Nunc
1243 574 1317 597 vcro
1342 564 1472 596 dubium
1492 565 1650 607 quoddam
1676 563 1759 597 circa
1784 563 1826 595 in-

1086 617 1345 660 terpretationem
1375 622 1405 650 ct
1429 618 1661 650 observantiam
1685 616 1825 650 eiusdem

1086 669 1307 703 declarationis
1319 670 1464 713 emergit,
1477 670 1572 713 quod,
1586 670 1658 703 licet
1678 670 1717 703 sit
1731 670 1826 703 veluti

1086 733 1159 766 pars
1183 728 1214 755 et
1234 723 1362 766 sequela
1382 722 1603 756 declarationis
1627 722 1806 766 praedictae
1819 750 1827 763 ,

1086 780 1117 808 et
1141 775 1216 808 satis
1240 786 1298 819 per
1322 786 1355 809 se
1379 776 1500 809 clarum
1517 775 1669 816 videatur,
1687 786 1827 819 praeser-

1087 829 1143 861 tim
1169 829 1323 862 stantibus
1347 829 1460 863 litteris
1477 829 1576 863 felicis
1600 828 1829 862 recordationis

1087 882 1174 915 Pauli
1197 883 1234 915 IV
1252 893 1346 926 super
1366 882 1525 916 erectione
1541 892 1695 915 novorum
1713 881 1830 925 episco-

1087 940 1217 978 patuum
1228 935 1478 978 Belgii,instante
1487 935 1644 978 gloriosae
1657 934 1830 968 memoriae

1088 988 1234 1032 Philippo
1248 988 1273 1021 ΙΙ
1289 999 1365 1031 rege
1382 988 1549 1029 catholico,
1566 998 1648 1021 anno
1665 998 1762 1022 iinLix
1778 998 1830 1021 ex-

1087 1042 1211 1086 peditis,
1224 1042 1257 1075 in
1274 1042 1389 1086 quibus
1402 1042 1553 1083 civitates,
1569 1042 1740 1083 dioeceses,
1754 1042 1829 1074 cleri

1088 1101 1118 1128 et
1141 1095 1251 1139 populi
1276 1095 1376 1139 ipsius
1393 1096 1501 1139 Belgii,
1518 1095 1622 1140 quoad
1638 1096 1830 1129 ordinariam

1089 1149 1300 1193 episcopalem
1319 1148 1569 1182 iurisdictionem
1587 1154 1618 1181 et
1642 1154 1829 1193 potestatem

1089 1203 1215 1243 attinet,
1240 1202 1305 1235 suis
1337 1203 1497 1246 ipsorum,
1522 1203 1575 1245 qui
1604 1213 1662 1246 pro
1687 1209 1831 1246 tempore

1089 1256 1215 1297 suerint,
1233 1256 1388 1300 episcopis
1409 1256 1540 1289 subiecti
1566 1267 1634 1289 esse
1658 1256 1831 1290 decernun-

1089 1315 1150 1349 tur,
1175 1309 1314 1350 statutis,
1339 1309 1590 1342 ordinationibus
1615 1315 1645 1342 et
1669 1315 1832 1343 consuetu-

1090 1363 1215 1396 dinibus
1236 1374 1272 1396 ac
1295 1363 1470 1407 privilegiis
1494 1363 1745 1406 quibuscumque
1770 1373 1832 1395 non

1090 1417 1306 1456 obstantibus;
1332 1422 1436 1449 tamen
1461 1416 1499 1448 ad
1531 1416 1747 1449 contentiones
1770 1416 1832 1448 evi-

1091 1469 1199 1502 tandas
1224 1469 1419 1513 supplicatur
1444 1480 1551 1502 sacrae
1576 1469 1831 1512 congregationi,

1091 1528 1124 1555 ut
1148 1522 1296 1565 dignetur
1317 1522 1497 1555 huiusmodi
1524 1522 1654 1554 dubium
1679 1522 1717 1554 ad
1741 1522 1833 1555 inter-

1091 1576 1300 1620 pretationem
1318 1576 1416 1619 ipsius
1433 1576 1562 1609 Concilii
1583 1575 1743 1619 pertinens
1765 1585 1833 1619 spe-

1092 1629 1212 1662 cialiter
1236 1629 1407 1669 deelarare,
1428 1629 1586 1661 videlicet:
1605 1629 1651 1661 An
1668 1628 1834 1671 episcopus

1091 1683 1307 1716 Atrebatensis
1324 1693 1413 1715 suam
1430 1682 1641 1716 cathedralem
1657 1681 1833 1721 ecclesiam,

1093 1737 1223 1780 eiusque
1255 1736 1427 1780 capitulum
1460 1739 1489 1769 et
1526 1746 1676 1779 personas
1708 1735 1834 1768 visitare

1092 1792 1191 1835 possit
1201 1791 1239 1824 ad
1248 1790 1479 1834 praescriptum
1489 1790 1563 1823 dicti
1577 1800 1644 1833 cap.
1655 1800 1697 1830 iv,
1706 1800 1781 1824 sess.
1792 1800 1833 1830 vi,

1093 1850 1123 1878 et
1139 1849 1226 1877 extra
1249 1844 1458 1877 visitationem
1482 1843 1702 1887 capitularium
1725 1853 1833 1876 causas

1093 1899 1273 1932 criminales
1298 1909 1368 1931 cum
1397 1897 1561 1937 adiunctis,
1586 1897 1721 1930 aliorum
1748 1907 1832 1936 vero,

1093 1952 1147 1996 qui
1170 1962 1228 1985 nec
1252 1951 1420 1994 dignitates
1445 1951 1596 1991 obtinent,
1621 1961 1677 1984 nec
1702 1955 1773 1983 sunt
1797 1950 1835 1983 de

1093 2006 1240 2050 capitulo,
1258 2016 1315 2049 per
1335 2016 1368 2038 se
1386 2005 1488 2048 ipsum
1515 2015 1706 2048 cognoscere
1725 2004 1834 2044 valeat,

1093 2070 1129 2092 ex
1142 2059 1268 2093 decreto
1286 2059 1362 2091 dicti
1376 2058 1505 2092 Concilii
1523 2069 1589 2101 cap.
1608 2068 1650 2098 VI,
1668 2068 1742 2090 sess.
1761 2067 1834 2097 xxv,

1093 2115 1211 2146 asserta
1235 2112 1415 2152 concordia,
1432 2111 1693 2155 exemptionibus,
1708 2110 1834 2154 privile-

1094 2167 1164 2209 giis,
1182 2166 1354 2206 sententiis,
1374 2165 1621 2209 praescriptione
1639 2165 1687 2197 vel
1705 2175 1835 2197 consue-

1094 2220 1201 2252 tudine
1219 2220 1312 2252 etiam
1330 2218 1573 2251 immemorabili
1591 2218 1750 2251 contraria
1772 2228 1835 2251 non

1094 2273 1309 2311 obstantibus,
1335 2277 1365 2305 et
1389 2273 1435 2305 An
1460 2272 1491 2304 in
1522 2271 1702 2315 praemissis
1733 2270 1835 2303 obstet

1095 2327 1245 2370 episeopo
1270 2327 1481 2359 iuramentum
1507 2325 1545 2357 de
1570 2324 1773 2358 observandis
1793 2324 1836 2357 iu-

1095 2381 1195 2421 ribus,
1220 2379 1509 2419 consuetudinibus,
1534 2378 1718 2422 privilegiis,
1739 2388 1775 2410 ac
1799 2378 1836 2410 li-

1095 2434 1269 2467 bertatibus
1294 2433 1442 2466 ccclesiae
1472 2442 1545 2465 suae
1577 2432 1762 2475 praestitum
1786 2431 1836 2464 die

321 2492 432 2533 agente
455 2489 619 2533 producto,
644 2500 746 2534 neque
770 2491 798 2523 ei
823 2490 991 2533 suffragari
1009 2490 1063 2522 im·
1087 2498 1162 2521 <xva
1180 2487 1253 2519 maii
1271 2496 1424 2520 mccxxiii.
1443 2486 1537 2518 Sacra
1550 2485 1755 2528 congregatio
1773 2495 1837 2518 car-

358 2572 369 2597 1
389 2569 533 2597 Videretur
548 2570 618 2606 quod
634 2570 722 2606 potius
737 2570 880 2606 legendum
901 2570 970 2598 foret
984 2579 1014 2605 x,
1036 2573 1065 2597 ut

322 2618 396 2650 patet
410 2623 442 2642 ex
456 2615 631 2650 sequentibus
646 2615 682 2652 (a.
698 2616 748 2650 Τ.).

357 2660 373 2686 ⁶2
389 2660 552 2688 Particulain
567 2668 606 2687 un
622 2668 671 2688 nos
686 2659 809 2688 addimus
823 2660 863 2695 (ii.
879 2661 926 2695 τη),

1096 2540 1247 2574 dinalium
1272 2539 1400 2573 Concilii
1431 2538 1603 2571 Tridentini
1628 2538 1835 2581 interpretum

1097 2594 1276 2634 declaravit,
1294 2593 1477 2636 episcopum
1491 2591 1728 2624 Atrebatensem
1745 2601 1835 2635 posse

1099 2647 1262 2682 eeclesiam
1287 2657 1376 2680 suam
1400 2645 1623 2687 cathedralem,
1643 2645 1773 2688 eiusque
1791 2655 1837 2677 ca-
