2269 3235
111 249 164 277 An.
185 248 215 276 G.
231 247 299 276 1626

308 294 388 328 hora
401 293 534 337 decima,
547 293 664 337 absque
681 294 789 327 eadem
805 294 929 327 licentia
946 305 978 327 se
997 295 1048 327 ab·

310 351 432 380 sentare
450 352 662 391 praesumant.

354 400 439 433 Unus
463 411 501 433 ex
524 400 674 433 fratribus
691 399 909 444 philosophiae
927 399 1050 433 studen-

311 453 392 487 tibus
405 454 616 497 praeficictur,
630 454 707 486 alter
717 453 893 494 theologiae
904 453 1050 485 studenti-

310 507 379 548 bus,
395 507 449 551 qui
473 507 534 540 illis
558 506 673 550 ubique
693 505 724 538 in
748 506 888 539 absentia
912 506 1049 547 regentis

311 560 434 593 curiose
454 559 621 601 intendent,
636 563 674 599 et,
693 558 718 590 si
736 558 810 601 quid
835 559 988 591 committi
1011 559 1050 591 vi-

311 612 414 646 derint
430 612 614 652 inordinate,
628 611 749 654 regenti
762 611 1003 645 denunciabant.

355 666 518 699 Habebunt
534 664 626 698 etiam
643 664 817 707 praefectos
842 674 899 707 per
925 664 1049 707 singula

312 720 464 762 cubicula,
480 719 534 752 ubi
550 718 658 762 plures
675 717 768 750 simul
782 718 978 758 habitabunt,
995 719 1048 762 qui

312 773 532 816 advigilabunt,
550 775 583 806 ut
607 771 701 804 studii
726 776 870 815 tempore
890 772 1048 805 silentium

312 831 461 866 servetur,
479 825 690 869 exercitiaque
711 825 816 858 omnia
840 826 871 858 in
895 826 1048 859 cubiculis

310 878 450 911 facienda
473 889 529 911 suo
553 882 697 922 tempore
722 878 872 922 incipiant
895 884 925 911 ct
956 890 1045 911 com-

310 932 463 976 pleantur,
482 936 511 964 et
528 931 658 974 singulis
672 931 852 975 septimanis
869 932 991 975 regenti
1004 943 1050 964 ra-

312 985 427 1019 tionem
444 984 576 1018 reddere
593 984 790 1017 tenebuntur.

355 1037 469 1071 Omnes
492 1048 543 1071 eas
568 1038 717 1070 lectiones
742 1037 877 1079 audient,
898 1048 976 1082 quas
1000 1048 1049 1071 re-

313 1102 389 1135 gens
413 1092 473 1125 illis
497 1091 587 1124 utiles
604 1092 670 1125 fore
689 1091 882 1132 iudicaverit,
902 1102 959 1125 nec
980 1097 1051 1125 ante

127 416 204 441 Iteylala
219 413 282 435 XXII.

139 451 230 471 Cuilibet
243 450 294 469 clas-

113 478 129 498 si
143 476 295 503 praeiit-tendas

113 504 230 529 religiosus.

124 679 201 706 Iteyttltt
215 679 289 700 XXIII.

141 715 170 736 De
184 715 296 741 praefectis

114 742 265 764 cubiculorum.

122 1050 201 1077 Regula
216 1049 287 1070 XXII‘.

157 1087 270 1106 Lectiones
284 1091 296 1105 a

113 1115 199 1139 regente
241 1113 297 1133 desi-

114 1139 216 1167 ssumae·
313 1145 440 1189 petitam
464 1149 495 1178 et
518 1145 676 1178 obtentam
696 1145 734 1177 ab
759 1155 796 1178 eo
816 1145 974 1178 licentiam
1000 1156 1050 1178 eas

313 1204 435 1232 mutare
452 1204 662 1243 praesumant.

128 1265 208 1292 Regula
223 1264 286 1286 xxv.
356 1253 489 1293 Diebus,
513 1252 627 1296 quibus
651 1263 668 1284 a
698 1252 883 1285 lectionibus
907 1263 1052 1296 superse-

140 1301 297 1323 Deambulatio-

114 1334 151 1349 nes
174 1334 187 1348 a
210 1328 298 1353 §tegulis

114 1355 169 1376 binis
179 1355 297 1376 faciendae.

313 1306 413 1349 detur,
431 1306 457 1339 si
472 1306 595 1339 veniam
609 1305 769 1340 obtineant
781 1306 972 1348 ambulandi,
990 1316 1052 1339 non

312 1364 514 1404 praesument
544 1359 662 1392 intrare
693 1359 804 1392 domos
836 1359 970 1401 civium,
1001 1365 1053 1392 aut

313 1412 430 1447 ibidem
454 1412 579 1452 bibere,
604 1412 726 1445 etiamsi
750 1412 878 1446 omnino
902 1423 919 1445 a
943 1412 1053 1456 quovis

312 1472 479 1510 rogentur,
503 1476 605 1510 neque
630 1466 715 1499 exire
738 1471 887 1510 poterunt
912 1466 1053 1507 solitarii,

314 1521 367 1554 sed
391 1521 466 1562 bini,
480 1520 571 1561 terni,
585 1521 633 1553 vel
650 1520 804 1564 quaterni,
821 1530 957 1564 quorum
974 1531 1054 1553 unus

313 1585 440 1619 semper
456 1574 585 1618 reliquis
602 1574 750 1607 intendet.
783 1613 797 1622 θ

351 1629 426 1661 Tam
436 1628 467 1661 in
477 1628 601 1670 scholis,
612 1638 705 1672 quam
714 1620 798 1660 domi
810 1631 937 1660 utentur
946 1627 1054 1661 habitu

315 1682 463 1725 regulari,
477 1686 571 1726 prout
589 1682 689 1714 solent
702 1681 734 1713 in
747 1681 811 1713 suis
828 1681 1036 1713 monasteriis.

359 1736 486 1769 Nullum
502 1735 665 1769 admittere
690 1739 839 1778 poterunt
856 1734 894 1767 ad
912 1734 1055 1768 cubicula

317 1789 434 1833 absque
453 1789 542 1821 venia
559 1788 704 1831 regentis.

361 1842 519 1883 Culinam,
543 1847 596 1875 aut
624 1842 761 1886 reliquas
791 1841 930 1875 officinas
961 1852 1055 1875 nemo

318 1895 435 1928 intrare
458 1895 582 1939 poterit,
606 1900 732 1938 praeter
756 1905 818 1936 eos,
837 1895 891 1938 qui
911 1899 1056 1929 tenentur

318 1959 353 1982 ex
379 1949 492 1991 officio,
512 1949 560 1981 vel
580 1948 726 1981 mandato
747 1948 896 1991 regentis.

360 2002 490 2046 Signum
512 2002 652 2046 primum
677 2002 716 2035 ad
740 2002 944 2036 refectionem
965 2003 1057 2036 meri-

315 2055 439 2088 dianam
460 2055 586 2088 dabitur
601 2060 671 2099 post
694 2056 904 2095 undecimam,
921 2067 984 2100 quo
1001 2067 1055 2089 au-

315 2109 389 2152 dito,
407 2119 516 2142 omnes
534 2109 719 2143 convenient
738 2110 777 2143 ad
801 2110 974 2143 oratorium
998 2121 1056 2154 per

315 2162 478 2195 dimidium
499 2163 607 2195 saltem
633 2163 839 2207 quadrantem
863 2164 960 2197 horae
981 2174 1055 2197 con-

316 2215 463 2250 scientiae
479 2215 613 2249 examini
631 2217 780 2249 vacaturi.

360 2269 443 2311 Inde,
457 2269 529 2303 dato
544 2270 633 2313 signo
650 2270 798 2312 secundo,
822 2270 860 2304 ad
885 2271 990 2305 locum
1008 2282 1056 2305 re-

317 2322 476 2364 fectionis,
499 2323 588 2367 quasi
619 2324 848 2357 medicamenta
877 2326 1054 2370 sumpturi,

317 2375 496 2417 concedent,
509 2376 623 2420 ibique,
635 2377 807 2421 praemissa
821 2379 994 2412 secundum
1008 2390 1055 2412 re-

317 2429 422 2472 gulam
439 2429 664 2471 benedictione‚
682 2430 828 2464 decenter
852 2442 888 2465 ae
907 2433 1054 2475 religiose

317 2482 471 2523 sedentes,
488 2492 593 2516 sacrae
602 2483 738 2526 lectioni,
753 2495 848 2529 quam
865 2487 1054 2529 regulariter

316 2546 374 2580 per
387 2536 538 2569 maiorem
550 2541 671 2580 partem
684 2539 862 2573 refectionis
879 2540 1053 2573 continuari

317 2590 471 2632 volumus,
489 2589 655 2633 diligenter
673 2591 844 2635 intendent,
857 2598 994 2627 mentem
1015 2594 1054 2628 si-

318 2642 383 2676 mul
407 2652 478 2676 eum
503 2653 636 2688 corpore
658 2644 816 2680 refecturi.

127 1639 204 1665 Regale
218 1638 290 1660 Mt'l.

162 1675 251 1695 Habitus
266 1680 299 1694 re-

117 1702 194 1727 putat-is
217 1706 300 1726 semper

116 1727 236 1754 gestandus.

123 1781 201 1807 Περαία.
211 1779 294 1801 A'Xt'll.

144 1816 208 1837 Nemo
224 1815 251 1836 ad
266 1821 302 1835 cn·

117 1843 187 1864 bicuta
228 1842 302 1863 admit-

119 1869 203 1890 tendas.

120 1921 199 1948 Regula
208 1920 302 1942 XXVIII.

166 1957 196 1977 Ab
214 1957 301 1977 officinis

119 1983 273 2005 abstinendum.

127 2036 207 2063 Regula
220 2036 291 2057 XXIX.

162 2072 192 2101 De
207 2072 299 2092 examine

119 2101 270 2120 conscientiae.

136 2274 215 2301 Regula
229 2274 289 2295 nx.

142 2310 196 2330 Inter
205 2310 302 2330 resectio-

119 2342 166 2357 nem
187 2342 253 2357 sacris
269 2343 302 2357 va—

120 2363 209 2384 candum
230 2364 302 2384 tecno-

118 2389 187 2410 nibus.

916 247 1057 271 URBANUS
1081 247 1137 271 VIII
1161 248 1208 271 PP.

1728 238 1791 272 487
1837 247 1887 274 An.
1907 247 2019 275 01626

1129 295 1227 327 Finita
1238 305 1312 327 vero
1322 295 1501 335 refectione,
1512 295 1583 339 quia
1595 299 1727 338 tempus,
1739 295 1822 338 qnod
1849 309 1925 334 [mum
1941 309 2012 330 1111,

1082 348 1142 380 ribi
1160 349 1371 392 sumptionem
1389 349 1540 392 seqnitur,
1558 348 1596 381 ad
1617 348 1713 381 serias
1730 358 1823 381 occu-

1084 401 1224 443 pationes
1245 402 1349 434 minus
1373 408 1480 445 aptum
1509 412 1575 434 csse
1608 401 1822 444 dignoscitur,

1083 454 1299 487 remissionem
1324 455 1548 497 aliquantulam
1574 466 1630 499 per
1655 454 1821 486 dimidium

1083 511 1135 538 aut
1160 507 1286 540 circiter
1310 508 1406 540 horae
1432 509 1565 552 spatium
1592 508 1803 541 concedimus.

1128 559 1229 591 Finito
1256 560 1431 603 colloquio,
1455 561 1589 605 datoque
1611 562 1711 604 signo,
1729 561 1821 593 simul
1840 575 1916 599 nemim
1937 574 2018 595 ,1,1-111.

1083 623 1154 644 011111
1172 612 1296 645 silentio
1316 613 1354 645 atl
1375 614 1485 646 cellam
1506 615 1663 654 redibunt„
1689 620 1719 647 ct
1736 614 1822 647 horis
1838 610 2021 663 „ufl'xss'ffl'fl'ffJ{jfflj

1083 666 1343 709 competentibus,
1361 667 1471 699 ordine
1484 678 1546 710 quo
1563 679 1667 711 snpra,
1685 669 1722 700 ad
1737 669 1824 701 scho-
1837 670 1876 684 '¹¹⁵'

1082 719 1127 751 las
1152 724 1284 763 pergent
1309 724 1337 751 et
1363 725 1567 753 revertentur.

1128 773 1211 805 llora
1234 773 1325 805 tertia
1350 773 1566 817 pomeridiana
1592 779 1676 806 extra
1701 777 1823 817 tempus
1841 787 2021 812 [immisi.tzr.i'111.

1082 826 1341 870 quadragesimae
1363 827 1453 859 simul
1472 827 1651 870 persolvent
1668 838 1822 870 wissa-ras,
1839 823 2022 870 ςῃῇἶζζζῇᾏῇζῖῗι[Ῐζζζ

1082 890 1159 923 quas
1184 879 1349 912 dominicis
1375 880 1421 911 vel
1446 880 1561 912 festivis
1594 880 1704 912 (liebus
1732 891 1823 923 prae-
1840 883 1907 896 ''¹¹¹¹'‘'‘

1083 933 1191 965 sertim
1217 933 1461 966 solemnioribus
1486 934 1621 977 excipiet
1648 934 1695 965 vel
1714 933 1824 966 concio

1083 987 1120 1019 ab
1138 987 1243 1030 aliquo
1260 987 1393 1020 fratrum
1418 987 1559 1019 facienda
1581 988 1627 1019 vel
1654 987 1825 1030 spiritualis

1084 1041 1220 1080 collatio,
1239 1051 1332 1083 quam
1350 1046 1380 1073 et
1396 1041 1464 1073 aliis
1483 1041 1612 1084 privatis
1629 1041 1739 1073 dicbus
1756 1051 1824 1073 om-

1084 1094 1157 1126 nino
1192 1094 1335 1126 volumus
1371 1094 1564 1137 frequentari
1600 1105 1657 1137 per
1686 1094 1824 1127 medium

1084 1147 1288 1191 quadrantem
1315 1148 1420 1180 horae.

1129 1202 1214 1233 Ilora
1246 1203 1332 1233 sexta
1366 1201 1543 1244 vesperthni
1573 1211 1682 1234 omnes
1711 1201 1825 1234 iterum
1842 1213 1918 1238 newa
1935 1212 2023 1233 run:

1086 1254 1269 1288 convenient
1286 1255 1323 1286 ad
1338 1255 1522 1295 oratorium,
1535 1255 1656 1294 lecturi,
1670 1260 1741 1287 ante
1755 1265 1825 1287 coe-
1868 1249 1977 1269 ³¹³¹²¹¹¹¹¹⁰²

1086 1319 1159 1340 nam
1183 1308 1245 1341 sive
1263 1308 1461 1341 collationem
1480 1309 1701 1352 vespertinam,
1726 1313 1826 1341 matu-

1087 1362 1165 1394 tinas
1191 1372 1261 1394 cum
1287 1362 1431 1394 laudibus
1456 1361 1517 1394 diei
1542 1363 1709 1405 sequentis.

1130 1416 1233 1449 Coena
1252 1416 1423 1459 persoluta,
1442 1415 1555 1448 iterum
1573 1427 1673 1459 usque
1690 1416 1728 1449 ad
1741 1421 1827 1450 octa·
1851 1426 1928 1451 [ferinta
1941 1426 2019 1447 XMV-

1088 1479 1155 1501 vam
1166 1469 1314 1511 religioso
1324 1469 1481 1512 colloquio
1492 1479 1602 1501 vacare
1615 1469 1732 1510 licebit,
1744 1470 1827 1513 quod
1844 1462 2028 1514 „fflstj'ffssssffssss'tnffoffi

1088 1522 1219 1565 excipiet
1238 1521 1338 1554 oratio
1356 1521 1543 1564 vespertina,
1568 1532 1647 1565 quae
1665 1523 1828 1556 claudetur
1843 1521 1899 1535 “““““·

1088 1575 1221 1607 lectione
1245 1575 1434 1607 litaniarum.

1132 1628 1302 1671 Completis
1319 1628 1444 1667 litaniis,
1462 1629 1652 1672 acceptaque
1677 1629 1715 1661 de
1740 1640 1828 1663 more
1845 1639 1923 1665 Reum
1939 1639 2027 1660 XXXVI-

1089 1681 1316 1721 benedictione,
1328 1681 1441 1723 singuli
1457 1691 1567 1714 somno
1580 1693 1651 1714 cum
1662 1682 1785 1716 silentio
1797 1694 1828 1716 se
1844 1675 2028 1727 mllifi,³,⁰*¹‘³sjf1¹¹g¹fi¹1{

1088 1734 1251 1766 conferent
1275 1733 1312 1765 ad
1327 1733 1481 1774 cubicula,
1501 1740 1530 1766 et
1549 1735 1682 1768 lec-tione
1699 1736 1829 1769 alieuius
1845 1735 1874 1749 ’ω
1891 1728 1976 1749 “¹⁶¹'ffl''

1088 1786 1184 1819 libelli
1199 1786 1370 1830 spiritualis
1385 1797 1417 1819 se
1428 1787 1465 1819 ad
1479 1787 1712 1821 meditationem
1726 1789 1830 1832 primo

1089 1850 1180 1872 mane
1197 1840 1370 1873 faciendam
1384 1840 1627 1884 praeparabunt,
1639 1842 1831 1884 praemisso—

1089 1904 1149 1937 que
1160 1894 1301 1936 diligenti
1313 1894 1454 1926 examine
1466 1894 1673 1927 eonscientiae
1684 1895 1777 1928 simul
1788 1896 1832 1928 in-

1089 1947 1247 1988 cumbent,
1261 1948 1396 1981 extincto
1410 1948 1528 1992 ubique
1544 1948 1661 1981 lumine
1674 1960 1730 1992 per
1743 1960 1831 1993 prae-

1089 2002 1185 2034 fectos
1199 2001 1418 2034 cubiculorum
1434 2001 1518 2034 circa
1534 2002 1646 2035 horam
1659 2013 1783 2035 nonam.

1133 2055 1391 2099 Supradietarum
1416 2056 1557 2089 omnium
1574 2057 1757 2099 regularum
1783 2057 1829 2089 in-
1846 2065 2030 2091 Nemetum-U'JI

1088 2109 1271 2152 terpretatio
1286 2109 1345 2141 erit
1356 2119 1452 2152 penes
1465 2114 1637 2151 regentem,
1653 2110 1740 2142 cuius
1754 2121 1829 2153 pru-
1845 2102 2028 2153 haffs'J-{fjussesgssssff

1088 2163 1211 2196 dentiae
1229 2168 1258 2196 et
1275 2163 1457 2196 discretioni
1472 2163 1708 2203 connnittimus,
1725 2169 1758 2196 ut
1778 2164 1830 2196 ha-
1845 2157 1884 2175 ²⁰³¹
1900 2155 2014 2176 umdemsi'

1088 2216 1153 2250 bita
1170 2217 1291 2250 ratione
1309 2217 1379 2258 loci,
1404 2217 1556 2260 temporis
1574 2222 1603 2249 et
1621 2228 1830 2261 personarum

1088 2282 1139 2304 eas
1155 2271 1255 2315 possit
1271 2270 1440 2311 moderari,
1458 2275 1488 2303 et
1504 2271 1535 2303 in
1552 2270 1680 2311 eisdem,
1704 2272 1829 2315 quando

1088 2325 1255 2367 videbitur,
1280 2325 1472 2369 dispensare.

1861 344 1962 364 I'tvtttiwm
1974 348 2021 370 pust,

1838 372 1955 397 prandium.

1175 2405 1222 2438 De
1246 2405 1533 2438 administratione
1560 2404 1740 2448 temporali.

1132 2485 1170 2518 Ut
1190 2484 1235 2517 rei
1255 2484 1436 2528 temporalis
1461 2484 1690 2518 administratio
1707 2485 1829 2528 regenti
1845 2491 2031 2531 Remus-HXJ'HI

1086 2547 1150 2571 non
1166 2537 1205 2570 sit
1221 2537 1315 2570 nimis
1331 2547 1473 2578 onerosa,
1493 2537 1670 2581 providebit
1686 2548 1830 2571 reveren·
1844 2529 2028 2581 ,wlffgatssffiffissff

1087 2592 1234 2624 dissimus
1258 2591 1403 2625 dominus
1427 2591 1618 2636 praesidens,
1638 2596 1672 2625 ut
1695 2603 1753 2636 pro
1778 2603 1828 2625 re·
1843 2582 1952 2603 smum*

1086 2645 1273 2689 ligiosorum
1299 2645 1453 2679 alimentis
1474 2656 1510 2679 ea
1533 2645 1685 2690 pecuniae
1705 2656 1827 2680 summa
