2269 3235
125 245 175 273 An.
196 245 224 273 C.
241 243 311 272 1625

935 243 1076 267 URBANUS
1101 243 1156 267 VIII
1181 244 1228 267 1¹1².

323 291 464 336 quinimo
485 296 547 324 tam
567 291 668 325 dictus
693 292 773 334 Pius,
790 301 882 336 quam
897 291 991 324 etiam
1009 292 1064 324 bo-

323 355 380 378 nae
397 345 568 379 memoriae
587 346 758 389 Gregorius
775 345 857 389 Papa
873 344 949 386 XIII,
971 344 1063 376 etiam

322 398 546 441 praedecessor
570 403 695 440 noster,
717 399 907 431 voluntatem
940 403 1063 429 sanctae

323 451 495 484 memoriae
508 451 553 484 Pii
568 452 668 495 Papae
681 451 703 483 V
717 450 860 483 similiter
879 450 1063 494 praedeces-

323 505 404 539 soris
431 505 530 538 nostri
557 504 759 548 insequendo,
780 508 850 547 post
874 508 1063 536 statutorum

323 569 358 591 ac
382 558 620 602 privilegiorum
651 556 922 590 confirmationem
952 567 989 589 ac
1013 568 1063 590 ro-

322 611 408 645 boris
420 611 636 653 adiectionem,
650 611 727 643 duas
741 611 848 644 tertias
860 614 965 654 partes
977 621 1064 654 prac-

322 664 420 698 dictas
444 664 483 698 ad
509 675 563 697 vos
591 668 621 697 et
646 663 902 697 communitatem
928 667 1063 698 vestram

322 715 463 762 ‘spectare
488 723 518 751 et
541 717 681 761 legitime
712 717 871 761 pertinere
898 717 1063 757 voluerint,

322 771 453 815 illasque
475 769 563 804 vobis
587 775 617 803 et
641 770 858 803 communitati
882 769 1063 803 huiusmodi

322 823 546 868 applicaverint
570 828 600 856 et
623 822 890 867 approbaverint,
916 828 946 856 et
970 833 1065 867 super

322 878 447 910 illarum
471 877 573 910 libera
592 877 796 920 perceptione
820 877 859 909 ab
884 877 989 921 aliquo
1009 877 1065 910 mi-

321 930 406 963 nime
418 929 575 974 impediri,
590 934 643 962 aut
656 940 673 962 a
689 929 776 962 vobis
793 935 822 963 et
839 930 1064 963 communitate

323 985 424 1017 vestra
448 983 628 1016 huiusmodi
653 983 763 1027 quovis
784 988 957 1027 praetextu,
979 994 1065 1017 occa-

322 1036 409 1070 sione
433 1037 481 1070 veI
506 1035 600 1070 eausa
624 1036 755 1077 auferri,
781 1047 836 1070 seu
860 1037 929 1069 illas
953 1042 983 1070 et
1012 1037 1064 1070 illa

322 1089 420 1123 minui
438 1095 491 1122 aut
510 1089 636 1122 alterari
653 1089 832 1122 nullatenus
846 1089 961 1123 debere
982 1100 1065 1123 man-

321 1143 479 1183 daverint,
495 1142 700 1176 nihilominus
714 1153 778 1183 vos,
792 1143 1064 1187 communitasque

321 1202 424 1230 vestra
441 1202 470 1230 et
487 1197 630 1230 homines
646 1196 799 1240 praedicti
812 1196 844 1229 in
860 1197 1063 1240 perceptione

322 1255 352 1283 et
375 1249 537 1283 exactione
562 1250 757 1293 integrarum
776 1260 904 1282 suarum
925 1251 1063 1294 partium

322 1314 357 1336 cx
372 1303 463 1336 dictis
475 1303 637 1336 maleficiis
653 1304 908 1347 provenientium
928 1315 985 1348 per
1005 1316 1062 1348 gu-

319 1356 514 1399 bernatores,
533 1367 587 1389 seu
604 1357 825 1399 locatenentes,
847 1367 901 1390 seu
926 1358 1003 1391 alios
1020 1359 1064 1391 of-

321 1409 437 1442 ficiales
453 1414 484 1442 et
503 1409 663 1442 ministros
687 1420 746 1453 pro
771 1415 913 1454 tempore
930 1411 961 1443 in
980 1411 1063 1444 dicta

319 1463 428 1495 nostra
440 1462 562 1495 civitate
575 1463 752 1504 existentes,
762 1463 819 1495 sub
832 1463 963 1496 diversis
976 1475 1064 1508 prae-

321 1515 474 1558 textibus,
501 1515 593 1549 etiam
622 1516 829 1560 reparationis
854 1517 983 1560 palatii,
1009 1518 1062 1551 de-

320 1569 479 1612 fraudati,
508 1569 649 1613 impediti
679 1574 708 1602 et
739 1570 859 1612 gravati
888 1571 1062 1614 respective

320 1624 435 1668 fuistis)
460 1624 527 1668 ipse
551 1623 656 1657 Sixtus
680 1623 925 1667 praedecessor,
951 1626 1061 1659 vestris

321 1682 393 1711 tunc
413 1676 693 1720 supplicationibus
713 1676 889 1719 inclinatus,
910 1688 966 1721 per
991 1688 1062 1711 suas

320 1730 352 1763 in
369 1729 463 1763 simili
478 1730 580 1762 forma
596 1729 703 1762 Brevis
720 1729 849 1771 litteras,
864 1729 914 1762 die
928 1741 947 1764 x
960 1741 1060 1773 augu-

320 1783 359 1816 sti
372 1793 524 1817 anxxxv
542 1782 740 1827 pontificatus
757 1782 804 1815 sui
818 1792 900 1816 anno
916 1793 926 1816 1
943 1783 1029 1816 datas
1041 1783 1059 1825 ¹,

320 1847 375 1870 vos
403 1836 441 1869 ad
467 1836 697 1870 maleficiorum
721 1840 751 1869 et
775 1836 961 1869 delictorum
986 1847 1058 1870 om-

321 1890 408 1924 nium
432 1890 464 1924 in
494 1891 561 1935 ipsa
596 1890 719 1924 civitate
743 1891 937 1925 Anconitana
969 1901 1057 1924 com-

322 1942 492 1976 missorum
511 1947 542 1976 et
565 1942 863 1977 committendorum
887 1943 1061 1987 plenariam

320 1995 463 2030 notitiam
486 1995 662 2029 habendam
686 2006 743 2040 per
767 1996 861 2029 vestri
885 1996 995 2030 sindici
1019 1996 1062 2029 in-

321 2054 497 2083 terventum
521 2049 682 2082 dumtaxat
697 2054 852 2094 perpetuo
872 2049 1014 2090 admisit,
1032 2054 1062 2084 et

319 2107 490 2147 propterea
510 2102 610 2136 dictae
630 2102 762 2136 civitatis
781 2102 996 2146 gubernatori,
1014 2104 1060 2136 lo-

321 2156 521 2199 cumtenenti,
535 2156 730 2190 auditoribus
744 2162 774 2189 et
790 2157 859 2189 aliis
875 2157 1060 2190 officialibus

320 2219 379 2254 pro
392 2215 534 2254 tempore
558 2210 597 2243 ad
614 2210 788 2244 criminalia
804 2210 969 2254 deputatis,
987 2221 1061 2254 quo-

322 2274 457 2308 cumque
472 2264 598 2298 nomine
615 2265 851 2309 appellarentur
868 2269 898 2297 et
913 2275 1061 2308 quaeum-

321 2327 382 2361 que
412 2317 619 2360 fungerentur
650 2317 855 2360 auctoritate,
882 2318 1058 2361 mandavit,

321 2374 354 2403 ut
373 2380 482 2404 omnes
499 2370 734 2415 descriptiones,
748 2381 803 2404 seu
818 2372 1000 2413 inventaria,
1014 2383 1061 2405 ra-

321 2424 404 2458 tione
431 2424 480 2457 vel
500 2426 591 2457 causa
616 2425 800 2468 quorumvis
821 2426 1058 2467 maleficiorum,

320 2477 509 2511 delictorum
539 2482 569 2510 ct
593 2477 760 2511 criminum
791 2478 937 2523 deinceps
963 2480 1059 2512 confi-

356 2560 367 2584 1
386 2558 440 2585 Has
454 2565 508 2585 non
523 2561 587 2593 puto
602 2566 663 2585 esse
681 2558 709 2584 in
724 2559 872 2591 Bullario3
893 2558 940 2585 sed
960 2559 1059 2594 aliquid

320 2603 354 2630 de
370 2602 421 2630 hoc
435 2603 494 2629 iure
509 2602 608 2636 legitur
618 2602 646 2629 in
656 2602 747 2629 Const.
763 2609 809 2630 xvi
824 2603 945 2630 eiusdem
960 2604 1026 2630 Sixti
1038 2605 1059 2630 V

320 2646 347 2673 in
362 2650 429 2673 tom.
445 2653 503 2680 vm,
520 2655 582 2681 pag.
598 2646 649 2674 605
666 2647 680 2674 b
694 2647 734 2682 (R.
752 2648 801 2680 T.).

404 2702 482 2730 Bull.
503 2701 587 2729 Rom.
609 2716 642 2721 —-
665 2701 723 2730 Vol.
745 2700 825 2729 XIII.
969 2701 1003 2728 42

1080 295 1082 301 ‘
1098 291 1216 332 cienda,
1230 303 1266 324 ae
1279 290 1494 336 quacumque¹
1509 291 1673 324 occasione
1690 291 1841 334 praemis-

1097 355 1204 377 sorum
1231 345 1299 377 fieri
1326 346 1422 378 voluit
1450 355 1521 378 cum
1542 344 1718 388 praesentia
1743 350 1773 377 et
1797 344 1840 376 in-

1100 403 1241 430 terventu
1267 398 1376 430 sin‹li‹·i
1401 398 1573 442 praedicti,
1599 398 1646 431 vel
1671 398 1799 430 alterius
1824 408 1842 430 a

1098 450 1184 483 vobis
1210 451 1390 494 deputandi,
1409 452 1546 484 facerent
1569 462 1605 484 ac
1628 451 1696 484 fieri
1717 450 1841 483 manda-

1097 508 1188 543 rent,
1215 513 1250 535 ac
1271 504 1366 536 curn²
1390 504 1536 536 omnibus
1561 508 1590 538 et
1615 504 1746 547 singulis
1771 515 1841 548 sup-

1096 555 1317 598 plicationibus
1342 560 1371 588 et
1394 557 1541 599 precibus
1564 567 1623 600 pro
1647 557 1749 590 causis
1773 557 1838 590 cri—

1097 608 1265 641 minalibus
1290 598 1466 653 sequendis,
1484 620 1607 643 necnon
1627 611 1771 651 decretis,
1791 611 1842 643 ab·

1098 662 1308 695 solutionibus
1329 667 1359 696 et
1375 673 1584 707 processuum
1601 664 1839 705 cassationibuS,

1098 717 1396 757 cancellationibus,
1422 717 1662 758 abolitionibus,
1687 718 1842 762 composi-

1096 770 1235 803 tionibus
1259 775 1289 803 et
1313 770 1522 804 solutionibus
1551 770 1701 803 faciendis
1732 771 1840 804 huius-

1098 822 1183 856 modi
1208 822 1360 855 sindicum
1393 833 1451 866 pro
1480 827 1622 867 tempore
1658 823 1841 855 existentem

1098 876 1258 917 interesse,
1276 887 1312 909 ac
1329 876 1367 909 de
1383 876 1444 909 illis
1460 881 1567 910 notam
1585 886 1720 917 sumere,
1735 875 1785 909 et³
1798 876 1842 908 di-

1098 934 1162 962 ctas
1176 929 1252 962 duas
1270 929 1376 963 tertias
1393 934 1498 973 partes
1514 929 1678 974 percipere
1692 934 1722 962 et
1737 930 1841 962 levare

1098 983 1196 1016 libere
1214 989 1244 1016 et
1264 983 1331 1016 sine
1347 984 1452 1028 aliqua
1473 984 1681 1017 diminutione
1702 984 1841 1017 sinerent

1098 1041 1128 1069 et
1147 1037 1374 1080 permitterent,
1400 1037 1548 1081 aliasque,
1577 1041 1670 1081 prout
1693 1037 1785 1070 latius
1809 1037 1841 1070 in

1098 1090 1216 1122 eisdem
1228 1090 1340 1124 litteris
1357 1090 1549 1124 continetur:
1564 1090 1715 1134 Quodque
1729 1090 1840 1124 deinde

1098 1143 1183 1186 (cum
1208 1143 1291 1176 idem
1320 1143 1422 1177 Sixtus
1453 1144 1679 1187 praedecessor
1703 1150 1841 1188 postmo-

1097 1196 1170 1228 dum
1186 1223 1193 1236 ,
1218 1207 1274 1239 per
1295 1207 1367 1229 suas
1392 1196 1450 1229 sub
1475 1196 1580 1229 datum
1606 1197 1710 1230 idibus
1734 1198 1840 1230 martii

1096 1248 1296 1292 pontificatus
1312 1249 1359 1281 sui
1372 1259 1453 1283 anno
1466 1260 1500 1282 1v
1511 1249 1670 1293 expeditas
1686 1250 1805 1283 litteras
1816 1250 1838 1293 ⁴,

1096 1313 1213 1346 poenas
1237 1303 1452 1346 pecuniarias,
1478 1304 1610 1336 mulctas
1638 1308 1667 1337 et
1687 1304 1839 1337 confisca—

1097 1356 1219 1398 tiones,
1244 1357 1383 1389 omnium
1410 1368 1465 1389 seu
1489 1357 1715 1401 cuiuscumque
1743 1358 1840 1401 partis

1096 1408 1265 1450 bonorum,
1291 1410 1423 1443 inflictas
1440 1415 1469 1443 et
1486 1410 1681 1452 infligendas,
1703 1410 1839 1443 cuiusvis

1097 1463 1246 1503 criminis,
1265 1474 1418 1506 excessus,
1440 1464 1585 1497 maleficii
1611 1468 1640 1497 et
1659 1463 1772 1505 delicti,
1791 1464 1838 1496 vel

1096 1517 1199 1559 quasi,
1224 1527 1281 1560 per
1305 1527 1522 1560 quoscumque
1546 1517 1716 1560 praesides,
1736 1522 1839 1550 recto-

1096 1580 1166 1611 res,
1193 1571 1420 1612 gubernatores
1453 1576 1483 1603 et
1513 1571 1590 1604 alios
1622 1581 1839 1614 quoscumque

1096 1623 1245 1655 officiales
1266 1627 1295 1657 et
1316 1623 1444 1663 iudices,
1465 1624 1518 1667 qui
1552 1624 1583 1655 in
1614 1624 1774 1666 quibusvis
1794 1624 1838 1656 ci-

1096 1675 1263 1716 vitatibus,
1289 1676 1418 1717 casu-is,
1444 1675 1538 1708 terris
1571 1680 1600 1709 et
1630 1676 1707 1708 locis
1732 1677 1834 1709 eecle-

1096 1728 1238 1761 siasticae
1266 1728 1375 1762 ditioni
1407 1728 1556 1761 subiectis
1588 1728 1838 1762 iurisdictionem

1095 1781 1332 1825 quomodolibet
1366 1786 1573 1822 exercerent,
1606 1792 1749 1814 camerae
1781 1792 1838 1815 no-

1095 1838 1177 1869 strae
1201 1835 1392 1879 apostolicae
1428 1835 1616 1879 applicasset
1652 1841 1681 1868 et
1715 1846 1835 1880 appro-

1095 1888 1249 1933 priasset,
1284 1889 1522 1933 voluissetque,
1553 1893 1587 1922 ut
1621 1899 1838 1933 quaecumque

1096 1943 1357 1985 communitates,
1382 1942 1622 1984 universitates,
1651 1943 1783 1986 collegia
1808 1948 1838 1976 et

1094 2006 1247 2040 personae
1272 1996 1364 2029 etiam
1391 1996 1633 2036 ecclesiasticae,
1659 1996 1767 2040 quavis
1792 1996 1838 2029 di-

1095 2049 1211 2092 gnitate
1231 2049 1405 2092 fungentes,
1423 2060 1503 2093 quae
1527 2059 1664 2093 poenas,
1692 2049 1838 2083 confisca-

1094 2102 1195 2136 tiones
1215 2108 1245 2136 et
1269 2103 1402 2136 mulctas
1422 2102 1614 2143 huiusmodi,
1635 2113 1690 2135 seu
1711 2103 1836 2136 illarum

1093 2156 1271 2200 portionem
1292 2156 1438 2200 aliquam,
1457 2156 1494 2188 ad
1518 2166 1549 2188 se
1574 2156 1684 2199 quovis
1701 2155 1791 2190 titulo
1807 2162 1837 2190 et

1095 2212 1188 2243 causa
1205 2210 1299 2243 etiam
1318 2212 1452 2244 onerosa
1473 2214 1503 2243 et
1520 2210 1720 2253 quantumvis
1737 2210 1837 2242 iustis-

1095 2264 1172 2297 sima
1197 2269 1337 2308 spectare
1356 2263 1618 2308 praetenderent,
1644 2263 1726 2296 intra
1757 2263 1836 2297 duos

1094 2322 1166 2351 tunc
1191 2317 1354 2361 proximos
1378 2327 1522 2357 menses,
1548 2326 1603 2349 seu
1627 2327 1723 2361 super
1747 2327 1837 2361 prae-

1130 2426 1139 2451 l
1159 2424 1279 2459 Syntaxis
1294 2424 1347 2451 iam
1363 2424 1498 2457 turbatur,
1516 2427 1541 2451 et
1562 2429 1655 2460 postea
1679 2425 1836 2461 inintelligi-

1093 2469 1156 2496 bilis
1171 2469 1271 2496 eradit:
1290 2473 1353 2505 puto
1367 2469 1524 2504 legendum:
1542 2477 1739 2505 quaecumque
1754 2478 1835 2496 occa·

1092 2515 1172 2542 sione
1185 2514 1414 2548 praemissorum
1429 2513 1495 2548 fieri
1514 2515 1692 2548 continyeret
1705 2515 1743 2548 (n.
1755 2514 1804 2548 T.).

1128 2558 1144 2584 2
1161 2558 1262 2584 Forsan
1279 2557 1419 2592 legendum
1436 2565 1469 2584 cte
1485 2560 1546 2584 tum
1561 2557 1603 2584 vel
1618 2566 1652 2584 ac
1668 2561 1698 2586 ut
1712 2558 1753 2593 (R.
1771 2559 1820 2592 T.).

1128 2603 1143 2629 3
1161 2603 1254 2637 Praep.
1272 2605 1298 2629 el
1313 2610 1361 2629 nos
1377 2601 1499 2628 addimus
1514 2606 1551 2635 (R.
1569 2602 1616 2636 T.).

1129 2648 1144 2674 4
1157 2646 1228 2677 Quas
1243 2646 1304 2673 vide
1318 2647 1345 2673 in
1360 2649 1427 2674 tom.
1444 2653 1482 2682 lx,
1498 2654 1559 2682 pag.
1577 2646 1610 2675 73
1631 2651 1665 2679 (R.
1679 2647 1726 2682 T.).

1741 233 1805 266 329
1852 242 1902 269 An.
1922 241 1951 270 c.
1970 242 2038 269 1625
