2269 3235
236 290 284 316 An.
300 289 330 316 C.
354 287 421 316 1624
466 277 530 312 166

261 827 358 848 t'rtmnus
381 827 418 847 hu-

236 855 324 874 immadi
340 854 418 874 indulta

235 888 252 901 a·
291 882 418 901 ecclesiasti-

249 916 259 925 ιι
284 910 339 934 ipsos
349 910 419 927 exlen-

274 2259 430 2285 Commitlitque

247 2288 352 2308 indiarum
394 2292 432 2312 pa—

249 2314 354 2334 triarchae
364 2329 368 2336 .

249 2341 336 2365 deputet
352 2340 432 2360 conses-

249 2373 333 2389 sarium„
349 2371 383 2392 qui

249 2394 332 2419 gulares

249 2422 284 2440 vat
299 2426 339 2440 non
363 2422 431 2439 lamen

249 2452 262 2467 a
277 2447 362 2467 casibus
382 2446 432 2466 Selii

365 2393 432 2413 absol-

250 2474 382 2499 Apostolicae
400 2479 433 2493 re-

250 2502 347 2521 servatis.

433 336 581 378 gentiam,
595 334 738 368 obtinere
751 333 870 378 possint
886 338 917 366 et
934 333 1064 376 valeant,
1079 334 1173 367 modo

433 389 526 421 etiam
542 389 571 421 in
585 388 720 427 casibus,
731 387 760 419 in
770 387 884 430 quibus
898 387 1073 420 necessaria
1083 392 1173 427 esset,

432 453 488 487 per
506 443 601 486 ipsos,
619 442 676 481 vel,
694 441 766 474 (lato
785 441 1020 484 impedimento,
1033 451 1090 484 per
1104 441 1174 474 hae-

432 496 522 529 redes
532 501 585 528 aut
594 495 671 527 alios
681 494 849 527 satisfactio
860 494 958 535 fieret,
970 500 999 527 et
1009 494 1094 535 alias,
1104 505 1174 539 pro-

431 553 465 581 ut
490 548 521 580 in
546 547 677 579 diversis
702 552 764 580 tam
789 546 846 580 sub
870 548 1002 591 plumbo
1027 557 1120 591 quam
1142 547 1173 579 in

432 602 525 634 simili
550 601 651 634 forma
676 600 784 633 Brevis
803 601 939 645 desuper
959 601 1112 645 expeditis
1128 601 1174 633 lit-

432 654 517 694 teris,
541 664 675 697 quarum
701 655 842 687 omnium
857 659 982 687 tenores
1001 654 1173 698 praesenti-

431 707 490 740 bus
503 718 561 751 pro
575 707 733 751 expressis
751 707 859 740 haberi
880 709 1035 749 volumus,
1051 707 1175 752 plenius

433 761 619 794 continetur.

479 813 531 857 53.
547 815 634 847 Nunc
645 819 748 846 autem
762 823 829 854 nos,
839 818 901 846 tam
915 814 1174 858 presbyterorum

434 867 622 900 secularium
643 877 735 910 quam
755 877 962 910 personarum
981 866 1174 909 regularium

434 920 598 953 masculini
617 930 718 959 sexus,
736 920 878 953 locorum
897 919 927 951 in
944 919 1054 952 litteris
1071 918 1177 951 huius-

435 973 520 1006 modi
551 973 870 1016 comprehensorum,
895 982 1066 1014 corporum
1099 971 1178 1003 vale-

435 1026 534 1059 tudini
552 1036 587 1058 ac
604 1024 814 1058 conscientiae
830 1024 937 1067 quieti,
958 1024 1177 1067 spiritualique

435 1078 650 1119 consolationi,
669 1083 820 1120 quantum
838 1088 909 1110 cum
926 1077 1059 1110 Domino
1072 1087 1179 1120 possu-

436 1143 516 1171 mus,
533 1132 668 1173 benigne
682 1131 847 1164 consulere
861 1130 1011 1170 volentes,
1026 1130 1179 1173 supplica-

435 1185 573 1218 tionibus
586 1185 679 1217 etiam
690 1183 860 1216 maiestatis
870 1188 940 1216 tuae
953 1183 1079 1216 nomine
1088 1183 1179 1216 nobis

437 1248 532 1281 super
555 1237 616 1270 hoc
643 1237 806 1269 humiliter
831 1236 986 1280 porrectis
1018 1235 1178 1275 inclinati,

437 1291 670 1324 venerabilibus
683 1291 831 1323 fratribus
848 1290 1047 1334 patriarchis,
1067 1290 1180 1334 prima-

437 1344 531 1384 tibus,
548 1343 805 1387 archiepiscopis,
823 1343 978 1386 episcopis
999 1348 1030 1375 et
1049 1343 1117 1375 aliis
1137 1342 1180 1374 in—

438 1397 609 1430 ferioribus
632 1397 801 1440 praelatis,
833 1406 954 1429 necnon
987 1396 1179 1440 presbyteris

439 1451 632 1484 secularibus
656 1449 826 1493 praedictis
850 1450 1030 1489 dumtaxat,
1045 1454 1079 1481 ut
1103 1459 1179 1492 qua-

439 1503 642 1546 dragesimali
666 1509 828 1547 tempore,
849 1502 1049 1536 hebdomada
1076 1507 1180 1535 tamen

441 1556 552 1589 maiori
577 1558 725 1599 excepta,
750 1556 816 1589 ovis
841 1556 984 1588 similiter
1009 1561 1039 1588 et
1062 1555 1180 1588 lactici-

440 1610 500 1643 niis
523 1620 582 1654 pro
603 1620 713 1642 eorum
738 1609 826 1641 libito
851 1609 895 1641 uti
920 1614 949 1642 et
974 1609 1072 1649 vesci;
1094 1619 1182 1653 prae-

441 1669 526 1697 terea
540 1663 683 1707 personis
696 1663 894 1705 regularibus
907 1662 1072 1695 masculini
1092 1672 1182 1695 sexus

442 1721 561 1750 tantum
586 1716 771 1760 praedictis,
799 1722 834 1748 ut
858 1725 1089 1758 quemcumque
1115 1725 1183 1758 pre-

443 1769 604 1814 sbyterum
629 1769 814 1808 secularem,
832 1769 879 1801 vel
897 1768 1033 1801 cuiusvis
1048 1767 1182 1808 Ordinis,

443 1824 536 1857 etiam
550 1823 995 1865 Mendicantium,·regularem
1007 1822 1026 1863 ¹,
1044 1827 1078 1854 ut
1094 1832 1184 1866 prae-

443 1878 542 1910 fertur
559 1877 779 1920 approbatum,
798 1876 893 1908 semel
912 1876 943 1908 in
960 1875 1023 1907 vita
1039 1880 1070 1908 et
1087 1875 1183 1908 semel

444 1931 475 1963 in
499 1931 610 1964 mortis
633 1930 766 1963 articulo
792 1929 823 1962 in
848 1940 939 1962 suum
965 1929 1083 1972 eligere
1109 1939 1184 1962 con-

443 1983 610 2016 fessarium
626 1984 725 2016 libere
742 1988 770 2016 et
788 1983 872 2016 licite
888 1983 1020 2023 valeant,
1035 1993 1051 2015 a
1068 1993 1130 2026 quo
1146 1982 1184 2014 ab

443 2048 555 2071 eorum
578 2037 714 2081 peccatis
745 2047 780 2070 ac
806 2037 899 2069 etiam
921 2036 1062 2069 censuris
1087 2046 1181 2079 prae-

444 2091 544 2133 dietis,
568 2091 662 2124 modo
683 2095 713 2124 et
733 2091 834 2123 forma
851 2089 1044 2133 praemissis,
1064 2089 1185 2122 absolvi

444 2146 574 2189 possint,
584 2144 755 2188 apostolica
769 2143 964 2183 auctoritate,
974 2148 1084 2176 tenore
1097 2153 1187 2187 prae-

424 2198 594 2239 sentium,
620 2198 821 2231 concedimus
846 2201 875 2230 et
899 2197 1109 2239 indulgemus.

492 2253 507 2296 ἓ
530 2253 560 2285 4.
581 2252 713 2296 Insuper
744 2251 915 2284 venerabili
941 2251 1029 2284 fratri
1054 2250 1186 2290 Didaeo,

447 2306 643 2350 patriarchae
656 2306 827 2345 indiarum,
842 2305 996 2338 dictarum
1015 2304 1186 2347 gratiarum

400 2360 632 2404 rv‘-exeq1uit01'i
652 2365 681 2392 et
698 2358 917 2392 commissario
942 2358 1113 2402 apostolica
1136 2367 1189 2390 au—

448 2415 590 2447 ctoritate
615 2414 779 2458 deputato,
804 2424 898 2457 quern
924 2413 1017 2445 etiam
1042 2422 1189 2456 praesen-

449 2469 525 2500 tium
547 2474 773 2511 exequutorom
798 2472 828 2500 et
852 2466 1106 2500 commissarium
1138 2465 1188 2498 de-

449 2527 616 2565 putamus,
648 2522 825 2554 facultatem
850 2520 1053 2554 concedimus
1076 2524 1185 2552 aucto-

450 2576 540 2610 ritate
571 2577 679 2608 nostra
710 2574 923 2619 praecipiendi
958 2578 988 2608 et
1021 2572 1188 2606 mandandi

438 2644 440 2646 ’
487 2648 499 2674 1
517 2647 635 2674 Erronee
650 2646 714 2674 edit.
729 2646 809 2674 Main.
825 2646 892 2681 legit
911 2636 1054 2675 Ordinum
1073 2645 1189 2681 reyula-

450 2693 531 2722 ‘rium
546 2695 583 2729 (R.
599 2692 648 2728 T.).

1019 285 1200 310 BULLARIUM
1224 283 1378 309 ROMANUM

1207 332 1368 377 quibusvis
1392 329 1668 371 monasteriorum,
1685 334 1896 364 conventuum
1915 334 1947 363 et

1206 385 1340 418 aliorum
1376 385 1518 418 locorum
1554 382 1769 427 regularium,
1803 383 1946 417 virorum

1207 438 1376 479 dumtaxat,
1395 436 1629 482 superioribus,
1645 441 1681 469 ut
1700 436 1831 479 singulis
1846 436 1945 478 annis,

1206 492 1288 524 ultra
1313 491 1442 532 solitos,
1468 490 1564 523 alium
1589 489 1712 534 proprii
1740 499 1795 522 seu
1818 489 1947 522 alterius

1207 544 1332 579 Ordinis
1356 545 1533 588 regularem
1548 571 1555 585 ,
1585 543 1622 576 iis
1648 553 1722 576 vero
1746 542 1778 575 in
1801 542 1896 583 locis,
1915 542 1948 575 in

1207 599 1320 643 quibus
1343 599 1435 633 unica
1459 599 1621 632 dumtaxat
1644 596 1767 637 domus,
1792 606 1847 629 seu
1869 596 1948 629 alius

1208 652 1295 685 locus
1319 651 1493 695 regularis¹
1510 650 1631 691 existit,
1656 649 1756 683 etiam»
1774 648 1948 682 secularem

1208 705 1445 746 confessarium,
1463 704 1618 744 similiter,
1635 708 1670 736 ut
1693 702 1881 747 praescitur,
1897 712 1950 745 ap-

1207 758 1390 802 probatum,
1415 758 1453 791 de
1478 767 1633 791 consensu
1657 760 1839 795 conventus,
1864 754 1950 798 capi-

1208 812 1276 852 tuli,
1302 811 1503 851 monasterii,
1523 811 1571 844 vel
1595 810 1719 849 domus,
1744 814 1797 842 aut
1821 807 1950 841 alterius

1209 864 1364 906 regularis
1381 864 1441 897 loci
1462 863 1643 897 huiusmodi
1667 873 1724 907 per
1749 867 1869 896 secreta
1893 861 1952 894 suf-

1209 917 1309 960 fragia
1333 918 1532 961 praestando,
1557 917 1697 961 deputet,
1721 916 1775 960 qui
1799 915 1895 949 semel
1919 914 1951 947 in

1210 980 1291 1003 anno
1308 980 1413 1003 sacras
1436 970 1659 1013 religiosorum
1677 968 1862 1003 eorumdem
1879 977 1953 1001 con-

1210 1022 1360 1055 sessiones
1378 1022 1497 1062 audire,
1514 1023 1647 1065 illosque
1667 1032 1684 1055 a
1700 1021 1877 1055 commissis
1894 1031 1952 1065 per

1211 1085 1265 1108 eos
1288 1076 1439 1119 peccatis,
1462 1085 1525 1109 non
1550 1081 1654 1108 tamen
1678 1074 1750 1108 Sedi
1774 1074 1953 1118 praedictae

1211 1129 1394 1171 reservatis,
1422 1139 1480 1162 nec
1504 1129 1536 1161 in
1560 1128 1648 1161 Bulla
1672 1127 1855 1161 huiusmodi
1879 1136 1954 1160 con-

1213 1182 1314 1223 tentis,
1332 1182 1441 1225 vigore
1467 1182 1641 1225 gratiarum
1654 1181 1685 1214 in
1702 1179 1889 1225 supradictis
1904 1179 1954 1212 lit-

1213 1235 1288 1268 teris
1301 1240 1531 1278 contentarum‚
1543 1240 1573 1268 et
1587 1236 1709 1268 servata
1722 1244 1830 1267 earum
1843 1233 1954 1275 forma,

1213 1289 1377 1322 absolvere
1402 1289 1511 1321 valeat.

1257 1343 1272 1386 g
1296 1342 1325 1375 5.
1350 1343 1559 1376 Decernentes
1589 1341 1715 1375 irritum
1739 1346 1769 1375 et
1793 1341 1905 1382 inane,
1930 1341 1956 1375 si

1213 1406 1303 1429 secus
1327 1406 1422 1440 super
1440 1396 1489 1429 his
1505 1406 1522 1428 a
1539 1405 1709 1439 quoquam,
1726 1395 1835 1439 quavis
1852 1400 1957 1428 aucto-

1213 1449 1314 1490 ritate,
1339 1449 1473 1483 scienter
1497 1449 1545 1482 vel
1570 1449 1764 1492 ignoranter,
1787 1448 1956 1492 contigerit

1213 1503 1367 1536 attentari.

1258 1557 1273 1599 ἓ
1299 1556 1327 1589 6.
1346 1557 1414 1590 Non
1434 1556 1632 1589 obstantibus
1648 1556 1761 1589 litteris
1775 1555 1955 1600 praedictis,

1215 1620 1250 1642 ac
1268 1610 1413 1642 omnibus
1431 1610 1501 1650 illis,
1515 1620 1594 1653 quae
1611 1610 1643 1642 in
1659 1610 1704 1642 eis
1717 1620 1866 1643 concessa
1884 1613 1957 1642 sunt

1215 1673 1278 1696 non
1303 1663 1437 1703 obstare,
1455 1663 1629 1706 ceterisque
1645 1662 1813 1696 contrariis
1832 1661 1958 1705 quibus-

1216 1727 1360 1759 cumque.
1386 1716 1607 1749 Praesentibus
1637 1715 1677 1748 ad
1706 1714 1957 1760 quinquennium

1216 1769 1376 1802 dumtaxat
1399 1769 1549 1802 valituris.
1706 1806 1710 1809 ,

1260 1823 1372 1856 Datum
1397 1823 1524 1863 Romae,
1549 1822 1633 1866 apud
1656 1821 1685 1855 S.
1710 1821 1840 1855 Mariam
1863 1821 1959 1855 Maio-

1217 1887 1294 1917 rem,
1320 1877 1378 1909 sub
1403 1877 1519 1909 annulo
1545 1875 1791 1916 Piscat01·is,'die
1806 1885 1861 1908 xw
1881 1874 1959 1908 iunii

1217 1940 1370 1972 uncxxw,
1395 1930 1595 1975 pontificatus
1618 1928 1719 1963 nostri
1742 1939 1825 1963 anno
1850 1938 1869 1962 1.

1254 2019 1311 2048 Dat.
1333 2019 1375 2048 die
1397 2021 1429 2048 14
1447 2020 1515 2048 iunii
1535 2020 1615 2055 1624,
1636 2018 1732 2055 pontif.
1749 2027 1820 2047 anno
1835 2024 1854 2047 1.
1886 2048 1889 2050 ,

1540 2250 1640 2285 LXVI.

1223 2357 1433 2399 Confirmatio
1444 2357 1617 2401 emptionis
1631 2356 1745 2401 oppidi
1758 2356 1795 2390 de
1804 2356 1961 2397 Lizheim,

1266 2411 1309 2444 ad
1343 2411 1550 2444 Fridericmn
1590 2411 1738 2444 comitem
1771 2411 1962 2454 palatinum

1265 2464 1374 2498 Rheni
1401 2464 1597 2509 spectmzlt'S,
1624 2464 1728 2506 factae
1756 2464 1797 2496 ab
1820 2463 1962 2497 Henrico

1265 2518 1501 2562 Lotlzarinqiae
1525 2518 1618 2558 duce,
1646 2517 1745 2551 causei
1766 2526 1958 2561 propaqan-

1266 2571 1326 2604 dae
1348 2571 1385 2604 in
1410 2582 1443 2604 eo
1466 2570 1638 2614 reliyz'onis
1662 2570 1841 2604 catholicae
1853 2568 1873 2603 ⁹.

1259 2644 1270 2670 l
1289 2641 1392 2670 Forsan
1408 2642 1564 2670 addendum
1578 2650 1637 2669 non
1652 2643 1689 2677 (n.
1706 2643 1754 2678 Τ.).

1258 2690 1274 2716 2
1294 2688 1332 2717 Ex
1351 2689 1459 2725 aegest.
1479 2688 1507 2717 in
1525 2683 1628 2717 secret.
1648 2686 1726 2717 Brev.

1959 280 2011 310 An.
2029 280 2058 310 C.
2074 279 2144 310 teu

1998 1351 2118 1374 clausula.

2040 1563 2155 1596 Deruentio

1970 1595 2133 1616 contrariorum.
