2269 3235
501 224 563 260 726

457 288 510 323 CC.
536 288 680 322 Facultas
700 288 784 321 clero
807 287 1024 330 reipul›l›lieae
1046 287 1193 321 Lucanae

544 341 755 375 concordandi
782 350 852 373 cum
878 340 1072 382 llepubblica
1099 350 1195 384 super

1046 233 1221 258 BULLARIUM
1247 233 1397 258 ROMANUM

1336 289 1365 321 S.
1391 288 1562 331 Benedicti,
1584 289 1670 334 loqui
1693 290 1734 323 de
1758 290 1833 325 vera
1850 291 1987 336 Congre-

1337 343 1472 383 gatione,
1500 342 1573 375 478.

543 396 708 428 exactione
734 397 764 427 et
787 394 942 427 solutione
973 394 1193 427 nonnullorum
1247 394 1344 427 CCIX.
1381 394 1500 428 Dtvidit
1535 395 1821 439 Congregationem
1856 397 1988 432 fratrum

543 447 756 489 vecssgabunr
784 447 856 480 467.

559 504 728 547 Deputatio
765 506 985 547 episcoporum
1022 504 1195 537 Laudensis

542 561 572 590 et
605 556 789 598 Comensis,
815 568 851 591 ae
885 559 1118 600 poenitentiarii
1143 567 1194 590 ec-

541 610 656 643 clesiae
677 610 931 653 ltlcdiolanensis‚
951 611 980 644 in
999 614 1194 655 protectores

541 664 667 707 collegii
698 664 913 698 Helvetiorum
946 669 976 698 et
1009 665 1193 698 llhetiorum

541 718 684 750 eiusdem
709 719 856 761 civitatis,
883 719 955 751 469.

453 774 536 809 CCII.
557 775 758 809 Confirmatio
776 778 1034 810 constitutionum
1051 786 1108 819 pro
1127 786 1190 808 mo-

540 829 712 862 nachorum
730 831 987 872 congregationis
1003 829 1193 862 Caelestino-

540 892 609 915 rum
634 882 764 915 Ordinis
793 884 823 915 S.
847 882 1010 915 Benedicti
1035 882 1191 925 gubernio

540 936 779 969 emendatarum
804 940 898 980 atquo
924 936 1096 977 editarum,
1118 936 1190 969 471.

451 991 553 1026 CCIII.
579 993 719 1027 Revocat
736 995 840 1026 omnia
859 997 889 1026 et
905 993 1030 1036 singula
1055 993 1189 1036 privile-

540 1048 612 1090 gia,
649 1048 862 1081 immunitates
897 1050 928 1080 et
971 1048 1191 1090 exemptiones

540 1110 813 1144 quorumcumque
828 1098 996 1141 Ordinuni,
1015 1110 1192 1143 congrega-

539 1155 657 1186 tionum
685 1157 715 1186 et
739 1155 952 1187 Institutorum
976 1153 1135 1196 religiosis
1160 1154 1191 1185 in

536 1209 645 1249 regnis
657 1206 882 1249 Hispaniarum
901 1206 1111 1240 existentibus
1130 1210 1191 1239 tam

540 1267 598 1300 per
617 1257 830 1300 Apostolicam
852 1258 967 1291 Scdem
987 1257 1134 1301 illiusque
1160 1259 1190 1290 in

538 1310 614 1344 dicti
640 1313 746 1354 regnis
783 1313 908 1345 nuntios
947 1320 1041 1355 quam
1081 1320 1192 1343 eorum

537 1365 722 1406 superiores
756 1374 924 1405 concessa,
957 1374 993 1397 ac
1024 1364 1190 1408 prohibet,

536 1416 589 1451 illa
620 1418 659 1450 de
697 1422 805 1451 cetero
837 1417 959 1462 absque
992 1417 1191 1461 Apostolicae

536 1471 628 1504 Sedis
654 1471 781 1505 licentia
806 1472 948 1513 concedi,
973 1472 1045 1505 472.

448 1527 547 1563 CCIV.
573 1529 790 1564 Tribunalium
827 1530 920 1564 Urbis
957 1529 1117 1564 iudicibus
1147 1530 1192 1563 sa-

536 1583 685 1617 cultatem
711 1585 862 1627 elargitur
889 1595 972 1625 reos,
991 1586 1044 1628 qui
1062 1584 1191 1628 aliquod

535 1638 671 1671 confessi
688 1639 804 1672 fuerint
818 1638 943 1678 furtum,
955 1638 994 1671 de
1008 1638 1078 1671 aliis
1086 1640 1190 1680 etiam,

537 1689 576 1723 de
601 1691 717 1735 qulbus
742 1693 882 1724 accusati
908 1701 968 1724 non
990 1695 1070 1734 sunt,
1092 1693 1123 1725 in
1141 1701 1192 1734 ge-

537 1754 614 1778 nere
637 1745 863 1788 interrogandi,
892 1746 964 1778 473.

448 1801 531 1836 CCV.
566 1802 767 1836 Confirmatio
793 1804 982 1836 concordiae
1015 1804 1097 1836 inter
1129 1804 1192 1835 cle-

536 1865 607 1889 rum
629 1859 659 1888 et
683 1858 843 1895 civitatem
863 1857 1111 1889 Cremonensem
1136 1857 1192 1888 ini-

536 1912 586 1942 tae
612 1910 696 1942 circa
721 1912 911 1943 solutionem
935 1909 1113 1943 livellorum
1145 1919 1192 1943 ec-

536 1962 796 2004 clesiasticorum,
813 1964 885 1996 474.

447 2020 546 2054 CCVI.
571 2021 741 2065 Deputatio
767 2022 1002 2066 poenitentiarii
1022 2023 1053 2055 in
1084 2021 1191 2054 basili-

534 2077 570 2112 ca
594 2080 750 2124 Principis
775 2080 988 2124 apostolorum
1009 2090 1065 2124 pro
1082 2078 1190 2122 hugus}

535 2137 661 2181 graeca,
691 2139 763 2171 476.

446 2194 559 2229 CCVII.
577 2196 721 2230 Facultas
739 2196 897 2240 deputatis
915 2196 954 2229 ad
971 2197 1113 2239 regimen
1140 2195 1191 2228 do-

534 2260 603 2284 mus
635 2251 936 2284 cathecumenorum
972 2254 1002 2284 et
1033 2249 1190 2284 eeclesiae

534 2304 564 2337 S.
588 2304 705 2338 Mariae
731 2306 762 2338 in
787 2305 946 2338 Montibus
962 2304 1011 2337 -de
1038 2304 1120 2337 Urbe
1139 2314 1191 2337 co-

535 2358 631 2402 gendi
656 2361 793 2393 notarios
818 2359 858 2392 ad
891 2359 1065 2403 aperienda
1087 2362 1117 2392 et
1148 2369 1186 2392 o-

534 2412 711 2446 stendenda
735 2417 921 2446 testamenta
946 2414 1033 2446 iuxta
1054 2414 1187 2457 privile-

535 2468 621 2507 ,Qium
648 2466 788 2499 fabricae
814 2467 843 2499 S.
869 2466 963 2508 Petri,
985 2466 1058 2499 477.

448 2522 574 2557 CCVllI.
610 2524 756 2559 Declarat
780 2525 899 2559 litteras
927 2525 1015 2558 Pauli
1036 2523 1078 2567 V,
1095 2534 1191 2569 super

537 2585 696 2616 erectione
727 2593 783 2617 seu
812 2585 1018 2617 renovatione
1049 2582 1190 2625 Congre—

536 2642 671 2684 gationis
696 2642 849 2684 Anglieae
874 2641 1005 2677 Ordine
1020 2641 1191 2685 Nigrorum

454 504 525 538 CCI.

1335 446 1545 481 Eremitarum
1574 448 1842 484 DIscalceatorum
1879 450 1987 484 ltaliae

1335 500 1465 535 Ordinis
1490 502 1519 534 S.
1535 501 1705 543 Augustini
1722 504 1753 536 in
1771 506 1904 547 quatuor
1921 514 1990 547 pro-

1334 556 1467 596 vincias,
1497 555 1647 590 videlieet
1685 556 1871 598 Romanam,
1904 557 1987 591 Nea—

1334 608 1514 651 politanam,
1540 608 1760 652 (ienuensem,
1786 610 1932 652 Siculam,
1958 614 1989 644 et

1333 663 1465 696 instituit
1485 666 1620 707 quatuor
1640 663 1849 706 provinciales
1866 673 1923 707 pro
1940 673 1989 697 ea-

1332 725 1367 748 ru
1412 715 1564 749 trubernio
1575 727 1676 761 usque
1690 717 1729 750 ad
1739 716 1988 750 celebrationem

1331 768 1376 801 fut
1402 766 1428 801 ri
1452 769 1580 812 capituli
1604 770 1763 812 generalis
1789 771 1888 814 ipsius
1906 769 1987 804 Con-

1331 824 1537 864 grcgationis,
1553 824 1627 857 479.

1243 872 1391 918 Sequitur
1414 875 1585 909 declaratio
1601 885 1709 910 sacrae
1725 877 1987 921 Congregationis

1332 928 1524 971 apostolieae
1550 930 1741 962 visitationis
1767 939 1865 972 super
1891 930 1988 963 facul-

1332 985 1393 1015 tate
1420 991 1514 1026 quam
1539 981 1658 1016 habere
1680 982 1884 1016 dubitabatur
1903 984 1988 1016 vica-

1331 1035 1396 1067 rius
1424 1035 1584 1078 generalis
1618 1037 1750 1069 istorum
1786 1036 1917 1070 fratrum
1950 1045 1987 1069 eo

1332 1087 1463 1122 absente
1489 1088 1684 1132 subrogandi
1710 1089 1805 1123 altum
1837 1099 1894 1123 suo
1919 1088 1987 1123 loeo

1332 1152 1404 1175 cum
1429 1142 1609 1176 omnimoda
1634 1146 1788 1187 potestate
1814 1147 1844 1176 et
1860 1143 1988 1177 iurisdi-

1332 1197 1445 1238 ctione,
1472 1205 1566 1240 quam
1582 1198 1650 1239 ipse
1670 1198 1809 1230 vicarius
1827 1196 1988 1240 generalis

1332 1257 1485 1292 praesens
1506 1248 1610 1291 habet,
1626 1250 1699 1283 480.

1243 1299 1486 1346 Subsequuntur
1510 1303 1638 1336 decreta
1662 1303 1824 1346 generalia
1848 1312 1906 1346 pro
1925 1300 1988 1336 tota

1332 1355 1585 1399 Congregatione
1618 1357 1748 1390 fratrum
1773 1356 1988 1390 DIsealceato-

1332 1420 1401 1442 rum
1427 1410 1457 1443 S.
1487 1410 1928 1453 Augustiniltaliae,factain
1947 1411 1990 1443 vi—

1332 1464 1489 1505 sitatione,
1504 1464 1555 1497 die
1570 1473 1626 1497 xm
1640 1464 1719 1497 iunii
1740 1464 1988 1505 anniMncxxvn,

1335 1517 1407 1549 481.

1244 1568 1332 1603 CCX.
1363 1570 1596 1604 Confirmantur
1619 1570 1770 1604 nonnulla
1794 1574 1907 1605 statuta
1932 1581 1989 1615 pro

1332 1623 1642 1667 Congregationibus
1677 1624 1812 1668 AngIIea
1844 1628 1875 1658 et
1909 1624 1985 1658 His-

1332 1679 1446 1720 paniea
1480 1677 1612 1712 Ordinis
1637 1679 1739 1712 sancti
1771 1678 1935 1712 Benedicti
1960 1687 1989 1711 e-

1332 1730 1406 1772 dita,
1435 1731 1507 1764 482.

1243 1780 1343 1816 CCXI.
1369 1783 1551 1817 Mandatum
1569 1785 1725 1829 Torquato
1746 1784 1785 1818 de
1804 1783 1985 1827 Comitibus,

1333 1841 1375 1878 ut,
1394 1839 1562 1870 eveniente
1576 1838 1745 1871 traditione
1758 1838 1988 1881 fortalitiorum,

1332 1891 1642 1934 propugnaculorum
1658 1895 1688 1925 et
1702 1891 1834 1925 aliorum
1851 1891 1990 1925 locorum

1330 1944 1428 1977 Vallis
1452 1945 1603 1986 Tellinae‚
1629 1945 1681 1978 illa
1706 1947 1839 1989 recipiat
1862 1946 1989 1979 nomine

1332 1998 1424 2031 Sedis
1450 1998 1664 2041 Apostolicae,
1684 1999 1758 2031 483.

1242 2050 1355 2084 CCXII.
1390 2050 1593 2085 Confirmatio
1623 2053 1792 2085 erect10nis
1823 2053 1989 2085 seminarii

1332 2106 1364 2137 in
1389 2106 1519 2138 civitate
1540 2104 1721 2138 Coloniensi
1746 2115 1802 2148 pro
1823 2104 1988 2138 monachis

1331 2159 1361 2192 S.
1387 2158 1551 2192 Benedicti
1576 2158 1837 2201 Congregationis
1850 2157 1988 2191 Bursfel-

1332 2212 1449 2254 densis,
1477 2216 1508 2245 et
1533 2212 1615 2245 illius
1633 2211 1986 2254 constitutionum,484.

1243 2265 1372 2299 CCXIII.
1398 2265 1588 2305 Declaiatio,
1614 2265 1698 2310 quod
1724 2264 1862 2308 capitula
1887 2264 1989 2298 eccle-

1330 2321 1447 2353 siarum
1468 2318 1708 2360 cathedralium,
1727 2318 1843 2363 quibus
1857 2318 1887 2351 S.
1902 2318 1937 2352 R.
1951 2317 1988 2351 E.

1331 2373 1510 2407 cardinales
1532 2376 1693 2416 praesunt,
1711 2382 1750 2405 ex
1769 2370 1900 2405 indultis
1914 2381 1988 2404 con-

1332 2426 1455 2460 ferendi
1480 2426 1635 2460 beneficia
1662 2425 1862 2458 ecclesiatica
1880 2434 1990 2457 reser-

1332 2483 1403 2514 vata
1427 2479 1477 2513 vel
1498 2480 1610 2513 affecta
1639 2479 1759 2512 eisdem
1773 2476 1988 2512 cardinalibus

1331 2535 1498 2575 concessis,
1535 2533 1657 2567 nullum
1692 2535 1742 2568 ius
1778 2532 1988 2576 praetendere

1332 2591 1473 2631 possunt,
1499 2587 1572 2620 489.

1242 2641 1372 2676 CCXIV.
1397 2641 1593 2686 Declaratio,
1618 2641 1704 2685 quod
1728 2641 1759 2676 S.
1783 2641 1818 2676 R.
1843 2640 1879 2677 E.
1913 2648 1985 2673 car-
