2269 3235
100 266 153 294 An.
168 264 199 292 C.
214 262 283 291 1627

137 1395 246 1425 Clausulas
258 1399 293 1415 ne-

109 1428 212 1443 cessarias
227 1427 293 1448 appo-

903 256 1045 280 URBANUS
1070 256 1126 279 VIII
1151 256 1198 279 1’1‘.

298 306 386 342 narie
410 307 653 350 reintegramus,
675 310 705 339 ct
729 305 766 338 ad
792 303 956 349 pristinam
975 304 1040 336 eius

298 364 442 395 naturam
462 360 513 404 (de
538 365 643 393 cetero
669 369 725 403 per
749 367 915 402 personam
934 356 972 388 ad
989 366 1041 388 no-

300 419 400 447 strum
426 420 456 447 et
481 415 655 446 Romanum
677 411 858 445 Pontificem
883 420 940 453 pro
966 414 1041 441 tem-

300 479 378 512 pore
404 467 563 500 existentis
590 471 702 498 nutum
728 463 928 497 amovibilem
954 474 1042 495 exer-

302 521 448 564 cendum)
473 531 509 553 ac
542 519 704 552 facultates
728 522 758 549 et
781 516 947 561 privilegia
971 521 1041 548 autc

301 574 494 620 praedictam
520 572 594 605 dicti
614 571 659 605 Pii
675 569 927 614 praedecessoris
952 569 1043 602 cedu-

302 627 393 662 lam¹2
413 627 577 672 ipsumque
602 624 771 657 Henrieum
793 623 832 655 ab
850 622 961 655 eodem
979 622 1043 655 offi-

303 682 352 715 cio
380 679 527 725 praefecti
554 682 777 721 computorum
811 681 840 709 et
871 675 1044 719 receptoris

304 734 398 768 officii
418 730 599 766 huiusmodi
618 741 654 763 ex
672 740 756 763 nunc
779 729 907 773 omnino
924 739 1046 762 amove-

304 798 383 828 mus,
397 792 427 820 et
446 786 562 818 dictum
580 783 720 816 osticium
744 783 893 827 praefecti
919 793 1046 826 compu-

303 847 408 874 torum
423 843 579 883 perpetuo
597 848 803 881 suppressum
818 842 848 869 et
864 836 1045 876 extinctum,

304 904 339 926 ac
356 893 394 925 de
415 892 469 925 illo
488 891 725 925 concessionem
750 895 776 923 et
803 889 1045 933 assignationem

305 947 406 981 eidem
432 945 578 988 Henrico,
596 950 630 978 ut
646 945 834 989 praefertur,
855 946 959 987 saetas,
977 954 1048 987 per-

304 1007 401 1046 petuo
426 1005 599 1041 revocatas,
617 1005 752 1033 cassatas
776 1000 960 1039 annullatas,
981 999 1049 1031 irri-

308 1061 365 1096 tas,
385 1055 570 1098 viribusque
596 1057 625 1088 et
649 1053 763 1086 effectu
786 1063 908 1093 vacuas,
935 1053 1049 1096 ipsum-

307 1120 368 1154 que
393 1108 565 1142 Henricum
590 1119 608 1141 a
631 1107 780 1152 praefecti
816 1107 1049 1150 et·receptoris

307 1163 417 1197 officiis
442 1162 612 1207 praedictis
637 1173 673 1195 ex
698 1172 782 1194 nunc
813 1161 941 1195 omnino
967 1171 1049 1194 amo-

307 1223 374 1251 tum
391 1228 459 1250 esse
480 1227 516 1250 ac
533 1217 610 1257 sore,
627 1227 684 1249 nec
709 1216 747 1248 de
764 1221 868 1249 cetero
884 1215 916 1247 in
931 1215 1048 1247 eisdem

309 1272 430 1313 officiis,
449 1281 504 1304 seu
522 1281 632 1303 eorum
657 1270 756 1303 altero
774 1280 805 1302 se
822 1270 887 1302 ullo
904 1269 1049 1312 ingerere

307 1335 409 1369 posse,
427 1329 480 1357 aut
505 1323 619 1356 debere
631 1334 638 1363 3

353 1379 368 1422 g
389 1378 417 1411 5.
439 1378 624 1410 Praesentes
645 1387 719 1409 vero
736 1376 866 1418 litteras,
884 1377 1051 1420 omniaque

309 1437 339 1465 et
357 1431 479 1475 singula
492 1431 523 1463 in
537 1430 581 1464 eis
593 1434 747 1471 contenta,
759 1431 853 1463 etiam
867 1441 904 1463 ex
918 1441 954 1463 eo
968 1430 1051 1474 quod

309 1486 410 1519 dietus
435 1484 598 1525 Henricus,
620 1489 673 1517 aut
697 1484 748 1516 alii
769 1484 962 1528 quicumque
979 1484 1054 1517 inte-

310 1550 399 1573 resse
415 1539 447 1572 in
463 1539 655 1583 praemissis,
673 1548 728 1571 seu
746 1548 857 1571 eorum
878 1539 983 1582 aliquo
999 1539 1052 1571 lia-

310 1594 429 1635 bentes,
448 1603 503 1626 seu
519 1592 636 1625 habere
656 1591 894 1635 quomodolibet
913 1598 1054 1635 praeten-

310 1646 428 1687 dentes,
443 1646 486 1679 eis
503 1646 682 1678 nullatenus
701 1644 926 1684 consenserint,
940 1655 997 1677 nec
1015 1645 1053 1677 ad

312 1711 348 1734 ea
367 1699 469 1734 vocati
489 1704 519 1732 et
535 1699 642 1740 auditi,
660 1698 826 1742 minusque
844 1709 964 1741 causae,
983 1710 1055 1742 pro-

312 1759 384 1798 pter
407 1763 485 1797 quas
510 1753 638 1786 eaedem
663 1752 1054 1796 praesentesemanarint,

313 1807 474 1849 adductae,
495 1806 682 1847 verificatae,
701 1817 755 1839 seu
772 1806 847 1839 alias
872 1806 1055 1840 iustificatae

313 1860 440 1902 fuerint,
460 1861 547 1894 nullo
576 1871 714 1904 unquam
738 1865 878 1904 tempore
896 1860 933 1893 de
952 1861 1057 1893 subre-

315 1915 442 1961 ptionis,
467 1914 635 1955 nullitatis,
660 1920 711 1947 aut
735 1914 934 1949 invaliditatis
960 1915 1056 1956 vitio,

316 1980 370 2003 seu
390 1969 571 2002 intentionis
588 1974 723 2009 nostrae,
745 1979 800 2001 seu
820 1969 881 2001 alio
897 1979 1056 2012 quoquam

315 2023 449 2063 defectu,
467 2022 560 2056 etiam
578 2022 779 2067 quantumvis
795 2033 920 2066 magno,
934 2023 1058 2056 inexco-

316 2077 423 2121 ginato
449 2082 479 2109 et
503 2076 709 2117 substantiali,
729 2077 793 2110 sive
810 2081 839 2111 et
859 2087 895 2110 ex
913 2087 960 2119 eo,
974 2077 1058 2120 quod

317 2131 418 2165 dictus
443 2130 597 2163 Henricus
629 2130 767 2163 officium
799 2131 947 2174 praefecti
972 2141 1059 2164 com-

317 2190 466 2230 putorum
491 2184 673 2218 huiusmodi
691 2184 749 2217 sibi
767 2184 805 2217 ad
824 2184 890 2217 eius
908 2185 1002 2218 vitam
1022 2196 1059 2218 cx

320 2240 414 2272 causa
441 2243 471 2271 et
494 2238 584 2271 titulo
601 2248 687 2271 mere
707 2238 849 2272 onerosis
875 2249 1059 2272 concessum

320 2288 486 2334 obtineret,
511 2296 541 2326 et
563 2292 596 2325 in
628 2292 768 2326 eiusdem
793 2292 887 2326 officii
912 2293 1060 2336 praefecti

320 2345 501 2380 huiusmodi
533 2346 755 2390 suppressione
788 2351 818 2381 et
853 2347 1041 2380 extinctione
1054 2374 1061 2388 ,

321 2399 595 2444 concessionisque
626 2404 656 2434 et
688 2401 929 2444 assignationis,
960 2401 1061 2434 eidem

321 2453 457 2487 Henrico
473 2453 511 2487 de
526 2453 608 2488 dicto
625 2455 728 2488 officio
746 2456 911 2496 saetarum,
925 2460 958 2488 ut
975 2466 1063 2499 prae-

321 2508 432 2548 fertur,
457 2508 673 2550 revocatione,
701 2509 873 2543 cassatione
888 2537 895 2550 ,
915 2509 1060 2541 annulla-

324 2561 418 2602 tione,
436 2561 620 2603 irritatione,
645 2563 776 2606 aliisque
800 2563 993 2607 praemissis,
1019 2574 1065 2597 so-

322 2614 499 2648 lemnitates
531 2619 561 2647 et
592 2615 719 2658 quaevis
753 2616 814 2649 alia
847 2617 1000 2650 servanda
1035 2623 1066 2650 ct

357 2679 371 2705 1
388 2677 564 2713 Subintellige
579 2678 745 2706 reducimus
761 2680 801 2713 (R.
819 2680 868 2714 T.).

403 2731 484 2761 Bull-
504 2732 590 2761 Rom.
612 2747 646 2753 -
665 2733 724 2762 Vol.
740 2733 824 2761 XIII.
987 2733 1022 2761 67

1073 302 1273 347 adimplenda
1290 306 1411 335 servata
1431 306 1461 335 et
1477 300 1647 344 adimpleta
1666 309 1729 332 non
1745 299 1812 332 suc-

1075 356 1146 395 rint,
1163 360 1214 389 aut
1231 366 1267 388 ex
1293 355 1404 399 quovis
1429 354 1490 387 alio
1515 354 1626 397 capite,
1644 363 1660 385 a
1679 352 1745 384 itu-e
1766 353 1813 384 vel
1840 390 1845 395 .

1074 410 1164 449 sacto,
1183 414 1236 441 aut
1261 413 1384 448 statuto,
1403 409 1448 440 vel
1467 407 1692 441 consuetudine
1710 407 1813 448 aliqua

1075 462 1256 501 resultante,
1281 472 1333 493 seu
1360 461 1452 493 etiam
1479 461 1633 500 enormis,
1661 460 1815 492 enormis-

1075 515 1171 546 simae
1191 519 1221 546 et
1246 514 1348 546 totalis
1372 514 1528 554 laesionis,
1546 519 1594 546 aut
1615 524 1815 557 quocumque

1076 568 1137 601 alio
1158 567 1275 608 colore,
1293 567 1383 599 etiam
1400 567 1430 599 in
1444 578 1579 610 corpore
1599 567 1674 599 iuris
1699 567 1814 606 clause,

1077 632 1131 654 seu
1156 621 1321 654 occasione
1342 622 1387 653 vel
1406 623 1509 661 causa,
1531 621 1622 653 etiam
1648 626 1815 664 quantum-

1077 676 1125 709 vis
1144 675 1235 718 iusta,
1253 674 1430 707 rationabili
1450 679 1479 706 et
1495 674 1705 717 privilegiata,
1723 674 1816 706 etiam

1077 729 1130 762 tali
1151 739 1231 772 quac
1251 728 1290 760 ad
1315 727 1460 760 effectum
1486 727 1653 759 validitatis
1670 727 1818 770 praemis<

1078 792 1187 815 sorum
1212 781 1390 815 necessario
1415 780 1619 824 exprimenda
1644 780 1745 821 soret,
1767 786 1819 813 aut

1079 836 1164 880 quod
1190 836 1228 869 de
1253 836 1412 868 voluntate
1438 837 1546 867 nostra
1578 834 1758 867 huiusmodi
1791 839 1820 867 et

1079 891 1147 923 aliis
1172 889 1317 934 superius
1334 889 1491 933 expressis
1509 899 1564 921 seu
1582 888 1688 921 relatis
1711 888 1821 921 niliilo-

1080 945 1184 977 minus
1209 944 1287 977 ulibi
1312 948 1490 988 appareret,
1508 954 1562 976 seu
1578 943 1668 975 aliter
1692 943 1820 986 probari

1081 1003 1197 1043 posset,
1217 997 1329 1040 notari,
1351 997 1543 1041 impugnari,
1572 996 1745 1039 invalidari,
1772 1007 1822 1029 re-

1081 1052 1229 1093 tractari,
1254 1052 1286 1084 in
1310 1051 1358 1084 ius
1386 1051 1433 1083 vel
1458 1051 1704 1084 controversiam
1730 1061 1822 1083 revo-

1082 1105 1166 1147 cari,
1195 1110 1248 1138 aut
1272 1105 1310 1137 ad
1335 1104 1485 1138 terminos
1517 1105 1595 1137 iuris
1620 1104 1748 1144 reduci,
1772 1104 1823 1137 vel

1083 1160 1234 1193 adversus
1258 1160 1326 1192 illas
1354 1160 1561 1194 restitutionis
1587 1160 1618 1192 in
1643 1159 1823 1202 integrum,

1083 1213 1266 1258 aperitionis
1290 1214 1374 1255 oris,
1403 1213 1595 1247 reductionis
1626 1213 1664 1245 ad
1688 1213 1770 1245 viam
1795 1218 1825 1245 et

1084 1268 1234 1301 terminos
1259 1268 1346 1309 iuris,
1365 1273 1417 1300 aut
1434 1267 1517 1299 aliud
1541 1266 1762 1311 quodcumque
1783 1267 1826 1299 iu-

1085 1323 1138 1363 ris,
1155 1322 1235 1364 sacti,
1261 1321 1390 1364 gratiae,
1417 1321 1464 1353 vel
1490 1320 1625 1353 iustitiae
1648 1319 1824 1352 remedium

1085 1375 1258 1420 impetrari,
1276 1385 1331 1408 seu
1352 1374 1445 1407 etiam
1463 1379 1561 1415 motu,
1579 1373 1709 1407 seientia
1726 1378 1756 1405 et
1773 1384 1827 1416 po-

1086 1430 1203 1464 testatis
1227 1429 1421 1473 plenitudine
1437 1429 1592 1462 similibus
1612 1427 1752 1467 concedi,
1774 1432 1827 1460 aut

1086 1485 1130 1517 sic
1155 1484 1343 1528 impetrato,
1369 1484 1417 1516 vel
1450 1493 1621 1523 concesso,
1646 1482 1828 1526 quempiam

1086 1538 1152 1578 uti,
1174 1548 1229 1570 seu
1254 1547 1286 1569 se
1318 1537 1425 1569 iurare
1456 1536 1488 1568 in
1519 1535 1636 1568 iudicio
1670 1535 1717 1567 rel
1742 1540 1829 1567 extra

1086 1601 1189 1634 posse,
1206 1601 1308 1634 neque
1326 1590 1408 1634 ipsas
1427 1594 1609 1633 praesentes
1626 1589 1683 1622 sub
1702 1589 1830 1632 quibus-

1087 1645 1132 1677 x'is
1160 1645 1333 1684 similium,
1359 1644 1407 1676 vel
1431 1643 1632 1676 dissimilium
1657 1643 1830 1686 gratiarum

1088 1698 1353 1739 revocationibus,
1380 1696 1649 1741 suspensionibus,
1674 1695 1832 1729 limitatio-

1088 1753 1190 1795 nibus,
1212 1757 1264 1785 aut
1289 1751 1357 1784 aliis
1382 1750 1549 1784 contrariis
1574 1749 1832 1793 dispositionibus

1090 1817 1148 1850 pro
1165 1812 1308 1850 tempore
1329 1804 1567 1849 quomodolibet
1584 1803 1733 1836 faciendis
1751 1814 1833 1836 com-

1090 1859 1263 1905 prehendi;
1293 1859 1348 1904 sed
1373 1869 1498 1902 semper
1522 1858 1560 1890 ab
1585 1857 1646 1890 illis
1672 1861 1832 1900 exceptas,

1090 1919 1308 1959 perpetuoque
1334 1912 1471 1953 validas,
1497 1912 1605 1945 firmas
1638 1916 1667 1945 et
1692 1911 1833 1944 efficaces

1091 1969 1225 2001 existere
1251 1972 1280 2000 et
1296 1967 1372 2007 sore,
1394 1976 1532 2010 suosque
1556 1965 1713 2010 plenarios
1738 1970 1767 1996 et
1792 1964 1835 1997 in-

1093 2028 1197 2066 tegros
1223 2021 1352 2054 effectus
1377 2020 1483 2053 sortiri
1508 2024 1538 2052 et
1555 2019 1707 2059 obtinere,
1727 2029 1761 2050 ac
1779 2029 1834 2062 per

1091 2081 1233 2110 nostrum
1250 2081 1280 2108 et
1294 2074 1427 2108 Romani
1444 2074 1603 2107 Pontificis
1620 2084 1678 2116 pro
1693 2078 1835 2116 tempore..

1093 2130 1254 2164 existentis
1274 2129 1439 2167 datarium,
1454 2128 1594 2171 aliosque
1609 2137 1718 2160 omnes
1736 2131 1765 2160 et
1778 2126 1837 2158 sin-

1094 2185 1205 2228 gulos,
1231 2184 1269 2216 ad
1293 2194 1371 2227 quos
1397 2187 1515 2226 spectat
1545 2186 1574 2214 et
1599 2180 1836 2224 quomodolibet

1095 2238 1248 2283 spectabit
1265 2238 1296 2270 in
1313 2238 1465 2277 futurum,
1487 2235 1708 2268 inviolabiliter
1732 2234 1838 2267 obser-

1095 2293 1177 2332 vari,
1203 2292 1310 2335 sicque
1335 2297 1364 2324 et
1392 2301 1455 2323 non
1486 2290 1576 2322 aliter
1600 2289 1631 2321 in
1655 2287 1837 2332 praemissis

1095 2346 1243 2379 omnibus
1268 2350 1298 2378 et
1322 2345 1454 2387 singulis
1478 2354 1534 2388 per
1558 2352 1774 2386 quoscumque
1795 2341 1839 2374 iu-

1097 2401 1181 2433 dices
1198 2399 1376 2433 ordinarios
1391 2404 1420 2431 et
1433 2398 1602 2440 delegatos,
1620 2396 1713 2429 etiam
1734 2406 1839 2429 causa-

1097 2466 1167 2489 rum
1183 2454 1289 2499 palatii
1304 2452 1467 2498 apostolici
1485 2451 1654 2491 auditores,
1668 2455 1698 2483 ct
1712 2451 1740 2484 S.
1755 2451 1789 2484 P..
1804 2451 1837 2484 E.

1098 2509 1291 2550 cardinales,
1317 2518 1352 2541 ac
1378 2506 1589 2540 camerarium
1622 2509 1651 2538 et
1680 2505 1840 2537 thesaura-

1099 2564 1193 2603 rium,
1210 2571 1333 2594 necnon
1358 2560 1571 2605 praesidentes
1597 2564 1626 2592 et
1643 2559 1774 2592 clericos
1793 2569 1840 2591 ca-

1100 2627 1205 2650 merae
1218 2620 1343 2649 nostrae
1357 2615 1558 2659 apostolicae,
1572 2614 1604 2646 in
1617 2613 1726 2657 quavis
1744 2615 1839 2646 causa

1100 2675 1130 2704 et
1153 2669 1299 2704 instantia
1315 2669 1453 2713 <sublata
1469 2669 1513 2702 eis
1533 2674 1563 2702 et
1582 2678 1693 2702 eorum
1711 2667 1839 2701 cuilibet

1716 242 1779 275 5⁶29
1826 251 1873 277 An.
1891 250 1919 277 C.
1942 250 2008 278 1627
