<?xml version="1.0" encoding="UTF-8"?>
<!DOCTYPE html PUBLIC "-//W3C//DTD XHTML 1.0 Transitional//EN"
    "http://www.w3.org/TR/xhtml1/DTD/xhtml1-transitional.dtd">
<html xmlns="http://www.w3.org/1999/xhtml" xml:lang="en" lang="en">
 <head>
  <title>
</title>
<meta http-equiv="Content-Type" content="text/html;charset=utf-8" />
  <meta name='ocr-system' content='tesseract 3.04.00' />
  <meta name='ocr-capabilities' content='ocr_page ocr_carea ocr_par ocr_line ocrx_word'/>
</head>
<body>
  <div class='ocr_page' id='page_1' title='image "./bullarumdiplomat13cath_0123.png"; bbox 0 0 2269 3235; ppageno 0'>
   <div class='ocr_carea' id='block_1_1' title="bbox 82 275 267 307">
    <p class='ocr_par' dir='ltr' id='par_1_1' title="bbox 82 275 267 307">
     <span class='ocr_line' id='line_1_1' title="bbox 82 275 267 307; baseline 0.011 -3"><span class='ocrx_word' id='word_1_1' title='bbox 82 275 132 305; x_wconf 74' lang='lat' dir='ltr'>An.</span> <span class='ocrx_word' id='word_1_2' title='bbox 149 278 178 306; x_wconf 88' lang='lat' dir='ltr'>C.</span> <span class='ocrx_word' id='word_1_3' title='bbox 200 279 267 307; x_wconf 64' lang='lat'><strong>1623</strong></span> 
     </span>
    </p>
   </div>
   <div class='ocr_carea' id='block_1_2' title="bbox 83 2524 267 2685">
    <p class='ocr_par' dir='ltr' id='par_1_2' title="bbox 83 2524 267 2685">
     <span class='ocr_line' id='line_1_2' title="bbox 110 2524 267 2546; baseline 0.006 -2"><span class='ocrx_word' id='word_1_4' title='bbox 110 2524 160 2544; x_wconf 78' lang='lat' dir='ltr'>Cum</span> <span class='ocrx_word' id='word_1_5' title='bbox 171 2526 267 2546; x_wconf 77' lang='lat' dir='ltr'>omnihus</span> 
     </span>
     <span class='ocr_line' id='line_1_3' title="bbox 83 2551 266 2576; baseline 0.016 -7"><span class='ocrx_word' id='word_1_6' title='bbox 83 2551 198 2576; x_wconf 61' lang='lat' dir='ltr'>privilegus</span> <span class='ocrx_word' id='word_1_7' title='bbox 230 2553 266 2572; x_wconf 80' lang='lat' dir='ltr'>liu·</span> 
     </span>
     <span class='ocr_line' id='line_1_4' title="bbox 84 2579 266 2599; baseline 0 -1"><span class='ocrx_word' id='word_1_8' title='bbox 84 2579 173 2598; x_wconf 66' lang='lat' dir='ltr'>immadi</span> <span class='ocrx_word' id='word_1_9' title='bbox 193 2579 266 2599; x_wconf 81' lang='lat' dir='ltr'>nobili·</span> 
     </span>
     <span class='ocr_line' id='line_1_5' title="bbox 84 2606 267 2627; baseline 0.005 -3"><span class='ocrx_word' id='word_1_10' title='bbox 84 2606 129 2627; x_wconf 69' lang='lat' dir='ltr'>huS.</span> <span class='ocrx_word' id='word_1_11' title='bbox 146 2608 233 2625; x_wconf 73' lang='lat' dir='ltr'>nutat-ns</span> <span class='ocrx_word' id='word_1_12' title='bbox 246 2611 267 2625; x_wconf 84' lang='lat' dir='ltr'>a·</span> 
     </span>
     <span class='ocr_line' id='line_1_6' title="bbox 84 2632 267 2657; baseline 0.011 -6"><span class='ocrx_word' id='word_1_13' title='bbox 84 2632 204 2657; x_wconf 78' lang='lat' dir='ltr'>postolieis,</span> <span class='ocrx_word' id='word_1_14' title='bbox 226 2634 267 2653; x_wconf 76' lang='lat' dir='ltr'>etc.</span> 
     </span>
     <span class='ocr_line' id='line_1_7' title="bbox 84 2658 259 2685; baseline 0.006 -6"><span class='ocrx_word' id='word_1_15' title='bbox 84 2658 259 2685; x_wconf 76' lang='lat' dir='ltr'>competentibus.</span> 
     </span>
    </p>
   </div>
   <div class='ocr_carea' id='block_1_3' title="bbox 894 282 1187 306">
    <p class='ocr_par' dir='ltr' id='par_1_3' title="bbox 894 282 1187 306">
     <span class='ocr_line' id='line_1_8' title="bbox 894 282 1187 306; baseline 0.007 -2"><span class='ocrx_word' id='word_1_16' title='bbox 894 282 1035 305; x_wconf 80' lang='lat' dir='ltr'>URBANUS</span> <span class='ocrx_word' id='word_1_17' title='bbox 1060 282 1114 305; x_wconf 80' lang='lat' dir='ltr'>Vlll</span> <span class='ocrx_word' id='word_1_18' title='bbox 1140 283 1187 306; x_wconf 78' lang='grc' dir='ltr'>ΙΨ.</span> 
     </span>
    </p>
   </div>
   <div class='ocr_carea' id='block_1_4' title="bbox 280 327 1027 2725">
    <p class='ocr_par' dir='ltr' id='par_1_4' title="bbox 280 327 1027 2501">
     <span class='ocr_line' id='line_1_9' title="bbox 281 327 1022 372; baseline 0.001 -12"><span class='ocrx_word' id='word_1_19' title='bbox 281 327 394 370; x_wconf 88' lang='lat' dir='ltr'>dignos</span> <span class='ocrx_word' id='word_1_20' title='bbox 418 328 470 361; x_wconf 82' lang='lat' dir='ltr'>tali</span> <span class='ocrx_word' id='word_1_21' title='bbox 496 328 646 372; x_wconf 84' lang='lat' dir='ltr'>dignitate</span> <span class='ocrx_word' id='word_1_22' title='bbox 671 329 889 371; x_wconf 81' lang='lat' dir='ltr'>iudicaverint,</span> <span class='ocrx_word' id='word_1_23' title='bbox 916 329 946 361; x_wconf 91' lang='lat' dir='ltr'>in</span> <span class='ocrx_word' id='word_1_24' title='bbox 971 339 1022 361; x_wconf 83' lang='lat' dir='ltr'>no-</span> 
     </span>
     <span class='ocr_line' id='line_1_10' title="bbox 281 381 1022 425; baseline 0.001 -12"><span class='ocrx_word' id='word_1_25' title='bbox 281 385 363 414; x_wconf 88' lang='lat' dir='ltr'>stros</span> <span class='ocrx_word' id='word_1_26' title='bbox 387 385 417 414; x_wconf 89' lang='lat' dir='ltr'>et</span> <span class='ocrx_word' id='word_1_27' title='bbox 440 382 636 425; x_wconf 88' lang='lat' dir='ltr'>Apostolicae</span> <span class='ocrx_word' id='word_1_28' title='bbox 660 381 748 416; x_wconf 88' lang='lat' dir='ltr'>Sedis</span> <span class='ocrx_word' id='word_1_29' title='bbox 771 381 930 422; x_wconf 85' lang='lat' dir='ltr'>notarios,</span> <span class='ocrx_word' id='word_1_30' title='bbox 956 381 1022 414; x_wconf 89' lang='lat' dir='ltr'>sine</span> 
     </span>
     <span class='ocr_line' id='line_1_11' title="bbox 282 434 1023 479; baseline 0.003 -13"><span class='ocrx_word' id='word_1_31' title='bbox 282 438 385 467; x_wconf 89' lang='lat' dir='ltr'>tamen</span> <span class='ocrx_word' id='word_1_32' title='bbox 403 435 597 479; x_wconf 87' lang='lat' dir='ltr'>praeiudicio</span> <span class='ocrx_word' id='word_1_33' title='bbox 611 435 797 468; x_wconf 87' lang='lat' dir='ltr'>dilectorum</span> <span class='ocrx_word' id='word_1_34' title='bbox 813 434 952 467; x_wconf 86' lang='lat' dir='ltr'>filiorum</span> <span class='ocrx_word' id='word_1_35' title='bbox 970 445 1023 468; x_wconf 87' lang='lat'>110-</span> 
     </span>
     <span class='ocr_line' id='line_1_12' title="bbox 281 487 1022 532; baseline 0 -12"><span class='ocrx_word' id='word_1_36' title='bbox 281 487 433 521; x_wconf 86' lang='lat' dir='ltr'>tariorum</span> <span class='ocrx_word' id='word_1_37' title='bbox 457 488 495 521; x_wconf 93' lang='lat' dir='ltr'>de</span> <span class='ocrx_word' id='word_1_38' title='bbox 519 498 652 521; x_wconf 91' lang='lat' dir='ltr'>numero</span> <span class='ocrx_word' id='word_1_39' title='bbox 675 487 933 532; x_wconf 77' lang='lat' dir='ltr'>participantium</span> <span class='ocrx_word' id='word_1_40' title='bbox 948 514 955 528; x_wconf 94' lang='lat'>,</span> <span class='ocrx_word' id='word_1_41' title='bbox 981 492 1022 520; x_wconf 83' lang='lat' dir='ltr'>te-</span> 
     </span>
     <span class='ocr_line' id='line_1_13' title="bbox 281 541 1021 585; baseline 0 -11"><span class='ocrx_word' id='word_1_42' title='bbox 281 550 357 574; x_wconf 92' lang='lat' dir='ltr'>nore</span> <span class='ocrx_word' id='word_1_43' title='bbox 378 542 590 585; x_wconf 89' lang='lat' dir='ltr'>praesentium</span> <span class='ocrx_word' id='word_1_44' title='bbox 614 541 795 584; x_wconf 79' lang='lat' dir='ltr'><strong>recipimus,</strong></span> <span class='ocrx_word' id='word_1_45' title='bbox 813 546 843 574; x_wconf 79' lang='lat' dir='ltr'>et</span> <span class='ocrx_word' id='word_1_46' title='bbox 860 544 922 575; x_wconf 89' lang='lat' dir='ltr'>tam</span> <span class='ocrx_word' id='word_1_47' title='bbox 940 541 1021 581; x_wconf 91' lang='lat' dir='ltr'>illos,</span> 
     </span>
     <span class='ocr_line' id='line_1_14' title="bbox 281 594 1022 638; baseline 0.001 -12"><span class='ocrx_word' id='word_1_48' title='bbox 281 604 374 637; x_wconf 85' lang='lat' dir='ltr'>quam</span> <span class='ocrx_word' id='word_1_49' title='bbox 399 594 477 628; x_wconf 88' lang='lat' dir='ltr'>alios</span> <span class='ocrx_word' id='word_1_50' title='bbox 500 594 657 638; x_wconf 78' lang='lat' dir='ltr'>dapiferos</span> <span class='ocrx_word' id='word_1_51' title='bbox 677 594 826 637; x_wconf 85' lang='lat' dir='ltr'>singulos,</span> <span class='ocrx_word' id='word_1_52' title='bbox 844 594 898 638; x_wconf 88' lang='lat' dir='ltr'>qui</span> <span class='ocrx_word' id='word_1_53' title='bbox 918 594 1022 638; x_wconf 86' lang='lat' dir='ltr'>singil-</span> 
     </span>
     <span class='ocr_line' id='line_1_15' title="bbox 282 647 1021 691; baseline 0.001 -12"><span class='ocrx_word' id='word_1_54' title='bbox 282 647 367 680; x_wconf 90' lang='lat' dir='ltr'>latim</span> <span class='ocrx_word' id='word_1_55' title='bbox 384 648 423 680; x_wconf 89' lang='lat' dir='ltr'>ab</span> <span class='ocrx_word' id='word_1_56' title='bbox 441 648 558 681; x_wconf 90' lang='lat' dir='ltr'>eisdem</span> <span class='ocrx_word' id='word_1_57' title='bbox 582 647 683 681; x_wconf 89' lang='lat' dir='ltr'>tribus</span> <span class='ocrx_word' id='word_1_58' title='bbox 704 647 916 681; x_wconf 81' lang='lat' dir='ltr'>cardinalibus</span> <span class='ocrx_word' id='word_1_59' title='bbox 935 648 1021 691; x_wconf 84' lang='lat' dir='ltr'>digni</span> 
     </span>
     <span class='ocr_line' id='line_1_16' title="bbox 281 700 1021 745; baseline 0.003 -13"><span class='ocrx_word' id='word_1_60' title='bbox 281 700 334 732; x_wconf 85' lang='lat' dir='ltr'>tali</span> <span class='ocrx_word' id='word_1_61' title='bbox 358 701 478 734; x_wconf 85' lang='lat' dir='ltr'>honore</span> <span class='ocrx_word' id='word_1_62' title='bbox 494 701 660 745; x_wconf 88' lang='lat' dir='ltr'>approbati</span> <span class='ocrx_word' id='word_1_63' title='bbox 676 701 802 742; x_wconf 85' lang='lat' dir='ltr'>fuerint,</span> <span class='ocrx_word' id='word_1_64' title='bbox 820 701 900 734; x_wconf 86' lang='lat' dir='ltr'>sacri</span> <span class='ocrx_word' id='word_1_65' title='bbox 916 701 1021 745; x_wconf 87' lang='lat' dir='ltr'>palatii</span> 
     </span>
     <span class='ocr_line' id='line_1_17' title="bbox 281 754 1021 795; baseline 0.003 -9"><span class='ocrx_word' id='word_1_66' title='bbox 281 758 311 787; x_wconf 90' lang='lat' dir='ltr'>et</span> <span class='ocrx_word' id='word_1_67' title='bbox 334 754 423 787; x_wconf 87' lang='lat' dir='ltr'>aulae</span> <span class='ocrx_word' id='word_1_68' title='bbox 445 754 663 787; x_wconf 86' lang='lat' dir='ltr'>Lateranensis</span> <span class='ocrx_word' id='word_1_69' title='bbox 689 755 821 788; x_wconf 76' lang='lat' dir='ltr'>comites</span> <span class='ocrx_word' id='word_1_70' title='bbox 838 760 868 788; x_wconf 89' lang='lat' dir='ltr'>et</span> <span class='ocrx_word' id='word_1_71' title='bbox 887 755 1021 795; x_wconf 75' lang='lat' dir='ltr'>milites,</span> 
     </span>
     <span class='ocr_line' id='line_1_18' title="bbox 280 808 1022 853; baseline 0.001 -12"><span class='ocrx_word' id='word_1_72' title='bbox 280 817 317 841; x_wconf 74' lang='lat' dir='ltr'>ac</span> <span class='ocrx_word' id='word_1_73' title='bbox 341 813 403 841; x_wconf 91' lang='lat' dir='ltr'>tam</span> <span class='ocrx_word' id='word_1_74' title='bbox 428 808 508 849; x_wconf 90' lang='lat' dir='ltr'>illos,</span> <span class='ocrx_word' id='word_1_75' title='bbox 525 819 619 852; x_wconf 88' lang='lat' dir='ltr'>quam</span> <span class='ocrx_word' id='word_1_76' title='bbox 644 809 721 842; x_wconf 88' lang='lat' dir='ltr'>alios</span> <span class='ocrx_word' id='word_1_77' title='bbox 746 819 855 842; x_wconf 90' lang='lat' dir='ltr'>omnes</span> <span class='ocrx_word' id='word_1_78' title='bbox 879 813 909 843; x_wconf 88' lang='lat' dir='ltr'>ct</span> <span class='ocrx_word' id='word_1_79' title='bbox 931 820 1022 853; x_wconf 86' lang='lat' dir='ltr'>quos-</span> 
     </span>
     <span class='ocr_line' id='line_1_19' title="bbox 282 861 1021 906; baseline 0.001 -12"><span class='ocrx_word' id='word_1_80' title='bbox 282 872 416 905; x_wconf 91' lang='lat' dir='ltr'>cumque</span> <span class='ocrx_word' id='word_1_81' title='bbox 435 861 594 906; x_wconf 84' lang='lat' dir='ltr'>dapiferos</span> <span class='ocrx_word' id='word_1_82' title='bbox 619 862 806 903; x_wconf 88' lang='lat' dir='ltr'>indistincte,</span> <span class='ocrx_word' id='word_1_83' title='bbox 823 862 876 906; x_wconf 87' lang='lat' dir='ltr'>qui</span> <span class='ocrx_word' id='word_1_84' title='bbox 900 862 1021 896; x_wconf 89' lang='lat' dir='ltr'>nobiles</span> 
     </span>
     <span class='ocr_line' id='line_1_20' title="bbox 281 915 1023 959; baseline 0.003 -12"><span class='ocrx_word' id='word_1_85' title='bbox 281 924 344 948; x_wconf 89' lang='lat' dir='ltr'>non</span> <span class='ocrx_word' id='word_1_86' title='bbox 368 919 450 955; x_wconf 86' lang='lat' dir='ltr'>sunt,</span> <span class='ocrx_word' id='word_1_87' title='bbox 474 915 613 956; x_wconf 89' lang='lat' dir='ltr'>nobiles,</span> <span class='ocrx_word' id='word_1_88' title='bbox 637 916 754 959; x_wconf 88' lang='lat' dir='ltr'>quique</span> <span class='ocrx_word' id='word_1_89' title='bbox 776 915 878 956; x_wconf 87' lang='lat' dir='ltr'>Urbis,</span> <span class='ocrx_word' id='word_1_90' title='bbox 899 916 946 949; x_wconf 79' lang='lat' dir='ltr'>vel</span> <span class='ocrx_word' id='word_1_91' title='bbox 970 916 1023 949; x_wconf 89' lang='lat' dir='ltr'>ali-</span> 
     </span>
     <span class='ocr_line' id='line_1_21' title="bbox 282 969 1021 1015; baseline 0.001 -13"><span class='ocrx_word' id='word_1_92' title='bbox 282 969 370 1002; x_wconf 89' lang='lat' dir='ltr'>cuius</span> <span class='ocrx_word' id='word_1_93' title='bbox 405 969 533 1002; x_wconf 85' lang='lat' dir='ltr'>alterius</span> <span class='ocrx_word' id='word_1_94' title='bbox 567 980 604 1002; x_wconf 87' lang='lat' dir='ltr'>ex</span> <span class='ocrx_word' id='word_1_95' title='bbox 640 970 818 1003; x_wconf 82' lang='lat' dir='ltr'>civitatibus</span> <span class='ocrx_word' id='word_1_96' title='bbox 855 971 1021 1015; x_wconf 86' lang='lat' dir='ltr'>temporali</span> 
     </span>
     <span class='ocr_line' id='line_1_22' title="bbox 281 1023 1023 1057; baseline 0.003 -2"><span class='ocrx_word' id='word_1_97' title='bbox 281 1023 420 1057; x_wconf 89' lang='lat' dir='ltr'>dominio</span> <span class='ocrx_word' id='word_1_98' title='bbox 451 1023 552 1057; x_wconf 87' lang='lat' dir='ltr'>dietae</span> <span class='ocrx_word' id='word_1_99' title='bbox 583 1024 742 1057; x_wconf 88' lang='lat' dir='ltr'>Romanae</span> <span class='ocrx_word' id='word_1_100' title='bbox 774 1024 931 1057; x_wconf 79' lang='lat' dir='ltr'>Ecclesiae</span> <span class='ocrx_word' id='word_1_101' title='bbox 959 1035 1023 1057; x_wconf 89' lang='lat' dir='ltr'>me-</span> 
     </span>
     <span class='ocr_line' id='line_1_23' title="bbox 281 1077 1022 1112; baseline 0.001 -2"><span class='ocrx_word' id='word_1_102' title='bbox 281 1077 363 1112; x_wconf 84' lang='lat' dir='ltr'>diate</span> <span class='ocrx_word' id='word_1_103' title='bbox 386 1077 435 1110; x_wconf 85' lang='lat' dir='ltr'>vel</span> <span class='ocrx_word' id='word_1_104' title='bbox 459 1077 638 1110; x_wconf 75' lang='lat' dir='ltr'>immediate</span> <span class='ocrx_word' id='word_1_105' title='bbox 668 1077 816 1110; x_wconf 85' lang='lat' dir='ltr'>subiectis</span> <span class='ocrx_word' id='word_1_106' title='bbox 848 1077 931 1110; x_wconf 91' lang='lat' dir='ltr'>cives</span> <span class='ocrx_word' id='word_1_107' title='bbox 955 1088 1022 1111; x_wconf 88' lang='lat' dir='ltr'>esse</span> 
     </span>
     <span class='ocr_line' id='line_1_24' title="bbox 282 1130 1021 1176; baseline 0.001 -13"><span class='ocrx_word' id='word_1_108' title='bbox 282 1130 449 1171; x_wconf 83' lang='lat' dir='ltr'>voluerint,</span> <span class='ocrx_word' id='word_1_109' title='bbox 466 1130 607 1174; x_wconf 85' lang='lat' dir='ltr'>singulos</span> <span class='ocrx_word' id='word_1_110' title='bbox 630 1130 661 1163; x_wconf 89' lang='lat' dir='ltr'>in</span> <span class='ocrx_word' id='word_1_111' title='bbox 685 1130 752 1174; x_wconf 78' lang='lat' dir='ltr'>ipsa</span> <span class='ocrx_word' id='word_1_112' title='bbox 775 1130 909 1171; x_wconf 86' lang='lat' dir='ltr'>civitate,</span> <span class='ocrx_word' id='word_1_113' title='bbox 927 1141 1021 1176; x_wconf 84' lang='lat' dir='ltr'>quam</span> 
     </span>
     <span class='ocr_line' id='line_1_25' title="bbox 282 1183 1022 1228; baseline 0.001 -12"><span class='ocrx_word' id='word_1_114' title='bbox 282 1183 463 1227; x_wconf 77' lang='lat' dir='ltr'>singillatim</span> <span class='ocrx_word' id='word_1_115' title='bbox 487 1183 619 1228; x_wconf 88' lang='lat' dir='ltr'>quisque</span> <span class='ocrx_word' id='word_1_116' title='bbox 643 1193 754 1217; x_wconf 88' lang='lat' dir='ltr'>eorum</span> <span class='ocrx_word' id='word_1_117' title='bbox 778 1183 918 1226; x_wconf 82' lang='lat' dir='ltr'>elegerit,</span> <span class='ocrx_word' id='word_1_118' title='bbox 936 1189 966 1217; x_wconf 93' lang='lat' dir='ltr'>et</span> <span class='ocrx_word' id='word_1_119' title='bbox 984 1184 1022 1217; x_wconf 92' lang='lat' dir='ltr'>ad</span> 
     </span>
     <span class='ocr_line' id='line_1_26' title="bbox 282 1236 1022 1281; baseline 0 -11"><span class='ocrx_word' id='word_1_120' title='bbox 282 1248 376 1281; x_wconf 85' lang='lat' dir='ltr'>quam</span> <span class='ocrx_word' id='word_1_121' title='bbox 399 1247 432 1270; x_wconf 88' lang='lat' dir='ltr'>se</span> <span class='ocrx_word' id='word_1_122' title='bbox 456 1237 495 1270; x_wconf 90' lang='lat' dir='ltr'>ab</span> <span class='ocrx_word' id='word_1_123' title='bbox 521 1237 640 1270; x_wconf 89' lang='lat' dir='ltr'>eisdem</span> <span class='ocrx_word' id='word_1_124' title='bbox 664 1236 877 1270; x_wconf 83' lang='lat' dir='ltr'>cardinalibus</span> <span class='ocrx_word' id='word_1_125' title='bbox 901 1237 1022 1270; x_wconf 81' lang='lat' dir='ltr'>admitti</span> 
     </span>
     <span class='ocr_line' id='line_1_27' title="bbox 281 1290 1022 1334; baseline 0 -11"><span class='ocrx_word' id='word_1_126' title='bbox 281 1290 427 1334; x_wconf 83' lang='lat' dir='ltr'>petierit,</span> <span class='ocrx_word' id='word_1_127' title='bbox 453 1301 544 1323; x_wconf 88' lang='lat' dir='ltr'>veros</span> <span class='ocrx_word' id='word_1_128' title='bbox 569 1290 652 1323; x_wconf 82' lang='lat' dir='ltr'>cives</span> <span class='ocrx_word' id='word_1_129' title='bbox 681 1290 719 1323; x_wconf 89' lang='lat' dir='ltr'>ad</span> <span class='ocrx_word' id='word_1_130' title='bbox 750 1290 847 1323; x_wconf 88' lang='lat' dir='ltr'>instar</span> <span class='ocrx_word' id='word_1_131' title='bbox 879 1293 908 1324; x_wconf 91' lang='lat' dir='ltr'>et</span> <span class='ocrx_word' id='word_1_132' title='bbox 937 1291 1022 1323; x_wconf 74' lang='lat' dir='ltr'>nulla</span> 
     </span>
     <span class='ocr_line' id='line_1_28' title="bbox 280 1343 1023 1387; baseline 0.001 -11"><span class='ocrx_word' id='word_1_133' title='bbox 280 1354 411 1387; x_wconf 87' lang='lat' dir='ltr'>prorsus</span> <span class='ocrx_word' id='word_1_134' title='bbox 435 1343 611 1376; x_wconf 81' lang='lat' dir='ltr'>differentia</span> <span class='ocrx_word' id='word_1_135' title='bbox 641 1343 722 1376; x_wconf 88' lang='lat' dir='ltr'>inter</span> <span class='ocrx_word' id='word_1_136' title='bbox 752 1354 805 1377; x_wconf 88' lang='lat' dir='ltr'>eos</span> <span class='ocrx_word' id='word_1_137' title='bbox 829 1349 859 1376; x_wconf 88' lang='lat' dir='ltr'>et</span> <span class='ocrx_word' id='word_1_138' title='bbox 883 1344 1023 1387; x_wconf 87' lang='lat' dir='ltr'>singulos</span> 
     </span>
     <span class='ocr_line' id='line_1_29' title="bbox 282 1396 1023 1440; baseline 0.001 -11"><span class='ocrx_word' id='word_1_139' title='bbox 282 1397 359 1430; x_wconf 81' lang='lat' dir='ltr'>alios</span> <span class='ocrx_word' id='word_1_140' title='bbox 383 1407 490 1438; x_wconf 90' lang='lat' dir='ltr'>veros,</span> <span class='ocrx_word' id='word_1_141' title='bbox 516 1396 705 1440; x_wconf 87' lang='lat' dir='ltr'>originarios</span> <span class='ocrx_word' id='word_1_142' title='bbox 733 1402 763 1429; x_wconf 88' lang='lat' dir='ltr'>et</span> <span class='ocrx_word' id='word_1_143' title='bbox 788 1397 1023 1440; x_wconf 85' lang='lat' dir='ltr'>antiquissimos</span> 
     </span>
     <span class='ocr_line' id='line_1_30' title="bbox 282 1450 1024 1495; baseline 0.001 -12"><span class='ocrx_word' id='word_1_144' title='bbox 282 1451 375 1483; x_wconf 87' lang='lat' dir='ltr'>etiam</span> <span class='ocrx_word' id='word_1_145' title='bbox 391 1450 513 1484; x_wconf 88' lang='lat' dir='ltr'>nobiles</span> <span class='ocrx_word' id='word_1_146' title='bbox 533 1455 562 1483; x_wconf 87' lang='lat' dir='ltr'>et</span> <span class='ocrx_word' id='word_1_147' title='bbox 581 1450 804 1494; x_wconf 80' lang='lat' dir='ltr'>participantes</span> <span class='ocrx_word' id='word_1_148' title='bbox 825 1450 907 1483; x_wconf 85' lang='lat' dir='ltr'>cives</span> <span class='ocrx_word' id='word_1_149' title='bbox 925 1451 1024 1495; x_wconf 87' lang='lat' dir='ltr'>ipsius</span> 
     </span>
     <span class='ocr_line' id='line_1_31' title="bbox 282 1502 1025 1547; baseline 0 -11"><span class='ocrx_word' id='word_1_150' title='bbox 282 1503 387 1546; x_wconf 84' lang='lat' dir='ltr'>Urbis,</span> <span class='ocrx_word' id='word_1_151' title='bbox 414 1503 460 1536; x_wconf 82' lang='lat' dir='ltr'>vel</span> <span class='ocrx_word' id='word_1_152' title='bbox 486 1503 634 1543; x_wconf 87' lang='lat' dir='ltr'>civitatis,</span> <span class='ocrx_word' id='word_1_153' title='bbox 659 1502 701 1535; x_wconf 87' lang='lat' dir='ltr'>ita</span> <span class='ocrx_word' id='word_1_154' title='bbox 725 1508 759 1536; x_wconf 91' lang='lat' dir='ltr'>ut</span> <span class='ocrx_word' id='word_1_155' title='bbox 783 1503 886 1547; x_wconf 89' lang='lat' dir='ltr'>ipsum</span> <span class='ocrx_word' id='word_1_156' title='bbox 911 1503 959 1536; x_wconf 90' lang='lat' dir='ltr'>ius</span> <span class='ocrx_word' id='word_1_157' title='bbox 984 1504 1025 1537; x_wconf 91' lang='lat' dir='ltr'>ci-</span> 
     </span>
     <span class='ocr_line' id='line_1_32' title="bbox 283 1556 1024 1600; baseline 0.001 -11"><span class='ocrx_word' id='word_1_158' title='bbox 283 1557 384 1591; x_wconf 78' lang='lat' dir='ltr'>vitatis</span> <span class='ocrx_word' id='word_1_159' title='bbox 408 1556 446 1590; x_wconf 88' lang='lat' dir='ltr'>ad</span> <span class='ocrx_word' id='word_1_160' title='bbox 471 1566 689 1600; x_wconf 87' lang='lat' dir='ltr'>quoscumque</span> <span class='ocrx_word' id='word_1_161' title='bbox 720 1556 848 1589; x_wconf 90' lang='lat' dir='ltr'>illorum</span> <span class='ocrx_word' id='word_1_162' title='bbox 873 1557 1024 1590; x_wconf 88' lang='lat' dir='ltr'>haeredes</span> 
     </span>
     <span class='ocr_line' id='line_1_33' title="bbox 283 1610 1025 1651; baseline 0 -8"><span class='ocrx_word' id='word_1_163' title='bbox 283 1610 394 1644; x_wconf 89' lang='lat' dir='ltr'>eodem</span> <span class='ocrx_word' id='word_1_164' title='bbox 419 1610 513 1644; x_wconf 88' lang='lat' dir='ltr'>modo</span> <span class='ocrx_word' id='word_1_165' title='bbox 542 1614 697 1650; x_wconf 86' lang='lat' dir='ltr'>transeat,</span> <span class='ocrx_word' id='word_1_166' title='bbox 722 1620 883 1651; x_wconf 78' lang='lat' dir='ltr'>creamuS,</span> <span class='ocrx_word' id='word_1_167' title='bbox 909 1611 1025 1643; x_wconf 89' lang='lat' dir='ltr'>consti-</span> 
     </span>
     <span class='ocr_line' id='line_1_34' title="bbox 284 1663 1026 1706; baseline 0 -10"><span class='ocrx_word' id='word_1_168' title='bbox 284 1663 399 1697; x_wconf 89' lang='lat' dir='ltr'>tuimus</span> <span class='ocrx_word' id='word_1_169' title='bbox 431 1668 461 1696; x_wconf 85' lang='lat' dir='ltr'>et</span> <span class='ocrx_word' id='word_1_170' title='bbox 492 1663 712 1706; x_wconf 77' lang='lat' dir='ltr'>assignamus,</span> <span class='ocrx_word' id='word_1_171' title='bbox 737 1673 773 1696; x_wconf 91' lang='lat' dir='ltr'>ac</span> <span class='ocrx_word' id='word_1_172' title='bbox 800 1663 971 1696; x_wconf 84' lang='lat' dir='ltr'>nobilitatis</span> <span class='ocrx_word' id='word_1_173' title='bbox 996 1669 1026 1697; x_wconf 86' lang='lat' dir='ltr'>et</span> 
     </span>
     <span class='ocr_line' id='line_1_35' title="bbox 283 1717 1026 1760; baseline 0.003 -11"><span class='ocrx_word' id='word_1_174' title='bbox 283 1717 438 1750; x_wconf 82' lang='lat' dir='ltr'>civilitatis</span> <span class='ocrx_word' id='word_1_175' title='bbox 463 1717 562 1758; x_wconf 92' lang='lat' dir='ltr'>titulo,</span> <span class='ocrx_word' id='word_1_176' title='bbox 582 1717 703 1750; x_wconf 87' lang='lat' dir='ltr'>honore</span> <span class='ocrx_word' id='word_1_177' title='bbox 727 1720 758 1750; x_wconf 88' lang='lat' dir='ltr'>et</span> <span class='ocrx_word' id='word_1_178' title='bbox 781 1717 957 1760; x_wconf 80' lang='lat' dir='ltr'>insignibus</span> <span class='ocrx_word' id='word_1_179' title='bbox 976 1717 1026 1751; x_wconf 87' lang='lat' dir='ltr'>de-</span> 
     </span>
     <span class='ocr_line' id='line_1_36' title="bbox 283 1771 1025 1815; baseline 0 -11"><span class='ocrx_word' id='word_1_180' title='bbox 283 1782 450 1814; x_wconf 85' lang='lat' dir='ltr'>coramus,</span> <span class='ocrx_word' id='word_1_181' title='bbox 475 1771 673 1815; x_wconf 88' lang='lat' dir='ltr'>aliorumque</span> <span class='ocrx_word' id='word_1_182' title='bbox 697 1771 899 1804; x_wconf 88' lang='lat' dir='ltr'>familiarium</span> <span class='ocrx_word' id='word_1_183' title='bbox 927 1772 1025 1805; x_wconf 91' lang='lat' dir='ltr'>conti-</span> 
     </span>
     <span class='ocr_line' id='line_1_37' title="bbox 283 1823 1027 1869; baseline -0.001 -11"><span class='ocrx_word' id='word_1_184' title='bbox 283 1835 417 1858; x_wconf 92' lang='lat' dir='ltr'>nuorum</span> <span class='ocrx_word' id='word_1_185' title='bbox 432 1823 691 1857; x_wconf 87' lang='lat' dir='ltr'>commensalium</span> <span class='ocrx_word' id='word_1_186' title='bbox 708 1823 799 1857; x_wconf 89' lang='lat' dir='ltr'>nobis</span> <span class='ocrx_word' id='word_1_187' title='bbox 816 1829 887 1858; x_wconf 89' lang='lat' dir='ltr'>actu</span> <span class='ocrx_word' id='word_1_188' title='bbox 900 1824 932 1857; x_wconf 90' lang='lat' dir='ltr'>in</span> <span class='ocrx_word' id='word_1_189' title='bbox 944 1825 1027 1869; x_wconf 89' lang='lat' dir='ltr'>pala-</span> 
     </span>
     <span class='ocr_line' id='line_1_38' title="bbox 284 1878 1026 1922; baseline 0.001 -12"><span class='ocrx_word' id='word_1_190' title='bbox 284 1879 326 1912; x_wconf 90' lang='lat' dir='ltr'>tio</span> <span class='ocrx_word' id='word_1_191' title='bbox 343 1883 451 1912; x_wconf 90' lang='lat' dir='ltr'>nostro</span> <span class='ocrx_word' id='word_1_192' title='bbox 467 1878 641 1922; x_wconf 87' lang='lat' dir='ltr'>apostolico</span> <span class='ocrx_word' id='word_1_193' title='bbox 661 1878 876 1921; x_wconf 86' lang='lat' dir='ltr'>servientium,</span> <span class='ocrx_word' id='word_1_194' title='bbox 893 1883 923 1912; x_wconf 84' lang='lat' dir='ltr'>et</span> <span class='ocrx_word' id='word_1_195' title='bbox 942 1879 1026 1912; x_wconf 91' lang='lat' dir='ltr'>illius</span> 
     </span>
     <span class='ocr_line' id='line_1_39' title="bbox 283 1931 1026 1973; baseline 0.003 -9"><span class='ocrx_word' id='word_1_196' title='bbox 283 1932 391 1965; x_wconf 88' lang='lat' dir='ltr'>tinello</span> <span class='ocrx_word' id='word_1_197' title='bbox 408 1931 640 1965; x_wconf 85' lang='lat' dir='ltr'>comedentium</span> <span class='ocrx_word' id='word_1_198' title='bbox 657 1937 688 1965; x_wconf 87' lang='lat' dir='ltr'>et</span> <span class='ocrx_word' id='word_1_199' title='bbox 703 1931 889 1973; x_wconf 82' lang='lat' dir='ltr'>bibentium,</span> <span class='ocrx_word' id='word_1_200' title='bbox 906 1938 1026 1967; x_wconf 83' lang='lat' dir='ltr'>nostro-</span> 
     </span>
     <span class='ocr_line' id='line_1_40' title="bbox 284 1984 1026 2030; baseline 0.003 -13"><span class='ocrx_word' id='word_1_201' title='bbox 284 1995 354 2018; x_wconf 89' lang='lat' dir='ltr'>rum</span> <span class='ocrx_word' id='word_1_202' title='bbox 379 1990 409 2018; x_wconf 92' lang='lat' dir='ltr'>et</span> <span class='ocrx_word' id='word_1_203' title='bbox 432 1984 520 2018; x_wconf 85' lang='lat' dir='ltr'>Sedis</span> <span class='ocrx_word' id='word_1_204' title='bbox 543 1984 721 2029; x_wconf 85' lang='lat' dir='ltr'>praedictae</span> <span class='ocrx_word' id='word_1_205' title='bbox 744 1986 952 2027; x_wconf 88' lang='lat' dir='ltr'>notariorum,</span> <span class='ocrx_word' id='word_1_206' title='bbox 974 1997 1026 2030; x_wconf 90' lang='lat' dir='ltr'>pa-</span> 
     </span>
     <span class='ocr_line' id='line_1_41' title="bbox 283 2039 1025 2083; baseline 0.003 -12"><span class='ocrx_word' id='word_1_207' title='bbox 283 2039 410 2083; x_wconf 87' lang='lat' dir='ltr'>latiique</span> <span class='ocrx_word' id='word_1_208' title='bbox 434 2044 465 2072; x_wconf 90' lang='lat' dir='ltr'>et</span> <span class='ocrx_word' id='word_1_209' title='bbox 487 2039 577 2072; x_wconf 86' lang='lat' dir='ltr'>aulae</span> <span class='ocrx_word' id='word_1_210' title='bbox 600 2039 834 2083; x_wconf 85' lang='lat' dir='ltr'>praedictarum</span> <span class='ocrx_word' id='word_1_211' title='bbox 863 2040 1025 2081; x_wconf 88' lang='lat' dir='ltr'>comitum,</span> 
     </span>
     <span class='ocr_line' id='line_1_42' title="bbox 283 2092 1025 2134; baseline 0.001 -9"><span class='ocrx_word' id='word_1_212' title='bbox 283 2092 417 2126; x_wconf 91' lang='lat' dir='ltr'>militum</span> <span class='ocrx_word' id='word_1_213' title='bbox 450 2097 480 2126; x_wconf 91' lang='lat' dir='ltr'>et</span> <span class='ocrx_word' id='word_1_214' title='bbox 510 2093 684 2134; x_wconf 88' lang='lat' dir='ltr'>nobilium,</span> <span class='ocrx_word' id='word_1_215' title='bbox 709 2103 744 2126; x_wconf 90' lang='lat' dir='ltr'>ac</span> <span class='ocrx_word' id='word_1_216' title='bbox 769 2092 885 2126; x_wconf 90' lang='lat' dir='ltr'>civium</span> <span class='ocrx_word' id='word_1_217' title='bbox 917 2093 1025 2127; x_wconf 89' lang='lat' dir='ltr'>huius-</span> 
     </span>
     <span class='ocr_line' id='line_1_43' title="bbox 282 2146 1025 2189; baseline 0.001 -10"><span class='ocrx_word' id='word_1_218' title='bbox 282 2146 366 2179; x_wconf 90' lang='lat' dir='ltr'>modi</span> <span class='ocrx_word' id='word_1_219' title='bbox 387 2146 633 2189; x_wconf 85' lang='lat' dir='ltr'>originariorum</span> <span class='ocrx_word' id='word_1_220' title='bbox 658 2157 792 2180; x_wconf 89' lang='lat' dir='ltr'>numero</span> <span class='ocrx_word' id='word_1_221' title='bbox 817 2152 846 2180; x_wconf 90' lang='lat' dir='ltr'>et</span> <span class='ocrx_word' id='word_1_222' title='bbox 866 2148 1025 2181; x_wconf 79' lang='lat' dir='ltr'>consortio</span> 
     </span>
     <span class='ocr_line' id='line_1_44' title="bbox 282 2201 1024 2245; baseline 0.003 -12"><span class='ocrx_word' id='word_1_223' title='bbox 282 2201 493 2235; x_wconf 84' lang='lat' dir='ltr'>favorabiliter</span> <span class='ocrx_word' id='word_1_224' title='bbox 521 2211 753 2244; x_wconf 79' lang='lat' dir='ltr'>aggregamus,</span> <span class='ocrx_word' id='word_1_225' title='bbox 778 2211 813 2234; x_wconf 90' lang='lat' dir='ltr'>ac</span> <span class='ocrx_word' id='word_1_226' title='bbox 837 2212 896 2245; x_wconf 87' lang='lat' dir='ltr'>pro</span> <span class='ocrx_word' id='word_1_227' title='bbox 921 2202 1024 2243; x_wconf 71' lang='lat' dir='ltr'>veris,</span> 
     </span>
     <span class='ocr_line' id='line_1_45' title="bbox 283 2254 1025 2296; baseline 0.003 -10"><span class='ocrx_word' id='word_1_228' title='bbox 283 2254 463 2287; x_wconf 86' lang='lat' dir='ltr'>indubitatis</span> <span class='ocrx_word' id='word_1_229' title='bbox 480 2258 510 2288; x_wconf 91' lang='lat' dir='ltr'>et</span> <span class='ocrx_word' id='word_1_230' title='bbox 530 2264 594 2288; x_wconf 92' lang='lat' dir='ltr'>non</span> <span class='ocrx_word' id='word_1_231' title='bbox 614 2254 695 2287; x_wconf 90' lang='lat' dir='ltr'>fictis</span> <span class='ocrx_word' id='word_1_232' title='bbox 714 2254 932 2296; x_wconf 81' lang='lat' dir='ltr'>familiaribus,</span> <span class='ocrx_word' id='word_1_233' title='bbox 951 2266 1025 2288; x_wconf 88' lang='lat' dir='ltr'>con-</span> 
     </span>
     <span class='ocr_line' id='line_1_46' title="bbox 283 2308 1024 2349; baseline 0.003 -9"><span class='ocrx_word' id='word_1_234' title='bbox 283 2308 377 2340; x_wconf 89' lang='lat' dir='ltr'>tinuis</span> <span class='ocrx_word' id='word_1_235' title='bbox 400 2308 675 2349; x_wconf 82' lang='lat' dir='ltr'>commensalibus,</span> <span class='ocrx_word' id='word_1_236' title='bbox 695 2319 731 2341; x_wconf 88' lang='lat' dir='ltr'>ac</span> <span class='ocrx_word' id='word_1_237' title='bbox 752 2309 882 2342; x_wconf 88' lang='lat' dir='ltr'>notariis</span> <span class='ocrx_word' id='word_1_238' title='bbox 898 2309 1024 2349; x_wconf 85' lang='lat' dir='ltr'>nostris,</span> 
     </span>
     <span class='ocr_line' id='line_1_47' title="bbox 282 2361 1025 2408; baseline 0.004 -14"><span class='ocrx_word' id='word_1_239' title='bbox 282 2361 522 2405; x_wconf 77' lang='lat' dir='ltr'>comitibusque,</span> <span class='ocrx_word' id='word_1_240' title='bbox 548 2362 717 2403; x_wconf 89' lang='lat' dir='ltr'>militibus,</span> <span class='ocrx_word' id='word_1_241' title='bbox 743 2363 965 2408; x_wconf 88' lang='lat' dir='ltr'>nobilibusque</span> <span class='ocrx_word' id='word_1_242' title='bbox 990 2374 1025 2396; x_wconf 87' lang='lat' dir='ltr'>ac</span> 
     </span>
     <span class='ocr_line' id='line_1_48' title="bbox 282 2414 1025 2460; baseline 0.004 -14"><span class='ocrx_word' id='word_1_243' title='bbox 282 2414 402 2447; x_wconf 84' lang='lat' dir='ltr'>civibus</span> <span class='ocrx_word' id='word_1_244' title='bbox 418 2414 564 2458; x_wconf 85' lang='lat' dir='ltr'>deinceps</span> <span class='ocrx_word' id='word_1_245' title='bbox 588 2416 697 2448; x_wconf 90' lang='lat' dir='ltr'>haberi</span> <span class='ocrx_word' id='word_1_246' title='bbox 722 2421 752 2449; x_wconf 89' lang='lat' dir='ltr'>et</span> <span class='ocrx_word' id='word_1_247' title='bbox 775 2418 914 2460; x_wconf 88' lang='lat' dir='ltr'>reputari</span> <span class='ocrx_word' id='word_1_248' title='bbox 937 2418 1025 2451; x_wconf 80' lang='lat' dir='ltr'>volu-</span> 
     </span>
     <span class='ocr_line' id='line_1_49' title="bbox 282 2467 625 2501; baseline 0.003 -1"><span class='ocrx_word' id='word_1_249' title='bbox 282 2479 352 2501; x_wconf 87' lang='lat' dir='ltr'>mus</span> <span class='ocrx_word' id='word_1_250' title='bbox 377 2472 406 2501; x_wconf 92' lang='lat' dir='ltr'>et</span> <span class='ocrx_word' id='word_1_251' title='bbox 430 2467 625 2501; x_wconf 73' lang='lat' dir='ltr'>mandamus,</span> 
     </span>
    </p>

    <p class='ocr_par' dir='ltr' id='par_1_5' title="bbox 282 2521 1026 2725">
     <span class='ocr_line' id='line_1_50' title="bbox 327 2521 1025 2567; baseline 0.003 -14"><span class='ocrx_word' id='word_1_252' title='bbox 327 2522 341 2565; x_wconf 65' lang='grc' dir='ltr'>ξ</span> <span class='ocrx_word' id='word_1_253' title='bbox 365 2521 394 2554; x_wconf 81' lang='lat'>3.</span> <span class='ocrx_word' id='word_1_254' title='bbox 421 2521 552 2564; x_wconf 78' lang='lat' dir='ltr'>Bisque,</span> <span class='ocrx_word' id='word_1_255' title='bbox 576 2526 610 2554; x_wconf 93' lang='lat' dir='ltr'>ut</span> <span class='ocrx_word' id='word_1_256' title='bbox 635 2522 666 2554; x_wconf 93' lang='lat' dir='ltr'>in</span> <span class='ocrx_word' id='word_1_257' title='bbox 690 2522 941 2567; x_wconf 79' lang='lat' dir='ltr'>quibuscumque</span> <span class='ocrx_word' id='word_1_258' title='bbox 966 2522 1025 2555; x_wconf 90' lang='lat' dir='ltr'>im-</span> 
     </span>
     <span class='ocr_line' id='line_1_51' title="bbox 282 2574 1024 2618; baseline 0.003 -11"><span class='ocrx_word' id='word_1_259' title='bbox 282 2574 527 2618; x_wconf 86' lang='lat' dir='ltr'>petrationibus,</span> <span class='ocrx_word' id='word_1_260' title='bbox 553 2575 809 2610; x_wconf 87' lang='lat' dir='ltr'>concessionibus</span> <span class='ocrx_word' id='word_1_261' title='bbox 833 2582 863 2609; x_wconf 88' lang='lat' dir='ltr'>et</span> <span class='ocrx_word' id='word_1_262' title='bbox 894 2576 1024 2618; x_wconf 88' lang='lat' dir='ltr'>litteris,</span> 
     </span>
     <span class='ocr_line' id='line_1_52' title="bbox 283 2628 1025 2672; baseline 0.003 -11"><span class='ocrx_word' id='word_1_263' title='bbox 283 2634 345 2661; x_wconf 88' lang='lat' dir='ltr'>tam</span> <span class='ocrx_word' id='word_1_264' title='bbox 370 2628 504 2672; x_wconf 81' lang='lat' dir='ltr'>gratiam</span> <span class='ocrx_word' id='word_1_265' title='bbox 534 2639 629 2672; x_wconf 90' lang='lat' dir='ltr'>quam</span> <span class='ocrx_word' id='word_1_266' title='bbox 659 2629 808 2663; x_wconf 82' lang='lat' dir='ltr'>iustitiam</span> <span class='ocrx_word' id='word_1_267' title='bbox 833 2640 1025 2663; x_wconf 88' lang='lat' dir='ltr'>concernen-</span> 
     </span>
     <span class='ocr_line' id='line_1_53' title="bbox 282 2682 1026 2725; baseline 0.004 -10"><span class='ocrx_word' id='word_1_268' title='bbox 282 2682 385 2725; x_wconf 80' lang='lat' dir='ltr'>tibus,</span> <span class='ocrx_word' id='word_1_269' title='bbox 410 2693 442 2715; x_wconf 90' lang='lat' dir='ltr'>se</span> <span class='ocrx_word' id='word_1_270' title='bbox 476 2682 644 2716; x_wconf 84' lang='lat' dir='ltr'>familiares</span> <span class='ocrx_word' id='word_1_271' title='bbox 669 2683 832 2718; x_wconf 88' lang='lat' dir='ltr'>continuos</span> <span class='ocrx_word' id='word_1_272' title='bbox 865 2695 1026 2718; x_wconf 87' lang='lat' dir='ltr'>commen-</span> 
     </span>
    </p>
   </div>
   <div class='ocr_carea' id='block_1_5' title="bbox 1038 495 1040 1062">
    <p class='ocr_par' dir='ltr' id='par_1_6' title="bbox 1038 495 1040 1062">
     <span class='ocr_line' id='line_1_54' title="bbox 1038 495 1040 1062; baseline 0 0"><span class='ocrx_word' id='word_1_273' title='bbox 1038 495 1040 1062; x_wconf 95' lang='lat' dir='ltr'> </span> 
     </span>
    </p>
   </div>
   <div class='ocr_carea' id='block_1_6' title="bbox 1038 495 1043 1780">
    <p class='ocr_par' dir='ltr' id='par_1_7' title="bbox 1038 495 1043 1780">
     <span class='ocr_line' id='line_1_55' title="bbox 1038 495 1043 1780; baseline 0 0"><span class='ocrx_word' id='word_1_274' title='bbox 1038 495 1043 1780; x_wconf 95' lang='lat' dir='ltr'> </span> 
     </span>
    </p>
   </div>
   <div class='ocr_carea' id='block_1_7' title="bbox 1054 329 1803 2720">
    <p class='ocr_par' dir='ltr' id='par_1_8' title="bbox 1054 329 1803 2720">
     <span class='ocr_line' id='line_1_56' title="bbox 1057 329 1795 370; baseline 0 -8"><span class='ocrx_word' id='word_1_275' title='bbox 1057 331 1136 363; x_wconf 81' lang='lat' dir='ltr'>sales</span> <span class='ocrx_word' id='word_1_276' title='bbox 1160 334 1284 364; x_wconf 80' lang='lat' dir='ltr'>nostros</span> <span class='ocrx_word' id='word_1_277' title='bbox 1308 336 1338 363; x_wconf 86' lang='lat' dir='ltr'>et</span> <span class='ocrx_word' id='word_1_278' title='bbox 1361 330 1502 370; x_wconf 84' lang='lat' dir='ltr'>comites,</span> <span class='ocrx_word' id='word_1_279' title='bbox 1522 329 1646 370; x_wconf 81' lang='lat' dir='ltr'>milites,</span> <span class='ocrx_word' id='word_1_280' title='bbox 1663 329 1795 369; x_wconf 87' lang='lat' dir='ltr'>nobiles,</span> 
     </span>
     <span class='ocr_line' id='line_1_57' title="bbox 1056 382 1796 426; baseline 0.001 -12"><span class='ocrx_word' id='word_1_281' title='bbox 1056 393 1091 415; x_wconf 90' lang='lat' dir='ltr'>ae</span> <span class='ocrx_word' id='word_1_282' title='bbox 1115 383 1197 416; x_wconf 72' lang='lat' dir='ltr'>cives</span> <span class='ocrx_word' id='word_1_283' title='bbox 1221 384 1314 416; x_wconf 86' lang='lat' dir='ltr'>etiam</span> <span class='ocrx_word' id='word_1_284' title='bbox 1339 383 1529 426; x_wconf 85' lang='lat' dir='ltr'>originarios</span> <span class='ocrx_word' id='word_1_285' title='bbox 1548 382 1719 423; x_wconf 89' lang='lat' dir='ltr'>nominare,</span> <span class='ocrx_word' id='word_1_286' title='bbox 1740 392 1796 416; x_wconf 90' lang='lat' dir='ltr'>nec</span> 
     </span>
     <span class='ocr_line' id='line_1_58' title="bbox 1057 436 1797 479; baseline 0.003 -12"><span class='ocrx_word' id='word_1_287' title='bbox 1057 441 1226 478; x_wconf 78' lang='lat' dir='ltr'>propterea</span> <span class='ocrx_word' id='word_1_288' title='bbox 1251 437 1498 479; x_wconf 85' lang='lat' dir='ltr'>impetrationes,</span> <span class='ocrx_word' id='word_1_289' title='bbox 1524 436 1743 470; x_wconf 87' lang='lat' dir='ltr'>concessiones</span> <span class='ocrx_word' id='word_1_290' title='bbox 1767 441 1797 469; x_wconf 87' lang='lat' dir='ltr'>et</span> 
     </span>
     <span class='ocr_line' id='line_1_59' title="bbox 1056 488 1796 533; baseline 0.005 -14"><span class='ocrx_word' id='word_1_291' title='bbox 1056 488 1178 520; x_wconf 75' lang='lat' dir='ltr'>litterae</span> <span class='ocrx_word' id='word_1_292' title='bbox 1192 488 1276 532; x_wconf 84' lang='lat' dir='ltr'>ipsae</span> <span class='ocrx_word' id='word_1_293' title='bbox 1291 489 1502 533; x_wconf 87' lang='lat' dir='ltr'>subreptionis</span> <span class='ocrx_word' id='word_1_294' title='bbox 1515 490 1590 523; x_wconf 76' lang='lat' dir='ltr'>vitio</span> <span class='ocrx_word' id='word_1_295' title='bbox 1606 489 1796 530; x_wconf 85' lang='lat' dir='ltr'>subiaceant,</span> 
     </span>
     <span class='ocr_line' id='line_1_60' title="bbox 1056 540 1796 584; baseline 0.004 -11"><span class='ocrx_word' id='word_1_296' title='bbox 1056 540 1109 573; x_wconf 89' lang='lat' dir='ltr'>sed</span> <span class='ocrx_word' id='word_1_297' title='bbox 1135 541 1254 574; x_wconf 77' lang='lat' dir='ltr'>validae</span> <span class='ocrx_word' id='word_1_298' title='bbox 1286 546 1315 574; x_wconf 89' lang='lat' dir='ltr'>et</span> <span class='ocrx_word' id='word_1_299' title='bbox 1345 542 1486 575; x_wconf 86' lang='lat' dir='ltr'>efficaces</span> <span class='ocrx_word' id='word_1_300' title='bbox 1517 543 1669 584; x_wconf 80' lang='lat' dir='ltr'>existant,</span> <span class='ocrx_word' id='word_1_301' title='bbox 1693 554 1729 576; x_wconf 87' lang='lat' dir='ltr'>ac</span> <span class='ocrx_word' id='word_1_302' title='bbox 1759 553 1796 576; x_wconf 84' lang='lat' dir='ltr'>ex</span> 
     </span>
     <span class='ocr_line' id='line_1_61' title="bbox 1055 594 1798 638; baseline 0.005 -12"><span class='ocrx_word' id='word_1_303' title='bbox 1055 604 1138 626; x_wconf 88' lang='lat' dir='ltr'>nune</span> <span class='ocrx_word' id='word_1_304' title='bbox 1158 594 1306 638; x_wconf 87' lang='lat' dir='ltr'>deinceps</span> <span class='ocrx_word' id='word_1_305' title='bbox 1331 594 1362 626; x_wconf 92' lang='lat' dir='ltr'>in</span> <span class='ocrx_word' id='word_1_306' title='bbox 1387 600 1576 638; x_wconf 89' lang='lat' dir='ltr'>perpetuum</span> <span class='ocrx_word' id='word_1_307' title='bbox 1601 596 1748 630; x_wconf 85' lang='lat' dir='ltr'>omnibus</span> <span class='ocrx_word' id='word_1_308' title='bbox 1767 599 1798 630; x_wconf 87' lang='lat' dir='ltr'>et</span> 
     </span>
     <span class='ocr_line' id='line_1_62' title="bbox 1055 646 1798 691; baseline 0.005 -12"><span class='ocrx_word' id='word_1_309' title='bbox 1055 646 1315 691; x_wconf 85' lang='lat' dir='ltr'>quibuscumque,</span> <span class='ocrx_word' id='word_1_310' title='bbox 1333 658 1368 680; x_wconf 88' lang='lat' dir='ltr'>ac</span> <span class='ocrx_word' id='word_1_311' title='bbox 1387 658 1518 691; x_wconf 86' lang='lat' dir='ltr'>prorsus</span> <span class='ocrx_word' id='word_1_312' title='bbox 1543 649 1697 683; x_wconf 89' lang='lat' dir='ltr'>similibus</span> <span class='ocrx_word' id='word_1_313' title='bbox 1716 655 1798 684; x_wconf 88' lang='lat' dir='ltr'>ante-</span> 
     </span>
     <span class='ocr_line' id='line_1_63' title="bbox 1056 699 1798 747; baseline 0.004 -14"><span class='ocrx_word' id='word_1_314' title='bbox 1056 699 1235 741; x_wconf 87' lang='lat' dir='ltr'>lationibus,</span> <span class='ocrx_word' id='word_1_315' title='bbox 1248 701 1473 734; x_wconf 88' lang='lat' dir='ltr'>antelationum</span> <span class='ocrx_word' id='word_1_316' title='bbox 1487 703 1723 745; x_wconf 79' lang='lat' dir='ltr'>praerogativis,</span> <span class='ocrx_word' id='word_1_317' title='bbox 1737 703 1798 747; x_wconf 91' lang='lat' dir='ltr'>pri-</span> 
     </span>
     <span class='ocr_line' id='line_1_64' title="bbox 1056 753 1799 797; baseline 0.004 -11"><span class='ocrx_word' id='word_1_318' title='bbox 1056 753 1188 797; x_wconf 80' lang='lat' dir='ltr'>vilegiis,</span> <span class='ocrx_word' id='word_1_319' title='bbox 1202 754 1407 795; x_wconf 87' lang='lat' dir='ltr'>libertatibus,</span> <span class='ocrx_word' id='word_1_320' title='bbox 1421 754 1680 796; x_wconf 74' lang='lat' dir='ltr'>immimitatibus,</span> <span class='ocrx_word' id='word_1_321' title='bbox 1698 767 1799 789; x_wconf 85' lang='lat' dir='ltr'>exem-</span> 
     </span>
     <span class='ocr_line' id='line_1_65' title="bbox 1054 807 1797 852; baseline 0.003 -12"><span class='ocrx_word' id='word_1_322' title='bbox 1054 807 1233 852; x_wconf 86' lang='lat' dir='ltr'>ptionibus,</span> <span class='ocrx_word' id='word_1_323' title='bbox 1258 808 1392 842; x_wconf 85' lang='lat' dir='ltr'>decretis</span> <span class='ocrx_word' id='word_1_324' title='bbox 1407 835 1414 848; x_wconf 91' lang='lat'>‚</span> <span class='ocrx_word' id='word_1_325' title='bbox 1439 808 1720 850; x_wconf 87' lang='lat' dir='ltr'>declarationibus,</span> <span class='ocrx_word' id='word_1_326' title='bbox 1745 810 1797 843; x_wconf 90' lang='lat' dir='ltr'>de-</span> 
     </span>
     <span class='ocr_line' id='line_1_66' title="bbox 1056 861 1798 907; baseline 0.003 -13"><span class='ocrx_word' id='word_1_327' title='bbox 1056 861 1294 905; x_wconf 85' lang='lat' dir='ltr'>rogationibus,</span> <span class='ocrx_word' id='word_1_328' title='bbox 1321 862 1474 895; x_wconf 87' lang='lat' dir='ltr'>mandatis</span> <span class='ocrx_word' id='word_1_329' title='bbox 1488 890 1495 903; x_wconf 93' lang='lat'>,</span> <span class='ocrx_word' id='word_1_330' title='bbox 1520 862 1777 907; x_wconf 86' lang='lat' dir='ltr'>suspensionibus</span> <span class='ocrx_word' id='word_1_331' title='bbox 1791 890 1798 904; x_wconf 92' lang='lat'>,</span> 
     </span>
     <span class='ocr_line' id='line_1_67' title="bbox 1056 915 1799 960; baseline 0.004 -13"><span class='ocrx_word' id='word_1_332' title='bbox 1056 915 1230 956; x_wconf 80' lang='lat' dir='ltr'>favoribus,</span> <span class='ocrx_word' id='word_1_333' title='bbox 1255 915 1380 958; x_wconf 86' lang='lat' dir='ltr'>gratiis,</span> <span class='ocrx_word' id='word_1_334' title='bbox 1405 915 1587 960; x_wconf 86' lang='lat' dir='ltr'>privilegiis,</span> <span class='ocrx_word' id='word_1_335' title='bbox 1613 915 1740 950; x_wconf 87' lang='lat' dir='ltr'>indultis</span> <span class='ocrx_word' id='word_1_336' title='bbox 1764 926 1799 950; x_wconf 82' lang='lat' dir='ltr'>ac</span> 
     </span>
     <span class='ocr_line' id='line_1_68' title="bbox 1056 968 1799 1012; baseline 0.004 -12"><span class='ocrx_word' id='word_1_337' title='bbox 1056 968 1188 1009; x_wconf 88' lang='lat' dir='ltr'>iuribus,</span> <span class='ocrx_word' id='word_1_338' title='bbox 1213 969 1327 1012; x_wconf 89' lang='lat' dir='ltr'>quibus</span> <span class='ocrx_word' id='word_1_339' title='bbox 1343 969 1394 1002; x_wconf 87' lang='lat' dir='ltr'>alii</span> <span class='ocrx_word' id='word_1_340' title='bbox 1415 968 1515 1002; x_wconf 88' lang='lat' dir='ltr'>nostri</span> <span class='ocrx_word' id='word_1_341' title='bbox 1539 969 1709 1003; x_wconf 85' lang='lat' dir='ltr'>familiares</span> <span class='ocrx_word' id='word_1_342' title='bbox 1726 974 1799 1003; x_wconf 91' lang='lat' dir='ltr'>tem-</span> 
     </span>
     <span class='ocr_line' id='line_1_69' title="bbox 1056 1021 1799 1067; baseline 0.004 -14"><span class='ocrx_word' id='word_1_343' title='bbox 1056 1032 1132 1066; x_wconf 86' lang='lat' dir='ltr'>pore</span> <span class='ocrx_word' id='word_1_344' title='bbox 1146 1021 1234 1055; x_wconf 89' lang='lat' dir='ltr'>datae</span> <span class='ocrx_word' id='word_1_345' title='bbox 1250 1022 1474 1067; x_wconf 87' lang='lat' dir='ltr'>assumptionis</span> <span class='ocrx_word' id='word_1_346' title='bbox 1486 1027 1612 1056; x_wconf 89' lang='lat' dir='ltr'>nostrae</span> <span class='ocrx_word' id='word_1_347' title='bbox 1630 1023 1668 1056; x_wconf 88' lang='lat' dir='ltr'>ad</span> <span class='ocrx_word' id='word_1_348' title='bbox 1684 1023 1799 1056; x_wconf 89' lang='lat' dir='ltr'>summi</span> 
     </span>
     <span class='ocr_line' id='line_1_70' title="bbox 1056 1076 1799 1120; baseline 0.001 -12"><span class='ocrx_word' id='word_1_349' title='bbox 1056 1076 1248 1119; x_wconf 87' lang='lat' dir='ltr'>apostolatus</span> <span class='ocrx_word' id='word_1_350' title='bbox 1262 1076 1393 1120; x_wconf 87' lang='lat' dir='ltr'>apicem,</span> <span class='ocrx_word' id='word_1_351' title='bbox 1408 1086 1443 1109; x_wconf 89' lang='lat' dir='ltr'>ac</span> <span class='ocrx_word' id='word_1_352' title='bbox 1460 1076 1573 1120; x_wconf 84' lang='lat' dir='ltr'>quibus</span> <span class='ocrx_word' id='word_1_353' title='bbox 1590 1076 1642 1109; x_wconf 87' lang='lat' dir='ltr'>alii</span> <span class='ocrx_word' id='word_1_354' title='bbox 1659 1077 1799 1110; x_wconf 80' lang='lat' dir='ltr'>eiusdem</span> 
     </span>
     <span class='ocr_line' id='line_1_71' title="bbox 1056 1129 1800 1175; baseline 0.003 -13"><span class='ocrx_word' id='word_1_355' title='bbox 1056 1129 1144 1162; x_wconf 87' lang='lat' dir='ltr'>Sedis</span> <span class='ocrx_word' id='word_1_356' title='bbox 1168 1130 1282 1163; x_wconf 90' lang='lat' dir='ltr'>notarii</span> <span class='ocrx_word' id='word_1_357' title='bbox 1313 1130 1408 1163; x_wconf 86' lang='lat' dir='ltr'>etiam</span> <span class='ocrx_word' id='word_1_358' title='bbox 1441 1130 1479 1163; x_wconf 89' lang='lat' dir='ltr'>de</span> <span class='ocrx_word' id='word_1_359' title='bbox 1511 1141 1644 1164; x_wconf 91' lang='lat' dir='ltr'>numero</span> <span class='ocrx_word' id='word_1_360' title='bbox 1672 1131 1800 1175; x_wconf 90' lang='lat' dir='ltr'>partici-</span> 
     </span>
     <span class='ocr_line' id='line_1_72' title="bbox 1056 1182 1802 1226; baseline 0.004 -12"><span class='ocrx_word' id='word_1_361' title='bbox 1056 1182 1198 1226; x_wconf 89' lang='lat' dir='ltr'>pantium</span> <span class='ocrx_word' id='word_1_362' title='bbox 1229 1182 1418 1223; x_wconf 82' lang='lat' dir='ltr'>existentes,</span> <span class='ocrx_word' id='word_1_363' title='bbox 1443 1183 1565 1216; x_wconf 88' lang='lat' dir='ltr'>etiamsi</span> <span class='ocrx_word' id='word_1_364' title='bbox 1596 1183 1738 1217; x_wconf 88' lang='lat' dir='ltr'>habitum</span> <span class='ocrx_word' id='word_1_365' title='bbox 1771 1187 1802 1218; x_wconf 88' lang='lat' dir='ltr'>et</span> 
     </span>
     <span class='ocr_line' id='line_1_73' title="bbox 1057 1236 1800 1281; baseline 0.004 -13"><span class='ocrx_word' id='word_1_366' title='bbox 1057 1236 1253 1269; x_wconf 87' lang='lat' dir='ltr'>rocchettum</span> <span class='ocrx_word' id='word_1_367' title='bbox 1279 1236 1474 1270; x_wconf 88' lang='lat' dir='ltr'>notariorum</span> <span class='ocrx_word' id='word_1_368' title='bbox 1506 1237 1603 1281; x_wconf 89' lang='lat' dir='ltr'>ipsius</span> <span class='ocrx_word' id='word_1_369' title='bbox 1627 1238 1714 1271; x_wconf 85' lang='lat' dir='ltr'>Sedis</span> <span class='ocrx_word' id='word_1_370' title='bbox 1738 1248 1800 1271; x_wconf 88' lang='lat' dir='ltr'>non</span> 
     </span>
     <span class='ocr_line' id='line_1_74' title="bbox 1056 1289 1800 1335; baseline 0.004 -14"><span class='ocrx_word' id='word_1_371' title='bbox 1056 1289 1206 1330; x_wconf 87' lang='lat' dir='ltr'>deferant,</span> <span class='ocrx_word' id='word_1_372' title='bbox 1224 1290 1394 1334; x_wconf 89' lang='lat' dir='ltr'>palatiique</span> <span class='ocrx_word' id='word_1_373' title='bbox 1412 1295 1442 1323; x_wconf 87' lang='lat' dir='ltr'>et</span> <span class='ocrx_word' id='word_1_374' title='bbox 1458 1291 1546 1324; x_wconf 90' lang='lat' dir='ltr'>aulae</span> <span class='ocrx_word' id='word_1_375' title='bbox 1565 1291 1800 1335; x_wconf 85' lang='lat' dir='ltr'>praedictarum</span> 
     </span>
     <span class='ocr_line' id='line_1_75' title="bbox 1057 1342 1799 1388; baseline 0.005 -14"><span class='ocrx_word' id='word_1_376' title='bbox 1057 1342 1186 1375; x_wconf 86' lang='lat' dir='ltr'>comites</span> <span class='ocrx_word' id='word_1_377' title='bbox 1203 1348 1233 1376; x_wconf 92' lang='lat' dir='ltr'>et</span> <span class='ocrx_word' id='word_1_378' title='bbox 1250 1343 1374 1384; x_wconf 86' lang='lat' dir='ltr'>milites,</span> <span class='ocrx_word' id='word_1_379' title='bbox 1389 1354 1424 1377; x_wconf 89' lang='lat' dir='ltr'>ac</span> <span class='ocrx_word' id='word_1_380' title='bbox 1439 1344 1561 1377; x_wconf 89' lang='lat' dir='ltr'>nobiles</span> <span class='ocrx_word' id='word_1_381' title='bbox 1579 1349 1609 1377; x_wconf 90' lang='lat' dir='ltr'>et</span> <span class='ocrx_word' id='word_1_382' title='bbox 1625 1345 1799 1388; x_wconf 88' lang='lat' dir='ltr'>originarii,</span> 
     </span>
     <span class='ocr_line' id='line_1_76' title="bbox 1057 1396 1799 1441; baseline 0.005 -13"><span class='ocrx_word' id='word_1_383' title='bbox 1057 1406 1092 1428; x_wconf 89' lang='lat' dir='ltr'>ae</span> <span class='ocrx_word' id='word_1_384' title='bbox 1117 1396 1325 1440; x_wconf 83' lang='lat' dir='ltr'>antiquissimi</span> <span class='ocrx_word' id='word_1_385' title='bbox 1350 1397 1433 1430; x_wconf 90' lang='lat' dir='ltr'>cives</span> <span class='ocrx_word' id='word_1_386' title='bbox 1458 1397 1598 1431; x_wconf 89' lang='lat' dir='ltr'>eiusdem</span> <span class='ocrx_word' id='word_1_387' title='bbox 1625 1398 1727 1441; x_wconf 88' lang='lat' dir='ltr'>Urbis,</span> <span class='ocrx_word' id='word_1_388' title='bbox 1752 1399 1799 1432; x_wconf 75' lang='lat' dir='ltr'>vel</span> 
     </span>
     <span class='ocr_line' id='line_1_77' title="bbox 1058 1449 1800 1495; baseline 0.005 -14"><span class='ocrx_word' id='word_1_389' title='bbox 1058 1449 1207 1491; x_wconf 76' lang='lat' dir='ltr'>civitatis,</span> <span class='ocrx_word' id='word_1_390' title='bbox 1232 1460 1344 1493; x_wconf 89' lang='lat' dir='ltr'>quam,</span> <span class='ocrx_word' id='word_1_391' title='bbox 1370 1456 1403 1484; x_wconf 90' lang='lat' dir='ltr'>ut</span> <span class='ocrx_word' id='word_1_392' title='bbox 1426 1452 1614 1495; x_wconf 89' lang='lat' dir='ltr'>praefertur,</span> <span class='ocrx_word' id='word_1_393' title='bbox 1639 1452 1800 1495; x_wconf 84' lang='lat' dir='ltr'>elegerint,</span> 
     </span>
     <span class='ocr_line' id='line_1_78' title="bbox 1057 1502 1801 1548; baseline 0.005 -14"><span class='ocrx_word' id='word_1_394' title='bbox 1057 1502 1249 1546; x_wconf 87' lang='lat' dir='ltr'>quicumque</span> <span class='ocrx_word' id='word_1_395' title='bbox 1274 1513 1311 1535; x_wconf 82' lang='lat' dir='ltr'>ex</span> <span class='ocrx_word' id='word_1_396' title='bbox 1337 1508 1471 1547; x_wconf 87' lang='lat' dir='ltr'>utroque</span> <span class='ocrx_word' id='word_1_397' title='bbox 1493 1509 1623 1548; x_wconf 87' lang='lat' dir='ltr'>parente</span> <span class='ocrx_word' id='word_1_398' title='bbox 1647 1515 1720 1538; x_wconf 87' lang='lat' dir='ltr'>vere</span> <span class='ocrx_word' id='word_1_399' title='bbox 1743 1515 1801 1538; x_wconf 89' lang='lat' dir='ltr'>no-</span> 
     </span>
     <span class='ocr_line' id='line_1_79' title="bbox 1058 1555 1800 1601; baseline 0.005 -14"><span class='ocrx_word' id='word_1_400' title='bbox 1058 1555 1113 1588; x_wconf 87' lang='lat' dir='ltr'>bili</span> <span class='ocrx_word' id='word_1_401' title='bbox 1146 1560 1176 1588; x_wconf 86' lang='lat' dir='ltr'>et</span> <span class='ocrx_word' id='word_1_402' title='bbox 1210 1555 1277 1589; x_wconf 82' lang='lat' dir='ltr'>cive.</span> <span class='ocrx_word' id='word_1_403' title='bbox 1313 1556 1485 1600; x_wconf 88' lang='lat' dir='ltr'>originario</span> <span class='ocrx_word' id='word_1_404' title='bbox 1519 1563 1549 1590; x_wconf 90' lang='lat' dir='ltr'>et</span> <span class='ocrx_word' id='word_1_405' title='bbox 1583 1558 1800 1601; x_wconf 85' lang='lat' dir='ltr'>antiquissimo</span> 
     </span>
     <span class='ocr_line' id='line_1_80' title="bbox 1057 1609 1800 1654; baseline 0.004 -12"><span class='ocrx_word' id='word_1_406' title='bbox 1057 1609 1225 1654; x_wconf 86' lang='lat' dir='ltr'>procreati,</span> <span class='ocrx_word' id='word_1_407' title='bbox 1251 1610 1288 1643; x_wconf 87' lang='lat' dir='ltr'>de</span> <span class='ocrx_word' id='word_1_408' title='bbox 1313 1610 1392 1652; x_wconf 86' lang='lat' dir='ltr'>iure,</span> <span class='ocrx_word' id='word_1_409' title='bbox 1418 1615 1542 1652; x_wconf 89' lang='lat' dir='ltr'>statuto,</span> <span class='ocrx_word' id='word_1_410' title='bbox 1564 1612 1800 1653; x_wconf 87' lang='lat' dir='ltr'>consuetudine,</span> 
     </span>
     <span class='ocr_line' id='line_1_81' title="bbox 1058 1663 1802 1709; baseline 0.007 -14"><span class='ocrx_word' id='word_1_411' title='bbox 1058 1663 1106 1696; x_wconf 65' lang='lat' dir='ltr'>vel</span> <span class='ocrx_word' id='word_1_412' title='bbox 1126 1663 1204 1696; x_wconf 64' lang='lat' dir='ltr'>alifis</span> <span class='ocrx_word' id='word_1_413' title='bbox 1225 1674 1261 1696; x_wconf 79' lang='lat' dir='ltr'>cx</span> <span class='ocrx_word' id='word_1_414' title='bbox 1281 1664 1387 1708; x_wconf 91' lang='lat' dir='ltr'>aliquo</span> <span class='ocrx_word' id='word_1_415' title='bbox 1408 1665 1535 1708; x_wconf 87' lang='lat' dir='ltr'>speciali</span> <span class='ocrx_word' id='word_1_416' title='bbox 1553 1665 1730 1709; x_wconf 87' lang='lat' dir='ltr'>privilegio,</span> <span class='ocrx_word' id='word_1_417' title='bbox 1748 1677 1802 1700; x_wconf 89' lang='lat' dir='ltr'>seu</span> 
     </span>
     <span class='ocr_line' id='line_1_82' title="bbox 1058 1717 1802 1763; baseline 0.004 -14"><span class='ocrx_word' id='word_1_418' title='bbox 1058 1717 1134 1750; x_wconf 75' lang='lat' dir='ltr'>alias</span> <span class='ocrx_word' id='word_1_419' title='bbox 1159 1717 1252 1751; x_wconf 88' lang='lat' dir='ltr'>etiam</span> <span class='ocrx_word' id='word_1_420' title='bbox 1277 1728 1335 1762; x_wconf 89' lang='lat' dir='ltr'>per</span> <span class='ocrx_word' id='word_1_421' title='bbox 1359 1729 1576 1763; x_wconf 87' lang='lat' dir='ltr'>quascumque</span> <span class='ocrx_word' id='word_1_422' title='bbox 1604 1719 1724 1752; x_wconf 87' lang='lat' dir='ltr'>litteras</span> <span class='ocrx_word' id='word_1_423' title='bbox 1747 1730 1802 1753; x_wconf 89' lang='lat' dir='ltr'>seu</span> 
     </span>
     <span class='ocr_line' id='line_1_83' title="bbox 1059 1770 1803 1817; baseline 0.004 -14"><span class='ocrx_word' id='word_1_424' title='bbox 1059 1770 1296 1804; x_wconf 89' lang='lat' dir='ltr'>constitutiones</span> <span class='ocrx_word' id='word_1_425' title='bbox 1310 1772 1498 1816; x_wconf 88' lang='lat' dir='ltr'>apostolicas</span> <span class='ocrx_word' id='word_1_426' title='bbox 1511 1783 1569 1816; x_wconf 91' lang='lat' dir='ltr'>pro</span> <span class='ocrx_word' id='word_1_427' title='bbox 1587 1777 1728 1817; x_wconf 87' lang='lat' dir='ltr'>tempore</span> <span class='ocrx_word' id='word_1_428' title='bbox 1742 1773 1803 1806; x_wconf 87' lang='lat' dir='ltr'>edi-</span> 
     </span>
     <span class='ocr_line' id='line_1_84' title="bbox 1060 1825 1803 1870; baseline 0.005 -14"><span class='ocrx_word' id='word_1_429' title='bbox 1060 1829 1116 1865; x_wconf 89' lang='lat' dir='ltr'>tas,</span> <span class='ocrx_word' id='word_1_430' title='bbox 1141 1829 1281 1866; x_wconf 69' lang='lat' dir='ltr'>intuitur,</span> <span class='ocrx_word' id='word_1_431' title='bbox 1306 1825 1480 1869; x_wconf 88' lang='lat' dir='ltr'>potiuntur,</span> <span class='ocrx_word' id='word_1_432' title='bbox 1505 1826 1652 1859; x_wconf 88' lang='lat' dir='ltr'>fruuntur</span> <span class='ocrx_word' id='word_1_433' title='bbox 1676 1832 1706 1859; x_wconf 94' lang='lat' dir='ltr'>et</span> <span class='ocrx_word' id='word_1_434' title='bbox 1729 1837 1803 1870; x_wconf 83' lang='lat' dir='ltr'>gau-</span> 
     </span>
     <span class='ocr_line' id='line_1_85' title="bbox 1059 1877 1802 1924; baseline 0.005 -14"><span class='ocrx_word' id='word_1_435' title='bbox 1059 1877 1142 1919; x_wconf 85' lang='lat' dir='ltr'>dent,</span> <span class='ocrx_word' id='word_1_436' title='bbox 1167 1889 1202 1911; x_wconf 92' lang='lat' dir='ltr'>ac</span> <span class='ocrx_word' id='word_1_437' title='bbox 1226 1879 1285 1921; x_wconf 88' lang='lat' dir='ltr'>uti,</span> <span class='ocrx_word' id='word_1_438' title='bbox 1310 1879 1420 1923; x_wconf 88' lang='lat' dir='ltr'>potiri,</span> <span class='ocrx_word' id='word_1_439' title='bbox 1444 1880 1505 1913; x_wconf 86' lang='lat' dir='ltr'>frui</span> <span class='ocrx_word' id='word_1_440' title='bbox 1531 1885 1560 1913; x_wconf 87' lang='lat' dir='ltr'>et</span> <span class='ocrx_word' id='word_1_441' title='bbox 1584 1880 1722 1923; x_wconf 86' lang='lat' dir='ltr'>gaudere</span> <span class='ocrx_word' id='word_1_442' title='bbox 1745 1891 1802 1924; x_wconf 90' lang='lat' dir='ltr'>po-</span> 
     </span>
     <span class='ocr_line' id='line_1_86' title="bbox 1059 1933 1803 1978; baseline 0.004 -14"><span class='ocrx_word' id='word_1_443' title='bbox 1059 1935 1163 1965; x_wconf 87' lang='lat' dir='ltr'>terunt</span> <span class='ocrx_word' id='word_1_444' title='bbox 1186 1933 1423 1977; x_wconf 86' lang='lat' dir='ltr'>quomodolibet</span> <span class='ocrx_word' id='word_1_445' title='bbox 1447 1933 1478 1966; x_wconf 93' lang='lat' dir='ltr'>in</span> <span class='ocrx_word' id='word_1_446' title='bbox 1502 1933 1660 1974; x_wconf 88' lang='lat' dir='ltr'>futurum,</span> <span class='ocrx_word' id='word_1_447' title='bbox 1685 1933 1803 1978; x_wconf 89' lang='lat' dir='ltr'>ubique</span> 
     </span>
     <span class='ocr_line' id='line_1_87' title="bbox 1059 1986 1802 2030; baseline 0.004 -12"><span class='ocrx_word' id='word_1_448' title='bbox 1059 1986 1202 2019; x_wconf 90' lang='lat' dir='ltr'>locorum</span> <span class='ocrx_word' id='word_1_449' title='bbox 1230 1986 1261 2019; x_wconf 91' lang='lat' dir='ltr'>in</span> <span class='ocrx_word' id='word_1_450' title='bbox 1287 1986 1403 2020; x_wconf 89' lang='lat' dir='ltr'>iudicio</span> <span class='ocrx_word' id='word_1_451' title='bbox 1427 1991 1457 2021; x_wconf 89' lang='lat' dir='ltr'>et</span> <span class='ocrx_word' id='word_1_452' title='bbox 1481 1992 1582 2030; x_wconf 81' lang='lat' dir='ltr'>extra,</span> <span class='ocrx_word' id='word_1_453' title='bbox 1608 1987 1674 2020; x_wconf 90' lang='lat' dir='ltr'>sine</span> <span class='ocrx_word' id='word_1_454' title='bbox 1699 1991 1802 2024; x_wconf 86' lang='lat' dir='ltr'>tamen</span> 
     </span>
     <span class='ocr_line' id='line_1_88' title="bbox 1059 2039 1803 2086; baseline 0.004 -15"><span class='ocrx_word' id='word_1_455' title='bbox 1059 2039 1244 2072; x_wconf 88' lang='lat' dir='ltr'>eorumdem</span> <span class='ocrx_word' id='word_1_456' title='bbox 1268 2040 1464 2073; x_wconf 86' lang='lat' dir='ltr'>notariorum</span> <span class='ocrx_word' id='word_1_457' title='bbox 1490 2040 1527 2074; x_wconf 90' lang='lat' dir='ltr'>de</span> <span class='ocrx_word' id='word_1_458' title='bbox 1551 2051 1684 2074; x_wconf 88' lang='lat' dir='ltr'>numero</span> <span class='ocrx_word' id='word_1_459' title='bbox 1708 2043 1803 2086; x_wconf 79' lang='lat' dir='ltr'>parti-</span> 
     </span>
     <span class='ocr_line' id='line_1_89' title="bbox 1059 2093 1803 2140; baseline 0.004 -14"><span class='ocrx_word' id='word_1_460' title='bbox 1059 2093 1232 2138; x_wconf 86' lang='lat' dir='ltr'>cipantium</span> <span class='ocrx_word' id='word_1_461' title='bbox 1257 2094 1462 2138; x_wconf 89' lang='lat' dir='ltr'>praeiudicio,</span> <span class='ocrx_word' id='word_1_462' title='bbox 1479 2094 1534 2135; x_wconf 89' lang='lat' dir='ltr'>uti,</span> <span class='ocrx_word' id='word_1_463' title='bbox 1554 2094 1627 2136; x_wconf 87' lang='lat' dir='ltr'>frui,</span> <span class='ocrx_word' id='word_1_464' title='bbox 1652 2095 1747 2140; x_wconf 89' lang='lat' dir='ltr'>potiri</span> <span class='ocrx_word' id='word_1_465' title='bbox 1772 2100 1803 2130; x_wconf 87' lang='lat' dir='ltr'>et</span> 
     </span>
     <span class='ocr_line' id='line_1_90' title="bbox 1059 2147 1802 2190; baseline 0.004 -10"><span class='ocrx_word' id='word_1_466' title='bbox 1059 2147 1206 2190; x_wconf 86' lang='lat' dir='ltr'>gaudere,</span> <span class='ocrx_word' id='word_1_467' title='bbox 1231 2147 1329 2180; x_wconf 86' lang='lat' dir='ltr'>libere</span> <span class='ocrx_word' id='word_1_468' title='bbox 1354 2153 1385 2181; x_wconf 86' lang='lat' dir='ltr'>et</span> <span class='ocrx_word' id='word_1_469' title='bbox 1412 2147 1496 2181; x_wconf 84' lang='lat' dir='ltr'>licite</span> <span class='ocrx_word' id='word_1_470' title='bbox 1519 2148 1650 2189; x_wconf 81' lang='lat' dir='ltr'>valeant,</span> <span class='ocrx_word' id='word_1_471' title='bbox 1675 2148 1802 2184; x_wconf 84' lang='lat' dir='ltr'>realiter</span> 
     </span>
     <span class='ocr_line' id='line_1_91' title="bbox 1058 2201 1800 2247; baseline 0.004 -14"><span class='ocrx_word' id='word_1_472' title='bbox 1058 2206 1089 2234; x_wconf 90' lang='lat' dir='ltr'>et</span> <span class='ocrx_word' id='word_1_473' title='bbox 1120 2201 1264 2244; x_wconf 85' lang='lat' dir='ltr'>integre,</span> <span class='ocrx_word' id='word_1_474' title='bbox 1297 2201 1329 2234; x_wconf 93' lang='lat' dir='ltr'>in</span> <span class='ocrx_word' id='word_1_475' title='bbox 1363 2201 1512 2235; x_wconf 91' lang='lat' dir='ltr'>omnibus</span> <span class='ocrx_word' id='word_1_476' title='bbox 1543 2207 1573 2235; x_wconf 90' lang='lat' dir='ltr'>et</span> <span class='ocrx_word' id='word_1_477' title='bbox 1596 2213 1653 2247; x_wconf 92' lang='lat' dir='ltr'>per</span> <span class='ocrx_word' id='word_1_478' title='bbox 1678 2202 1800 2246; x_wconf 86' lang='lat' dir='ltr'>omnia,</span> 
     </span>
     <span class='ocr_line' id='line_1_92' title="bbox 1059 2255 1802 2291; baseline 0.004 -3"><span class='ocrx_word' id='word_1_479' title='bbox 1059 2255 1180 2288; x_wconf 86' lang='lat' dir='ltr'>etiamsi</span> <span class='ocrx_word' id='word_1_480' title='bbox 1197 2256 1229 2288; x_wconf 90' lang='lat' dir='ltr'>in</span> <span class='ocrx_word' id='word_1_481' title='bbox 1246 2255 1329 2289; x_wconf 88' lang='lat' dir='ltr'>Urbe</span> <span class='ocrx_word' id='word_1_482' title='bbox 1349 2260 1379 2289; x_wconf 83' lang='lat' dir='ltr'>et</span> <span class='ocrx_word' id='word_1_483' title='bbox 1395 2256 1518 2290; x_wconf 89' lang='lat' dir='ltr'>civitate</span> <span class='ocrx_word' id='word_1_484' title='bbox 1538 2256 1719 2290; x_wconf 89' lang='lat' dir='ltr'>huiusmodi</span> <span class='ocrx_word' id='word_1_485' title='bbox 1738 2267 1802 2291; x_wconf 88' lang='lat' dir='ltr'>non</span> 
     </span>
     <span class='ocr_line' id='line_1_93' title="bbox 1059 2308 1800 2353; baseline 0.004 -12"><span class='ocrx_word' id='word_1_486' title='bbox 1059 2308 1276 2350; x_wconf 86' lang='lat' dir='ltr'>habitaverint,</span> <span class='ocrx_word' id='word_1_487' title='bbox 1297 2309 1427 2353; x_wconf 88' lang='lat' dir='ltr'>perinde</span> <span class='ocrx_word' id='word_1_488' title='bbox 1445 2320 1481 2343; x_wconf 89' lang='lat' dir='ltr'>ac</span> <span class='ocrx_word' id='word_1_489' title='bbox 1500 2310 1525 2343; x_wconf 91' lang='lat' dir='ltr'>si</span> <span class='ocrx_word' id='word_1_490' title='bbox 1545 2310 1583 2343; x_wconf 90' lang='lat' dir='ltr'>de</span> <span class='ocrx_word' id='word_1_491' title='bbox 1607 2321 1681 2344; x_wconf 86' lang='lat' dir='ltr'>vere</span> <span class='ocrx_word' id='word_1_492' title='bbox 1703 2311 1800 2345; x_wconf 89' lang='lat' dir='ltr'>nobili</span> 
     </span>
     <span class='ocr_line' id='line_1_94' title="bbox 1058 2364 1802 2407; baseline 0.003 -12"><span class='ocrx_word' id='word_1_493' title='bbox 1058 2372 1174 2406; x_wconf 86' lang='lat' dir='ltr'>genere</span> <span class='ocrx_word' id='word_1_494' title='bbox 1198 2373 1234 2395; x_wconf 80' lang='lat' dir='ltr'>ex</span> <span class='ocrx_word' id='word_1_495' title='bbox 1259 2367 1393 2407; x_wconf 86' lang='lat' dir='ltr'>utroque</span> <span class='ocrx_word' id='word_1_496' title='bbox 1417 2368 1547 2407; x_wconf 87' lang='lat' dir='ltr'>parente</span> <span class='ocrx_word' id='word_1_497' title='bbox 1576 2364 1747 2406; x_wconf 87' lang='lat' dir='ltr'>originario</span> <span class='ocrx_word' id='word_1_498' title='bbox 1771 2369 1802 2397; x_wconf 87' lang='lat' dir='ltr'>et</span> 
     </span>
     <span class='ocr_line' id='line_1_95' title="bbox 1058 2415 1802 2460; baseline 0.003 -12"><span class='ocrx_word' id='word_1_499' title='bbox 1058 2415 1276 2459; x_wconf 88' lang='lat' dir='ltr'>antiquissimo</span> <span class='ocrx_word' id='word_1_500' title='bbox 1296 2416 1363 2449; x_wconf 75' lang='lat' dir='ltr'>cive</span> <span class='ocrx_word' id='word_1_501' title='bbox 1387 2417 1544 2460; x_wconf 87' lang='lat' dir='ltr'>procreati</span> <span class='ocrx_word' id='word_1_502' title='bbox 1568 2417 1670 2450; x_wconf 89' lang='lat' dir='ltr'>forent</span> <span class='ocrx_word' id='word_1_503' title='bbox 1694 2423 1724 2450; x_wconf 89' lang='lat' dir='ltr'>et</span> <span class='ocrx_word' id='word_1_504' title='bbox 1746 2417 1802 2450; x_wconf 46' lang='lat' dir='ltr'>hu*</span> 
     </span>
     <span class='ocr_line' id='line_1_96' title="bbox 1058 2469 1801 2514; baseline 0.003 -12"><span class='ocrx_word' id='word_1_505' title='bbox 1058 2469 1194 2502; x_wconf 87' lang='lat' dir='ltr'>iusmodi</span> <span class='ocrx_word' id='word_1_506' title='bbox 1219 2470 1467 2514; x_wconf 80' lang='lat' dir='ltr'>praerogativae,</span> <span class='ocrx_word' id='word_1_507' title='bbox 1493 2470 1671 2514; x_wconf 80' lang='lat' dir='ltr'>privilegia,</span> <span class='ocrx_word' id='word_1_508' title='bbox 1697 2481 1801 2504; x_wconf 86' lang='lat' dir='ltr'>exem-</span> 
     </span>
     <span class='ocr_line' id='line_1_97' title="bbox 1057 2523 1800 2567; baseline 0.004 -11"><span class='ocrx_word' id='word_1_509' title='bbox 1057 2523 1200 2567; x_wconf 85' lang='lat' dir='ltr'>ptiones,</span> <span class='ocrx_word' id='word_1_510' title='bbox 1225 2523 1344 2567; x_wconf 85' lang='lat' dir='ltr'>gratiae</span> <span class='ocrx_word' id='word_1_511' title='bbox 1357 2550 1364 2564; x_wconf 91' lang='lat'>,</span> <span class='ocrx_word' id='word_1_512' title='bbox 1393 2525 1514 2558; x_wconf 77' lang='lat' dir='ltr'>favores</span> <span class='ocrx_word' id='word_1_513' title='bbox 1528 2552 1535 2566; x_wconf 89' lang='lat'>,</span> <span class='ocrx_word' id='word_1_514' title='bbox 1560 2525 1779 2559; x_wconf 86' lang='lat' dir='ltr'>concessiones</span> <span class='ocrx_word' id='word_1_515' title='bbox 1792 2553 1800 2567; x_wconf 90' lang='lat'>,</span> 
     </span>
     <span class='ocr_line' id='line_1_98' title="bbox 1059 2577 1800 2622; baseline 0.004 -12"><span class='ocrx_word' id='word_1_516' title='bbox 1059 2577 1178 2610; x_wconf 88' lang='lat' dir='ltr'>indulta</span> <span class='ocrx_word' id='word_1_517' title='bbox 1202 2582 1233 2611; x_wconf 87' lang='lat' dir='ltr'>et</span> <span class='ocrx_word' id='word_1_518' title='bbox 1256 2577 1335 2618; x_wconf 88' lang='lat' dir='ltr'>iura,</span> <span class='ocrx_word' id='word_1_519' title='bbox 1360 2588 1440 2621; x_wconf 88' lang='lat' dir='ltr'>quae</span> <span class='ocrx_word' id='word_1_520' title='bbox 1463 2589 1521 2622; x_wconf 89' lang='lat' dir='ltr'>pro</span> <span class='ocrx_word' id='word_1_521' title='bbox 1546 2578 1614 2612; x_wconf 89' lang='lat' dir='ltr'>aliis</span> <span class='ocrx_word' id='word_1_522' title='bbox 1642 2579 1800 2613; x_wconf 89' lang='lat' dir='ltr'>nobilibus</span> 
     </span>
     <span class='ocr_line' id='line_1_99' title="bbox 1059 2631 1801 2677; baseline 0.004 -13"><span class='ocrx_word' id='word_1_523' title='bbox 1059 2636 1089 2664; x_wconf 87' lang='lat' dir='ltr'>et</span> <span class='ocrx_word' id='word_1_524' title='bbox 1114 2631 1234 2664; x_wconf 87' lang='lat' dir='ltr'>civibus</span> <span class='ocrx_word' id='word_1_525' title='bbox 1258 2631 1439 2674; x_wconf 80' lang='lat' dir='ltr'>originariis</span> <span class='ocrx_word' id='word_1_526' title='bbox 1463 2638 1658 2673; x_wconf 88' lang='lat' dir='ltr'>emanarunt,</span> <span class='ocrx_word' id='word_1_527' title='bbox 1675 2637 1705 2667; x_wconf 85' lang='lat' dir='ltr'>et</span> <span class='ocrx_word' id='word_1_528' title='bbox 1720 2644 1801 2677; x_wconf 83' lang='lat' dir='ltr'>quae</span> 
     </span>
     <span class='ocr_line' id='line_1_100' title="bbox 1060 2684 1799 2720; baseline 0.003 -3"><span class='ocrx_word' id='word_1_529' title='bbox 1060 2685 1180 2718; x_wconf 86' lang='lat' dir='ltr'>ratione</span> <span class='ocrx_word' id='word_1_530' title='bbox 1204 2684 1376 2718; x_wconf 85' lang='lat' dir='ltr'>nobilitatis</span> <span class='ocrx_word' id='word_1_531' title='bbox 1408 2688 1437 2719; x_wconf 82' lang='lat' dir='ltr'>et</span> <span class='ocrx_word' id='word_1_532' title='bbox 1465 2685 1620 2720; x_wconf 85' lang='lat' dir='ltr'>civilitatis</span> <span class='ocrx_word' id='word_1_533' title='bbox 1650 2686 1799 2720; x_wconf 88' lang='lat' dir='ltr'>naturalis</span> 
     </span>
    </p>
   </div>
   <div class='ocr_carea' id='block_1_8' title="bbox 1727 272 1993 307">
    <p class='ocr_par' dir='ltr' id='par_1_9' title="bbox 1727 272 1993 307">
     <span class='ocr_line' id='line_1_101' title="bbox 1727 272 1993 307; baseline 0.008 -2"><span class='ocrx_word' id='word_1_534' title='bbox 1727 272 1766 305; x_wconf 67' lang='lat'>87</span> <span class='ocrx_word' id='word_1_535' title='bbox 1815 281 1902 307; x_wconf 62' lang='lat' dir='ltr'>nnc.</span> <span class='ocrx_word' id='word_1_536' title='bbox 1927 280 1993 307; x_wconf 76' lang='lat'>1623</span> 
     </span>
    </p>
   </div>
  </div>
 </body>
</html>
