2269 3235
86 248 134 276 An.
152 249 181 276 C.
203 247 270 276 1623

103 575 154 596 Eius
169 575 262 596 virtutes.

134 786 229 807 Charitas
245 787 263 807 in

81 814 197 839 proximum
207 830 211 837 ,

108 2107 134 2128 Et
148 2108 168 2128 tn
180 2107 252 2128 Deum.

892 247 1030 271 t'nant's
1058 248 1110 270 Vttt
1136 248 1182 271 W.

279 296 423 339 gentibus
447 301 477 329 ct
501 296 634 340 populis,
659 301 689 329 et
712 295 852 328 infideles
872 296 909 327 ad
929 307 1017 327 κομψ-
1052 302 1082 327 vt
1106 296 1156 328 bei
1190 295 1323 337 gloriam
1353 300 1383 327 et
1413 294 1567 327 honorem
1599 293 1791 331 ‹lestinahat3

279 349 351 382 fidei
378 349 590 392 cognitionem
613 349 805 389 inducerent,
826 358 861 381 ac
886 347 1018 380 rebelles

279 403 454 437 haereticos
478 403 517 436 ad
541 403 623 436 illius
646 401 797 435 unitatem
821 406 1017 441 revocarent,

279 456 390 500 suique
415 456 445 488 in
470 456 563 489 terris
588 455 695 489 vicarii
722 455 939 489 auctoritatem
964 455 1018 487 de-

280 509 451 542 fenderent.

324 563 338 606 ξ,
362 562 414 596 21.
439 563 565 597 Ornavit
588 562 670 595 enim
696 562 771 595 illud
790 562 941 595 Dominus
957 573 1019 595 ma-

279 616 441 658 gnitudine
465 621 496 649 et
519 615 701 649 excellentia
730 615 803 649 fidei
827 621 858 648 et
882 615 1016 648 maxima

280 680 333 713 spe
358 669 583 711 communivit,
607 674 641 702 ut
665 669 738 702 satis
770 679 926 713 superque
952 669 1018 702 eius

280 726 431 756 testantur
454 723 601 756 actiones.

323 776 338 819 §
354 775 405 809 2⁶2.
417 776 583 809 Assiduum
600 781 703 810 autem
722 776 919 819 obsequium,
934 775 1017 820 quod

280 828 472 872 pauperibus
495 833 526 863 et
549 829 686 872 aegrotis
700 829 840 863 exhibuit
864 829 894 861 in
917 828 1019 872 hospi-

279 881 403 923 talibus,
420 887 450 915 et
465 883 735 927 eleemosynarum
748 882 928 916 distributio
941 892 1018 926 quas

279 945 296 967 a
320 935 379 978 piis
403 935 547 979 personis
576 946 632 969 suo
657 936 756 980 ipsius
781 936 884 968 studio
909 945 1018 968 corro-

280 989 388 1031 gabat,
413 989 549 1022 maxima
581 989 672 1023 etiam
698 999 774 1022 cura
802 994 832 1022 et
860 989 1018 1029 studium,

279 1042 363 1085 quod
389 1043 449 1074 iam
474 1042 545 1075 inde
569 1053 586 1074 a
610 1042 766 1086 principio
795 1052 868 1075 suae
894 1052 1021 1075 convcr-

281 1095 377 1128 sionis
398 1095 430 1127 in
454 1105 491 1128 eo
515 1095 628 1139 posuit,
653 1099 686 1128 ut
705 1095 799 1128 rudes
815 1100 845 1128 et
861 1095 950 1138 pueri
967 1094 1020 1127 do-

281 1148 413 1180 ctrinam
439 1148 639 1181 christianam
664 1148 887 1191 perdiscerem,
913 1152 942 1179 ct.
966 1147 1019 1179 de-

283 1206 438 1234 tentorum
457 1201 488 1233 in
506 1212 630 1234 carcere
645 1201 777 1233 visitatio
795 1212 829 1233 ac
847 1201 1019 1233 sublevatio

281 1264 374 1296 quam
400 1253 531 1286 instituit
555 1259 584 1286 et
609 1254 747 1287 exercuit
770 1258 926 1293 accurate,
950 1263 1020 1285 nec-

280 1317 341 1339 non
364 1317 420 1349 per
444 1307 623 1339 universum
642 1311 798 1339 terrarum
815 1307 925 1339 orbem
944 1306 1016 1338 mis-

280 1359 382 1391 siones
406 1369 483 1402 quas
507 1359 577 1392 fecit.
601 1365 631 1392 et
654 1359 787 1399 domus,
813 1359 961 1392 eeclesiae
990 1363 1019 1392 ct

279 1411 410 1454 collegia
434 1422 514 1455 quae
544 1413 662 1452 erexit,
687 1417 718 1445 et
749 1413 779 1444 in
804 1412 887 1445 dicta
914 1412 1017 1449 Urbe,

278 1469 403 1507 praeter
427 1465 548 1498 scholas
568 1466 792 1507 grammaticae
817 1471 846 1498 et
871 1465 1020 1497 humana-

279 1528 349 1550 rum
374 1518 550 1551 litterarum
574 1529 649 1562 quas
674 1519 771 1562 gratis
795 1519 929 1563 aperuit,
959 1519 1019 1551 col-

279 1571 395 1613 legium
420 1571 661 1612 Germanicum,
686 1582 721 1605 ac
749 1573 963 1616 orphanorum
989 1577 1015 1604 et

278 1625 575 1658 cathecumenorum
601 1626 729 1666 domus,
754 1631 784 1658 et
808 1626 836 1659 S,
863 1625 1017 1664 Marthae,

279 1688 313 1710 ac
337 1677 365 1711 S.
391 1678 575 1712 Catharinae
595 1679 794 1719 monasteria,
812 1679 933 1722 aliaque
950 1679 1018 1711 loca

278 1730 339 1773 pia,
355 1742 435 1776 quae
455 1732 583 1765 excitari
604 1732 732 1771 curavit,
750 1736 779 1766 et
798 1731 1016 1764 dissidentium

279 1785 508 1825 reconciliatio,
537 1785 675 1817 salubria
707 1785 837 1818 consilia
864 1785 955 1823 data,
988 1790 1017 1817 et.

277 1837 450 1880 spiritualia
474 1838 622 1870 exercitia
645 1838 684 1870 ab
705 1848 741 1871 eo
766 1838 949 1881 composita,
974 1849 1017 1870 sa-

278 1896 510 1924 cramentorum
531 1891 796 1935 frequentationes
818 1895 1015 1935 procuratae,

278 1943 463 1977 iniuriarum
489 1944 623 1988 denique
647 1945 791 1978 remissio
819 1950 849 1977 et
876 1956 933 1988 pro
961 1945 1018 1977 ini-

278 1997 367 2030 micis
391 1998 502 2038 oratio,
526 2009 619 2042 quam
645 1999 791 2031 ardenter
812 2004 929 2031 amaret
948 2009 1017 2042 pro-

278 2051 394 2084 ximum
413 2057 544 2095 propter
559 2052 668 2092 Deum,
682 2053 773 2096 plane
790 2052 1014 2085 demonstrant.

320 2104 335 2147 ξ
359 2104 410 2137 23.
437 2105 532 2137 Deum
559 2109 664 2137 autem
694 2105 798 2148 ipsum
823 2110 1015 2149 quantopere

277 2156 432 2200 diligeret,
449 2162 534 2201 patet
557 2168 592 2191 ex
617 2158 669 2191 itta
685 2160 807 2191 summa
827 2161 902 2191 cura
923 2164 951 2191 et
972 2159 1017 2191 di-

277 2209 415 2253 ligentia,
439 2221 500 2254 qua
523 2211 640 2245 studuit
666 2216 796 2255 propter
819 2212 917 2244 Deum
942 2223 1016 2256 pro-

277 2263 361 2295 ximo
379 2263 408 2295 in
425 2264 640 2307 spiritualibus
654 2270 684 2297 et
699 2266 926 2308 temporalibus
939 2276 1016 2298 sem-

278 2326 334 2358 per
353 2316 534 2350 benefacere
550 2323 580 2351 et
600 2319 736 2351 maxima
760 2319 931 2361 vigilantia,
954 2330 1015 2362 qua

279 2371 397 2404 curavit
420 2382 475 2405 cor
499 2383 589 2404 suum
617 2371 769 2405 mundum
797 2372 965 2405 custodire.
991 2374 1013 2405 A

278 2425 334 2455 sua
358 2425 559 2458 conversione
582 2426 703 2458 nullum
726 2425 757 2458 in
781 2436 818 2459 eo
842 2426 1016 2470 depreben-

278 2486 347 2508 sum
372 2481 418 2509 est
437 2477 569 2518 dictum,
595 2479 758 2519 factumve,
783 2479 867 2523 quod
892 2479 1013 2512 censeri

276 2535 381 2572 posset
417 2540 483 2563 esse
514 2535 675 2574 peccatum
715 2532 875 2572 mortalc;
905 2543 1014 2566 omnes

1051 353 1143 390 atque
1168 348 1245 380 hacc
1267 348 1370 387 verba,
1388 347 1541 386 videlicet,
1566 346 1619 379 Ad
1635 346 1792 378 mm'orem

1052 400 1112 432 Dei
1127 400 1279 443 qloriam,
1296 400 1339 434 uti
1357 400 1533 444 symbolum
1550 399 1580 431 in
1597 409 1652 431 oro
1669 408 1792 442 semper

1052 452 1194 485 habebat,

1095 506 1110 548 ξ
1134 505 1185 538 024.
1211 506 1379 539 Prudentia
1404 517 1529 549 quoquc
1554 505 1612 539 fuit
1635 505 1665 537 in
1689 514 1727 537 eo
1743 504 1793 537 ad·
1834 519 1956 539 Prinlenua.

1053 558 1214 591 mirabilis.
1240 559 1272 591 ln
1297 559 1430 602 negotiis
1455 559 1537 591 enim
1562 558 1600 591 ad
1625 558 1678 590 Dei
1699 558 1793 591 bono-

1052 623 1118 645 rem
1144 612 1331 656 peragendis
1356 612 1445 656 prius
1462 612 1589 655 quidem
1607 611 1712 644 omnia
1730 611 1792 644 Deo

1052 665 1305 704 commendabat;
1330 665 1442 697 deinde
1466 665 1573 697 solerti
1598 664 1704 697 habita
1723 674 1794 698 con-

1052 719 1228 759 sultatione,
1253 724 1283 751 et
1307 718 1482 751 rationibus
1512 718 1550 750 ad
1582 728 1713 750 examen
1744 728 1795 751 vo·
1839 756 1844 758 ‚

1052 773 1137 813 catis,
1153 774 1359 816 congruentia
1375 773 1413 806 ad
1433 777 1576 817 optatum
1597 772 1691 804 finem
1709 772 1794 804 adhi-

1052 827 1145 859 bebat
1169 826 1336 870 praesidia,
1354 831 1383 859 et
1403 837 1440 859 co
1464 831 1555 869 pacto
1580 824 1793 867 contingentia

1052 881 1134 913 mala
1158 881 1246 913 facile
1271 879 1456 913 declinabat.

1097 935 1112 977 ξ,
1136 934 1186 967 25.
1206 934 1279 966 Eius
1303 944 1379 977 erga
1404 934 1502 966 Deum
1528 938 1558 965 et
1582 933 1727 966 homines
1752 932 1795 964 iu-
1836 943 1923 963 ruam.

1053 987 1167 1020 stitiam
1192 997 1302 1031 aspera
1326 987 1387 1021 vita
1411 991 1442 1019 et
1465 986 1658 1019 voluntariae
1686 985 1795 1029 poeni-

1054 1042 1177 1081 tentiae,
1191 1041 1306 1085 quibus
1323 1040 1442 1073 offenso
1460 1041 1520 1072 iam
1535 1040 1598 1072 Deo
1617 1040 1795 1072 satisfacere

1054 1105 1085 1127 se
1110 1094 1247 1138 putabat,
1268 1094 1397 1138 spiritus
1417 1093 1540 1126 devotio
1558 1096 1587 1126 et
1607 1092 1717 1135 religio
1734 1103 1796 1135 qua

1054 1148 1116 1181 Deo
1137 1147 1273 1180 reddidit
1292 1147 1430 1180 debitum
1449 1147 1566 1179 cultum
1584 1150 1611 1178 et
1630 1146 1794 1185 honorem,

1053 1200 1211 1242 gratitudo
1231 1210 1367 1243 quoque,
1392 1210 1485 1242 quam
1511 1209 1586 1241 erga
1610 1209 1683 1231 suos
1700 1204 1730 1230 et
1749 1208 1795 1231 so-

1053 1254 1172 1287 cietatis
1196 1253 1412 1286 benefactores
1429 1252 1578 1285 continuo
1598 1251 1743 1291 ostendit,
1764 1257 1791 1283 et

1053 1318 1132 1350 pura
1156 1307 1280 1346 veritas,
1305 1316 1383 1349 quae
1409 1316 1446 1338 ex
1470 1306 1536 1338 eius
1560 1315 1615 1338 ore
1639 1305 1705 1337 sine
1730 1304 1793 1337 ulla

1053 1360 1194 1399 fallacia,
1220 1360 1312 1400 suco,
1340 1359 1488 1400 fictione,
1520 1363 1572 1391 aut
1603 1358 1793 1390 obscuritate

1053 1413 1262 1456 procedebat,
1282 1424 1354 1446 cum
1380 1412 1484 1445 cordis
1508 1412 1645 1455 puritate
1670 1416 1700 1443 et
1724 1410 1795 1443 sim-

1052 1465 1190 1509 plicitate
1215 1466 1288 1498 satis
1313 1465 1544 1499 commendant.
1570 1464 1673 1497 Animi
1703 1474 1794 1507 prae-

1052 1520 1135 1552 clara
1162 1519 1344 1562 magnitudo
1361 1529 1397 1551 cx
1415 1518 1625 1562 poenitentiis,
1643 1517 1795 1561 obsequio

1052 1583 1127 1615 erga
1152 1577 1314 1614 aegrotos,
1340 1582 1376 1604 ex
1403 1571 1552 1615 operibus
1576 1571 1752 1610 charitatis,
1779 1581 1795 1602 a

1052 1625 1165 1668 quibus
1185 1631 1317 1669 propter
1336 1625 1461 1657 labores
1482 1630 1511 1656 et
1530 1624 1740 1664 difficultates,
1757 1623 1796 1656 ir-

1052 1678 1194 1718 risiones,
1220 1678 1350 1711 iniurias
1375 1682 1404 1710 et
1428 1677 1633 1710 contumelias
1661 1686 1724 1709 non
1748 1687 1796 1709 rc-

1052 1732 1163 1771 cessit‚
1188 1731 1241 1764 sed
1272 1732 1301 1764 iu
1334 1731 1395 1764 illis
1425 1735 1604 1764 constanter
1632 1740 1730 1773 usque
1755 1730 1792 1761 acl

1052 1789 1193 1828 optatum
1218 1786 1312 1817 tinem
1337 1784 1571 1828 perseveravit,

1095 1839 1109 1881 ξ
1126 1838 1177 1872 26.
1198 1838 1347 1871 Patientia
1364 1848 1438 1870 vero
1454 1837 1647 1870 admirabilis
1664 1842 1694 1869 ct
1709 1847 1811 1890 man-¹

1051 1892 1183 1925 suetudo
1200 1902 1235 1925 ex
1253 1892 1359 1924 multis
1375 1896 1405 1923 et
1422 1891 1601 1933 ingentibus
1620 1890 1791 1929 laboribus,

1051 1955 1086 1977 ex
1111 1946 1248 1989 propriis
1273 1944 1509 1977 confusionibus
1530 1949 1559 1976 et
1579 1943 1793 1987 persequutio-

1050 1999 1143 2032 nibus
1162 1999 1295 2032 libenter
1319 2005 1349 2031 et
1372 1998 1519 2031 alacriter
1538 2008 1596 2041 pro
1613 1998 1667 2030 Dei
1685 2008 1792 2030 amore

1050 2053 1218 2096 perpessis,
1236 2063 1272 2084 ex
1293 2052 1467 2095 gratiarum
1493 2051 1613 2084 actione
1639 2051 1669 2083 in
1695 2052 1792 2084 male-

1049 2106 1187 2138 dicentes
1211 2106 1309 2138 relata
1334 2111 1364 2137 et
1395 2104 1556 2137 beneficiis
1581 2104 1612 2136 in
1640 2104 1791 2137 iniurian-

1051 2163 1095 2191 tes
1120 2158 1241 2191 collatis
1263 2162 1423 2201 apparent.

1850 1845 1953 1865 inutumm

1814 1873 1952 1891 nansuctu-lo.

1718 237 1759 269 ‘27
1806 245 1854 271 An.
1873 245 1899 271 c.
1924 244 1991 272 1623

1970 1848 1990 1865 et

1095 2213 1109 2255 ξ
1133 2212 1186 2245 27.
1210 2212 1365 2245 Ieiunium
1390 2212 1457 2255 ipse
1473 2211 1550 2244 adeo
1571 2211 1677 2251 coluit,
1694 2216 1738 2252 ut,
1752 2221 1809 2247 eo,
1845 2218 1945 2248 affatum
1969 2226 1988 2239 m

1051 2269 1190 2308 tempore
1219 2275 1282 2308 quo
1306 2264 1363 2297 fuit
1397 2264 1577 2297 lllinorissae
1602 2268 1631 2298 et
1655 2250 1896 2297 13211·ehi-¹‘¹⁰'¹¹¹⁵·

1049 2329 1159 2358 nonae,
1181 2329 1239 2362 per
1263 2323 1359 2351 totam
1385 2317 1526 2350 ieiunans
1550 2317 1789 2357 hebdomadam,

1048 2372 1185 2415 exeeptis
1210 2371 1320 2404 diebus
1344 2371 1521 2411 dominicis,
1546 2371 1612 2403 solo
1636 2380 1716 2414 pane
1740 2381 1790 2403 ve-

1049 2430 1200 2467 sceretur,
1213 2429 1243 2459 et
1256 2436 1369 2468 aquam
1382 2425 1514 2465 biberet,
1531 2428 1560 2458 et
1576 2430 1706 2468 propter
1720 2435 1790 2458 con-

1049 2479 1181 2511 tinuatas
1198 2479 1355 2512 orationes
1375 2483 1405 2511 et
1425 2478 1626 2511 abstinentias
1642 2479 1738 2511 semel
1759 2483 1789 2511 et

1048 2532 1161 2564 iterum
1194 2531 1323 2571 debilis,
1347 2542 1382 2564 ac
1414 2532 1478 2564 scre
1507 2531 1572 2564 sine
1598 2531 1717 2564 viribus
1742 2536 1787 2564 est

277 2592 348 2614 suas
364 2583 579 2625 cogitationes,
595 2585 690 2617 verba
705 2589 734 2619 et
753 2596 850 2629 opera
867 2586 897 2618 iu
914 2586 1012 2619 Deum
1048 2587 1200 2619 inventus.

278 2641 435 2679 tamquam
461 2637 491 2669 iu
515 2637 607 2670 finem
632 2639 784 2670 referebat
811 2644 838 2668 et
857 2639 892 2668 acl
916 2640 1011 2671 Deum

1829 2628 1935 2649 castitatis
1951 2634 1986 2649 cu-

1092 2639 1105 2676 }
1126 2638 1176 2670 28.
1195 2638 1348 2670 Castitatis
1367 2638 1420 2669 fuit
1440 2638 1517 2671 adeo
1535 2638 1667 2680 diligens
1683 2642 1788 2670 eustos
1803 2657 1853 2675 Μ,
