2269 3235
121 263 170 290 An.
191 261 219 290 C.
236 260 305 290 1625

924 259 1067 284 ranarius

316 317 388 342 rum
408 318 444 342 ex
461 308 556 342 variis
579 308 800 342 defunctorum
825 307 936 351 legatis
962 309 1058 351 impo-

316 361 394 395 situs
418 362 586 406 reperitur,
607 367 642 395 ut
666 362 727 395 illis
751 371 810 405 pro
835 361 967 404 singulis
991 360 1058 393 die-

316 414 374 447 bus
405 425 423 447 a
453 415 656 448 testatoribus
691 414 892 459 praescriptis
922 418 1058 457 nequeat.

317 467 484 509 satisfieri,
509 473 539 501 et
563 471 793 511 consequenter
824 477 882 500 nec
906 467 975 500 aliis
1000 478 1058 511 pro

316 520 431 563 quibus
463 521 678 565 eleemosynae
710 520 741 553 in
770 519 835 552 dies
860 519 1057 559 offeruntur,

317 574 444 615 idcirco,
462 584 500 607 ne
517 573 607 607 detur
624 573 747 606 occasio
772 571 923 606 fratribus
948 583 1057 605 eorum

317 628 523 662 conscientias
544 626 705 666 onerandi,
732 625 974 659 determinatum
1000 631 1057 668 cst,

316 686 351 713 ut
380 680 559 724 superiores
583 680 725 713 locorum
752 679 879 712 illorum
903 689 939 712 ac
964 679 1057 712 etiam

316 734 524 777 provinciales
558 733 718 766 declarare
751 737 781 765 et
810 733 979 776 protestari
1003 733 1057 765 de-

316 787 409 820 beant
426 797 533 821 coram
554 787 601 828 iis,
618 786 657 819 ad
673 797 752 830 quos
777 791 906 829 spectat,
925 796 957 819 sc
974 786 1059 819 nolle

297 840 449 884 'amplius
473 841 575 883 legata
606 845 757 883 perpetua
788 839 863 883 ipsis
888 850 905 872 a
930 845 1059 873 testato-

150 1542 300 1569 Eleemosynae

117 1571 226 1590 missarum
245 1571 300 1590 nullo

117 1596 178 1617 modo
187 1597 240 1616 iutra
247 1597 302 1617 etau-

117 1625 160 1643 stra
194 1623 301 1649 recipien-

118 1650 166 1670 dae.

316 893 404 926 ribus
429 893 538 926 relicta
563 893 699 936 exigere,
720 898 750 926 et
767 893 804 926 de
822 893 903 926 facto
924 893 1059 937 amplius

315 956 379 980 non
403 940 539 990 exigimt,
565 947 662 979 immo
683 957 728 987 ea,
752 950 903 990 quantum
928 946 959 978 in
984 946 1059 990 ipsis

316 1004 383 1041 est,
403 1010 440 1032 eo
463 999 557 1032 modo
584 1010 648 1043 quo
672 1004 819 1043 possunt,
847 999 1007 1042 resignent
1031 1005 1060 1032 et

317 1058 474 1097 respuant.
500 1054 543 1086 Ac
568 1053 599 1085 in
624 1053 684 1085 illis
715 1053 920 1086 conventibus
946 1053 971 1085 is
1000 1063 1060 1085 nu-

317 1116 424 1139 merus
447 1106 581 1139 fratrum
603 1107 785 1146 collocetur,
803 1105 856 1149 qui
873 1116 909 1139 ex
927 1106 1060 1139 eleemo-

317 1159 402 1203 synis
427 1159 618 1204 quotidianis
650 1159 781 1192 honeste
813 1159 980 1192 sustentari
1004 1169 1059 1202 po-

317 1217 384 1247 test.
411 1213 442 1247 Si
467 1212 545 1256 qua¹
572 1223 646 1246 vero
671 1213 773 1256 legata
800 1212 904 1256 quoad
928 1213 1058 1256 capitale

315 1266 433 1300 fuerint
456 1266 612 1308 extincta,
638 1271 820 1299 remanente
844 1265 927 1309 apud
946 1265 1059 1298 fratres

316 1318 510 1362 obligatione
541 1318 721 1353 celebrandi
754 1319 865 1351 missas
889 1318 920 1351 in
945 1329 1057 1362 perpe-

316 1378 421 1414 tuum,
446 1372 501 1406 fiat
524 1383 672 1406 recursus
701 1372 738 1405 ad
769 1383 927 1405 summum
952 1373 1058 1406 Ponti-

315 1426 417 1469 ficem,
435 1432 470 1459 ut
493 1426 560 1470 ipse
584 1437 642 1470 pro
667 1428 723 1459 sua
748 1426 939 1470 benignitate
964 1437 1059 1470 super

315 1480 376 1513 hoc
400 1479 439 1513 de
463 1485 641 1524 opportuno
665 1480 806 1513 remedio
830 1479 1002 1524 provideat.

360 1533 476 1578 Capsae
501 1534 549 1567 vel
575 1533 676 1567 trunci
700 1533 738 1566 ad
762 1533 958 1577 recipiendas
983 1534 1060 1566 elee-

317 1597 463 1631 mosynas
497 1587 696 1630 pecuniarias
731 1586 825 1619 etiam
859 1597 918 1630 pro
955 1586 1059 1619 missis

316 1640 446 1680 oblatas,
465 1649 530 1672 non
549 1639 651 1673 solum
676 1640 714 1672 ab
735 1640 877 1679 ecclesia,
895 1639 949 1672 scd
965 1639 1059 1673 etiam

316 1703 334 1725 a
357 1693 499 1726 sacristia
523 1698 553 1726 et
577 1703 594 1725 a
618 1703 817 1737 quacumque
840 1698 951 1737 parte,
979 1703 1059 1736 quae

315 1746 355 1779 sit
386 1746 467 1780 intra
500 1747 679 1779 clausuram
712 1752 904 1788 conventus,
930 1746 1058 1779 omnino

314 1800 525 1843 prohibentur
556 1800 615 1833 sub
646 1802 748 1844 poena
772 1799 1002 1833 inobedientiae
1029 1805 1059 1833 et

316 1853 651 1887 excommunicationis
683 1853 832 1893 maioris;
858 1853 980 1887 oblatae
1005 1864 1059 1886 au-

316 1912 378 1940 tem
403 1908 619 1951 eleemosynae
647 1918 705 1951 pro
726 1907 830 1940 missis
854 1908 940 1940 nullo
964 1906 1058 1941 niodo

316 1961 398 1993 intra
422 1961 601 1994 clausuram
627 1965 813 2001 conventus,
832 1966 885 1994 ant
907 1961 990 1994 intra
1013 1971 1059 1993 ec-

317 2014 443 2048 clesiam
458 2043 465 2057 ,
491 2015 539 2048 vel
568 2015 754 2056 sacristiam,
772 2015 810 2048 ab
831 2015 937 2059 aliquo
962 2014 1059 2058 recipi

316 2068 553 2112 permittantur:
579 2068 633 2102 sed
657 2068 695 2101 ad
720 2068 883 2113 syndicum
911 2068 1060 2112 apostoli-

317 2132 389 2155 cum
410 2122 546 2155 offerens
562 2123 757 2156 remittatur:
774 2122 859 2166 quod
874 2122 899 2155 si
916 2122 947 2155 id
964 2132 1059 2165 grave

318 2174 362 2207 illi
386 2175 491 2217 fuerit,
517 2181 548 2209 et
572 2176 708 2209 voluerit
731 2175 873 2209 tertiario
893 2175 941 2208 vcl
966 2175 1060 2209 servi-

318 2229 378 2261 tori
396 2233 567 2263 conventus
581 2235 739 2273 tamquam
754 2229 873 2273 syndici
890 2229 1059 2262 substituto

320 2280 387 2313 illas
412 2281 546 2323 tradere,
563 2287 597 2315 ut
620 2282 659 2315 ad
683 2282 846 2326 syndicum
870 2282 976 2326 ipsum
993 2281 1060 2315 eius

319 2333 447 2366 nomine
474 2334 677 2376 deferantur,
702 2335 733 2368 id
764 2335 833 2368 fieri
863 2335 999 2379 poterit,
1025 2337 1060 2368 ea

321 2390 425 2419 tamen
449 2387 517 2429 lege
531 2414 539 2428 ,
562 2392 598 2420 ut
621 2388 702 2422 intra
726 2388 862 2421 claustra
890 2394 1060 2422 conventus

319 2444 374 2472 aut
402 2440 552 2473 ecclesiae
582 2451 640 2474 nec
670 2442 831 2475 tertiarius
861 2451 920 2475 nec
951 2452 1060 2475 servus

320 2492 389 2526 illas
413 2493 553 2537 recipiat,
579 2497 609 2528 et
631 2495 843 2537 guardianus,
858 2495 911 2539 qui
936 2500 1060 2528 contra-

320 2546 403 2580 rium
426 2547 617 2591 permiserit,
642 2548 782 2592 privetur
802 2549 905 2583 ossicio
930 2560 996 2583 suo.

358 2663 370 2690 1
388 2661 459 2692 Edit.
479 2662 556 2692 tttain.
574 2663 638 2700 legit
652 2663 685 2693 Si
700 2672 774 2700 quae
788 2665 826 2700 (11,
842 2664 892 2700 T.)-

1093 259 1149 284 vm
1172 260 1220 284 rr.
1730 249 1789 281 411

1135 308 1224 341 Circa
1248 312 1422 352 apostatas,
1446 307 1586 350 aliosque
1616 306 1831 350 delinquentes

1091 361 1277 394 observetur
1301 361 1429 394 omnino
1454 360 1550 393 Breve
1571 360 1668 393 felicis
1689 360 1831 393 recorda-

1093 414 1184 446 tionis
1209 414 1259 447 SS.
1285 415 1318 447 Ι).
1343 415 1378 447 N.
1405 414 1489 446 Pauli
1511 414 1532 445 V
1558 418 1668 446 contra
1691 413 1832 456 superio-

1093 477 1142 499 res
1173 466 1272 499 nostri
1304 466 1429 499 Ordinis
1459 467 1718 510 1‘›1·omulgatum‚
1747 466 1830 509 quod

1093 519 1215 562 incipit,
1238 520 1482 559 A‹lmonem=m·;
1508 520 1539 552 in
1563 531 1626 563 quo
1650 520 1832 558 ordiinum,

1092 578 1125 604 ut
1138 572 1176 604 ad
1189 572 1368 604 instantiam
1386 583 1593 616 personarum
1611 584 1833 616 quai-tunctun-

1092 635 1151 668 que
1176 629 1264 658 extra
1294 624 1443 658 Ordinem
1476 626 1716 658 constitutarum
1747 627 1832 658 nullo

1092 678 1186 711 modo
1210 678 1412 711 remittantur
1441 688 1559 721 poenae
1584 679 1627 711 eis
1660 679 1831 722 impositura

1136 731 1182 764 Ad
1217 731 1376 764 evitandas
1413 731 1612 774 evagationes
1647 732 1778 764 fratrum
1804 737 1834 766 et

1092 785 1152 817 alia
1168 785 1276 828 gravia
1299 785 1559 825 inconvenientia,
1580 785 1782 828 praecipitur,
1801 789 1832 818 ut
1857 778 1885 815 ,Ἐξ
1902 779 1909 791 ²

1843 258 1891 284 An.
1914 258 1940 284 C.
1960 258 2027 285 1625

1881 319 1910 339 [ie
1927 322 2029 344 aptatam

1846 346 2029 393 iii.,d“'¹¹'⁴¹¹¹⁴³⁰¹'⁵

1907 745 1989 764 tratre<
2006 745 2030 764 ³:11

1889 777 1895 780 ”
1915 778 1919 780 “
1972 775 2029 790 §wlf-1

1093 839 1270 872 sacerdotes
1286 839 1386 872 nostri
1411 838 1535 872 Ordinis
1552 839 1638 871 nullo
1657 838 1750 871 modo
1767 839 1833 870 mit<
1849 830 1889 869 fit?
1922 840 1965 870 mis
1978 831 2031 870 '1⁴:15¹'

1093 897 1197 925 tantur
1215 897 1302 925 extra
1322 895 1509 926 conventum
1527 891 1565 924 ad
1586 891 1695 924 missas
1712 892 1743 923 in
1760 891 1834 924 alio-

1093 956 1164 978 rum
1189 945 1329 979 ecclesiis
1354 945 1567 985 celebrandas,
1590 944 1643 977 sed
1667 944 1834 987 unusquis-

1093 1010 1153 1043 que
1167 1000 1197 1032 in
1211 1000 1340 1044 propria
1354 1004 1496 1032 teneatur
1514 999 1644 1032 ecclesia
1663 998 1832 1032 celebrare.

1093 1053 1289 1086 Guardianus
1313 1059 1432 1093 autem,
1460 1053 1513 1096 qui
1538 1053 1766 1093 contrafecerit,
1787 1053 1834 1085 rel

1094 1106 1123 1139 id
1148 1107 1337 1151 permiserit,
1354 1117 1410 1150 per
1435 1117 1576 1140 mensem
1594 1116 1611 1139 a
1628 1117 1684 1140 suo
1709 1116 1835 1150 suspen-

1093 1160 1184 1193 datur
1204 1160 1307 1194 officio
1324 1171 1381 1204 pro
1398 1160 1502 1204 prima
1523 1160 1600 1200 vice,
1620 1171 1679 1204 pro
1697 1160 1835 1193 secunda

1092 1218 1197 1246 autem
1225 1213 1351 1257 gravius
1378 1214 1528 1257 puniatur
1552 1213 1726 1257 superioris
1755 1213 1836 1246 arbi-

1093 1270 1184 1301 tratu.

1136 1320 1213 1354 Cum
1231 1320 1454 1364 parochiarum
1468 1330 1577 1353 curam
1594 1320 1711 1353 habere
1725 1320 1757 1352 in
1773 1320 1834 1353 illis

1092 1374 1268 1408 civitatibus
1293 1379 1323 1407 et
1346 1374 1433 1415 locis,
1460 1374 1490 1406 in
1522 1373 1636 1418 quibus
1665 1373 1833 1406 christiana

1092 1427 1204 1470 religio
1228 1432 1403 1471 propagata
1428 1433 1483 1468 est,
1501 1431 1531 1460 et
1550 1427 1581 1459 in
1606 1426 1720 1471 quibus
1744 1426 1834 1470 copia

1092 1481 1291 1514 sacerdotum
1317 1481 1506 1514 secularium
1531 1481 1632 1522 adest,
1662 1481 1833 1514 maximum

1092 1534 1316 1568 detrimentum
1345 1534 1455 1568 afferat
1488 1539 1615 1568 nostrae
1645 1534 1834 1578 professioni

1092 1593 1122 1620 et
1146 1588 1274 1631 regulae
1306 1588 1545 1628 observantiae,
1569 1587 1756 1621 determinat
1780 1598 1835 1630 ge-

1092 1641 1208 1674 neralis
1232 1641 1447 1684 congregatio,
1475 1646 1509 1674 ut
1533 1641 1564 1673 in
1587 1641 1734 1684 praefatis
1758 1641 1835 1674 locis

1092 1694 1221 1728 omnino
1246 1694 1475 1738 relinquantur,
1494 1698 1524 1727 et
1555 1694 1580 1726 si
1604 1693 1727 1737 aliquae
1751 1694 1812 1726 sint
1827 1721 1834 1733 ,

1092 1757 1171 1790 quae
1196 1747 1234 1780 de
1258 1747 1405 1780 mandato
1430 1747 1518 1780 Sedis
1542 1747 1738 1790 Apostolicae
1763 1747 1837 1779 deti-

1092 1806 1235 1841 neantur,
1252 1800 1290 1833 ad
1309 1800 1407 1844 ipsam
1425 1800 1538 1833 Sedem
1555 1800 1766 1843 Apostolicam
1784 1800 1836 1833 fiat

1092 1864 1250 1895 recursus,
1271 1859 1305 1886 ut
1329 1864 1424 1897 super
1447 1853 1508 1886 hoc
1533 1856 1713 1897 opportune
1733 1854 1836 1897 provi-

1092 1907 1171 1950 deat,
1189 1908 1386 1952 fratrumque
1411 1908 1620 1941 conscientiae
1638 1908 1788 1941 consulat.

1136 1961 1377 1995 Commissarius
1393 1962 1425 1994 in
1442 1972 1576 2005 regnum
1600 1961 1747 1995 Poloniae
1768 1961 1835 1994 mit-

1093 2015 1204 2049 tendus
1228 2015 1266 2048 ad
1290 2015 1470 2059 provincias
1498 2014 1566 2048 illas
1590 2014 1777 2055 visitandas,
1803 2014 1833 2046 in

1093 2079 1278 2112 unaquaque
1310 2069 1436 2101 illarum
1467 2068 1701 2112 provinciarum
1729 2073 1833 2112 patres

1092 2122 1262 2155 definitorii
1295 2127 1325 2155 et
1353 2122 1430 2155 alios
1459 2127 1563 2165 patres
1594 2121 1834 2165 principaliores

1093 2180 1274 2218 congreget,
1292 2179 1384 2219 atque
1397 2175 1490 2208 simul
1508 2184 1579 2208 cum
1597 2175 1641 2207 eis
1657 2174 1695 2207 de
1708 2174 1834 2217 negotio

1092 2229 1255 2262 divisionis
1272 2229 1396 2262 illarum
1415 2228 1648 2273 provinciarum
1666 2227 1833 2267 discurrat,

1093 2282 1234 2325 illudque
1247 2287 1354 2315 exacte
1367 2282 1509 2315 discutiat
1524 2292 1530 2313 ;
1545 2285 1574 2316 et
1586 2281 1736 2325 quicquid
1750 2281 1834 2313 circa

1093 2335 1154 2368 hoc
1178 2335 1216 2368 de
1236 2336 1396 2369 communi
1421 2346 1584 2375 consensu,
1602 2345 1740 2378 paceque
1765 2345 1835 2367 con-

1094 2389 1247 2422 servanda
1259 2389 1502 2422 determinatum
1515 2388 1608 2421 fuerit
1626 2398 1694 2421 esse
1710 2388 1833 2427 melius,

1093 2442 1358 2475 reverendissimo
1390 2442 1472 2485 patri
1508 2441 1663 2485 superiori
1695 2441 1834 2484 generali

1094 2495 1269 2538 significet,
1298 2501 1331 2528 ut
1354 2495 1420 2539 ipse
1444 2505 1502 2538 pro
1533 2496 1589 2528 sua
1613 2494 1780 2538 prudentia
1805 2500 1835 2527 et

1094 2549 1176 2589 zelo,
1196 2548 1349 2593 quidquid
1372 2553 1586 2592 opportunum
1609 2548 1703 2581 fuerit
1727 2548 1765 2581 ad
1789 2559 1835 2581 se-

1093 2602 1228 2635 dandam
1241 2601 1489 2636 controversiam
1507 2602 1590 2635 circa
1604 2601 1665 2635 hoc
1682 2606 1834 2641 exortam,

1092 2656 1240 2692 decernat
1256 2662 1287 2691 et
1310 2660 1435 2699 statuat,
1454 2656 1548 2692 etiam
1571 2655 1684 2692 sedem
1700 2656 1834 2701 Aposto-

1914 1342 2031 1362 Pax-aetnae

1850 1374 1890 1389 non
1918 1375 2033 1395 suseipien-

1850 1396 1898 1416 due.

1891 1982 1919 2002 De
1938 1987 2033 2001 commis·

1849 2014 1906 2028 πωπω
1922 2009 1980 2033 regni
1996 2009 2033 2028 Po·

1849 2035 1927 2057 Ioniae.
