<?xml version="1.0" encoding="UTF-8"?>
<!DOCTYPE html PUBLIC "-//W3C//DTD XHTML 1.0 Transitional//EN"
    "http://www.w3.org/TR/xhtml1/DTD/xhtml1-transitional.dtd">
<html xmlns="http://www.w3.org/1999/xhtml" xml:lang="en" lang="en">
 <head>
  <title>
</title>
<meta http-equiv="Content-Type" content="text/html;charset=utf-8" />
  <meta name='ocr-system' content='tesseract 3.04.00' />
  <meta name='ocr-capabilities' content='ocr_page ocr_carea ocr_par ocr_line ocrx_word'/>
</head>
<body>
  <div class='ocr_page' id='page_1' title='image "./bullarumdiplomat13cath_0376.png"; bbox 0 0 2269 3235; ppageno 0'>
   <div class='ocr_carea' id='block_1_1' title="bbox 229 243 523 282">
    <p class='ocr_par' dir='ltr' id='par_1_1' title="bbox 229 243 523 282">
     <span class='ocr_line' id='line_1_1' title="bbox 229 243 523 282; baseline -0.01 -2"><span class='ocrx_word' id='word_1_1' title='bbox 229 254 277 280; x_wconf 68' lang='lat' dir='ltr'><strong>An.</strong></span> <span class='ocrx_word' id='word_1_2' title='bbox 296 253 323 281; x_wconf 86' lang='lat' dir='ltr'><strong>c.</strong></span> <span class='ocrx_word' id='word_1_3' title='bbox 345 252 414 282; x_wconf 80' lang='lat'>1625</span> <span class='ocrx_word' id='word_1_4' title='bbox 459 243 523 278; x_wconf 80' lang='grc'><strong>338</strong></span> 
     </span>
    </p>
   </div>
   <div class='ocr_carea' id='block_1_2' title="bbox 229 634 413 843">
    <p class='ocr_par' dir='ltr' id='par_1_2' title="bbox 236 634 413 734">
     <span class='ocr_line' id='line_1_2' title="bbox 249 634 412 654; baseline 0 0"><span class='ocrx_word' id='word_1_5' title='bbox 249 634 369 654; x_wconf 65' lang='lat' dir='ltr'><strong>nmmum</strong></span> <span class='ocrx_word' id='word_1_6' title='bbox 380 640 412 654; x_wconf 62' lang='lat' dir='ltr'><strong>su-</strong></span> 
     </span>
     <span class='ocr_line' id='line_1_3' title="bbox 236 661 413 685; baseline 0 -5"><span class='ocrx_word' id='word_1_7' title='bbox 236 661 348 680; x_wconf 66' lang='lat' dir='ltr'><strong>ini-loribus</strong></span> <span class='ocrx_word' id='word_1_8' title='bbox 355 665 413 685; x_wconf 68' lang='lat' dir='ltr'><strong>regu·</strong></span> 
     </span>
     <span class='ocr_line' id='line_1_4' title="bbox 237 687 412 707; baseline -0.006 0"><span class='ocrx_word' id='word_1_9' title='bbox 237 687 308 707; x_wconf 68' lang='lat' dir='ltr'><strong>aribus</strong></span> <span class='ocrx_word' id='word_1_10' title='bbox 319 687 344 706; x_wconf 68' lang='lat' dir='ltr'><strong>:ln</strong></span> <span class='ocrx_word' id='word_1_11' title='bbox 356 693 412 706; x_wconf 73' lang='lat' dir='ltr'><strong>reru-</strong></span> 
     </span>
     <span class='ocr_line' id='line_1_5' title="bbox 243 713 413 734; baseline -0.012 -1"><span class='ocrx_word' id='word_1_12' title='bbox 243 714 355 734; x_wconf 67' lang='lat' dir='ltr'><strong>nonremtn</strong></span> <span class='ocrx_word' id='word_1_13' title='bbox 367 713 413 732; x_wconf 78' lang='lat' dir='ltr'><strong>red-</strong></span> 
     </span>
    </p>

    <p class='ocr_par' dir='ltr' id='par_1_3' title="bbox 229 739 412 843">
     <span class='ocr_line' id='line_1_6' title="bbox 245 739 412 760; baseline -0.006 0"><span class='ocrx_word' id='word_1_14' title='bbox 245 740 307 760; x_wconf 79' lang='lat' dir='ltr'><strong>itibus</strong></span> <span class='ocrx_word' id='word_1_15' title='bbox 332 742 352 759; x_wconf 81' lang='lat' dir='ltr'><strong>et</strong></span> <span class='ocrx_word' id='word_1_16' title='bbox 376 739 412 759; x_wconf 66' lang='lat' dir='ltr'><strong>olu-</strong></span> 
     </span>
     <span class='ocr_line' id='line_1_7' title="bbox 230 766 412 786; baseline -0.005 0"><span class='ocrx_word' id='word_1_17' title='bbox 230 766 362 786; x_wconf 62' lang='lat' dir='ltr'><strong>venatonibus</strong></span> <span class='ocrx_word' id='word_1_18' title='bbox 371 766 412 786; x_wconf 82' lang='lat' dir='ltr'><strong>sin-</strong></span> 
     </span>
     <span class='ocr_line' id='line_1_8' title="bbox 229 794 412 817; baseline 0 -4"><span class='ocrx_word' id='word_1_19' title='bbox 229 794 323 817; x_wconf 76' lang='lat' dir='ltr'><strong>autorum</strong></span> <span class='ocrx_word' id='word_1_20' title='bbox 341 798 412 813; x_wconf 76' lang='lat' dir='ltr'><strong>mona·</strong></span> 
     </span>
     <span class='ocr_line' id='line_1_9' title="bbox 229 820 397 843; baseline 0 -4"><span class='ocrx_word' id='word_1_21' title='bbox 229 820 347 843; x_wconf 69' lang='lat' dir='ltr'><strong>sterion-um,</strong></span> <span class='ocrx_word' id='word_1_22' title='bbox 358 821 397 840; x_wconf 79' lang='lat' dir='ltr'><strong>otc.</strong></span> 
     </span>
    </p>
   </div>
   <div class='ocr_carea' id='block_1_3' title="bbox 427 301 1167 399">
    <p class='ocr_par' dir='ltr' id='par_1_4' title="bbox 427 301 1167 399">
     <span class='ocr_line' id='line_1_10' title="bbox 427 301 1166 340; baseline 0 -6"><span class='ocrx_word' id='word_1_23' title='bbox 427 301 577 335; x_wconf 89' lang='lat' dir='ltr'><strong>oneribus</strong></span> <span class='ocrx_word' id='word_1_24' title='bbox 600 301 764 340; x_wconf 82' lang='lat' dir='ltr'><strong>adiunctis,</strong></span> <span class='ocrx_word' id='word_1_25' title='bbox 789 301 963 334; x_wconf 85' lang='lat' dir='ltr'><strong>seeundum</strong></span> <span class='ocrx_word' id='word_1_26' title='bbox 978 311 1101 334; x_wconf 87' lang='lat' dir='ltr'><strong>morem</strong></span> <span class='ocrx_word' id='word_1_27' title='bbox 1117 312 1166 334; x_wconf 91' lang='lat' dir='ltr'><strong>cu-</strong></span> 
     </span>
     <span class='ocr_line' id='line_1_11' title="bbox 428 353 1167 399; baseline -0.001 -12"><span class='ocrx_word' id='word_1_28' title='bbox 428 355 538 399; x_wconf 87' lang='lat' dir='ltr'><strong>iusque</strong></span> <span class='ocrx_word' id='word_1_29' title='bbox 555 354 688 388; x_wconf 83' lang='lat' dir='ltr'><strong>civitatis</strong></span> <span class='ocrx_word' id='word_1_30' title='bbox 703 354 749 386; x_wconf 77' lang='lat' dir='ltr'><strong>vel</strong></span> <span class='ocrx_word' id='word_1_31' title='bbox 771 353 961 397; x_wconf 81' lang='lat' dir='ltr'><strong>provinciae,</strong></span> <span class='ocrx_word' id='word_1_32' title='bbox 981 353 1167 397; x_wconf 88' lang='lat' dir='ltr'><strong>intelligant-</strong></span> 
     </span>
    </p>
   </div>
   <div class='ocr_carea' id='block_1_4' title="bbox 427 405 1185 451">
    <p class='ocr_par' dir='ltr' id='par_1_5' title="bbox 427 405 1185 451">
     <span class='ocr_line' id='line_1_12' title="bbox 427 405 1185 451; baseline -0.001 -10"><span class='ocrx_word' id='word_1_33' title='bbox 427 418 503 451; x_wconf 83' lang='lat' dir='ltr'><strong>que,</strong></span> <span class='ocrx_word' id='word_1_34' title='bbox 529 408 553 440; x_wconf 91' lang='lat' dir='ltr'><strong>si</strong></span> <span class='ocrx_word' id='word_1_35' title='bbox 579 407 609 440; x_wconf 94' lang='lat' dir='ltr'><strong>in</strong></span> <span class='ocrx_word' id='word_1_36' title='bbox 634 417 668 439; x_wconf 87' lang='lat' dir='ltr'><strong>re</strong></span> <span class='ocrx_word' id='word_1_37' title='bbox 693 406 767 439; x_wconf 82' lang='lat' dir='ltr'><strong>tanti</strong></span> <span class='ocrx_word' id='word_1_38' title='bbox 792 405 944 440; x_wconf 81' lang='lat' dir='ltr'>momenti</span> <span class='ocrx_word' id='word_1_39' title='bbox 968 406 1091 440; x_wconf 89' lang='lat' dir='ltr'><strong>desides</strong></span> <span class='ocrx_word' id='word_1_40' title='bbox 1114 409 1185 450; x_wconf 70' lang='lat' dir='ltr'><strong>autl</strong></span> 
     </span>
    </p>
   </div>
   <div class='ocr_carea' id='block_1_5' title="bbox 425 459 1189 2681">
    <p class='ocr_par' dir='ltr' id='par_1_6' title="bbox 428 459 1167 599">
     <span class='ocr_line' id='line_1_13' title="bbox 428 459 1167 504; baseline 0.001 -10"><span class='ocrx_word' id='word_1_41' title='bbox 428 461 622 504; x_wconf 80' lang='lat' dir='ltr'><strong>negligentes</strong></span> <span class='ocrx_word' id='word_1_42' title='bbox 652 460 785 500; x_wconf 81' lang='lat' dir='ltr'><strong>suerint,</strong></span> <span class='ocrx_word' id='word_1_43' title='bbox 810 459 842 492; x_wconf 90' lang='lat' dir='ltr'><strong>in</strong></span> <span class='ocrx_word' id='word_1_44' title='bbox 865 460 1037 494; x_wconf 81' lang='lat' dir='ltr'><strong>novissimo</strong></span> <span class='ocrx_word' id='word_1_45' title='bbox 1060 461 1111 494; x_wconf 92' lang='lat' dir='ltr'><strong>die</strong></span> <span class='ocrx_word' id='word_1_46' title='bbox 1135 472 1167 495; x_wconf 88' lang='lat' dir='ltr'><strong>se</strong></span> 
     </span>
     <span class='ocr_line' id='line_1_14' title="bbox 428 511 1167 557; baseline 0.003 -12"><span class='ocrx_word' id='word_1_47' title='bbox 428 513 521 546; x_wconf 82' lang='lat' dir='ltr'><strong>liuius</strong></span> <span class='ocrx_word' id='word_1_48' title='bbox 538 511 751 557; x_wconf 73' lang='lat' dir='ltr'>praetermissi</span> <span class='ocrx_word' id='word_1_49' title='bbox 774 512 913 546; x_wconf 86' lang='lat' dir='ltr'><strong>muneris</strong></span> <span class='ocrx_word' id='word_1_50' title='bbox 929 513 1082 547; x_wconf 88' lang='lat' dir='ltr'><strong>rationem</strong></span> <span class='ocrx_word' id='word_1_51' title='bbox 1100 524 1167 547; x_wconf 89' lang='lat' dir='ltr'><strong>esse</strong></span> 
     </span>
     <span class='ocr_line' id='line_1_15' title="bbox 429 565 617 599; baseline 0 0"><span class='ocrx_word' id='word_1_52' title='bbox 429 565 617 599; x_wconf 89' lang='lat' dir='ltr'><strong>reddituros.</strong></span> 
     </span>
    </p>

    <p class='ocr_par' dir='ltr' id='par_1_7' title="bbox 425 618 1189 2681">
     <span class='ocr_line' id='line_1_16' title="bbox 480 618 1167 664; baseline 0.004 -13"><span class='ocrx_word' id='word_1_53' title='bbox 480 619 495 662; x_wconf 63' lang='grc' dir='ltr'><strong>ἓ</strong></span> <span class='ocrx_word' id='word_1_54' title='bbox 530 618 581 652; x_wconf 77' lang='grc'><strong>10.</strong></span> <span class='ocrx_word' id='word_1_55' title='bbox 619 619 782 653; x_wconf 85' lang='lat' dir='ltr'><strong>Postremo</strong></span> <span class='ocrx_word' id='word_1_56' title='bbox 821 620 1024 654; x_wconf 79' lang='lat' dir='ltr'><strong>illustrissimi</strong></span> <span class='ocrx_word' id='word_1_57' title='bbox 1062 624 1167 664; x_wconf 87' lang='lat' dir='ltr'><strong>patres</strong></span> 
     </span>
     <span class='ocr_line' id='line_1_17' title="bbox 428 671 1167 716; baseline 0.003 -12"><span class='ocrx_word' id='word_1_58' title='bbox 428 681 490 705; x_wconf 89' lang='lat' dir='ltr'><strong>non</strong></span> <span class='ocrx_word' id='word_1_59' title='bbox 511 671 577 705; x_wconf 90' lang='lat' dir='ltr'><strong>sine</strong></span> <span class='ocrx_word' id='word_1_60' title='bbox 594 672 681 715; x_wconf 81' lang='lat' dir='ltr'><strong>gravi</strong></span> <span class='ocrx_word' id='word_1_61' title='bbox 698 672 793 706; x_wconf 86' lang='lat' dir='ltr'><strong>animi</strong></span> <span class='ocrx_word' id='word_1_62' title='bbox 819 673 928 706; x_wconf 88' lang='lat' dir='ltr'><strong>dolore</strong></span> <span class='ocrx_word' id='word_1_63' title='bbox 947 673 1167 716; x_wconf 78' lang='lat' dir='ltr'><strong>intelligentes,</strong></span> 
     </span>
     <span class='ocr_line' id='line_1_18' title="bbox 429 724 1164 770; baseline 0.003 -13"><span class='ocrx_word' id='word_1_64' title='bbox 429 724 510 757; x_wconf 85' lang='lat' dir='ltr'><strong>mala</strong></span> <span class='ocrx_word' id='word_1_65' title='bbox 534 725 599 758; x_wconf 85' lang='lat' dir='ltr'><strong>sere</strong></span> <span class='ocrx_word' id='word_1_66' title='bbox 624 726 739 768; x_wconf 89' lang='lat' dir='ltr'><strong>omnia,</strong></span> <span class='ocrx_word' id='word_1_67' title='bbox 764 736 844 770; x_wconf 88' lang='lat' dir='ltr'><strong>quae</strong></span> <span class='ocrx_word' id='word_1_68' title='bbox 863 727 1042 769; x_wconf 80' lang='lat' dir='ltr'><strong>regularem</strong></span> <span class='ocrx_word' id='word_1_69' title='bbox 1067 727 1164 760; x_wconf 89' lang='lat' dir='ltr'><strong>disci-</strong></span> 
     </span>
     <span class='ocr_line' id='line_1_19' title="bbox 427 777 1167 823; baseline 0.003 -13"><span class='ocrx_word' id='word_1_70' title='bbox 427 777 544 822; x_wconf 89' lang='lat' dir='ltr'><strong>plinam</strong></span> <span class='ocrx_word' id='word_1_71' title='bbox 575 783 740 820; x_wconf 85' lang='lat' dir='ltr'><strong>evertunt,</strong></span> <span class='ocrx_word' id='word_1_72' title='bbox 773 790 810 812; x_wconf 89' lang='lat' dir='ltr'><strong>ac</strong></span> <span class='ocrx_word' id='word_1_73' title='bbox 840 780 1008 823; x_wconf 77' lang='lat' dir='ltr'><strong>praecipue</strong></span> <span class='ocrx_word' id='word_1_74' title='bbox 1037 780 1167 812; x_wconf 84' lang='lat' dir='ltr'><strong>nimiam</strong></span> 
     </span>
     <span class='ocr_line' id='line_1_20' title="bbox 428 831 1168 865; baseline 0.001 -1"><span class='ocrx_word' id='word_1_75' title='bbox 428 831 509 865; x_wconf 87' lang='lat' dir='ltr'><strong>hanc</strong></span> <span class='ocrx_word' id='word_1_76' title='bbox 532 831 712 865; x_wconf 78' lang='lat' dir='ltr'><strong>facilitatem</strong></span> <span class='ocrx_word' id='word_1_77' title='bbox 736 832 841 865; x_wconf 77' lang='lat' dir='ltr'><strong>fovent</strong></span> <span class='ocrx_word' id='word_1_78' title='bbox 865 833 896 864; x_wconf 93' lang='lat' dir='ltr'><strong>in</strong></span> <span class='ocrx_word' id='word_1_79' title='bbox 921 832 1071 865; x_wconf 89' lang='lat' dir='ltr'><strong>oneribus</strong></span> <span class='ocrx_word' id='word_1_80' title='bbox 1094 833 1168 865; x_wconf 90' lang='lat' dir='ltr'><strong>mis-</strong></span> 
     </span>
     <span class='ocr_line' id='line_1_21' title="bbox 428 884 1167 928; baseline -0.001 -10"><span class='ocrx_word' id='word_1_81' title='bbox 428 894 535 918; x_wconf 85' lang='lat' dir='ltr'><strong>sarum</strong></span> <span class='ocrx_word' id='word_1_82' title='bbox 557 894 652 928; x_wconf 86' lang='lat' dir='ltr'><strong>supra</strong></span> <span class='ocrx_word' id='word_1_83' title='bbox 677 884 759 917; x_wconf 76' lang='lat' dir='ltr'><strong>vires</strong></span> <span class='ocrx_word' id='word_1_84' title='bbox 784 884 1001 928; x_wconf 86' lang='lat' dir='ltr'><strong>suscipiendis,</strong></span> <span class='ocrx_word' id='word_1_85' title='bbox 1019 885 1114 917; x_wconf 69' lang='lat' dir='ltr'><strong>veluti</strong></span> <span class='ocrx_word' id='word_1_86' title='bbox 1131 895 1167 917; x_wconf 79' lang='lat' dir='ltr'><strong>ex</strong></span> 
     </span>
     <span class='ocr_line' id='line_1_22' title="bbox 427 937 1168 981; baseline 0 -11"><span class='ocrx_word' id='word_1_87' title='bbox 427 938 542 971; x_wconf 76' lang='lat' dir='ltr'><strong>infecta</strong></span> <span class='ocrx_word' id='word_1_88' title='bbox 565 937 670 971; x_wconf 79' lang='lat' dir='ltr'><strong>radice</strong></span> <span class='ocrx_word' id='word_1_89' title='bbox 694 937 849 981; x_wconf 86' lang='lat' dir='ltr'><strong>pullulare</strong></span> <span class='ocrx_word' id='word_1_90' title='bbox 875 947 912 970; x_wconf 86' lang='lat' dir='ltr'><strong>ex</strong></span> <span class='ocrx_word' id='word_1_91' title='bbox 937 937 1049 970; x_wconf 86' lang='lat' dir='ltr'><strong>maiori</strong></span> <span class='ocrx_word' id='word_1_92' title='bbox 1075 947 1168 981; x_wconf 80' lang='lat' dir='ltr'><strong>regu-</strong></span> 
     </span>
     <span class='ocr_line' id='line_1_23' title="bbox 427 989 1169 1033; baseline 0.001 -11"><span class='ocrx_word' id='word_1_93' title='bbox 427 991 541 1024; x_wconf 85' lang='lat' dir='ltr'><strong>larium</strong></span> <span class='ocrx_word' id='word_1_94' title='bbox 566 999 710 1030; x_wconf 89' lang='lat' dir='ltr'><strong>numero,</strong></span> <span class='ocrx_word' id='word_1_95' title='bbox 735 999 830 1033; x_wconf 89' lang='lat' dir='ltr'><strong>quam</strong></span> <span class='ocrx_word' id='word_1_96' title='bbox 854 990 955 1022; x_wconf 79' lang='lat' dir='ltr'><strong>serant</strong></span> <span class='ocrx_word' id='word_1_97' title='bbox 978 989 1120 1022; x_wconf 90' lang='lat' dir='ltr'><strong>redditus</strong></span> <span class='ocrx_word' id='word_1_98' title='bbox 1139 994 1169 1024; x_wconf 91' lang='lat' dir='ltr'><strong>et</strong></span> 
     </span>
     <span class='ocr_line' id='line_1_24' title="bbox 427 1043 1167 1088; baseline -0.003 -11"><span class='ocrx_word' id='word_1_99' title='bbox 427 1044 642 1088; x_wconf 62' lang='lat' dir='ltr'><strong>eleemosynae</strong></span> <span class='ocrx_word' id='word_1_100' title='bbox 667 1043 818 1086; x_wconf 87' lang='lat' dir='ltr'><strong>cuiusque</strong></span> <span class='ocrx_word' id='word_1_101' title='bbox 841 1043 1035 1083; x_wconf 88' lang='lat' dir='ltr'><strong>monasterii,</strong></span> <span class='ocrx_word' id='word_1_102' title='bbox 1060 1043 1167 1076; x_wconf 87' lang='lat' dir='ltr'><strong>inhae-</strong></span> 
     </span>
     <span class='ocr_line' id='line_1_25' title="bbox 426 1095 1186 1138; baseline 0 -9"><span class='ocrx_word' id='word_1_103' title='bbox 426 1101 531 1130; x_wconf 85' lang='lat' dir='ltr'><strong>rentes</strong></span> <span class='ocrx_word' id='word_1_104' title='bbox 563 1106 762 1129; x_wconf 88' lang='lat' dir='ltr'><strong>summorum</strong></span> <span class='ocrx_word' id='word_1_105' title='bbox 794 1095 1001 1138; x_wconf 88' lang='lat' dir='ltr'><strong>Pontificum,</strong></span> <span class='ocrx_word' id='word_1_106' title='bbox 1027 1107 1062 1129; x_wconf 85' lang='lat' dir='ltr'><strong>ac</strong></span> <span class='ocrx_word' id='word_1_107' title='bbox 1086 1096 1186 1138; x_wconf 58' lang='lat' dir='ltr'><strong>sacrit</strong></span> 
     </span>
     <span class='ocr_line' id='line_1_26' title="bbox 426 1148 1168 1183; baseline 0.001 -2"><span class='ocrx_word' id='word_1_108' title='bbox 426 1148 597 1183; x_wconf 84' lang='lat' dir='ltr'><strong>Tridentini</strong></span> <span class='ocrx_word' id='word_1_109' title='bbox 623 1149 750 1183; x_wconf 89' lang='lat' dir='ltr'><strong>Concilii</strong></span> <span class='ocrx_word' id='word_1_110' title='bbox 771 1148 906 1182; x_wconf 78' lang='lat' dir='ltr'><strong>decretis</strong></span> <span class='ocrx_word' id='word_1_111' title='bbox 922 1149 982 1182; x_wconf 90' lang='lat' dir='ltr'><strong>hac</strong></span> <span class='ocrx_word' id='word_1_112' title='bbox 1002 1149 1040 1181; x_wconf 93' lang='lat' dir='ltr'><strong>de</strong></span> <span class='ocrx_word' id='word_1_113' title='bbox 1057 1159 1091 1181; x_wconf 89' lang='lat' dir='ltr'><strong>re</strong></span> <span class='ocrx_word' id='word_1_114' title='bbox 1108 1149 1168 1182; x_wconf 90' lang='lat' dir='ltr'><strong>edi-</strong></span> 
     </span>
     <span class='ocr_line' id='line_1_27' title="bbox 426 1202 1186 1246; baseline 0.001 -12"><span class='ocrx_word' id='word_1_115' title='bbox 426 1202 474 1243; x_wconf 91' lang='lat' dir='ltr'><strong>tis,</strong></span> <span class='ocrx_word' id='word_1_116' title='bbox 500 1202 551 1236; x_wconf 83' lang='lat' dir='ltr'><strong>SS.</strong></span> <span class='ocrx_word' id='word_1_117' title='bbox 578 1202 611 1235; x_wconf 89' lang='lat' dir='ltr'><strong>D.</strong></span> <span class='ocrx_word' id='word_1_118' title='bbox 638 1203 672 1236; x_wconf 88' lang='lat' dir='ltr'><strong>N.</strong></span> <span class='ocrx_word' id='word_1_119' title='bbox 699 1202 886 1235; x_wconf 88' lang='lat' dir='ltr'><strong>auctoritate</strong></span> <span class='ocrx_word' id='word_1_120' title='bbox 909 1202 1109 1246; x_wconf 88' lang='lat' dir='ltr'><strong>praecipiunt</strong></span> <span class='ocrx_word' id='word_1_121' title='bbox 1132 1213 1186 1239; x_wconf 70' lang='lat' dir='ltr'><strong>ac,</strong></span> 
     </span>
     <span class='ocr_line' id='line_1_28' title="bbox 426 1254 1166 1298; baseline 0.001 -11"><span class='ocrx_word' id='word_1_122' title='bbox 426 1254 574 1289; x_wconf 86' lang='lat' dir='ltr'><strong>mandant</strong></span> <span class='ocrx_word' id='word_1_123' title='bbox 598 1255 743 1288; x_wconf 91' lang='lat' dir='ltr'><strong>omnibus</strong></span> <span class='ocrx_word' id='word_1_124' title='bbox 761 1260 790 1287; x_wconf 92' lang='lat' dir='ltr'><strong>et</strong></span> <span class='ocrx_word' id='word_1_125' title='bbox 806 1255 938 1297; x_wconf 89' lang='lat' dir='ltr'><strong>singulis</strong></span> <span class='ocrx_word' id='word_1_126' title='bbox 955 1255 1166 1298; x_wconf 82' lang='lat' dir='ltr'><strong>generalibus,</strong></span> 
     </span>
     <span class='ocr_line' id='line_1_29' title="bbox 425 1307 1186 1356; baseline 0.001 -16"><span class='ocrx_word' id='word_1_127' title='bbox 425 1307 673 1351; x_wconf 81' lang='lat' dir='ltr'><strong>provincialibus</strong></span> <span class='ocrx_word' id='word_1_128' title='bbox 686 1334 694 1348; x_wconf 82' lang='lat'><strong>,</strong></span> <span class='ocrx_word' id='word_1_129' title='bbox 719 1307 945 1340; x_wconf 87' lang='lat' dir='ltr'><strong>commissariis</strong></span> <span class='ocrx_word' id='word_1_130' title='bbox 958 1334 965 1347; x_wconf 92' lang='lat'><strong>,</strong></span> <span class='ocrx_word' id='word_1_131' title='bbox 998 1308 1166 1350; x_wconf 82' lang='lat' dir='ltr'><strong>ministris,</strong></span> <span class='ocrx_word' id='word_1_132' title='bbox 1184 1321 1186 1356; x_wconf 56' lang='lat' dir='ltr'><strong>g</strong></span> 
     </span>
     <span class='ocr_line' id='line_1_30' title="bbox 426 1360 1186 1405; baseline 0.003 -12"><span class='ocrx_word' id='word_1_133' title='bbox 426 1360 687 1404; x_wconf 85' lang='lat' dir='ltr'><strong>praesidentibus,</strong></span> <span class='ocrx_word' id='word_1_134' title='bbox 701 1361 877 1401; x_wconf 88' lang='lat' dir='ltr'><strong>abbatibus,</strong></span> <span class='ocrx_word' id='word_1_135' title='bbox 890 1361 1062 1404; x_wconf 85' lang='lat' dir='ltr'><strong>prioribus,</strong></span> <span class='ocrx_word' id='word_1_136' title='bbox 1076 1372 1167 1405; x_wconf 86' lang='lat' dir='ltr'><strong>prae·</strong></span> <span class='ocrx_word' id='word_1_137' title='bbox 1184 1360 1186 1373; x_wconf 94' lang='lat'>&#39;</span> 
     </span>
     <span class='ocr_line' id='line_1_31' title="bbox 427 1413 1186 1458; baseline 0.001 -12"><span class='ocrx_word' id='word_1_138' title='bbox 427 1414 547 1457; x_wconf 87' lang='lat' dir='ltr'><strong>positis,</strong></span> <span class='ocrx_word' id='word_1_139' title='bbox 573 1413 762 1457; x_wconf 87' lang='lat' dir='ltr'><strong>guardianis,</strong></span> <span class='ocrx_word' id='word_1_140' title='bbox 784 1413 909 1446; x_wconf 70' lang='lat' dir='ltr'><strong>vicariis</strong></span> <span class='ocrx_word' id='word_1_141' title='bbox 924 1419 954 1447; x_wconf 90' lang='lat' dir='ltr'><strong>et</strong></span> <span class='ocrx_word' id='word_1_142' title='bbox 967 1414 1168 1458; x_wconf 85' lang='lat' dir='ltr'><strong>quibuscum·</strong></span> <span class='ocrx_word' id='word_1_143' title='bbox 1184 1440 1186 1446; x_wconf 74' lang='grc'>,</span> 
     </span>
     <span class='ocr_line' id='line_1_32' title="bbox 428 1467 1186 1511; baseline 0.001 -12"><span class='ocrx_word' id='word_1_144' title='bbox 428 1477 488 1511; x_wconf 87' lang='lat' dir='ltr'><strong>que</strong></span> <span class='ocrx_word' id='word_1_145' title='bbox 502 1467 570 1500; x_wconf 88' lang='lat' dir='ltr'><strong>aliis</strong></span> <span class='ocrx_word' id='word_1_146' title='bbox 584 1467 802 1511; x_wconf 90' lang='lat' dir='ltr'><strong>superioribus</strong></span> <span class='ocrx_word' id='word_1_147' title='bbox 812 1468 1088 1508; x_wconf 82' lang='lat' dir='ltr'><strong>monasteriorum,</strong></span> <span class='ocrx_word' id='word_1_148' title='bbox 1099 1478 1169 1501; x_wconf 86' lang='lat' dir='ltr'><strong>con-</strong></span> <span class='ocrx_word' id='word_1_149' title='bbox 1185 1494 1186 1500; x_wconf 69' lang='grc'>,</span> 
     </span>
     <span class='ocr_line' id='line_1_33' title="bbox 427 1521 1169 1563; baseline 0.003 -11"><span class='ocrx_word' id='word_1_150' title='bbox 427 1526 587 1562; x_wconf 69' lang='lat' dir='ltr'><strong>ventuum,</strong></span> <span class='ocrx_word' id='word_1_151' title='bbox 613 1531 648 1553; x_wconf 88' lang='lat' dir='ltr'><strong>ac</strong></span> <span class='ocrx_word' id='word_1_152' title='bbox 672 1521 840 1553; x_wconf 90' lang='lat' dir='ltr'><strong>domorum</strong></span> <span class='ocrx_word' id='word_1_153' title='bbox 865 1521 1060 1563; x_wconf 79' lang='lat' dir='ltr'><strong>regularium</strong></span> <span class='ocrx_word' id='word_1_154' title='bbox 1087 1522 1169 1554; x_wconf 88' lang='lat' dir='ltr'><strong>bona</strong></span> 
     </span>
     <span class='ocr_line' id='line_1_34' title="bbox 428 1574 1187 1622; baseline 0.001 -16"><span class='ocrx_word' id='word_1_155' title='bbox 428 1574 601 1607; x_wconf 84' lang='lat' dir='ltr'><strong>immobilia</strong></span> <span class='ocrx_word' id='word_1_156' title='bbox 631 1574 881 1617; x_wconf 83' lang='lat' dir='ltr'><strong>possidentium,</strong></span> <span class='ocrx_word' id='word_1_157' title='bbox 907 1574 955 1607; x_wconf 76' lang='lat' dir='ltr'><strong>vel</strong></span> <span class='ocrx_word' id='word_1_158' title='bbox 978 1584 1043 1607; x_wconf 89' lang='lat' dir='ltr'><strong>non</strong></span> <span class='ocrx_word' id='word_1_159' title='bbox 1067 1575 1187 1622; x_wconf 37' lang='lat' dir='ltr'><strong>possig</strong></span> 
     </span>
     <span class='ocr_line' id='line_1_35' title="bbox 428 1623 1187 1671; baseline 0.004 -12"><span class='ocrx_word' id='word_1_160' title='bbox 428 1627 588 1668; x_wconf 90' lang='lat' dir='ltr'><strong>dentium,</strong></span> <span class='ocrx_word' id='word_1_161' title='bbox 613 1628 841 1671; x_wconf 86' lang='lat' dir='ltr'><strong>cuiuscumque</strong></span> <span class='ocrx_word' id='word_1_162' title='bbox 869 1627 1006 1668; x_wconf 84' lang='lat' dir='ltr'><strong>Ordinis,</strong></span> <span class='ocrx_word' id='word_1_163' title='bbox 1033 1623 1187 1671; x_wconf 58' lang='lat' dir='ltr'><strong>congre-⁵</strong></span> 
     </span>
     <span class='ocr_line' id='line_1_36' title="bbox 428 1680 1169 1723; baseline 0.003 -11"><span class='ocrx_word' id='word_1_164' title='bbox 428 1680 562 1723; x_wconf 82' lang='lat' dir='ltr'><strong>gationis</strong></span> <span class='ocrx_word' id='word_1_165' title='bbox 579 1684 609 1714; x_wconf 85' lang='lat' dir='ltr'><strong>et</strong></span> <span class='ocrx_word' id='word_1_166' title='bbox 625 1680 756 1713; x_wconf 89' lang='lat' dir='ltr'><strong>instituti</strong></span> <span class='ocrx_word' id='word_1_167' title='bbox 773 1680 982 1722; x_wconf 81' lang='lat' dir='ltr'><strong>existentium,</strong></span> <span class='ocrx_word' id='word_1_168' title='bbox 996 1681 1079 1713; x_wconf 91' lang='lat' dir='ltr'><strong>intra</strong></span> <span class='ocrx_word' id='word_1_169' title='bbox 1090 1681 1169 1714; x_wconf 87' lang='lat' dir='ltr'><strong>fines</strong></span> 
     </span>
     <span class='ocr_line' id='line_1_37' title="bbox 429 1733 1187 1775; baseline 0.001 -9"><span class='ocrx_word' id='word_1_170' title='bbox 429 1733 534 1766; x_wconf 87' lang='lat' dir='ltr'><strong>Italiae</strong></span> <span class='ocrx_word' id='word_1_171' title='bbox 560 1738 589 1766; x_wconf 92' lang='lat' dir='ltr'><strong>et</strong></span> <span class='ocrx_word' id='word_1_172' title='bbox 614 1733 788 1766; x_wconf 86' lang='lat' dir='ltr'><strong>insularum</strong></span> <span class='ocrx_word' id='word_1_173' title='bbox 812 1733 1032 1775; x_wconf 86' lang='lat' dir='ltr'><strong>adiacentium,</strong></span> <span class='ocrx_word' id='word_1_174' title='bbox 1053 1740 1087 1766; x_wconf 86' lang='lat' dir='ltr'><strong>ut</strong></span> <span class='ocrx_word' id='word_1_175' title='bbox 1111 1735 1187 1767; x_wconf 51' lang='lat' dir='ltr'><strong>sin-¹</strong></span> 
     </span>
     <span class='ocr_line' id='line_1_38' title="bbox 429 1787 1170 1832; baseline 0.003 -13"><span class='ocrx_word' id='word_1_176' title='bbox 429 1787 506 1829; x_wconf 84' lang='lat' dir='ltr'><strong>guli,</strong></span> <span class='ocrx_word' id='word_1_177' title='bbox 530 1787 568 1819; x_wconf 91' lang='lat' dir='ltr'><strong>ad</strong></span> <span class='ocrx_word' id='word_1_178' title='bbox 593 1797 672 1830; x_wconf 86' lang='lat' dir='ltr'><strong>quos</strong></span> <span class='ocrx_word' id='word_1_179' title='bbox 696 1787 848 1830; x_wconf 85' lang='lat' dir='ltr'><strong>pertinet,</strong></span> <span class='ocrx_word' id='word_1_180' title='bbox 872 1787 904 1819; x_wconf 93' lang='lat' dir='ltr'><strong>in</strong></span> <span class='ocrx_word' id='word_1_181' title='bbox 933 1787 1071 1831; x_wconf 85' lang='lat' dir='ltr'><strong>qualibet</strong></span> <span class='ocrx_word' id='word_1_182' title='bbox 1095 1799 1170 1832; x_wconf 93' lang='lat' dir='ltr'><strong>pro-</strong></span> 
     </span>
     <span class='ocr_line' id='line_1_39' title="bbox 429 1839 1171 1884; baseline 0.003 -12"><span class='ocrx_word' id='word_1_183' title='bbox 429 1839 542 1880; x_wconf 72' lang='lat' dir='ltr'><strong>vincia,</strong></span> <span class='ocrx_word' id='word_1_184' title='bbox 568 1839 716 1872; x_wconf 86' lang='lat' dir='ltr'><strong>adhibitis</strong></span> <span class='ocrx_word' id='word_1_185' title='bbox 739 1840 863 1872; x_wconf 88' lang='lat' dir='ltr'><strong>duobus</strong></span> <span class='ocrx_word' id='word_1_186' title='bbox 887 1846 940 1873; x_wconf 86' lang='lat' dir='ltr'><strong>aut</strong></span> <span class='ocrx_word' id='word_1_187' title='bbox 958 1841 1061 1874; x_wconf 82' lang='lat' dir='ltr'><strong>tribus</strong></span> <span class='ocrx_word' id='word_1_188' title='bbox 1081 1851 1171 1884; x_wconf 89' lang='lat' dir='ltr'><strong>regu-</strong></span> 
     </span>
     <span class='ocr_line' id='line_1_40' title="bbox 429 1893 1171 1938; baseline 0.001 -12"><span class='ocrx_word' id='word_1_189' title='bbox 429 1893 549 1926; x_wconf 87' lang='lat' dir='ltr'><strong>laribus</strong></span> <span class='ocrx_word' id='word_1_190' title='bbox 565 1893 613 1926; x_wconf 90' lang='lat' dir='ltr'><strong>sui</strong></span> <span class='ocrx_word' id='word_1_191' title='bbox 629 1893 753 1926; x_wconf 88' lang='lat' dir='ltr'><strong>Ordinis</strong></span> <span class='ocrx_word' id='word_1_192' title='bbox 770 1894 817 1926; x_wconf 70' lang='lat' dir='ltr'><strong>vel</strong></span> <span class='ocrx_word' id='word_1_193' title='bbox 835 1894 1089 1937; x_wconf 85' lang='lat' dir='ltr'><strong>congregationis</strong></span> <span class='ocrx_word' id='word_1_194' title='bbox 1101 1904 1171 1938; x_wconf 86' lang='lat' dir='ltr'><strong>pro-</strong></span> 
     </span>
     <span class='ocr_line' id='line_1_41' title="bbox 429 1946 1171 1990; baseline 0.001 -11"><span class='ocrx_word' id='word_1_195' title='bbox 429 1946 605 1980; x_wconf 82' lang='lat' dir='ltr'><strong>batioribus</strong></span> <span class='ocrx_word' id='word_1_196' title='bbox 617 1951 648 1979; x_wconf 84' lang='lat' dir='ltr'><strong>et</strong></span> <span class='ocrx_word' id='word_1_197' title='bbox 660 1957 767 1979; x_wconf 88' lang='lat' dir='ltr'><strong>rerum</strong></span> <span class='ocrx_word' id='word_1_198' title='bbox 783 1957 842 1979; x_wconf 90' lang='lat' dir='ltr'><strong>usu</strong></span> <span class='ocrx_word' id='word_1_199' title='bbox 859 1947 1072 1990; x_wconf 85' lang='lat' dir='ltr'><strong>peritioribus,</strong></span> <span class='ocrx_word' id='word_1_200' title='bbox 1089 1948 1171 1981; x_wconf 88' lang='lat' dir='ltr'><strong>bona</strong></span> 
     </span>
     <span class='ocr_line' id='line_1_42' title="bbox 430 1999 1170 2044; baseline 0.003 -12"><span class='ocrx_word' id='word_1_201' title='bbox 430 1999 614 2040; x_wconf 85' lang='lat' dir='ltr'><strong>immobilia,</strong></span> <span class='ocrx_word' id='word_1_202' title='bbox 640 2009 762 2040; x_wconf 88' lang='lat' dir='ltr'><strong>census,</strong></span> <span class='ocrx_word' id='word_1_203' title='bbox 787 1999 928 2034; x_wconf 90' lang='lat' dir='ltr'><strong>redditus</strong></span> <span class='ocrx_word' id='word_1_204' title='bbox 948 2005 979 2033; x_wconf 89' lang='lat' dir='ltr'><strong>et</strong></span> <span class='ocrx_word' id='word_1_205' title='bbox 998 2006 1170 2044; x_wconf 77' lang='lat' dir='ltr'><strong>proventus</strong></span> 
     </span>
     <span class='ocr_line' id='line_1_43' title="bbox 431 2052 1171 2097; baseline 0.001 -12"><span class='ocrx_word' id='word_1_206' title='bbox 431 2062 561 2094; x_wconf 90' lang='lat' dir='ltr'><strong>omnes,</strong></span> <span class='ocrx_word' id='word_1_207' title='bbox 593 2057 759 2085; x_wconf 89' lang='lat' dir='ltr'><strong>consuetas</strong></span> <span class='ocrx_word' id='word_1_208' title='bbox 790 2052 865 2085; x_wconf 90' lang='lat' dir='ltr'><strong>item</strong></span> <span class='ocrx_word' id='word_1_209' title='bbox 898 2053 1111 2097; x_wconf 63' lang='lat' dir='ltr'><strong>eleemosynas</strong></span> <span class='ocrx_word' id='word_1_210' title='bbox 1141 2059 1171 2086; x_wconf 86' lang='lat' dir='ltr'><strong>et</strong></span> 
     </span>
     <span class='ocr_line' id='line_1_44' title="bbox 431 2106 1189 2148; baseline 0.001 -9"><span class='ocrx_word' id='word_1_211' title='bbox 431 2106 645 2148; x_wconf 72' lang='lat' dir='ltr'><strong>obventiones,</strong></span> <span class='ocrx_word' id='word_1_212' title='bbox 670 2112 733 2139; x_wconf 86' lang='lat' dir='ltr'><strong>tam</strong></span> <span class='ocrx_word' id='word_1_213' title='bbox 757 2116 941 2140; x_wconf 82' lang='lat' dir='ltr'><strong>comumnes</strong></span> <span class='ocrx_word' id='word_1_214' title='bbox 965 2107 1189 2140; x_wconf 86' lang='lat' dir='ltr'><strong>monasterio-&#39;</strong></span> 
     </span>
     <span class='ocr_line' id='line_1_45' title="bbox 431 2154 1189 2204; baseline 0 -12"><span class='ocrx_word' id='word_1_215' title='bbox 431 2169 522 2200; x_wconf 87' lang='lat' dir='ltr'><strong>rum,</strong></span> <span class='ocrx_word' id='word_1_216' title='bbox 547 2164 759 2193; x_wconf 78' lang='lat' dir='ltr'><strong>conventuum</strong></span> <span class='ocrx_word' id='word_1_217' title='bbox 783 2165 813 2193; x_wconf 88' lang='lat' dir='ltr'><strong>et</strong></span> <span class='ocrx_word' id='word_1_218' title='bbox 836 2159 1006 2193; x_wconf 89' lang='lat' dir='ltr'><strong>domorum</strong></span> <span class='ocrx_word' id='word_1_219' title='bbox 1031 2154 1189 2204; x_wconf 59' lang='lat' dir='ltr'><strong>eiusdem}</strong></span> 
     </span>
     <span class='ocr_line' id='line_1_46' title="bbox 431 2212 1189 2257; baseline 0.001 -12"><span class='ocrx_word' id='word_1_220' title='bbox 431 2212 621 2256; x_wconf 76' lang='lat' dir='ltr'><strong>provinciae,</strong></span> <span class='ocrx_word' id='word_1_221' title='bbox 645 2223 739 2257; x_wconf 89' lang='lat' dir='ltr'><strong>quam</strong></span> <span class='ocrx_word' id='word_1_222' title='bbox 765 2213 858 2247; x_wconf 89' lang='lat' dir='ltr'><strong>etiam</strong></span> <span class='ocrx_word' id='word_1_223' title='bbox 876 2213 1088 2256; x_wconf 79' lang='lat' dir='ltr'><strong>singularibus</strong></span> <span class='ocrx_word' id='word_1_224' title='bbox 1104 2224 1189 2257; x_wconf 79' lang='lat' dir='ltr'><strong>per-.</strong></span> 
     </span>
     <span class='ocr_line' id='line_1_47' title="bbox 432 2266 1170 2310; baseline 0.001 -11"><span class='ocrx_word' id='word_1_225' title='bbox 432 2267 516 2300; x_wconf 87' lang='lat' dir='ltr'><strong>sonis</strong></span> <span class='ocrx_word' id='word_1_226' title='bbox 539 2266 696 2310; x_wconf 78' lang='lat' dir='ltr'><strong>religiosis</strong></span> <span class='ocrx_word' id='word_1_227' title='bbox 720 2267 903 2309; x_wconf 86' lang='lat' dir='ltr'><strong>assignatas,</strong></span> <span class='ocrx_word' id='word_1_228' title='bbox 922 2277 978 2300; x_wconf 90' lang='lat' dir='ltr'><strong>seu</strong></span> <span class='ocrx_word' id='word_1_229' title='bbox 990 2267 1170 2310; x_wconf 87' lang='lat' dir='ltr'><strong>permissas,</strong></span> 
     </span>
     <span class='ocr_line' id='line_1_48' title="bbox 431 2319 1171 2364; baseline 0.003 -12"><span class='ocrx_word' id='word_1_230' title='bbox 431 2320 463 2353; x_wconf 92' lang='lat' dir='ltr'><strong>in</strong></span> <span class='ocrx_word' id='word_1_231' title='bbox 477 2331 677 2354; x_wconf 89' lang='lat' dir='ltr'><strong>communem</strong></span> <span class='ocrx_word' id='word_1_232' title='bbox 689 2331 782 2353; x_wconf 90' lang='lat' dir='ltr'><strong>usum</strong></span> <span class='ocrx_word' id='word_1_233' title='bbox 797 2319 944 2364; x_wconf 90' lang='lat' dir='ltr'><strong>deinceps</strong></span> <span class='ocrx_word' id='word_1_234' title='bbox 957 2321 1171 2362; x_wconf 85' lang='lat' dir='ltr'><strong>conserendas,</strong></span> 
     </span>
     <span class='ocr_line' id='line_1_49' title="bbox 432 2373 1172 2417; baseline 0.001 -12"><span class='ocrx_word' id='word_1_235' title='bbox 432 2373 540 2405; x_wconf 85' lang='lat' dir='ltr'><strong>decem</strong></span> <span class='ocrx_word' id='word_1_236' title='bbox 554 2383 709 2405; x_wconf 80' lang='lat' dir='ltr'><strong>annorum</strong></span> <span class='ocrx_word' id='word_1_237' title='bbox 724 2373 903 2406; x_wconf 83' lang='lat' dir='ltr'><strong>immediate</strong></span> <span class='ocrx_word' id='word_1_238' title='bbox 916 2373 1172 2417; x_wconf 88' lang='lat' dir='ltr'><strong>praecedentium</strong></span> 
     </span>
     <span class='ocr_line' id='line_1_50' title="bbox 433 2427 1174 2469; baseline 0.001 -10"><span class='ocrx_word' id='word_1_239' title='bbox 433 2427 539 2459; x_wconf 75' lang='lat' dir='ltr'><strong>habita</strong></span> <span class='ocrx_word' id='word_1_240' title='bbox 561 2427 690 2468; x_wconf 85' lang='lat' dir='ltr'><strong>ratione,</strong></span> <span class='ocrx_word' id='word_1_241' title='bbox 709 2427 876 2469; x_wconf 77' lang='lat' dir='ltr'><strong>diligenter</strong></span> <span class='ocrx_word' id='word_1_242' title='bbox 895 2432 925 2459; x_wconf 91' lang='lat' dir='ltr'><strong>et</strong></span> <span class='ocrx_word' id='word_1_243' title='bbox 942 2432 1065 2460; x_wconf 87' lang='lat' dir='ltr'><strong>mature</strong></span> <span class='ocrx_word' id='word_1_244' title='bbox 1088 2437 1174 2460; x_wconf 87' lang='lat' dir='ltr'><strong>reco-</strong></span> 
     </span>
     <span class='ocr_line' id='line_1_51' title="bbox 434 2480 1174 2524; baseline 0.003 -12"><span class='ocrx_word' id='word_1_245' title='bbox 434 2486 595 2522; x_wconf 81' lang='lat' dir='ltr'><strong>gnoscant,</strong></span> <span class='ocrx_word' id='word_1_246' title='bbox 620 2480 658 2513; x_wconf 91' lang='lat' dir='ltr'><strong>iis</strong></span> <span class='ocrx_word' id='word_1_247' title='bbox 682 2480 828 2513; x_wconf 87' lang='lat' dir='ltr'><strong>omnibus</strong></span> <span class='ocrx_word' id='word_1_248' title='bbox 849 2480 1006 2523; x_wconf 80' lang='lat' dir='ltr'><strong>detractis,</strong></span> <span class='ocrx_word' id='word_1_249' title='bbox 1032 2491 1112 2524; x_wconf 86' lang='lat' dir='ltr'><strong>quae</strong></span> <span class='ocrx_word' id='word_1_250' title='bbox 1128 2491 1174 2514; x_wconf 89' lang='lat' dir='ltr'><strong>re-</strong></span> 
     </span>
     <span class='ocr_line' id='line_1_52' title="bbox 435 2534 1175 2577; baseline 0.004 -12"><span class='ocrx_word' id='word_1_251' title='bbox 435 2534 622 2576; x_wconf 83' lang='lat' dir='ltr'><strong>parationes,</strong></span> <span class='ocrx_word' id='word_1_252' title='bbox 646 2534 882 2577; x_wconf 84' lang='lat' dir='ltr'><strong>praestationes,</strong></span> <span class='ocrx_word' id='word_1_253' title='bbox 907 2534 1086 2577; x_wconf 86' lang='lat' dir='ltr'><strong>grandines,</strong></span> <span class='ocrx_word' id='word_1_254' title='bbox 1117 2540 1175 2568; x_wconf 86' lang='lat' dir='ltr'><strong>stc-</strong></span> 
     </span>
     <span class='ocr_line' id='line_1_53' title="bbox 435 2586 1174 2631; baseline 0.004 -13"><span class='ocrx_word' id='word_1_255' title='bbox 435 2586 586 2625; x_wconf 80' lang='lat' dir='ltr'><strong>rilitates‚</strong></span> <span class='ocrx_word' id='word_1_256' title='bbox 610 2587 708 2619; x_wconf 77' lang='lat' dir='ltr'><strong>aliave</strong></span> <span class='ocrx_word' id='word_1_257' title='bbox 734 2587 900 2622; x_wconf 88' lang='lat' dir='ltr'><strong>cuiuslibet</strong></span> <span class='ocrx_word' id='word_1_258' title='bbox 923 2587 1049 2631; x_wconf 91' lang='lat' dir='ltr'><strong>generis</strong></span> <span class='ocrx_word' id='word_1_259' title='bbox 1078 2598 1174 2622; x_wconf 89' lang='lat' dir='ltr'><strong>onera</strong></span> 
     </span>
     <span class='ocr_line' id='line_1_54' title="bbox 436 2639 875 2681; baseline 0.007 -10"><span class='ocrx_word' id='word_1_260' title='bbox 436 2645 665 2672; x_wconf 77' lang='lat' dir='ltr'><strong>consueverunt</strong></span> <span class='ocrx_word' id='word_1_261' title='bbox 688 2639 857 2674; x_wconf 87' lang='lat' dir='ltr'><strong>absorbere</strong></span> <span class='ocrx_word' id='word_1_262' title='bbox 867 2651 875 2681; x_wconf 81' lang='lat'>3</span> 
     </span>
    </p>
   </div>
   <div class='ocr_carea' id='block_1_6' title="bbox 1184 899 1192 2672">
    <p class='ocr_par' dir='ltr' id='par_1_8' title="bbox 1184 899 1192 2672">
     <span class='ocr_line' id='line_1_55' title="bbox 1184 899 1192 2672; baseline 0 0"><span class='ocrx_word' id='word_1_263' title='bbox 1184 899 1192 2672; x_wconf 95' lang='lat' dir='ltr'><strong> </strong></span> 
     </span>
    </p>
   </div>
   <div class='ocr_carea' id='block_1_7' title="bbox 1182 305 1186 408">
    <p class='ocr_par' dir='ltr' id='par_1_9' title="bbox 1182 305 1186 408">
     <span class='ocr_line' id='line_1_56' title="bbox 1182 305 1186 408; baseline 0 2827"><span class='ocrx_word' id='word_1_264' title='bbox 1182 305 1186 408; x_wconf 95' lang='lat' dir='ltr'><strong> </strong></span> 
     </span>
    </p>
   </div>
   <div class='ocr_carea' id='block_1_8' title="bbox 1182 451 1186 640">
    <p class='ocr_par' dir='ltr' id='par_1_10' title="bbox 1182 451 1186 640">
     <span class='ocr_line' id='line_1_57' title="bbox 1182 451 1186 640; baseline 0 2595"><span class='ocrx_word' id='word_1_265' title='bbox 1182 451 1186 640; x_wconf 95' lang='lat' dir='ltr'><strong> </strong></span> 
     </span>
    </p>
   </div>
   <div class='ocr_carea' id='block_1_9' title="bbox 1182 644 1186 848">
    <p class='ocr_par' dir='ltr' id='par_1_11' title="bbox 1182 644 1186 848">
     <span class='ocr_line' id='line_1_58' title="bbox 1182 644 1186 848; baseline 0 2387"><span class='ocrx_word' id='word_1_266' title='bbox 1182 644 1186 848; x_wconf 95' lang='lat' dir='ltr'><strong> </strong></span> 
     </span>
    </p>
   </div>
   <div class='ocr_carea' id='block_1_10' title="bbox 1012 253 1369 279">
    <p class='ocr_par' dir='ltr' id='par_1_12' title="bbox 1012 253 1369 279">
     <span class='ocr_line' id='line_1_59' title="bbox 1012 253 1369 279; baseline 0.006 -3"><span class='ocrx_word' id='word_1_267' title='bbox 1012 253 1191 278; x_wconf 62' lang='lat' dir='ltr'><strong>nummula</strong></span> <span class='ocrx_word' id='word_1_268' title='bbox 1215 253 1369 279; x_wconf 62' lang='lat' dir='ltr'><strong>nonnum</strong></span> 
     </span>
    </p>
   </div>
   <div class='ocr_carea' id='block_1_11' title="bbox 1200 355 1948 2686">
    <p class='ocr_par' dir='ltr' id='par_1_13' title="bbox 1200 355 1945 1671">
     <span class='ocr_line' id='line_1_60' title="bbox 1201 355 1940 400; baseline 0.004 -12"><span class='ocrx_word' id='word_1_269' title='bbox 1201 361 1321 395; x_wconf 85' lang='lat' dir='ltr'><strong>xarata‚</strong></span> <span class='ocrx_word' id='word_1_270' title='bbox 1346 355 1428 389; x_wconf 89' lang='lat' dir='ltr'><strong>idem</strong></span> <span class='ocrx_word' id='word_1_271' title='bbox 1453 356 1608 400; x_wconf 81' lang='lat' dir='ltr'><strong>superior,</strong></span> <span class='ocrx_word' id='word_1_272' title='bbox 1632 356 1722 389; x_wconf 88' lang='lat' dir='ltr'><strong>cuius</strong></span> <span class='ocrx_word' id='word_1_273' title='bbox 1746 357 1883 400; x_wconf 89' lang='lat' dir='ltr'><strong>interest,</strong></span> <span class='ocrx_word' id='word_1_274' title='bbox 1908 358 1940 391; x_wconf 92' lang='lat' dir='ltr'><strong>in</strong></span> 
     </span>
     <span class='ocr_line' id='line_1_61' title="bbox 1201 409 1938 454; baseline 0.003 -12"><span class='ocrx_word' id='word_1_275' title='bbox 1201 410 1346 453; x_wconf 83' lang='lat' dir='ltr'><strong>proximo</strong></span> <span class='ocrx_word' id='word_1_276' title='bbox 1371 409 1508 453; x_wconf 87' lang='lat' dir='ltr'><strong>capitulo</strong></span> <span class='ocrx_word' id='word_1_277' title='bbox 1533 420 1588 444; x_wconf 88' lang='lat' dir='ltr'><strong>seu</strong></span> <span class='ocrx_word' id='word_1_278' title='bbox 1612 410 1856 453; x_wconf 74' lang='lat' dir='ltr'><strong>congregatione</strong></span> <span class='ocrx_word' id='word_1_279' title='bbox 1883 421 1938 454; x_wconf 81' lang='lat' dir='ltr'><strong>ge-</strong></span> 
     </span>
     <span class='ocr_line' id='line_1_62' title="bbox 1200 462 1940 506; baseline 0.004 -12"><span class='ocrx_word' id='word_1_280' title='bbox 1200 463 1298 496; x_wconf 86' lang='lat' dir='ltr'><strong>nerali</strong></span> <span class='ocrx_word' id='word_1_281' title='bbox 1323 463 1370 496; x_wconf 78' lang='lat' dir='ltr'><strong>vel</strong></span> <span class='ocrx_word' id='word_1_282' title='bbox 1396 462 1582 506; x_wconf 77' lang='lat' dir='ltr'><strong>provinciali</strong></span> <span class='ocrx_word' id='word_1_283' title='bbox 1607 473 1715 496; x_wconf 88' lang='lat' dir='ltr'><strong>coram</strong></span> <span class='ocrx_word' id='word_1_284' title='bbox 1740 463 1840 496; x_wconf 89' lang='lat' dir='ltr'><strong>tribus</strong></span> <span class='ocrx_word' id='word_1_285' title='bbox 1864 464 1940 497; x_wconf 89' lang='lat' dir='ltr'><strong>iudi-</strong></span> 
     </span>
     <span class='ocr_line' id='line_1_63' title="bbox 1201 516 1940 561; baseline 0 -11"><span class='ocrx_word' id='word_1_286' title='bbox 1201 516 1289 550; x_wconf 88' lang='lat' dir='ltr'><strong>cibus</strong></span> <span class='ocrx_word' id='word_1_287' title='bbox 1313 516 1352 549; x_wconf 84' lang='lat' dir='ltr'><strong>ab</strong></span> <span class='ocrx_word' id='word_1_288' title='bbox 1376 517 1510 560; x_wconf 85' lang='lat' dir='ltr'><strong>ipsomet</strong></span> <span class='ocrx_word' id='word_1_289' title='bbox 1534 516 1670 560; x_wconf 88' lang='lat' dir='ltr'><strong>capitulo</strong></span> <span class='ocrx_word' id='word_1_290' title='bbox 1691 527 1747 549; x_wconf 91' lang='lat' dir='ltr'><strong>seu</strong></span> <span class='ocrx_word' id='word_1_291' title='bbox 1771 527 1940 561; x_wconf 84' lang='lat' dir='ltr'><strong>congrega-</strong></span> 
     </span>
     <span class='ocr_line' id='line_1_64' title="bbox 1201 567 1941 613; baseline 0.003 -13"><span class='ocrx_word' id='word_1_292' title='bbox 1201 567 1285 601; x_wconf 87' lang='lat' dir='ltr'><strong>tione</strong></span> <span class='ocrx_word' id='word_1_293' title='bbox 1301 568 1475 611; x_wconf 80' lang='lat' dir='ltr'><strong>deligendis</strong></span> <span class='ocrx_word' id='word_1_294' title='bbox 1491 573 1655 613; x_wconf 87' lang='lat' dir='ltr'><strong>proponat,</strong></span> <span class='ocrx_word' id='word_1_295' title='bbox 1671 568 1736 612; x_wconf 88' lang='lat' dir='ltr'><strong>qui,</strong></span> <span class='ocrx_word' id='word_1_296' title='bbox 1753 570 1941 613; x_wconf 90' lang='lat' dir='ltr'><strong>computatis</strong></span> 
     </span>
     <span class='ocr_line' id='line_1_65' title="bbox 1201 621 1942 666; baseline 0.001 -12"><span class='ocrx_word' id='word_1_297' title='bbox 1201 621 1382 655; x_wconf 90' lang='lat' dir='ltr'><strong>huiusmodi</strong></span> <span class='ocrx_word' id='word_1_298' title='bbox 1406 621 1590 664; x_wconf 87' lang='lat' dir='ltr'><strong>redditibus,</strong></span> <span class='ocrx_word' id='word_1_299' title='bbox 1607 621 1812 666; x_wconf 72' lang='lat' dir='ltr'><strong>eleemosynis</strong></span> <span class='ocrx_word' id='word_1_300' title='bbox 1836 626 1867 654; x_wconf 87' lang='lat' dir='ltr'><strong>et</strong></span> <span class='ocrx_word' id='word_1_301' title='bbox 1890 622 1942 656; x_wconf 92' lang='lat' dir='ltr'><strong>ob-</strong></span> 
     </span>
     <span class='ocr_line' id='line_1_66' title="bbox 1202 674 1941 719; baseline 0.001 -13"><span class='ocrx_word' id='word_1_302' title='bbox 1202 674 1399 708; x_wconf 86' lang='lat' dir='ltr'><strong>ventionibus</strong></span> <span class='ocrx_word' id='word_1_303' title='bbox 1411 674 1576 716; x_wconf 83' lang='lat' dir='ltr'><strong>universis,</strong></span> <span class='ocrx_word' id='word_1_304' title='bbox 1590 680 1620 708; x_wconf 92' lang='lat' dir='ltr'><strong>et</strong></span> <span class='ocrx_word' id='word_1_305' title='bbox 1637 674 1786 708; x_wconf 88' lang='lat' dir='ltr'><strong>oneribus</strong></span> <span class='ocrx_word' id='word_1_306' title='bbox 1799 680 1833 708; x_wconf 90' lang='lat' dir='ltr'><strong>ut</strong></span> <span class='ocrx_word' id='word_1_307' title='bbox 1845 685 1941 719; x_wconf 86' lang='lat' dir='ltr'><strong>supra</strong></span> 
     </span>
     <span class='ocr_line' id='line_1_67' title="bbox 1201 726 1941 771; baseline 0.001 -12"><span class='ocrx_word' id='word_1_308' title='bbox 1201 726 1358 769; x_wconf 81' lang='lat' dir='ltr'><strong>detractis,</strong></span> <span class='ocrx_word' id='word_1_309' title='bbox 1383 727 1492 761; x_wconf 89' lang='lat' dir='ltr'><strong>sedulo</strong></span> <span class='ocrx_word' id='word_1_310' title='bbox 1510 727 1695 768; x_wconf 83' lang='lat' dir='ltr'><strong>examinent,</strong></span> <span class='ocrx_word' id='word_1_311' title='bbox 1709 733 1786 771; x_wconf 90' lang='lat' dir='ltr'><strong>quot</strong></span> <span class='ocrx_word' id='word_1_312' title='bbox 1801 728 1941 770; x_wconf 85' lang='lat' dir='ltr'><strong>religiosi</strong></span> 
     </span>
     <span class='ocr_line' id='line_1_68' title="bbox 1201 779 1943 823; baseline 0.003 -11"><span class='ocrx_word' id='word_1_313' title='bbox 1201 779 1355 820; x_wconf 83' lang='lat' dir='ltr'><strong>homines,</strong></span> <span class='ocrx_word' id='word_1_314' title='bbox 1372 781 1606 814; x_wconf 86' lang='lat' dir='ltr'><strong>connumeratis</strong></span> <span class='ocrx_word' id='word_1_315' title='bbox 1626 781 1720 814; x_wconf 85' lang='lat' dir='ltr'><strong>etiam</strong></span> <span class='ocrx_word' id='word_1_316' title='bbox 1745 781 1842 823; x_wconf 88' lang='lat' dir='ltr'><strong>laicis,</strong></span> <span class='ocrx_word' id='word_1_317' title='bbox 1861 781 1943 814; x_wconf 91' lang='lat' dir='ltr'><strong>aliis-</strong></span> 
     </span>
     <span class='ocr_line' id='line_1_69' title="bbox 1201 833 1941 877; baseline 0.003 -13"><span class='ocrx_word' id='word_1_318' title='bbox 1201 842 1262 875; x_wconf 92' lang='lat' dir='ltr'><strong>que</strong></span> <span class='ocrx_word' id='word_1_319' title='bbox 1277 833 1463 866; x_wconf 88' lang='lat' dir='ltr'><strong>necessariis</strong></span> <span class='ocrx_word' id='word_1_320' title='bbox 1475 833 1692 874; x_wconf 88' lang='lat' dir='ltr'><strong>servientibus,</strong></span> <span class='ocrx_word' id='word_1_321' title='bbox 1706 833 1737 866; x_wconf 92' lang='lat' dir='ltr'><strong>in</strong></span> <span class='ocrx_word' id='word_1_322' title='bbox 1751 843 1941 877; x_wconf 87' lang='lat' dir='ltr'><strong>unoquoque</strong></span> 
     </span>
     <span class='ocr_line' id='line_1_70' title="bbox 1202 885 1941 930; baseline 0.004 -14"><span class='ocrx_word' id='word_1_323' title='bbox 1202 885 1411 925; x_wconf 88' lang='lat' dir='ltr'><strong>monasterio,</strong></span> <span class='ocrx_word' id='word_1_324' title='bbox 1435 891 1591 919; x_wconf 82' lang='lat' dir='ltr'><strong>conventu</strong></span> <span class='ocrx_word' id='word_1_325' title='bbox 1621 892 1652 918; x_wconf 90' lang='lat' dir='ltr'><strong>et</strong></span> <span class='ocrx_word' id='word_1_326' title='bbox 1683 886 1778 920; x_wconf 91' lang='lat' dir='ltr'><strong>domo</strong></span> <span class='ocrx_word' id='word_1_327' title='bbox 1802 887 1941 930; x_wconf 89' lang='lat' dir='ltr'><strong>regulari</strong></span> 
     </span>
     <span class='ocr_line' id='line_1_71' title="bbox 1202 937 1941 982; baseline 0.005 -13"><span class='ocrx_word' id='word_1_328' title='bbox 1202 937 1287 969; x_wconf 81' lang='lat' dir='ltr'><strong>iuxta</strong></span> <span class='ocrx_word' id='word_1_329' title='bbox 1304 937 1443 980; x_wconf 84' lang='lat' dir='ltr'><strong>regionis</strong></span> <span class='ocrx_word' id='word_1_330' title='bbox 1468 943 1498 970; x_wconf 89' lang='lat' dir='ltr'><strong>et</strong></span> <span class='ocrx_word' id='word_1_331' title='bbox 1522 938 1644 981; x_wconf 90' lang='lat' dir='ltr'><strong>proprii</strong></span> <span class='ocrx_word' id='word_1_332' title='bbox 1661 939 1941 982; x_wconf 85' lang='lat' dir='ltr'><strong>institutimorem,</strong></span> 
     </span>
     <span class='ocr_line' id='line_1_72' title="bbox 1201 989 1943 1026; baseline 0.007 -5"><span class='ocrx_word' id='word_1_333' title='bbox 1201 989 1318 1022; x_wconf 70' lang='lat' dir='ltr'><strong>victum</strong></span> <span class='ocrx_word' id='word_1_334' title='bbox 1335 994 1365 1024; x_wconf 87' lang='lat' dir='ltr'><strong>et</strong></span> <span class='ocrx_word' id='word_1_335' title='bbox 1381 990 1528 1022; x_wconf 88' lang='lat' dir='ltr'><strong>vestitum</strong></span> <span class='ocrx_word' id='word_1_336' title='bbox 1548 996 1579 1023; x_wconf 91' lang='lat' dir='ltr'><strong>et</strong></span> <span class='ocrx_word' id='word_1_337' title='bbox 1594 991 1791 1025; x_wconf 86' lang='lat' dir='ltr'><strong>medicinalia</strong></span> <span class='ocrx_word' id='word_1_338' title='bbox 1808 993 1839 1025; x_wconf 95' lang='lat' dir='ltr'><strong>in</strong></span> <span class='ocrx_word' id='word_1_339' title='bbox 1859 1004 1943 1026; x_wconf 90' lang='lat' dir='ltr'><strong>com-</strong></span> 
     </span>
     <span class='ocr_line' id='line_1_73' title="bbox 1201 1042 1942 1087; baseline 0.007 -13"><span class='ocrx_word' id='word_1_340' title='bbox 1201 1042 1289 1075; x_wconf 89' lang='lat' dir='ltr'><strong>muni</strong></span> <span class='ocrx_word' id='word_1_341' title='bbox 1313 1042 1475 1079; x_wconf 78' lang='lat' dir='ltr'><strong>habentes.</strong></span> <span class='ocrx_word' id='word_1_342' title='bbox 1493 1049 1710 1087; x_wconf 87' lang='lat' dir='ltr'><strong>competenter</strong></span> <span class='ocrx_word' id='word_1_343' title='bbox 1730 1045 1852 1077; x_wconf 73' lang='lat' dir='ltr'><strong>valeant</strong></span> <span class='ocrx_word' id='word_1_344' title='bbox 1875 1056 1942 1079; x_wconf 92' lang='lat' dir='ltr'><strong>sus-</strong></span> 
     </span>
     <span class='ocr_line' id='line_1_74' title="bbox 1202 1095 1943 1138; baseline 0.005 -11"><span class='ocrx_word' id='word_1_345' title='bbox 1202 1095 1323 1128; x_wconf 88' lang='lat' dir='ltr'><strong>tentari.</strong></span> <span class='ocrx_word' id='word_1_346' title='bbox 1348 1096 1427 1128; x_wconf 91' lang='lat' dir='ltr'><strong>Tum</strong></span> <span class='ocrx_word' id='word_1_347' title='bbox 1460 1096 1646 1130; x_wconf 90' lang='lat' dir='ltr'><strong>eorumdem</strong></span> <span class='ocrx_word' id='word_1_348' title='bbox 1668 1097 1847 1138; x_wconf 87' lang='lat' dir='ltr'><strong>bonorum,</strong></span> <span class='ocrx_word' id='word_1_349' title='bbox 1871 1098 1943 1131; x_wconf 89' lang='lat' dir='ltr'><strong>red-</strong></span> 
     </span>
     <span class='ocr_line' id='line_1_75' title="bbox 1201 1147 1944 1194; baseline 0.007 -15"><span class='ocrx_word' id='word_1_350' title='bbox 1201 1147 1334 1187; x_wconf 85' lang='lat' dir='ltr'><strong>dituum,</strong></span> <span class='ocrx_word' id='word_1_351' title='bbox 1358 1149 1631 1193; x_wconf 65' lang='lat' dir='ltr'><strong>eleemosynarum</strong></span> <span class='ocrx_word' id='word_1_352' title='bbox 1656 1155 1686 1183; x_wconf 90' lang='lat' dir='ltr'><strong>et</strong></span> <span class='ocrx_word' id='word_1_353' title='bbox 1705 1160 1838 1183; x_wconf 89' lang='lat' dir='ltr'><strong>onerum</strong></span> <span class='ocrx_word' id='word_1_354' title='bbox 1856 1162 1944 1194; x_wconf 83' lang='lat' dir='ltr'><strong>prae-</strong></span> 
     </span>
     <span class='ocr_line' id='line_1_76' title="bbox 1202 1201 1943 1246; baseline 0.005 -13"><span class='ocrx_word' id='word_1_355' title='bbox 1202 1201 1298 1233; x_wconf 85' lang='lat' dir='ltr'><strong>cisam</strong></span> <span class='ocrx_word' id='word_1_356' title='bbox 1322 1207 1429 1234; x_wconf 89' lang='lat' dir='ltr'><strong>notam</strong></span> <span class='ocrx_word' id='word_1_357' title='bbox 1461 1202 1587 1245; x_wconf 86' lang='lat' dir='ltr'><strong>ipsimet</strong></span> <span class='ocrx_word' id='word_1_358' title='bbox 1616 1203 1754 1246; x_wconf 91' lang='lat' dir='ltr'><strong>capitulo</strong></span> <span class='ocrx_word' id='word_1_359' title='bbox 1781 1214 1837 1236; x_wconf 90' lang='lat' dir='ltr'><strong>seu</strong></span> <span class='ocrx_word' id='word_1_360' title='bbox 1868 1215 1943 1237; x_wconf 88' lang='lat' dir='ltr'><strong>con-</strong></span> 
     </span>
     <span class='ocr_line' id='line_1_77' title="bbox 1201 1254 1944 1299; baseline 0.008 -14"><span class='ocrx_word' id='word_1_361' title='bbox 1201 1254 1378 1296; x_wconf 86' lang='lat' dir='ltr'><strong>gregationi</strong></span> <span class='ocrx_word' id='word_1_362' title='bbox 1402 1255 1580 1295; x_wconf 80' lang='lat' dir='ltr'><strong>exhibeant,</strong></span> <span class='ocrx_word' id='word_1_363' title='bbox 1601 1261 1636 1288; x_wconf 87' lang='lat' dir='ltr'><strong>ut</strong></span> <span class='ocrx_word' id='word_1_364' title='bbox 1654 1255 1686 1288; x_wconf 88' lang='lat' dir='ltr'><strong>in</strong></span> <span class='ocrx_word' id='word_1_365' title='bbox 1706 1256 1760 1289; x_wconf 94' lang='lat' dir='ltr'><strong>illo</strong></span> <span class='ocrx_word' id='word_1_366' title='bbox 1778 1256 1944 1299; x_wconf 80' lang='lat' dir='ltr'><strong>diligenter</strong></span> 
     </span>
     <span class='ocr_line' id='line_1_78' title="bbox 1202 1306 1944 1351; baseline 0.007 -13"><span class='ocrx_word' id='word_1_367' title='bbox 1202 1306 1348 1339; x_wconf 88' lang='lat' dir='ltr'><strong>omnibus</strong></span> <span class='ocrx_word' id='word_1_368' title='bbox 1362 1306 1526 1348; x_wconf 87' lang='lat' dir='ltr'><strong>discussis,</strong></span> <span class='ocrx_word' id='word_1_369' title='bbox 1544 1308 1696 1351; x_wconf 90' lang='lat' dir='ltr'><strong>cuiusque</strong></span> <span class='ocrx_word' id='word_1_370' title='bbox 1712 1309 1860 1350; x_wconf 84' lang='lat' dir='ltr'><strong>familiae,</strong></span> <span class='ocrx_word' id='word_1_371' title='bbox 1880 1321 1944 1343; x_wconf 93' lang='lat' dir='ltr'><strong>mo-</strong></span> 
     </span>
     <span class='ocr_line' id='line_1_79' title="bbox 1201 1360 1944 1406; baseline 0.007 -14"><span class='ocrx_word' id='word_1_372' title='bbox 1201 1360 1329 1393; x_wconf 88' lang='lat' dir='ltr'><strong>nasterii</strong></span> <span class='ocrx_word' id='word_1_373' title='bbox 1344 1388 1351 1400; x_wconf 95' lang='lat'><strong>,</strong></span> <span class='ocrx_word' id='word_1_374' title='bbox 1376 1365 1565 1403; x_wconf 86' lang='lat' dir='ltr'><strong>conventus,</strong></span> <span class='ocrx_word' id='word_1_375' title='bbox 1590 1372 1625 1395; x_wconf 86' lang='lat' dir='ltr'><strong>ac</strong></span> <span class='ocrx_word' id='word_1_376' title='bbox 1650 1362 1763 1396; x_wconf 91' lang='lat' dir='ltr'><strong>domus</strong></span> <span class='ocrx_word' id='word_1_377' title='bbox 1789 1364 1944 1406; x_wconf 87' lang='lat' dir='ltr'><strong>regularis</strong></span> 
     </span>
     <span class='ocr_line' id='line_1_80' title="bbox 1202 1413 1944 1458; baseline 0.005 -14"><span class='ocrx_word' id='word_1_378' title='bbox 1202 1413 1234 1445; x_wconf 91' lang='lat' dir='ltr'><strong>in</strong></span> <span class='ocrx_word' id='word_1_379' title='bbox 1254 1413 1378 1455; x_wconf 77' lang='lat' dir='ltr'><strong>singula</strong></span> <span class='ocrx_word' id='word_1_380' title='bbox 1395 1424 1520 1457; x_wconf 88' lang='lat' dir='ltr'><strong>quaque</strong></span> <span class='ocrx_word' id='word_1_381' title='bbox 1536 1414 1699 1458; x_wconf 77' lang='lat' dir='ltr'><strong>provincia</strong></span> <span class='ocrx_word' id='word_1_382' title='bbox 1717 1419 1820 1449; x_wconf 86' lang='lat' dir='ltr'><strong>certus</strong></span> <span class='ocrx_word' id='word_1_383' title='bbox 1834 1426 1944 1449; x_wconf 88' lang='lat' dir='ltr'><strong>earum</strong></span> 
     </span>
     <span class='ocr_line' id='line_1_81' title="bbox 1202 1471 1945 1512; baseline 0.007 -15"><span class='ocrx_word' id='word_1_384' title='bbox 1202 1471 1322 1499; x_wconf 88' lang='lat' dir='ltr'><strong>tantum</strong></span> <span class='ocrx_word' id='word_1_385' title='bbox 1346 1477 1554 1510; x_wconf 86' lang='lat' dir='ltr'><strong>personarum</strong></span> <span class='ocrx_word' id='word_1_386' title='bbox 1573 1477 1734 1509; x_wconf 84' lang='lat' dir='ltr'><strong>numerus,</strong></span> <span class='ocrx_word' id='word_1_387' title='bbox 1751 1474 1878 1512; x_wconf 86' lang='lat' dir='ltr'><strong>patrum</strong></span> <span class='ocrx_word' id='word_1_388' title='bbox 1896 1480 1945 1502; x_wconf 86' lang='lat' dir='ltr'><strong>ca-</strong></span> 
     </span>
     <span class='ocr_line' id='line_1_82' title="bbox 1202 1519 1945 1565; baseline 0.004 -13"><span class='ocrx_word' id='word_1_389' title='bbox 1202 1519 1386 1562; x_wconf 85' lang='lat' dir='ltr'><strong>pitularium</strong></span> <span class='ocrx_word' id='word_1_390' title='bbox 1410 1525 1492 1561; x_wconf 75' lang='lat' dir='ltr'><strong>voto,</strong></span> <span class='ocrx_word' id='word_1_391' title='bbox 1517 1520 1722 1564; x_wconf 85' lang='lat' dir='ltr'><strong>praefigatur,</strong></span> <span class='ocrx_word' id='word_1_392' title='bbox 1746 1532 1827 1565; x_wconf 89' lang='lat' dir='ltr'><strong>quae</strong></span> <span class='ocrx_word' id='word_1_393' title='bbox 1844 1522 1945 1555; x_wconf 89' lang='lat' dir='ltr'><strong>reddi-</strong></span> 
     </span>
     <span class='ocr_line' id='line_1_83' title="bbox 1203 1573 1944 1618; baseline 0.004 -13"><span class='ocrx_word' id='word_1_394' title='bbox 1203 1573 1302 1614; x_wconf 91' lang='lat' dir='ltr'><strong>tibus,</strong></span> <span class='ocrx_word' id='word_1_395' title='bbox 1332 1574 1537 1618; x_wconf 61' lang='lat' dir='ltr'><strong>elecmosynis</strong></span> <span class='ocrx_word' id='word_1_396' title='bbox 1565 1579 1596 1606; x_wconf 89' lang='lat' dir='ltr'><strong>et</strong></span> <span class='ocrx_word' id='word_1_397' title='bbox 1627 1574 1885 1616; x_wconf 68' lang='lat' dir='ltr'><strong>obventionibus,</strong></span> <span class='ocrx_word' id='word_1_398' title='bbox 1910 1582 1944 1609; x_wconf 91' lang='lat' dir='ltr'><strong>ut</strong></span> 
     </span>
     <span class='ocr_line' id='line_1_84' title="bbox 1203 1626 1787 1671; baseline 0.003 -13"><span class='ocrx_word' id='word_1_399' title='bbox 1203 1627 1358 1670; x_wconf 89' lang='lat' dir='ltr'><strong>superius,</strong></span> <span class='ocrx_word' id='word_1_400' title='bbox 1383 1626 1574 1660; x_wconf 85' lang='lat' dir='ltr'><strong>sufficienter</strong></span> <span class='ocrx_word' id='word_1_401' title='bbox 1598 1627 1638 1660; x_wconf 90' lang='lat' dir='ltr'><strong>ali</strong></span> <span class='ocrx_word' id='word_1_402' title='bbox 1658 1628 1787 1671; x_wconf 85' lang='lat' dir='ltr'><strong>possint.</strong></span> 
     </span>
    </p>

    <p class='ocr_par' dir='ltr' id='par_1_14' title="bbox 1203 1678 1946 2151">
     <span class='ocr_line' id='line_1_85' title="bbox 1247 1678 1944 1725; baseline 0.006 -14"><span class='ocrx_word' id='word_1_403' title='bbox 1247 1680 1262 1722; x_wconf 64' lang='grc' dir='ltr'><strong>ἓ</strong></span> <span class='ocrx_word' id='word_1_404' title='bbox 1282 1678 1333 1712; x_wconf 69' lang='grc'><strong>12.</strong></span> <span class='ocrx_word' id='word_1_405' title='bbox 1358 1680 1402 1712; x_wconf 79' lang='lat' dir='ltr'><strong>Ne</strong></span> <span class='ocrx_word' id='word_1_406' title='bbox 1427 1690 1502 1712; x_wconf 73' lang='lat' dir='ltr'><strong>vero</strong></span> <span class='ocrx_word' id='word_1_407' title='bbox 1526 1680 1717 1724; x_wconf 85' lang='lat' dir='ltr'><strong>superiores,</strong></span> <span class='ocrx_word' id='word_1_408' title='bbox 1734 1681 1787 1724; x_wconf 88' lang='lat' dir='ltr'><strong>qui</strong></span> <span class='ocrx_word' id='word_1_409' title='bbox 1805 1681 1836 1713; x_wconf 90' lang='lat' dir='ltr'><strong>id</strong></span> <span class='ocrx_word' id='word_1_410' title='bbox 1852 1692 1944 1725; x_wconf 85' lang='lat' dir='ltr'><strong>prae-</strong></span> 
     </span>
     <span class='ocr_line' id='line_1_86' title="bbox 1203 1732 1942 1778; baseline 0.005 -14"><span class='ocrx_word' id='word_1_411' title='bbox 1203 1738 1287 1765; x_wconf 87' lang='lat' dir='ltr'><strong>stare</strong></span> <span class='ocrx_word' id='word_1_412' title='bbox 1310 1732 1436 1773; x_wconf 89' lang='lat' dir='ltr'><strong>dehent,</strong></span> <span class='ocrx_word' id='word_1_413' title='bbox 1453 1732 1563 1774; x_wconf 89' lang='lat' dir='ltr'><strong>serius,</strong></span> <span class='ocrx_word' id='word_1_414' title='bbox 1589 1739 1642 1766; x_wconf 88' lang='lat' dir='ltr'><strong>aut</strong></span> <span class='ocrx_word' id='word_1_415' title='bbox 1658 1734 1831 1775; x_wconf 88' lang='lat' dir='ltr'><strong>remissius,</strong></span> <span class='ocrx_word' id='word_1_416' title='bbox 1848 1745 1942 1778; x_wconf 83' lang='lat' dir='ltr'><strong>quam</strong></span> 
     </span>
     <span class='ocr_line' id='line_1_87' title="bbox 1203 1786 1945 1829; baseline 0.005 -12"><span class='ocrx_word' id='word_1_417' title='bbox 1203 1796 1260 1829; x_wconf 87' lang='lat' dir='ltr'><strong>par</strong></span> <span class='ocrx_word' id='word_1_418' title='bbox 1284 1790 1340 1826; x_wconf 90' lang='lat' dir='ltr'><strong>est,</strong></span> <span class='ocrx_word' id='word_1_419' title='bbox 1365 1796 1422 1818; x_wconf 87' lang='lat' dir='ltr'><strong>suo</strong></span> <span class='ocrx_word' id='word_1_420' title='bbox 1447 1786 1570 1819; x_wconf 88' lang='lat' dir='ltr'><strong>muneri</strong></span> <span class='ocrx_word' id='word_1_421' title='bbox 1595 1786 1792 1828; x_wconf 80' lang='lat' dir='ltr'><strong>satisfaciant,</strong></span> <span class='ocrx_word' id='word_1_422' title='bbox 1819 1788 1945 1821; x_wconf 88' lang='lat' dir='ltr'><strong>mandat</strong></span> 
     </span>
     <span class='ocr_line' id='line_1_88' title="bbox 1204 1839 1946 1885; baseline 0.004 -13"><span class='ocrx_word' id='word_1_423' title='bbox 1204 1849 1292 1872; x_wconf 83' lang='lat' dir='ltr'><strong>sacra</strong></span> <span class='ocrx_word' id='word_1_424' title='bbox 1315 1839 1534 1883; x_wconf 86' lang='lat' dir='ltr'><strong>Congregatio,</strong></span> <span class='ocrx_word' id='word_1_425' title='bbox 1559 1845 1593 1873; x_wconf 90' lang='lat' dir='ltr'><strong>ut</strong></span> <span class='ocrx_word' id='word_1_426' title='bbox 1617 1840 1699 1872; x_wconf 87' lang='lat' dir='ltr'><strong>infra</strong></span> <span class='ocrx_word' id='word_1_427' title='bbox 1723 1850 1851 1882; x_wconf 87' lang='lat' dir='ltr'><strong>annum,</strong></span> <span class='ocrx_word' id='word_1_428' title='bbox 1876 1846 1946 1885; x_wconf 85' lang='lat' dir='ltr'><strong>post</strong></span> 
     </span>
     <span class='ocr_line' id='line_1_89' title="bbox 1204 1893 1945 1939; baseline 0.005 -14"><span class='ocrx_word' id='word_1_429' title='bbox 1204 1893 1383 1937; x_wconf 81' lang='lat' dir='ltr'><strong>proximum</strong></span> <span class='ocrx_word' id='word_1_430' title='bbox 1414 1894 1586 1937; x_wconf 87' lang='lat' dir='ltr'><strong>capitulum</strong></span> <span class='ocrx_word' id='word_1_431' title='bbox 1617 1895 1764 1937; x_wconf 86' lang='lat' dir='ltr'><strong>generale</strong></span> <span class='ocrx_word' id='word_1_432' title='bbox 1796 1895 1843 1928; x_wconf 71' lang='lat' dir='ltr'><strong>vel</strong></span> <span class='ocrx_word' id='word_1_433' title='bbox 1870 1906 1945 1939; x_wconf 93' lang='lat' dir='ltr'><strong>pro-</strong></span> 
     </span>
     <span class='ocr_line' id='line_1_90' title="bbox 1204 1946 1946 1992; baseline 0.005 -14"><span class='ocrx_word' id='word_1_434' title='bbox 1204 1946 1335 1980; x_wconf 83' lang='lat' dir='ltr'><strong>vinciale</strong></span> <span class='ocrx_word' id='word_1_435' title='bbox 1360 1947 1616 1991; x_wconf 85' lang='lat' dir='ltr'><strong>computandum,</strong></span> <span class='ocrx_word' id='word_1_436' title='bbox 1642 1948 1748 1982; x_wconf 87' lang='lat' dir='ltr'><strong>omnia</strong></span> <span class='ocrx_word' id='word_1_437' title='bbox 1764 1949 1824 1982; x_wconf 85' lang='lat' dir='ltr'><strong>hoc</strong></span> <span class='ocrx_word' id='word_1_438' title='bbox 1841 1949 1879 1982; x_wconf 91' lang='lat' dir='ltr'><strong>de</strong></span> <span class='ocrx_word' id='word_1_439' title='bbox 1896 1960 1946 1992; x_wconf 85' lang='lat' dir='ltr'><strong>ge-</strong></span> 
     </span>
     <span class='ocr_line' id='line_1_91' title="bbox 1203 2000 1943 2044; baseline 0.004 -12"><span class='ocrx_word' id='word_1_440' title='bbox 1203 2010 1280 2032; x_wconf 89' lang='lat' dir='ltr'><strong>nere</strong></span> <span class='ocrx_word' id='word_1_441' title='bbox 1303 2000 1520 2044; x_wconf 87' lang='lat' dir='ltr'><strong>capitulariter</strong></span> <span class='ocrx_word' id='word_1_442' title='bbox 1544 2006 1652 2043; x_wconf 86' lang='lat' dir='ltr'><strong>gesta,</strong></span> <span class='ocrx_word' id='word_1_443' title='bbox 1676 2001 1709 2034; x_wconf 92' lang='lat' dir='ltr'><strong>in</strong></span> <span class='ocrx_word' id='word_1_444' title='bbox 1733 2002 1943 2035; x_wconf 87' lang='lat' dir='ltr'><strong>authenticam</strong></span> 
     </span>
     <span class='ocr_line' id='line_1_92' title="bbox 1204 2053 1943 2098; baseline 0.004 -13"><span class='ocrx_word' id='word_1_445' title='bbox 1204 2053 1338 2086; x_wconf 86' lang='lat' dir='ltr'><strong>formam</strong></span> <span class='ocrx_word' id='word_1_446' title='bbox 1363 2053 1504 2096; x_wconf 85' lang='lat' dir='ltr'><strong>redacta,</strong></span> <span class='ocrx_word' id='word_1_447' title='bbox 1529 2054 1568 2086; x_wconf 87' lang='lat' dir='ltr'><strong>ad</strong></span> <span class='ocrx_word' id='word_1_448' title='bbox 1592 2064 1714 2087; x_wconf 86' lang='lat' dir='ltr'><strong>sacram</strong></span> <span class='ocrx_word' id='word_1_449' title='bbox 1739 2055 1840 2098; x_wconf 87' lang='lat' dir='ltr'><strong>ipsam</strong></span> <span class='ocrx_word' id='word_1_450' title='bbox 1865 2056 1943 2089; x_wconf 88' lang='lat' dir='ltr'><strong>Con—</strong></span> 
     </span>
     <span class='ocr_line' id='line_1_93' title="bbox 1205 2107 1869 2151; baseline 0.005 -13"><span class='ocrx_word' id='word_1_451' title='bbox 1205 2107 1422 2150; x_wconf 84' lang='lat' dir='ltr'><strong>gregationem</strong></span> <span class='ocrx_word' id='word_1_452' title='bbox 1445 2108 1573 2141; x_wconf 88' lang='lat' dir='ltr'><strong>Concilii</strong></span> <span class='ocrx_word' id='word_1_453' title='bbox 1598 2108 1713 2151; x_wconf 79' lang='lat' dir='ltr'><strong>singuli</strong></span> <span class='ocrx_word' id='word_1_454' title='bbox 1738 2108 1869 2141; x_wconf 88' lang='lat' dir='ltr'><strong>mittant.</strong></span> 
     </span>
    </p>

    <p class='ocr_par' dir='ltr' id='par_1_15' title="bbox 1205 2159 1948 2686">
     <span class='ocr_line' id='line_1_94' title="bbox 1249 2159 1944 2205; baseline 0.004 -13"><span class='ocrx_word' id='word_1_455' title='bbox 1249 2160 1264 2202; x_wconf 64' lang='lat' dir='ltr'><strong>g</strong></span> <span class='ocrx_word' id='word_1_456' title='bbox 1287 2159 1338 2193; x_wconf 54' lang='lat'><strong>113.</strong></span> <span class='ocrx_word' id='word_1_457' title='bbox 1363 2161 1603 2204; x_wconf 75' lang='lat' dir='ltr'><strong>Numerumque</strong></span> <span class='ocrx_word' id='word_1_458' title='bbox 1627 2161 1779 2201; x_wconf 85' lang='lat' dir='ltr'><strong>familiae,</strong></span> <span class='ocrx_word' id='word_1_459' title='bbox 1804 2161 1944 2205; x_wconf 85' lang='lat' dir='ltr'><strong>singulo-</strong></span> 
     </span>
     <span class='ocr_line' id='line_1_95' title="bbox 1205 2215 1945 2258; baseline 0.001 -13"><span class='ocrx_word' id='word_1_460' title='bbox 1205 2223 1339 2258; x_wconf 86' lang='lat' dir='ltr'><strong>rumque</strong></span> <span class='ocrx_word' id='word_1_461' title='bbox 1370 2219 1581 2247; x_wconf 78' lang='lat' dir='ltr'><strong>conrentuum</strong></span> <span class='ocrx_word' id='word_1_462' title='bbox 1595 2241 1603 2254; x_wconf 83' lang='lat'><strong>,</strong></span> <span class='ocrx_word' id='word_1_463' title='bbox 1627 2215 1891 2248; x_wconf 86' lang='lat' dir='ltr'><strong>monasteriorum</strong></span> <span class='ocrx_word' id='word_1_464' title='bbox 1915 2221 1945 2248; x_wconf 90' lang='lat' dir='ltr'><strong>et</strong></span> 
     </span>
     <span class='ocr_line' id='line_1_96' title="bbox 1206 2266 1943 2312; baseline 0.003 -13"><span class='ocrx_word' id='word_1_465' title='bbox 1206 2266 1374 2300; x_wconf 87' lang='lat' dir='ltr'><strong>domorum</strong></span> <span class='ocrx_word' id='word_1_466' title='bbox 1389 2267 1575 2300; x_wconf 85' lang='lat' dir='ltr'><strong>&#39;huiusmodi</strong></span> <span class='ocrx_word' id='word_1_467' title='bbox 1592 2268 1798 2310; x_wconf 77' lang='lat' dir='ltr'><strong>regularium,</strong></span> <span class='ocrx_word' id='word_1_468' title='bbox 1815 2268 1943 2312; x_wconf 86' lang='lat' dir='ltr'><strong>capituli</strong></span> 
     </span>
     <span class='ocr_line' id='line_1_97' title="bbox 1206 2320 1946 2365; baseline 0.003 -13"><span class='ocrx_word' id='word_1_469' title='bbox 1206 2330 1261 2352; x_wconf 92' lang='lat' dir='ltr'><strong>seu</strong></span> <span class='ocrx_word' id='word_1_470' title='bbox 1285 2320 1539 2363; x_wconf 81' lang='lat' dir='ltr'><strong>congregationis</strong></span> <span class='ocrx_word' id='word_1_471' title='bbox 1567 2321 1723 2363; x_wconf 88' lang='lat' dir='ltr'><strong>generalis</strong></span> <span class='ocrx_word' id='word_1_472' title='bbox 1746 2322 1795 2354; x_wconf 62' lang='lat' dir='ltr'><strong>rel</strong></span> <span class='ocrx_word' id='word_1_473' title='bbox 1823 2322 1946 2365; x_wconf 79' lang='lat' dir='ltr'><strong>provin-</strong></span> 
     </span>
     <span class='ocr_line' id='line_1_98' title="bbox 1207 2373 1945 2418; baseline 0.003 -12"><span class='ocrx_word' id='word_1_474' title='bbox 1207 2373 1293 2406; x_wconf 85' lang='lat' dir='ltr'><strong>cialis</strong></span> <span class='ocrx_word' id='word_1_475' title='bbox 1306 2373 1459 2406; x_wconf 71' lang='lat' dir='ltr'><strong>sententia</strong></span> <span class='ocrx_word' id='word_1_476' title='bbox 1478 2379 1508 2406; x_wconf 89' lang='lat' dir='ltr'><strong>et</strong></span> <span class='ocrx_word' id='word_1_477' title='bbox 1525 2374 1710 2408; x_wconf 87' lang='lat' dir='ltr'><strong>auctoritate</strong></span> <span class='ocrx_word' id='word_1_478' title='bbox 1732 2375 1945 2418; x_wconf 79' lang='lat' dir='ltr'><strong>praefinitum,</strong></span> 
     </span>
     <span class='ocr_line' id='line_1_99' title="bbox 1207 2426 1948 2472; baseline 0.003 -13"><span class='ocrx_word' id='word_1_479' title='bbox 1207 2426 1302 2460; x_wconf 89' lang='lat' dir='ltr'><strong>iidem</strong></span> <span class='ocrx_word' id='word_1_480' title='bbox 1327 2426 1521 2470; x_wconf 89' lang='lat' dir='ltr'><strong>superiores,</strong></span> <span class='ocrx_word' id='word_1_481' title='bbox 1546 2432 1609 2460; x_wconf 89' lang='lat' dir='ltr'><strong>tam</strong></span> <span class='ocrx_word' id='word_1_482' title='bbox 1634 2428 1798 2470; x_wconf 79' lang='lat' dir='ltr'><strong>generales</strong></span> <span class='ocrx_word' id='word_1_483' title='bbox 1823 2433 1853 2461; x_wconf 87' lang='lat' dir='ltr'><strong>et</strong></span> <span class='ocrx_word' id='word_1_484' title='bbox 1876 2439 1948 2472; x_wconf 91' lang='lat' dir='ltr'><strong>pro-</strong></span> 
     </span>
     <span class='ocr_line' id='line_1_100' title="bbox 1208 2480 1946 2525; baseline 0.004 -13"><span class='ocrx_word' id='word_1_485' title='bbox 1208 2480 1355 2513; x_wconf 78' lang='lat' dir='ltr'><strong>vinciales</strong></span> <span class='ocrx_word' id='word_1_486' title='bbox 1380 2490 1500 2521; x_wconf 89' lang='lat' dir='ltr'><strong>omnes,</strong></span> <span class='ocrx_word' id='word_1_487' title='bbox 1525 2491 1621 2524; x_wconf 87' lang='lat' dir='ltr'><strong>quam</strong></span> <span class='ocrx_word' id='word_1_488' title='bbox 1644 2481 1769 2523; x_wconf 86' lang='lat' dir='ltr'><strong>locales,</strong></span> <span class='ocrx_word' id='word_1_489' title='bbox 1791 2487 1946 2525; x_wconf 85' lang='lat' dir='ltr'><strong>perpetuo</strong></span> 
     </span>
     <span class='ocr_line' id='line_1_101' title="bbox 1208 2533 1948 2578; baseline 0.001 -11"><span class='ocrx_word' id='word_1_490' title='bbox 1208 2544 1334 2568; x_wconf 72' lang='lat' dir='ltr'><strong>servare</strong></span> <span class='ocrx_word' id='word_1_491' title='bbox 1358 2533 1485 2567; x_wconf 90' lang='lat' dir='ltr'><strong>omnino</strong></span> <span class='ocrx_word' id='word_1_492' title='bbox 1509 2539 1684 2575; x_wconf 86' lang='lat' dir='ltr'><strong>teneantur,</strong></span> <span class='ocrx_word' id='word_1_493' title='bbox 1704 2545 1762 2568; x_wconf 87' lang='lat' dir='ltr'><strong>nec</strong></span> <span class='ocrx_word' id='word_1_494' title='bbox 1778 2534 1898 2578; x_wconf 86' lang='lat' dir='ltr'><strong>possint</strong></span> <span class='ocrx_word' id='word_1_495' title='bbox 1914 2535 1948 2568; x_wconf 94' lang='lat' dir='ltr'><strong>il—</strong></span> 
     </span>
     <span class='ocr_line' id='line_1_102' title="bbox 1207 2587 1946 2631; baseline 0.001 -11"><span class='ocrx_word' id='word_1_496' title='bbox 1207 2588 1273 2620; x_wconf 90' lang='lat' dir='ltr'><strong>lum</strong></span> <span class='ocrx_word' id='word_1_497' title='bbox 1290 2587 1514 2631; x_wconf 88' lang='lat' dir='ltr'><strong>quoquomodo</strong></span> <span class='ocrx_word' id='word_1_498' title='bbox 1531 2597 1657 2630; x_wconf 82' lang='lat' dir='ltr'><strong>augere,</strong></span> <span class='ocrx_word' id='word_1_499' title='bbox 1675 2587 1767 2623; x_wconf 87' lang='lat' dir='ltr'><strong>etiam</strong></span> <span class='ocrx_word' id='word_1_500' title='bbox 1783 2593 1946 2631; x_wconf 81' lang='lat' dir='ltr'><strong>praetextu</strong></span> 
     </span>
     <span class='ocr_line' id='line_1_103' title="bbox 1208 2641 1944 2686; baseline 0.001 -12"><span class='ocrx_word' id='word_1_501' title='bbox 1208 2641 1369 2684; x_wconf 82' lang='lat' dir='ltr'><strong>augmenti</strong></span> <span class='ocrx_word' id='word_1_502' title='bbox 1381 2641 1571 2682; x_wconf 87' lang='lat' dir='ltr'><strong>reddituum,</strong></span> <span class='ocrx_word' id='word_1_503' title='bbox 1586 2641 1704 2685; x_wconf 87' lang='lat' dir='ltr'><strong>absque</strong></span> <span class='ocrx_word' id='word_1_504' title='bbox 1724 2651 1830 2675; x_wconf 86' lang='lat' dir='ltr'><strong>sacrae</strong></span> <span class='ocrx_word' id='word_1_505' title='bbox 1846 2641 1944 2686; x_wconf 85' lang='lat' dir='ltr'><strong>ipsius</strong></span> 
     </span>
    </p>
   </div>
   <div class='ocr_carea' id='block_1_12' title="bbox 1244 256 2140 347">
    <p class='ocr_par' dir='ltr' id='par_1_16' title="bbox 1244 256 2140 347">
     <span class='ocr_line' id='line_1_104' title="bbox 1956 256 2140 284; baseline 0.011 -2"><span class='ocrx_word' id='word_1_506' title='bbox 1956 256 2005 283; x_wconf 79' lang='lat' dir='ltr'><strong>An.</strong></span> <span class='ocrx_word' id='word_1_507' title='bbox 2022 256 2049 283; x_wconf 85' lang='lat' dir='ltr'><strong>C.</strong></span> <span class='ocrx_word' id='word_1_508' title='bbox 2070 256 2140 284; x_wconf 75' lang='lat'><strong>1625</strong></span> 
     </span>
     <span class='ocr_line' id='line_1_105' title="bbox 1244 301 2138 347; baseline 0.008 -13"><span class='ocrx_word' id='word_1_509' title='bbox 1244 302 1259 345; x_wconf 61' lang='grc' dir='ltr'>ᾗ</span> <span class='ocrx_word' id='word_1_510' title='bbox 1284 302 1334 335; x_wconf 82' lang='lat' dir='ltr'><strong>tt.</strong></span> <span class='ocrx_word' id='word_1_511' title='bbox 1360 301 1465 346; x_wconf 85' lang='lat' dir='ltr'><strong>anue</strong></span> <span class='ocrx_word' id='word_1_512' title='bbox 1490 302 1598 335; x_wconf 89' lang='lat' dir='ltr'><strong>onmia</strong></span> <span class='ocrx_word' id='word_1_513' title='bbox 1623 303 1740 347; x_wconf 89' lang='lat' dir='ltr'><strong>scripto</strong></span> <span class='ocrx_word' id='word_1_514' title='bbox 1760 304 1893 337; x_wconf 89' lang='lat' dir='ltr'><strong>tideliter</strong></span> <span class='ocrx_word' id='word_1_515' title='bbox 1913 314 1941 337; x_wconf 90' lang='lat' dir='ltr'><strong>e·</strong></span> <span class='ocrx_word' id='word_1_516' title='bbox 1982 318 2138 346; x_wconf 57' lang='lat' dir='ltr'><strong>einnonem-</strong></span> 
     </span>
    </p>
   </div>
   <div class='ocr_carea' id='block_1_13' title="bbox 1955 345 2139 447">
    <p class='ocr_par' dir='ltr' id='par_1_17' title="bbox 1955 345 2139 447">
     <span class='ocr_line' id='line_1_106' title="bbox 1955 345 2138 375; baseline 0.005 -9"><span class='ocrx_word' id='word_1_517' title='bbox 1955 345 1982 375; x_wconf 72' lang='grc' dir='ltr'><strong>Ι(10</strong></span> <span class='ocrx_word' id='word_1_518' title='bbox 1993 346 2138 371; x_wconf 67' lang='lat' dir='ltr'><strong>reugiosorum</strong></span> 
     </span>
     <span class='ocr_line' id='line_1_107' title="bbox 1956 377 2139 399; baseline 0.005 -7"><span class='ocrx_word' id='word_1_519' title='bbox 1956 378 1976 392; x_wconf 85' lang='lat' dir='ltr'><strong>in</strong></span> <span class='ocrx_word' id='word_1_520' title='bbox 2010 377 2139 399; x_wconf 75' lang='lat' dir='ltr'><strong>unaquaque</strong></span> 
     </span>
     <span class='ocr_line' id='line_1_108' title="bbox 1955 399 2138 425; baseline 0.005 -6"><span class='ocrx_word' id='word_1_521' title='bbox 1955 399 2066 425; x_wconf 67' lang='lat' dir='ltr'><strong>provincia</strong></span> <span class='ocrx_word' id='word_1_522' title='bbox 2102 406 2138 422; x_wconf 86' lang='lat' dir='ltr'><strong>nu-</strong></span> 
     </span>
     <span class='ocr_line' id='line_1_109' title="bbox 1955 431 2019 447; baseline -0.016 0"><span class='ocrx_word' id='word_1_523' title='bbox 1955 431 2019 447; x_wconf 77' lang='lat' dir='ltr'><strong>mero.</strong></span> 
     </span>
    </p>
   </div>
   <div class='ocr_carea' id='block_1_14' title="bbox 1959 1692 2144 1766">
    <p class='ocr_par' dir='ltr' id='par_1_18' title="bbox 1959 1692 2144 1766">
     <span class='ocr_line' id='line_1_110' title="bbox 1980 1692 2144 1719; baseline 0.012 -7"><span class='ocrx_word' id='word_1_524' title='bbox 1980 1692 2100 1719; x_wconf 63' lang='lat' dir='ltr'><strong>Notumque</strong></span> <span class='ocrx_word' id='word_1_525' title='bbox 2111 1699 2144 1713; x_wconf 76' lang='lat' dir='ltr'><strong>sa-</strong></span> 
     </span>
     <span class='ocr_line' id='line_1_111' title="bbox 1959 1719 2144 1745; baseline 0.005 -7"><span class='ocrx_word' id='word_1_526' title='bbox 1959 1725 2007 1739; x_wconf 71' lang='lat' dir='ltr'><strong>rrae</strong></span> <span class='ocrx_word' id='word_1_527' title='bbox 2025 1719 2144 1745; x_wconf 68' lang='lat' dir='ltr'><strong>Conni-oga·</strong></span> 
     </span>
     <span class='ocr_line' id='line_1_112' title="bbox 1959 1746 2144 1766; baseline 0.005 -1"><span class='ocrx_word' id='word_1_528' title='bbox 1959 1746 2010 1766; x_wconf 78' lang='lat' dir='ltr'><strong>tiuni</strong></span> <span class='ocrx_word' id='word_1_529' title='bbox 2019 1746 2144 1766; x_wconf 70' lang='lat' dir='ltr'><strong>exhibenda.</strong></span> 
     </span>
    </p>
   </div>
   <div class='ocr_carea' id='block_1_15' title="bbox 1961 2172 2144 2330">
    <p class='ocr_par' dir='ltr' id='par_1_19' title="bbox 1961 2172 2144 2330">
     <span class='ocr_line' id='line_1_113' title="bbox 2013 2172 2143 2194; baseline 0.008 -4"><span class='ocrx_word' id='word_1_530' title='bbox 2013 2172 2052 2194; x_wconf 78' lang='lat' dir='ltr'><strong>Qui</strong></span> <span class='ocrx_word' id='word_1_531' title='bbox 2072 2177 2143 2191; x_wconf 79' lang='lat' dir='ltr'><strong>numo-</strong></span> 
     </span>
     <span class='ocr_line' id='line_1_114' title="bbox 1986 2198 2143 2223; baseline 0 -6"><span class='ocrx_word' id='word_1_532' title='bbox 1986 2203 1994 2214; x_wconf 72' lang='lat' dir='ltr'><strong>s</strong></span> <span class='ocrx_word' id='word_1_533' title='bbox 2037 2198 2143 2223; x_wconf 68' lang='lat' dir='ltr'><strong>religioso-</strong></span> 
     </span>
     <span class='ocr_line' id='line_1_115' title="bbox 1961 2224 2144 2244; baseline 0.005 -1"><span class='ocrx_word' id='word_1_534' title='bbox 1961 2230 2004 2243; x_wconf 84' lang='lat' dir='ltr'><strong>rum</strong></span> <span class='ocrx_word' id='word_1_535' title='bbox 2027 2230 2071 2243; x_wconf 77' lang='lat' dir='ltr'><strong>sine</strong></span> <span class='ocrx_word' id='word_1_536' title='bbox 2091 2224 2144 2244; x_wconf 52' lang='lat' dir='ltr'><strong>Can-</strong></span> 
     </span>
     <span class='ocr_line' id='line_1_116' title="bbox 1961 2251 2143 2275; baseline 0 -6"><span class='ocrx_word' id='word_1_537' title='bbox 1961 2251 2090 2275; x_wconf 64' lang='lat' dir='ltr'><strong>gregattonis</strong></span> <span class='ocrx_word' id='word_1_538' title='bbox 2122 2251 2143 2269; x_wconf 87' lang='lat' dir='ltr'><strong>li-</strong></span> 
     </span>
     <span class='ocr_line' id='line_1_117' title="bbox 1961 2279 2144 2301; baseline 0.005 -5"><span class='ocrx_word' id='word_1_539' title='bbox 1961 2279 2030 2297; x_wconf 69' lang='lat' dir='ltr'><strong>rent-a</strong></span> <span class='ocrx_word' id='word_1_540' title='bbox 2071 2283 2144 2301; x_wconf 67' lang='lat' dir='ltr'><strong>augeri</strong></span> 
     </span>
     <span class='ocr_line' id='line_1_118' title="bbox 1961 2306 2094 2330; baseline -0.008 -6"><span class='ocrx_word' id='word_1_541' title='bbox 1961 2310 2001 2324; x_wconf 70' lang='lat' dir='ltr'><strong>nou</strong></span> <span class='ocrx_word' id='word_1_542' title='bbox 2017 2306 2094 2330; x_wconf 74' lang='lat' dir='ltr'><strong>potest.</strong></span> 
     </span>
    </p>
   </div>
  </div>
 </body>
</html>
