2269 3235
129 286 181 314 An.
202 284 230 313 C.
248 285 315 313 1624

182 1258 224 1279 Dos
243 1259 312 1279 eidem

129 1285 245 1311 assignata.

945 284 1086 308 unnANUS
1111 284 1130 307 V
1137 285 1168 307 lll
1193 285 1240 308 ΡΙ).

326 332 417 376 goeio
430 332 653 377 propagandae
666 333 697 365 in
711 333 891 365 universum
910 331 1062 364 mundum

326 385 398 418 fidei
411 387 652 429 praefectorum¹
668 386 808 425 consilio,
819 389 906 418 motu
921 384 1063 428 proprio,

326 444 356 472 et
379 450 414 472 ex
436 442 521 472 certa
547 440 686 480 scientia,
706 440 891 481 maturaque
915 437 1065 470 delibera-

326 493 410 526 tione
434 493 560 533 nostris,
584 493 615 525 in
639 492 799 536 praedicto
824 491 942 534 oppido
967 501 1062 523 unum

326 547 494 589 collegium
538 546 749 579 Hibernorum
792 544 1034 587 nuncupandum
1057 572 1063 585 ,

326 610 397 632 cum
421 600 572 644 cappella,
589 610 645 632 seu
661 597 810 638 oratorio,
827 608 863 630 ac
887 597 1065 638 refectorio,

326 653 486 687 communi
506 653 619 695 sigillo,
633 652 835 692 bibliotheca,
852 650 1001 691 archivio,
1020 661 1067 683 ee-

326 707 464 750 terisque
478 705 694 748 collegialibus
710 703 894 747 insignibus,
915 714 950 736 ac
968 713 1066 736 mem-

325 759 391 792 bris
404 764 434 792 et
454 758 586 792 officinis
609 757 793 791 necessariis
817 762 847 789 et
867 756 1065 800 opportunis,

326 823 385 856 pro
409 812 571 856 perpetuis
595 811 784 855 receptione,
804 821 863 843 usu
894 815 924 842 et
947 809 1065 842 habita-

326 866 410 899 tione
434 865 526 898 unius
551 865 698 906 rectoris,
723 875 759 898 ac
783 863 989 908 competentis
1013 874 1067 896 nu-

326 919 406 952 meri
438 919 657 952 ministrorum
699 923 729 951 et
764 918 966 951 alumnorum
1002 917 1066 950 sive

326 972 518 1006 scholarium
539 972 641 1005 dictae
656 971 801 1012 nationis,
817 971 871 1015 qui
888 971 966 1003 inibi
983 970 1067 1003 chri-

327 1027 434 1059 stianis
457 1026 617 1068 moribus,
642 1026 795 1069 bonisque
819 1025 942 1067 litteris,
967 1029 997 1057 et
1021 1034 1068 1057 ec-

328 1080 500 1114 clesiastica
510 1080 675 1124 disciplina
689 1079 787 1112 imbui
801 1079 942 1119 debeant,
956 1084 1066 1111 tenore

327 1133 550 1177 praesentium,
568 1133 634 1166 sine
658 1138 763 1166 tamen
787 1132 919 1165 alicuius
942 1131 1066 1175 praeiu-

327 1186 420 1228 dicio,
444 1192 597 1230 perpetuo
622 1186 773 1229 erigimus
797 1190 827 1218 et
851 1184 1050 1218 instituimus.

371 1241 386 1284 ἓ
410 1240 439 1273 02.
466 1241 576 1284 Illique
600 1240 644 1273 sic
669 1243 774 1273 erecto
792 1244 822 1272 et
838 1238 990 1279 instituto,
1008 1249 1067 1282 pro

328 1293 394 1326 eius
410 1293 492 1334 dote,
509 1304 544 1326 ac
565 1293 697 1326 rectoris
710 1298 740 1325 et
758 1292 986 1332 ministrorum,
1004 1292 1068 1324 alu-

328 1357 549 1391 mnorumque,
567 1347 631 1379 sive
654 1346 845 1379 scholarium
871 1345 1068 1378 sustentatio·

327 1410 375 1441 ne,
387 1411 423 1433 ac
435 1410 567 1433 onerum
582 1401 626 1433 eis
644 1400 891 1433 incumbentium
906 1403 1068 1443 supporta-

328 1454 421 1494 tione,
438 1459 500 1486 tam
518 1453 695 1498 praedictas
720 1464 859 1486 summas
876 1463 932 1497 per
949 1453 1066 1485 dictum

327 1507 502 1550 Eugenium
534 1507 827 1551 archiepiscopum,
851 1512 881 1539 et
911 1506 1009 1546 alios,
1034 1511 1065 1538 ut

327 1572 431 1605 supra,
444 1561 569 1595 relictas
593 1567 623 1594 et
647 1561 830 1604 assignatas,
855 1571 951 1605 quam
972 1561 1065 1593 etiam

327 1615 386 1648 alia
411 1619 497 1649 scuta
521 1620 661 1648 trecenta
685 1625 788 1648 annua
811 1625 869 1658 per
893 1614 1068 1647 cardinales

326 1668 503 1712 praedictos
520 1669 557 1701 ad
574 1669 699 1701 libitum
718 1679 828 1701 eorum
849 1667 1067 1711 persolvenda,

327 1732 385 1755 nec
412 1733 475 1755 non
499 1723 558 1755 alia
584 1722 688 1755 omnia
708 1727 738 1755 et
762 1722 887 1764 singula
910 1721 992 1754 bona
1012 1731 1068 1764 per

328 1787 545 1820 quoscumque
569 1775 790 1809 christifideles
810 1775 911 1808 eidem
933 1774 1068 1817 collegio

327 1830 472 1863 donanda
495 1836 525 1863 et
556 1829 760 1873 assignanda,
785 1840 822 1862 ex
847 1840 948 1869 nunc,
973 1833 1068 1872 prout

327 1888 493 1928 postquam
518 1884 633 1917 donata
650 1889 679 1917 et
698 1883 855 1926 assignata
879 1883 995 1915 suerint
1013 1882 1068 1925 (ita

327 1937 411 1981 quod
435 1938 527 1971 liceat
551 1937 677 1978 rectori,
702 1948 738 1970 ae
763 1936 926 1977 ministris,
946 1947 982 1969 ac
1007 1937 1069 1969 alu-

328 1991 419 2033 mnis,
437 1991 500 2024 sive
525 1990 721 2024 scholaribus
741 1990 909 2034 praedietis
928 1986 1071 2033 ipsorumx

317 2044 485 2091 ‚bonorum
506 2046 658 2086 omnium,
679 2045 887 2088 corporalem,
905 2044 1021 2076 realem
1040 2049 1070 2076 et

328 2099 482 2132 actualem
508 2099 753 2143 possessionem,
778 2110 835 2132 suo
860 2102 890 2132 et
909 2097 983 2130 dicti
1009 2098 1070 2130 col-

329 2152 401 2195 legii
411 2152 602 2195 nominibus,
620 2152 749 2197 propria
764 2151 958 2193 auctoritate,
970 2150 1069 2183 libere

283 2233 286 2238 .
331 2205 571 2249 apprehendere
596 2211 626 2239 et
653 2205 886 2250 apprehensam
917 2209 1070 2248 perpetuo

329 2259 484 2300 retinere,
508 2260 627 2293 fructus
651 2270 794 2304 quoque,
820 2258 971 2298 redditus,
996 2268 1069 2301 pro-

330 2316 449 2352 ventus,
473 2313 552 2354 iura,
575 2313 779 2346 obventiones
804 2318 834 2345 et
858 2312 1070 2345 emolumenta

331 2376 546 2410 quaecumque
555 2377 593 2399 ex
605 2366 650 2399 eis
662 2366 879 2410 provenientia
892 2365 1069 2409 percipere,

332 2418 468 2461 exigere,
487 2419 601 2460 levare,
619 2430 817 2463 recuperare,
835 2419 951 2458 locare,
965 2427 1071 2450 arren-

331 2470 405 2504 dare
429 2482 465 2505 ac
489 2473 520 2504 in
544 2483 728 2506 communes
752 2473 825 2506 dicti
851 2472 976 2515 collegii
997 2482 1071 2504 usus

332 2529 362 2557 et
385 2525 549 2558 utilitatem
574 2531 766 2567 convertere,
784 2526 921 2560 cuiusvis
945 2524 1071 2558 licentia

331 2577 466 2622 desuper
480 2577 608 2610 minime
621 2579 797 2622 requisita),
816 2583 970 2623 perpetuo
987 2578 1072 2611 simi-

330 2630 402 2664 liter
425 2632 620 2676 applicamus
645 2637 675 2664 et
698 2633 950 2676 appropriamus.

369 2695 378 2721 1
397 2694 467 2723 Edit.
484 2694 565 2721 Main.
580 2694 647 2730 legit
657 2696 859 2729 praefatorum
876 2695 914 2729 (n.
931 2695 979 2729 τ,).

1144 335 1158 375 ᾗ
1187 332 1216 364 3.
1247 332 1428 373 Praeterea,
1455 329 1628 363 cardinales
1660 329 1839 373 praedictos

1099 395 1194 418 onere
1227 385 1390 418 solutionis
1426 389 1639 418 trecentorum
1677 388 1837 416 scutorum

1100 438 1333 481 praedictorum
1358 438 1462 482 aliqua
1483 448 1519 471 ex
1544 443 1632 481 parte
1656 436 1759 470 levare
1786 446 1838 469 vo-

1100 492 1208 531 lentes,
1226 491 1359 533 collegio
1380 502 1435 534 per
1455 496 1635 534 praesentes
1660 495 1766 523 erecto
1786 490 1840 522 hu-

1101 544 1235 577 iusmodi
1249 555 1405 577 summam
1421 545 1505 577 mille
1519 550 1679 578 scutorum
1691 544 1769 587 auri,
1784 554 1840 588 per

1100 598 1249 631 dilectum
1282 597 1381 630 silium
1413 597 1599 630 modernum
1631 598 1777 631 comitem
1802 597 1840 630 de

1101 651 1287 695 isemburgh
1310 651 1488 694 (occasione
1514 650 1755 694 dispensationis
1780 661 1842 683 ma-

1100 704 1240 737 trimonii
1265 704 1346 738 inter
1367 704 1469 748 ipsum
1490 714 1525 736 ac
1542 703 1687 736 dilectam
1706 704 1737 736 in
1753 703 1841 737 Chri-

1101 764 1148 791 sto
1166 758 1261 791 filiam
1282 758 1467 800 Carolinam,
1493 762 1597 790 natam
1619 757 1722 789 dilecti
1748 757 1841 789 etiam

1100 811 1156 844 filii
1173 811 1286 845 nobilis
1303 811 1362 844 viri
1381 811 1524 844 moderni
1542 810 1666 844 comitis
1683 810 1720 842 de
1737 811 1843 843 Arem-

1100 865 1201 908 bergh
1226 865 1314 899 ducis
1338 865 1532 905 Arescotani,
1554 863 1760 897 contrahendi
1784 874 1842 907 per

1100 929 1157 952 nos
1175 919 1219 951 illi
1237 919 1418 962 concessae)
1436 919 1467 950 in
1492 918 1636 950 manibus
1654 916 1842 950 venerabilis

1101 973 1208 1005 fratris
1233 973 1314 1005 Petri
1340 972 1498 1005 Francisci
1530 971 1760 1015 archiepiscopi
1786 971 1843 1004 Pa-

1101 1025 1251 1059 tracensis
1289 1025 1388 1059 nostri
1417 1030 1447 1058 et
1471 1024 1668 1068 Apostolicae
1698 1023 1786 1056 Sedis
1811 1023 1842 1055 in

1102 1079 1235 1122 Belgicis
1253 1078 1424 1112 ditionibus
1444 1077 1550 1110 nuncii
1566 1077 1770 1121 persolutam,
1787 1087 1842 1109 au-

1102 1133 1245 1166 ctoritate
1270 1139 1299 1166 et
1334 1137 1442 1167 tenore
1474 1131 1644 1176 praedictis
1671 1131 1782 1164 damus
1814 1137 1843 1164 et

1101 1187 1283 1230 elargimur,
1298 1186 1471 1230 eademque
1488 1186 1573 1218 mille
1590 1190 1677 1219 scuta
1692 1185 1842 1225 investiri,

1101 1252 1136 1274 ac
1156 1252 1214 1285 pro
1231 1243 1297 1274 rata
1314 1240 1464 1280 redditus,
1481 1239 1535 1283 qui
1560 1250 1595 1272 ex
1614 1239 1658 1272 eis
1675 1250 1692 1272 a
1709 1239 1843 1282 collegio

1101 1294 1261 1338 praedicto
1286 1293 1488 1337 percipietur,
1513 1292 1551 1325 de
1577 1295 1700 1325 summa
1726 1297 1844 1325 trecen-

1101 1353 1207 1380 torum
1232 1352 1393 1380 scutorum
1410 1357 1467 1390 per
1484 1346 1582 1380 dictos
1603 1346 1776 1379 cardinales
1793 1356 1843 1378 an-

1101 1402 1221 1434 nuatim
1234 1401 1272 1433 ad
1290 1412 1400 1434 eorum
1419 1400 1649 1444 beneplacitum
1668 1399 1770 1432 eidem
1784 1400 1844 1433 col-

1102 1455 1238 1498 legio,ut
1254 1466 1360 1499 supra,
1375 1453 1670 1498 persolvendorum,
1681 1453 1722 1485 ita
1739 1458 1844 1486 utnon

1102 1513 1240 1543 trecenta
1264 1514 1351 1541 scuta
1376 1509 1514 1551 integra,
1540 1507 1593 1540 sed
1618 1512 1703 1540 tanto
1728 1507 1843 1547 minus,

1101 1570 1216 1606 quanta
1230 1563 1289 1595 erit
1303 1572 1424 1595 summa
1438 1562 1578 1594 redditus
1591 1572 1628 1594 ex
1646 1561 1741 1594 scutis
1758 1560 1843 1593 mille

1102 1616 1282 1649 huiusmodi
1307 1626 1324 1647 a
1348 1615 1432 1648 dicto
1461 1614 1595 1656 collegio
1629 1613 1843 1657 percipiendi,

1103 1670 1263 1703 solvantur
1278 1697 1285 1710 ,
1315 1668 1413 1702 minui
1438 1673 1468 1701 et
1492 1667 1616 1701 detrahi
1647 1668 1791 1700 volumus
1815 1673 1844 1700 et

1104 1723 1297 1755 mandamus.

1149 1777 1163 1820 ᾗ
1187 1776 1216 1809 4.
1234 1777 1444 1809 Decernentes
1461 1780 1642 1819 praesentes
1659 1774 1780 1807 litteras
1798 1784 1846 1807 va-

1103 1830 1191 1870 lidas,
1212 1830 1319 1863 firmas
1341 1835 1371 1862 et
1396 1830 1538 1862 efficaces
1562 1828 1694 1861 existere
1719 1832 1748 1861 et
1769 1828 1844 1868 fore,

1104 1894 1239 1926 suosque
1252 1883 1410 1927 plenarios
1424 1887 1453 1915 et
1472 1882 1612 1924 integros
1630 1881 1759 1914 effectus
1776 1891 1844 1914 sor-

1103 1937 1155 1970 tiri
1180 1942 1210 1970 et
1234 1936 1392 1976 obtinere,
1417 1935 1524 1979 sicque
1548 1945 1604 1978 per
1628 1945 1846 1978 quoscumque

1103 1991 1222 2024 iudices
1238 1989 1414 2023 ordinarios
1428 1994 1458 2022 et
1474 1989 1644 2031 delegatos,
1660 1988 1754 2020 etiam
1772 1999 1845 2020 cau-

1104 2055 1209 2077 sarum
1227 2043 1332 2087 palatii
1347 2042 1509 2086 apostolici
1524 2042 1693 2081 auditores,
1712 2041 1846 2074 iudicari

1104 2102 1134 2130 et
1157 2097 1281 2130 definiri
1306 2096 1439 2135 debere,
1464 2106 1500 2127 ae
1528 2087 1653 2127 irritum
1684 2098 1713 2128 et
1738 2094 1845 2135 inane,

1104 2151 1128 2183 si
1154 2160 1245 2183 secus
1269 2160 1364 2193 super
1381 2149 1429 2181 his
1449 2159 1467 2180 a
1483 2158 1654 2192 quoquam,
1668 2148 1777 2191 quavis
1795 2158 1846 2180 au-

1104 2204 1257 2244 ctoritate,
1282 2203 1417 2236 scienter
1434 2202 1482 2235 vel
1496 2202 1690 2245 ignoranter,
1708 2202 1846 2245 contige-

1105 2258 1146 2290 rit
1171 2257 1326 2290 attentari.

1149 2312 1164 2355 ξ
1188 2311 1217 2344 5.
1242 2311 1311 2344 Non
1335 2309 1532 2344 obstantibus
1557 2308 1843 2349 constitutionibus,

1105 2370 1134 2398 et
1159 2364 1409 2398 ordinationibus
1440 2363 1637 2406 apostolicis,
1670 2362 1844 2406 ceterisque

1105 2418 1271 2452 contrariis
1295 2418 1557 2461 quibuscumque.

1148 2473 1260 2505 Datum
1281 2472 1409 2511 Romae,
1423 2470 1507 2514 apud
1524 2470 1553 2503 S.
1568 2469 1705 2510 Petrum,
1720 2469 1777 2502 sub
1795 2480 1847 2503 an-

1105 2526 1179 2559 nulo
1193 2524 1370 2565 Piscatoris,
1380 2524 1430 2556 die
1440 2534 1492 2556 xiv
1507 2522 1683 2556 decembris
1693 2533 1845 2562 itincxxw,

1105 2580 1304 2624 pontificatus
1324 2578 1424 2611 nostri
1449 2588 1529 2611 anno
1547 2587 1577 2610 11.

1142 2643 1201 2669 Dat.
1224 2641 1266 2668 die
1288 2641 1320 2667 14
1340 2639 1492 2667 decembris
1510 2640 1590 2671 1624,
1605 2640 1696 2675 pontif.
1719 2649 1763 2667 an.
1780 2648 1809 2666 11.

1742 272 1806 306 267
1852 282 1904 308 An.
1923 281 1952 308 c,
1971 281 2039 309 1624

1881 343 1976 369 Largius>
1986 343 2039 363 Pon·

1855 370 1917 389 tisicus
1944 370 2039 390 eiusdem

1855 396 1936 417 [litorei

1887 1782 2005 1803 Clausulas.

1931 2313 2044 2339 nerogano

1861 2341 2020 2361 contrariorum.
