2269 3235
229 268 277 296 Αη.
295 268 325 296 C.
344 268 412 296 1625

263 597 331 617 Causa
347 596 413 617 seren-

229 624 269 653 dae
278 623 414 645 constitutio·

229 656 268 671 nit.

257 1450 370 1475 nepumuu
387 1449 413 1469 dc

230 1483 272 1503 qua
286 1478 305 1497 in
321 1477 413 1497 rubrica.

460 258 525 292 ⁶280

428 321 586 361 sequatur,
603 321 633 351 et
651 318 675 350 si
696 317 775 361 qua'
793 315 879 360 pium
904 315 1044 349 eiusdem
1063 315 1170 359 gregis

428 370 460 404 in
474 370 655 414 praemissis
672 369 863 402 desiderium
882 368 1036 413 impedire
1052 379 1108 402 scu
1124 379 1170 403 re-

429 423 553 457 tardare
570 433 662 467 posse
679 422 917 465 dignoscuntur,
935 422 997 462 illa,
1014 427 1168 466 quantum

428 476 520 510 nobis
545 486 581 509 ex
599 476 661 509 alto
686 475 878 518 conceditur,
895 475 1048 520 peculiari
1065 475 1168 510 studio

428 539 656 563 removeamus.

472 583 488 627 g
511 582 540 615 1.
565 581 641 616 Cum
666 582 780 627 itaque,
799 581 879 616 sicut
897 591 960 617 non
985 582 1051 616 sine
1075 582 1170 615 visce-

427 646 499 669 rum
523 640 706 669 nostrorum
730 635 942 669 commotione
972 635 1168 680 accepimus,

428 689 597 723 nonnullae
616 688 706 733 regni
732 688 854 722 Siciliae
879 688 1028 730 civitates,
1053 689 1169 733 oppida

428 747 459 776 et
483 747 585 776 terrae
610 742 783 776 innumeris
806 742 908 784 malis,
932 747 1026 786 atque
1049 743 1169 776 incom-

427 796 529 830 modis
549 796 590 830 ob
614 796 803 830 saevientem
820 795 896 830 inibi
914 795 1081 840 pestiferae
1099 806 1165 829 con-

429 850 560 893 tagionis
585 850 733 885 morbum
753 849 976 883 miserabiliter
992 848 1170 882 conflicten-

429 907 488 944 tur,
504 909 535 937 et
551 909 728 949 propterea,
742 913 801 948 pro
815 902 1002 945 avertendis,
1016 907 1168 946 quantum

427 956 550 990 divinae
579 956 710 990 bonitati
737 956 910 1000 placuerit,
934 956 966 988 in
997 955 1056 989 hac
1087 956 1169 988 alma

429 1009 512 1042 Urbe
527 1011 646 1051 nosti-a,
667 1011 795 1053 totaque
815 1009 933 1042 ditione
951 1008 1169 1042 Ecclesiastica

428 1067 458 1094 et
482 1062 611 1106 reliquis
629 1062 733 1095 ltaliae
748 1062 892 1106 partibus
909 1061 1003 1095 huius
1027 1062 1171 1106 pestilen-

429 1115 489 1148 tiae
511 1114 671 1159 periculis,
685 1115 810 1148 evenire
839 1115 948 1159 possit,
973 1119 1007 1148 ut
1027 1115 1171 1148 christifi-

428 1168 549 1202 delibus
559 1168 597 1201 ad
612 1168 832 1213 percipiendos
841 1168 1021 1213 spirituales
1030 1169 1171 1202 eiusdem

428 1221 554 1255 iubilaei
579 1222 700 1255 fruetus
725 1221 891 1255 ecclesiam
915 1222 944 1255 S.
971 1222 1057 1255 Pauli
1083 1226 1171 1255 extra

429 1285 537 1311 muros
550 1277 650 1309 almae
669 1275 760 1309 Urbis
772 1280 909 1318 nostrae,
930 1286 1025 1308 unam
1042 1285 1079 1308 ex
1097 1286 1172 1319 qua-

429 1337 501 1364 tuor
525 1330 563 1363 ad
587 1329 619 1363 id
644 1329 810 1373 deputatis,
834 1328 959 1362 visitare
984 1329 1171 1371 volentibus,

430 1395 530 1425 mora,
553 1389 646 1427 atquc
666 1383 927 1427 impedimentum
944 1382 1138 1417 inserantur:

473 1439 488 1483 ξ
511 1438 540 1473 9,.
567 1438 698 1480 Idcirco,
715 1447 774 1481 pro
794 1437 955 1481 pastorali,
979 1447 1074 1480 quam
1098 1447 1172 1481 pro-

430 1492 587 1526 curandae
604 1491 745 1524 eiusdem
762 1490 869 1534 gregis
887 1490 1064 1523 animarum
1080 1491 1172 1523 saluti

430 1546 613 1591 impendere
623 1550 777 1585 tenemur,
788 1544 1006 1586 sollieitudine,
1018 1544 1172 1588 spirituali
1188 1553 1190 1576 t

430 1600 681 1634 christifidelium
699 1599 934 1643 praedictorum
955 1599 1172 1639 consolationi,

430 1653 633 1687 benedicente
658 1653 808 1693 Domino,
834 1651 999 1685 consulere
1023 1652 1172 1693 volentes,

430 1709 468 1741 ‹le
492 1707 715 1751 omnipotentis
732 1707 785 1739 Dei
815 1705 1034 1740 misericordia
1052 1716 1087 1739 ac
1104 1705 1174 1739 bea-

431 1768 535 1795 torum
565 1760 648 1793 Petri
679 1765 709 1793 et
740 1760 826 1793 Pauli
859 1760 1075 1803 apostolorum
1107 1760 1173 1792 eius

430 1814 615 1849 auctoritate
648 1813 774 1855 confisi,
801 1814 946 1846 omnibus
980 1819 1010 1846 et
1042 1813 1173 1856 singulis

432 1868 593 1912 utriusque
610 1877 702 1900 sexus
719 1867 985 1909 christifidelibus,
1003 1866 1056 1910 qui
1077 1867 1174 1900 eccle·
1189 1885 1190 1892 κ

431 1922 508 1955 siam
532 1922 561 1956 S,
586 1921 701 1954 Mariae
725 1920 960 1964 Transtyberim
984 1920 1055 1953 loco
1080 1920 1174 1953 eccle-

432 1976 494 2009 siae
530 1976 558 2009 S.
588 1975 674 2008 Pauli
704 1974 882 2028 praedictae
913 1973 1118 2014 visitaverint,
1144 1978 1192 2023 et!¹

431 2029 625 2074 praescripta
646 2034 739 2072 atque
756 2027 895 2060 iniuncta
908 2038 966 2071 pro
984 2037 1175 2071 consequen—

432 2083 479 2116 dis
495 2082 710 2127 spiritualibus
723 2080 863 2114 eiusdem
882 2080 1007 2113 iubilaei
1021 2081 1174 2114 fructibus

432 2136 693 2182 adimpleverint,
719 2135 804 2179 quod
835 2145 945 2168 omnes
980 2140 1008 2167 et
1035 2135 1174 2177 singulas

433 2189 651 2234 indulgentias,
661 2189 755 2222 etiam
769 2188 978 2233 plenissimas,
992 2193 1022 2221 et
1034 2193 1175 2232 peecato—
1191 2206 1193 2221 ›

434 2256 504 2278 rum
529 2244 741 2284 remissiones,
761 2253 884 2277 necnon
908 2243 1174 2287 poenitentiarum
1191 2245 1193 2270 l

433 2298 660 2338 relaxationes,
684 2297 823 2341 aliasque
848 2297 965 2340 gratias
997 2296 1194 2340 spirituales

434 2353 550 2385 eisdem
581 2361 712 2396 prorsus
744 2350 838 2384 modo
867 2355 897 2383 et
928 2351 1030 2383 forma
1059 2359 1194 2392 eonse-¹

435 2411 570 2450 quantur
595 2404 805 2448 (cumulative
836 2408 960 2446 tamen,
984 2414 1048 2437 non
1073 2399 1194 2437 autem'

435 2459 586 2504 privative
610 2458 714 2503 quoad
735 2457 898 2491 ecclesiam
924 2457 954 2491 S.
973 2458 1060 2491 Pauli
1084 2468 1176 2502 prae-

438 2513 571 2556 dictam)
597 2523 674 2557 quas
706 2517 996 2556 consequerentur,
1022 2511 1047 2544 si
1078 2511 1195 2556 ipsam*

437 2567 600 2600 ecclesiam
624 2566 652 2599 S.
671 2565 758 2599 Pauli
783 2566 952 2607 visitarent,
971 2565 1075 2610 ibique
1093 2575 1178 2609 prac-

438 2619 554 2664 scripta
578 2624 608 2652 et
631 2619 785 2659 iniuncta,
809 2624 844 2652 ut
867 2619 1058 2663 praefertur,
1083 2619 1179 2652 adim-

1012 267 1191 292 BULLARIUM
1215 267 1368 293 ROMANUM

475 2682 484 2708 l
508 2679 578 2708 Edit.
599 2679 677 2708 Main.
699 2680 764 2716 legit
781 2680 896 2716 siquae
915 2681 956 2715 (R.
973 2681 1021 2715 T.).

1956 268 2007 297 An.
2023 268 2052 296 C.
2071 269 2139 298 ¹625

1202 316 1335 360 plorent,
1360 315 1507 360 quodque
1531 315 1568 348 ad
1590 315 1736 350 effectum
1759 317 1942 352 huiusmodi

1203 370 1286 403 dicta
1294 369 1426 404 ecclesia
1435 369 1464 403 S.
1475 369 1588 403 Mariae
1597 369 1830 415 Transtyberim
1844 371 1942 404 omni-

1202 422 1262 457 bus
1274 428 1304 456 ot
1316 423 1447 466 singulis
1457 422 1669 466 indulgentiis,
1683 423 1775 456 etiam
1790 423 1941 468 plenariis

1203 481 1233 509 et
1245 476 1447 521 plenissimis,
1465 476 1660 517 stationibus,
1677 481 1879 520 peccatorum
1895 487 1942 511 re-

1203 529 1420 572 missionibus,
1451 529 1716 574 poenitentiarum
1740 529 1941 564 relaxationi—

1203 583 1273 624 bus‚
1285 583 1417 627 aliisque
1426 582 1587 627 quibusvis
1600 582 1710 626 gratiis
1718 582 1943 627 spiritualibus,

1203 641 1265 669 tam
1284 635 1367 670 circa
1383 636 1529 670 altarium
1545 647 1820 680 quorumcumque
1843 636 1944 670 visita-

1203 689 1330 730 tionem,
1354 699 1449 734 quam
1473 689 1504 722 in
1528 689 1589 723 illis
1614 689 1782 722 missarum
1807 689 1944 723 celebra-

1203 742 1330 785 tionem,
1345 743 1461 786 quihus
1474 742 1605 776 ecclesia
1622 743 1650 777 S.
1669 742 1755 776 Pauli
1772 747 1861 776 extra
1877 753 1945 776 mu-

1203 805 1256 828 ros
1282 795 1462 828 huiusmodi
1486 795 1595 836 utitur,
1619 795 1738 840 potitur
1766 799 1797 828 et
1819 794 1945 838 gaudet,

1203 857 1238 880 ac
1262 847 1318 887 uti,
1343 847 1438 891 potiri
1455 852 1485 882 et
1506 848 1644 891 gaudere
1664 847 1764 893 possit
1783 852 1813 882 et
1829 847 1946 892 poterit

1203 901 1441 944 quomodolibet
1464 901 1495 934 in
1519 901 1676 945 futurum,
1701 902 1769 946 pari
1794 901 1890 936 modo
1914 905 1944 936 et

1203 964 1302 997 aeque
1324 954 1540 999 principaliter
1564 954 1631 988 sine
1654 955 1718 988 ulla
1736 965 1867 999 prorsus
1890 955 1946 988 dis-

1204 1006 1334 1041 serentia
1358 1007 1422 1049 uti,
1448 1007 1544 1051 potiri
1579 1011 1609 1042 et
1632 1008 1769 1051 gaudere
1793 1008 1892 1041 libere
1916 1013 1947 1042 et

1204 1059 1288 1093 licite
1311 1059 1410 1104 possit
1434 1065 1464 1093 et
1487 1060 1598 1101 valeat,
1621 1060 1793 1104 apostoliea
1812 1061 1948 1094 auctori-

1205 1118 1286 1155 tate,
1311 1118 1420 1147 tenore
1440 1113 1664 1158 praesentium,
1690 1113 1892 1148 concedimus
1917 1118 1948 1147 et

1205 1167 1414 1210 indulgemus.

1249 1222 1265 1265 ξ
1280 1220 1310 1254 3.
1328 1221 1396 1255 Non
1410 1220 1608 1255 obstantibus
1622 1221 1731 1255 nostra
1744 1220 1783 1254 de
1798 1230 1862 1255 non
1877 1231 1949 1255 con-

1206 1275 1353 1308 cedendis
1381 1275 1584 1318 indulgentiis
1615 1274 1654 1307 ad
1678 1275 1790 1316 instar,
1815 1274 1949 1319 aliisque

1206 1328 1481 1362 constitutionibus
1506 1334 1537 1362 et
1560 1327 1811 1362 ordinationibus
1827 1333 1950 1372 aposto·

1206 1381 1284 1423 licis,
1302 1382 1488 1426 statutisque
1512 1387 1542 1415 et
1561 1381 1852 1424 consuetudinibus,
1870 1386 1948 1416 cete-

1206 1435 1313 1479 risque
1326 1435 1493 1468 contrariis
1509 1434 1770 1479 quibuscumque.

1250 1489 1265 1532 g
1289 1488 1318 1521 4.
1337 1488 1556 1522 Praesentibus
1580 1488 1619 1521 ad
1642 1492 1785 1521 nostrum
1801 1487 1948 1532 benepla-

1207 1542 1302 1576 citum
1323 1542 1484 1577 dumtaxat
1500 1541 1651 1575 valituris.

1251 1597 1266 1640 ἓ
1290 1597 1319 1629 5.
1345 1597 1496 1630 Volumus
1520 1602 1642 1638 autem,
1668 1601 1701 1629 ut
1732 1595 1947 1640 praesentium
1998 1610 2146 1636 Transumpio-

1208 1650 1421 1694 transumptis,
1440 1650 1531 1684 etiam
1550 1649 1722 1694 impressis,
1740 1660 1835 1682 manu
1851 1649 1948 1682 alicu-
1963 1642 2008 1658 ‘¹¹¹¹'
2025 1636 2084 1657 (Μ’

1207 1703 1255 1736 ius
1279 1703 1393 1736 notarii
1417 1703 1537 1747 publici
1570 1702 1757 1746 subscriptis
1785 1706 1815 1735 et
1844 1702 1949 1745 sigillo

1207 1757 1338 1790 alieuius
1354 1767 1508 1801 personae
1524 1756 1555 1789 in
1572 1756 1723 1799 dignitate
1739 1755 1949 1789 ecclesiastica

1208 1810 1394 1844 constitutae
1411 1810 1549 1852 munitis,
1563 1810 1671 1843 eadem
1685 1820 1817 1853 prorsus
1833 1809 1950 1853 ubique

1208 1864 1285 1897 fides
1309 1864 1505 1907 adhibeatur,
1530 1873 1609 1908 quae
1629 1863 1835 1896 adhiberetur
1859 1872 1950 1906 prae-

1208 1918 1358 1959 sentibus,
1374 1917 1399 1950 si
1416 1918 1519 1951 forent
1543 1917 1709 1959 exhibitae,
1724 1916 1772 1950 vel
1797 1922 1950 1950 ostensae.

1252 1971 1362 2004 Datum
1377 1972 1505 2011 Romae,
1526 1970 1608 2014 apud
1626 1970 1654 2004 S.
1674 1970 1813 2010 Petrum,
1827 1970 1885 2002 sub
1902 1979 1954 2002 an-

1207 2026 1283 2058 nulo
1303 2024 1480 2064 Piscatoris‚
1497 2024 1547 2057 die
1567 2034 1631 2058 xxx
1657 2023 1791 2057 ianuarii
1811 2034 1952 2065 mncxxv,

1208 2078 1407 2122 pontificatus
1436 2077 1536 2111 nostri
1561 2088 1643 2111 anno
1667 2088 1698 2111 11.

1245 2141 1303 2169 Dat.
1324 2141 1367 2170 die
1387 2141 1422 2169 30
1440 2140 1556 2169 ianuarii
1575 2140 1652 2175 1625,
1673 2139 1769 2176 pontif.
1787 2146 1858 2168 anno
1875 2146 1902 2167 11.

2011 1236 2145 1258 Obstantium

1963 1262 2080 1290 derogatio.

1532 2275 1631 2309 CXIII.

1210 2348 1387 2393 Deputalio
1402 2347 1611 2381 ecclesiarum
1629 2346 1658 2380 S.
1677 2346 1804 2380 Mariae
1828 2346 1866 2379 de
1889 2347 1953 2380 Po-

1253 2401 1332 2446 pulo
1350 2429 1359 2442 ,
1393 2401 1425 2436 S.
1460 2401 1589 2434 Mariae
1617 2401 1644 2434 T
1643 2401 1890 2444 ranstyberim,
1918 2411 1955 2433 ac

1255 2456 1286 2490 S.
1305 2455 1479 2489 Laurentii
1503 2455 1539 2487 in
1565 2454 1693 2487 Lucimi
1718 2454 1756 2488 de
1776 2455 1868 2495 Urbe,
1889 2454 1954 2487 loco

1256 2508 1466 2542 ecclesiarum
1492 2508 1522 2541 S.
1552 2507 1736 2541 Sebastiam·
1747 2535 1757 2549 ,
1788 2507 1820 2541 S.
1850 2506 1954 2540 Pauli

1257 2568 1285 2597 et
1305 2563 1335 2597 S.
1357 2563 1533 2596 Laurentii
1556 2566 1646 2595 extra
1664 2573 1784 2603 micros,
1803 2572 1862 2606 pro
1885 2571 1954 2604 sep-

1260 2622 1321 2651 tem
1341 2618 1436 2652 Urbis
1456 2616 1599 2651 eiusdem
1618 2616 1766 2650 ecclesias
1789 2614 1954 2649 visitanti-

1259 2671 1326 2705 bus.
