2269 3235
115 261 167 288 An.
183 259 210 287 C.
234 259 302 287 1625
925 259 1066 283 unssANus

311 313 341 340 et
365 307 441 348 sore,
466 317 601 351 suosque
626 307 784 351 plenarios
804 311 834 340 ct
855 306 993 349 integros
1010 307 1050 338 et·-

311 361 408 393 sectus
428 360 533 394 sortiri
550 366 580 394 et
596 360 748 402 obtinere,
767 360 873 403 sicque
891 370 946 403 per
961 369 1050 402 quos-

311 423 447 457 cumque
471 413 590 447 iudices
614 413 791 447 ordinarios
816 417 846 445 et
869 412 1050 454 delegatos,

311 467 404 500 etiam
414 477 579 501 causarum
591 467 695 512 palatii
707 466 870 510 apostolici
881 465 1051 504 auditores,

311 519 444 554 iudicari
467 525 498 554 et
517 519 641 553 definiri
665 519 790 559 debere,
812 529 848 551 ac
873 517 997 550 irritum
1023 522 1052 550 et

312 572 414 613 inane,
439 572 464 606 si
488 583 578 606 secus
595 582 688 617 super
705 572 753 605 his
770 582 787 604 a
804 581 961 614 quoquam
980 580 1053 614 qua-

312 625 358 659 vis
373 626 558 660 auctoritate
573 626 706 659 scienter
723 625 770 658 vel
788 625 970 668 ignoranter
983 634 1054 658 con-

312 678 419 722 tigerit
443 678 598 713 attentari.

107 774 111 778 q
141 745 298 775 contrariorum
357 733 372 776 g
389 731 418 765 4.
437 732 505 767 Non
517 732 715 767 obstantibus
733 734 842 766 nostra
855 731 893 765 de
907 742 969 765 non
982 741 1054 765 con-

115 772 232 800 ⁶⁹¹⁰⁸²²¹⁰'
313 785 460 820 cedendis
484 785 686 830 indulgentiis
710 785 749 819 ad
773 786 890 828 instar,
922 785 1053 829 aliisque

313 839 586 873 constitutionibus
610 844 640 872 et
663 839 914 872 ordinationibus
933 845 1055 882 aposto-

313 892 392 934 licis,
412 903 458 933 ac,
475 898 628 937 quatenus
653 904 734 938 opus
751 893 799 934 sit,
813 892 1053 926 secundodictae

313 946 572 990 Congregationis
586 946 766 981 huiusmodi
779 946 886 991 (etiam
901 946 1055 979 iuramen-

314 1006 356 1042 to,
369 1000 609 1035 confirmatione
622 1001 804 1046 apostolica,
819 1000 867 1033 vel
883 1000 992 1044 quavis
1005 1000 1055 1033 fir-

314 1054 421 1088 mitate
438 1054 498 1088 alia
516 1054 686 1099 roboratis)
701 1054 824 1089 statutis
841 1060 871 1087 et
887 1059 1053 1088 consuetu-

315 1106 440 1141 dinibus
455 1135 462 1149 ,
490 1108 664 1152 privilegiis
694 1118 841 1152 quoque,
873 1107 1001 1140 indultis
1025 1112 1056 1140 et

313 1161 427 1195 litteris
443 1162 624 1207 apostolicis
641 1162 671 1195 in
696 1161 889 1196 contrarium
907 1161 1056 1205 praemis-

315 1226 422 1250 sorum
436 1216 672 1261 quomodolibet
685 1216 852 1257 concessis,
862 1215 1055 1249 confirmatis
1073 1235 1074 1242 κ

315 1275 345 1303 et
362 1270 525 1304 innovatis.
546 1269 665 1310 Quibus
689 1270 836 1303 omnibus
861 1274 890 1302 et
915 1269 1054 1312 singulis,

315 1332 425 1357 eorum
450 1328 576 1357 tenores
600 1323 818 1368 praesentibus
834 1333 894 1367 pro
911 1322 1003 1367 plene
1027 1326 1075 1358 etl

316 1376 506 1410 sufficienter
531 1377 686 1421 expressis
710 1376 871 1419 habentes,
896 1376 957 1409 illis
982 1375 1056 1409 alias

316 1430 347 1463 in
363 1441 420 1465 suo
435 1431 552 1465 robore
569 1431 793 1476 permansuris,
813 1431 870 1464 hac
888 1430 955 1464 vice
969 1429 1056 1463 dum-

317 1489 399 1518 taxat
423 1485 600 1530 specialiter
625 1491 654 1518 et
678 1496 824 1530 expresse
849 1485 1056 1528 derogamus.

309 1539 492 1583 ¹ceterisque
517 1539 682 1573 contrariis
701 1539 966 1583 quibuscumque.

362 1592 377 1636 ἓ
401 1592 429 1626 5.
448 1592 599 1626 Volumus
627 1598 730 1626 autem
745 1620 752 1634 ‚
785 1598 816 1626 ut
845 1592 1056 1637 praesentium

319 1647 533 1691 transumptis,
557 1646 651 1680 etiam
677 1647 856 1691 impressis,
882 1656 977 1679 manu
1001 1646 1057 1679 ali-

318 1700 408 1734 cuius
420 1700 534 1734 notarii
551 1700 671 1744 publici
689 1700 885 1744 subscriptis,
906 1705 936 1733 et
952 1700 1056 1743 sigillo

318 1763 472 1798 personae
489 1753 520 1786 in
540 1753 690 1797 dignitate
706 1753 917 1786 ecelesiastica
942 1752 1058 1786 consti-

318 1812 403 1842 tutae
427 1807 568 1849 munitis‚
593 1807 701 1841 eadem
726 1818 858 1852 prorsus
878 1806 956 1840 fides
975 1806 1060 1840 adhi-

318 1860 440 1902 beatur,
459 1871 539 1905 quae
552 1860 771 1905 praesentibus
795 1860 1008 1900 adhiberetur,
1033 1859 1059 1892 si

319 1915 422 1948 forent
445 1915 601 1948 exhibitae
625 1915 672 1948 vel
698 1919 850 1948 ostensae.

364 1969 476 2003 Datum
489 1970 617 2011 Romae,
635 1970 717 2014 apud
733 1969 762 2003 S.
780 1970 919 2009 Petrum,
936 1968 994 2001 sub
1011 1978 1062 2001 an-

321 2023 395 2057 nulo
411 2023 595 2065 piscatoris,
623 2023 674 2057 die
698 2033 751 2057 xlv
769 2022 902 2056 ianuarii
920 2031 1060 2063 mcxxv„

321 2077 520 2121 pontificatus
536 2078 636 2112 nostri
656 2087 737 2111 anno
754 2087 785 2111 11.

356 2140 416 2168 Dat.
434 2140 477 2169 die
494 2142 527 2169 ¹4
541 2141 658 2169 ianuarii
677 2140 755 2176 1625,
772 2139 868 2177 pontis.
886 2147 956 2168 anno
971 2146 998 2166 u.

156 1599 302 1626 Transumptis

120 1627 189 1649 danda
205 1627 263 1648 tides.

657 2321 728 2355 CIX.

327 2397 497 2432 Indultum
520 2399 676 2442 fratribus
702 2399 837 2435 Ordinis
853 2399 1066 2434 Mim'morum

369 2451 401 2485 S.
429 2451 599 2486 Francisci
622 2453 660 2487 de
683 2454 795 2488 Paula
815 2454 999 2498 accipiendi
1024 2453 1066 2487 le-

368 2509 447 2549 yata
465 2516 537 2539 cum
551 2511 705 2551 perpetuo
725 2518 819 2542 onere
839 2508 1018 2541 missarum
1038 2511 1066 2540 et

370 2558 603 2603 suffrayiorum
617 2559 635 2593 ¹.

363 2630 374 2656 1
387 2630 428 2658 De
438 2630 512 2658 hisce
524 2631 663 2659 Fratribus
674 2632 734 2660 vide
749 2641 830 2668 supra
844 2640 904 2669 pag.
920 2632 969 2661 156
980 2635 1004 2659 et
1018 2632 1066 2658 ¹77

327 2674 405 2701 huius
422 2675 486 2702 tomi
502 2676 538 2701 (n.
556 2676 603 2709 r).

1091 259 1147 282 vm
1172 259 1219 282 vr.
1728 246 1793 280 975
1838 256 1888 283 An.
1904 255 1932 283 c.
1955 255 2023 282 1625

1280 305 1416 333 Urbanus
1444 305 1524 340 Papa
1543 304 1629 335 vm,

1206 351 1242 378 ad
1261 354 1436 385 perpetuam
1454 350 1499 378 rei
1519 349 1699 378 memoriam.

1131 412 1341 456 Apostolicam
1359 412 1448 445 dccet
1464 411 1688 455 benignitatem
1707 410 1825 444 ultimis
1867 423 2009 447 prooemium.

1088 465 1138 508 pie
1164 465 1342 499 testantium
1368 465 1579 499 voluntatibus
1604 465 1717 505 favere,
1738 469 1768 497 et
1792 469 1826 498 ut

1087 517 1157 550 illae
1178 528 1268 550 suum
1286 518 1458 551 sortiantur
1474 517 1630 558 effectum,
1651 517 1743 551 etiam
1758 517 1826 551 stri-

1087 571 1221 605 ctiorum
1247 571 1398 605 Ordinum
1423 571 1580 614 regularia
1608 572 1748 605 instituta
1779 572 1826 604 in-

1087 624 1212 657 terdum
1239 624 1397 664 relaxare,
1423 625 1558 657 maxime
1582 636 1652 658 cum
1677 624 1827 659 relaxatio

1088 677 1269 712 huiusmodi
1294 678 1332 710 ad
1357 677 1452 710 divini
1474 678 1574 712 cultus
1598 678 1829 712 incrementum

1087 731 1217 765 tendere
1241 732 1447 775 dignoscitur,
1472 735 1502 766 et
1526 737 1597 765 vota
1621 742 1829 776 personarum

1089 785 1292 829 regularium,
1303 785 1489 830 praesertim
1503 785 1757 827 reformatorum,
1769 785 1829 820 hoc

1089 850 1105 871 a
1130 838 1221 872 nobis
1245 845 1425 883 exposcunt.

1133 894 1148 937 ἓ
1172 893 1200 925 ’1.
1223 893 1302 927 Sane
1326 893 1417 926 nobis
1441 892 1553 937 exponi
1579 903 1680 936 nuper
1699 892 1771 926 fecit
1787 892 1831 926 di-

1089 946 1187 979 lectus
1203 946 1286 979 silius
1300 946 1558 980 Bartholomaeus
1572 946 1694 987 Levius,
1708 946 1832 990 provin-

1090 999 1176 1033 cialis
1200 999 1325 1033 Ordinis
1343 1000 1543 1033 Minimorum
1561 1000 1658 1033 sancti
1672 999 1831 1034 FranciSci

1090 1054 1128 1087 de
1145 1054 1249 1096 Paula,
1268 1055 1298 1087 in
1316 1055 1479 1099 provincia
1497 1059 1527 1088 et
1547 1054 1698 1088 comitatu
1721 1059 1830 1088 nostro

1090 1108 1283 1149 Venaissino,
1304 1108 1388 1152 quod
1416 1108 1455 1142 de
1482 1118 1563 1143 anno
1588 1108 1712 1142 Domini
1736 1118 1833 1143 unctx

1090 1166 1163 1195 tunc
1188 1162 1219 1194 in
1244 1162 1390 1195 humanis
1410 1172 1507 1205 agens
1526 1161 1706 1206 Magdalena
1723 1160 1761 1195 de
1778 1161 1832 1195 La-

1091 1220 1173 1259 gnet,
1187 1215 1261 1249 dum
1275 1215 1401 1258 viveret,
1416 1215 1543 1249 domina
1560 1215 1591 1248 in
1607 1215 1834 1260 temporalibus

1091 1269 1197 1314 oppidi
1222 1269 1260 1303 de
1284 1269 1430 1311 Causans,
1447 1269 1622 1303 devotionis
1639 1270 1706 1303 zelo
1730 1269 1833 1310 ducta,

1092 1323 1180 1357 titulo
1197 1323 1374 1357 donationis
1391 1323 1617 1364 irrevocabilis,
1631 1333 1710 1368 quae
1719 1322 1834 1357 dicitur

1916 902 1994 924 Motiva
2010 905 2030 923 et

1846 929 1897 950 facti
1911 931 2014 951 narratio.

1074 1376 1173 1410 ,inter
1197 1377 1294 1419 vivos,
1320 1377 1446 1411 donavit
1470 1377 1554 1411 dicto
1579 1376 1688 1411 Ordini
1713 1382 1833 1421 septem

1092 1430 1190 1464 millia
1215 1435 1301 1465 scuta
1325 1436 1479 1473 monetae,
1497 1430 1560 1465 duo
1577 1431 1676 1464 millia
1689 1430 1834 1465 videlicet

1091 1484 1129 1517 ad
1147 1484 1291 1518 effectum
1311 1484 1512 1518 construendi
1530 1484 1694 1518 ecclesiam
1716 1484 1774 1518 sub
1790 1484 1833 1518 in-

1092 1538 1254 1572 vocatione
1285 1538 1516 1583 Assumptionis
1540 1538 1634 1571 Divae
1665 1537 1832 1571 Genitricis

1075 1592 1205 1626 ‚Mariae
1230 1596 1259 1625 et
1283 1596 1471 1626 conventum
1495 1591 1569 1625 dicti
1594 1591 1718 1625 Ordinis
1743 1591 1774 1624 in
1794 1592 1834 1625 ci-

1092 1646 1183 1680 vitate
1208 1644 1491 1689 Carpentoratensi,
1517 1650 1547 1678 et
1571 1645 1710 1689 quinquo
1735 1644 1834 1678 millia

1092 1705 1179 1733 scuta
1212 1699 1250 1732 ad
1282 1699 1541 1732 sustentationem
1569 1699 1735 1732 duodecim
1761 1698 1835 1731 reli-

1092 1753 1256 1796 giosorum
1280 1752 1354 1786 dicti
1379 1752 1514 1793 Ordinis,
1535 1752 1634 1785 electa
1651 1763 1709 1796 per
1733 1752 1835 1796 ipsam

1093 1807 1253 1851 sepultura
1268 1807 1299 1839 in
1313 1806 1396 1840 dicta
1420 1806 1562 1849 ecclesia,
1581 1806 1638 1839 sub
1655 1806 1743 1840 Sedis
1756 1807 1836 1851 Apo-

1094 1860 1221 1894 stolicae
1241 1860 1439 1905 beneplacito
1464 1860 1508 1894 sic
1532 1859 1753 1901 construenda,
1777 1870 1835 1904 pro

1094 1914 1161 1947 eius
1186 1925 1322 1959 corpore
1346 1913 1518 1955 humando,
1543 1914 1744 1957 oneratisque
1768 1914 1836 1947 eius

1094 1968 1293 2009 haeredibus,
1313 1968 1430 2012 quique
1449 1967 1575 2008 suerint,
1592 1972 1627 2000 ut
1643 1966 1667 2000 si
1688 1967 1755 2010 ipsa
1773 1976 1838 2000 non

1095 2021 1231 2055 dedisset
1255 2022 1338 2055 dicta
1362 2027 1449 2055 scuta
1474 2026 1593 2065 septem
1612 2021 1710 2053 millia
1727 2019 1837 2054 Ordini

1095 2075 1278 2120 praedicto,
1311 2075 1415 2107 statim
1446 2077 1482 2108 ea
1512 2075 1618 2108 functa
1638 2074 1704 2107 >vita
1728 2073 1839 2106 darent

1095 2129 1155 2173 ipsi
1180 2128 1242 2162 duo
1268 2128 1365 2161 millia
1390 2133 1478 2161 scuta
1494 2127 1533 2160 ad
1550 2127 1696 2161 effectum
1714 2127 1838 2171 praedi-

1097 2236 1265 2280 praesenti,
1275 2236 1396 2279 reliqua
1407 2245 1481 2269 vero
1490 2235 1628 2279 quinque
1642 2234 1738 2267 millia
1752 2239 1840 2267 scuta

1098 2290 1248 2324 darentur
1272 2289 1303 2322 in
1327 2289 1512 2333 pensionem
1535 2298 1669 2321 annuam
1695 2287 1733 2321 ad
1757 2287 1840 2321 savo-

1098 2354 1166 2377 rem
1191 2343 1265 2377 dicti
1290 2348 1471 2377 conventus.
1496 2342 1636 2386 Cumque
1668 2352 1727 2385 pro
1757 2340 1841 2375 dicta

1100 2397 1231 2432 ecclesia
1261 2402 1291 2430 et
1321 2402 1475 2430 conventu
1500 2395 1720 2429 construendis
1752 2395 1840 2428 locus

1083 2436 1084 2462 ¹
1100 2450 1285 2485 commodus
1297 2450 1328 2483 in
1338 2450 1420 2483 dicta
1431 2450 1554 2483 civitate
1564 2459 1627 2482 non
1636 2448 1841 2493 reperiretur,

1100 2504 1202 2538 bonae
1217 2503 1388 2536 memoriae
1406 2502 1563 2543 Horatius,
1580 2507 1655 2535 tunc
1675 2501 1843 2546 episcopus

1100 2558 1399 2603 carpentoratensis,
1413 2556 1587 2590 oratorium
1599 2566 1698 2601 prope
1714 2561 1744 2589 et
1757 2561 1844 2589 extra

1102 2611 1226 2644 moenia
1239 2611 1332 2644 castri
1347 2620 1402 2643 seu
1415 2610 1554 2644 fortalitii
1568 2610 1628 2643 loci
1640 2610 1678 2643 de
1691 2610 1841 2649 Venosco,

1102 2664 1393 2709 Carpentoratensis
1424 2663 1598 2703 dioecesis,
1631 2662 1670 2696 ad
1702 2672 1843 2695 mensam
