2269 3235
237 291 284 316 Αιι.
301 290 330 316 c.
354 289 420 317 irat
466 281 529 314 149,

262 775 416 796 Emolumenta-

234 807 350 828 quaomnia
361 803 416 822 adio
433 816 439 821 .

233 834 285 849 suae
293 829 400 854 assumpui

233 856 265 876 nis
289 856 309 876 in
331 855 417 876 Puntiti-

233 888 278 903 cem
327 882 415 903 decursa

233 909 285 929 solvi
300 909 392 930 mandat.

434 338 538 377 cibus,
563 347 618 371 seu
642 337 749 371 earum
775 337 891 377 altera,
920 337 999 370 infra
1030 348 1170 371 mensem

434 391 623 431 huiusmodi,
637 401 691 423 seu
707 390 782 422 alias
796 390 900 422 forsan
913 400 975 423 non
989 391 1171 433 confeceris,

432 453 489 476 nec
502 444 712 476 iuramentum
728 443 923 486 praedictum
937 445 967 476 in
981 443 1055 477 dicti
1073 455 1173 478 came-

432 496 507 529 rarii
531 496 674 528 manibus
696 496 800 528 forsan
819 502 890 540 post
907 497 1028 540 lapsum
1056 498 1171 531 mensis

431 548 610 581 huiusmodi
625 549 828 592 praestiteris,
842 560 944 593 neque
958 550 1038 583 idem
1056 551 1172 584 locum-

432 607 539 636 tenens
562 603 772 636 iuramentum
798 604 878 636 intra
897 603 1015 637 dictum
1038 610 1170 649 tempus,

431 665 485 689 seu
501 656 576 688 alias
597 657 702 689 forsan
726 667 827 701 neque
852 657 968 690 dictam
993 658 1170 692 cautionem

431 709 633 753 praestiterit,
658 715 691 743 ut
714 711 908 754 praefertur:

476 764 491 807 ἓ
515 763 544 796 4.
571 764 643 804 Nos,
661 769 690 797 te
711 765 958 808 praemissorum
984 766 1169 799 meritorum

404 837 417 847 »-
432 817 544 850 intuitu
563 818 727 862 amplioris
751 819 870 862 gratiae
892 820 997 853 favore
1021 820 1171 864 prosequi

432 870 592 910 volentes,
618 876 705 904 motu
736 872 884 915 proprio,
910 883 972 906 non
1002 873 1041 905 ad
1065 878 1171 914 tuam,

432 924 479 956 vel
497 924 625 957 alterius
644 935 701 968 pro
719 931 748 957 te
765 925 856 958 nobis
875 926 998 959 oblatae
1014 926 1172 969 petitionis

432 977 621 1017 instantiam,
639 978 692 1010 sed
709 988 745 1010 ex
767 981 853 1011 certa
874 979 1004 1011 scientia
1024 990 1060 1011 ac
1084 982 1171 1012 mera

430 1030 616 1063 liberalitate
640 1031 766 1071 nostris,
784 1031 885 1074 deque
909 1032 1100 1075 apostolicae
1120 1043 1172 1076 po-

430 1084 547 1117 testatis
572 1084 775 1127 plenitudine,
801 1089 839 1127 te,
865 1094 987 1117 necnon
1012 1085 1168 1118 locumte-

429 1140 537 1170 nentes
562 1141 641 1178 tuos,
666 1142 820 1181 quatenus
845 1149 924 1182 opus
948 1139 997 1179 sit,
1022 1139 1172 1172 adversus

428 1190 551 1234 lapsum
573 1191 724 1234 temporis
737 1191 775 1223 ad
789 1192 983 1225 conficienda
999 1192 1171 1226 inventaria

429 1243 620 1284 huiusmodi,
638 1254 759 1277 necnon
777 1245 953 1278 cautionem
971 1251 1001 1278 et
1018 1246 1172 1279 iuramen-

429 1302 495 1330 tum
510 1298 744 1342 praestandum,
757 1298 813 1330 tibi
827 1304 856 1331 et
869 1299 929 1331 illis
942 1300 1124 1343 respective,
1138 1305 1172 1333 ut

429 1351 616 1394 praefertur,
633 1351 774 1395 praefixi,
791 1362 827 1385 ac
843 1352 929 1392 alias,
944 1352 974 1385 in
990 1353 1170 1396 pristinum,

429 1408 459 1437 et
483 1414 565 1444 eum,
586 1404 616 1436 in
640 1416 703 1448 quo
723 1410 813 1437 antea
829 1406 1067 1449 quomodolibet
1090 1417 1170 1448 eras,

429 1463 460 1490 et
484 1458 544 1502 ipsi
561 1464 659 1498 erant,
677 1463 800 1500 statum,
818 1465 927 1493 tenore
947 1461 1170 1503 praesentium,

429 1511 558 1545 omnino
582 1512 787 1553 restituimus,
809 1513 994 1557 reponimus
1014 1519 1044 1546 et
1068 1514 1172 1557 plena-

429 1564 474 1598 rie
498 1566 749 1608 reintegramus:
779 1566 898 1610 tibique
923 1572 953 1599 et
977 1567 1038 1599 illis
1061 1567 1099 1599 ad
1125 1578 1172 1600 ea-

427 1618 499 1651 dem
514 1619 696 1659 inventaria‚
714 1630 770 1663 per
787 1625 827 1659 tc,
848 1630 903 1653 seu
921 1621 1170 1654 locumtenentes

427 1677 507 1713 tuos,
521 1684 575 1706 seu
592 1674 698 1714 alium,
713 1674 759 1706 vel
777 1675 864 1715 alios,
879 1686 983 1718 quem,
1001 1675 1064 1707 sive
1080 1686 1159 1718 quos

426 1844 489 1866 non
514 1835 692 1867 cautionem
722 1836 999 1878 piaesta11dam‚ut
1023 1837 1166 1879 piaeser-

1023 290 1202 315 nULLAan
1225 290 1380 315 ROMANUM

1206 339 1337 380 stellani,
1354 345 1385 372 et
1400 338 1576 372 officiorum
1598 349 1871 385 quorumcumque
1888 340 1944 374 tibi

1206 393 1356 426 hactenus
1372 392 1644 434 demandatorum,
1661 402 1678 426 a
1694 392 1744 426 die
1763 398 1889 427 nostrae
1905 394 1944 427 ad

1205 446 1319 479 summi
1344 447 1534 490 apostolatus
1569 445 1690 490 apicem
1723 448 1945 491 assumptionis

1205 510 1334 533 currere
1357 500 1512 540 debeant,
1550 499 1668 543 tibique
1695 499 1734 532 ab
1758 500 1870 533 eadem
1894 500 1945 534 die

1205 553 1334 586 omnino
1359 553 1543 593 debeantur,
1560 563 1596 585 ac
1620 552 1779 596 persolvi,
1804 558 1945 597 praesta-

1205 606 1304 649 rique,
1322 611 1476 649 quatenus
1495 605 1655 649 persoluta
1671 610 1701 638 et
1716 607 1866 649 praestita
1881 615 1945 639 non

1205 659 1276 699 sint,
1297 659 1439 699 debeant,
1460 659 1545 692 omni
1562 664 1593 692 et
1609 668 1810 703 quacumque
1826 661 1946 692 contra-

1205 712 1340 745 dictione
1364 718 1525 753 cessante,

1249 766 1264 810 ἓ
1288 765 1317 800 6.
1341 767 1492 812 Quodque
1517 767 1712 809 iuramenta,
1737 776 1794 810 per
1818 765 1945 800 eosdem

1205 820 1451 854 locumtenentes
1483 826 1552 854 tuos
1576 820 1824 864 praemissorum
1849 830 1944 853 occa-

1205 874 1292 907 sione
1317 879 1427 907 contra
1451 874 1627 907 litterarum
1651 873 1885 918 praedictarum
1906 878 1947 906 te-

1205 937 1314 960 norem
1336 928 1441 961 forsan
1461 928 1620 971 praestita,
1638 928 1760 960 valeant
1783 932 1814 960 et
1837 927 1946 960 suffra-

1205 984 1328 1022 gentur,
1346 990 1404 1013 nec
1420 980 1479 1023 ipsi
1492 980 1530 1012 ad
1547 981 1681 1013 aliorum
1694 980 1945 1014 iuramentorum

1206 1034 1449 1076 praestationem
1463 1038 1642 1074 teneantur;
1656 1040 1686 1067 et
1700 1034 1725 1067 si
1739 1034 1798 1078 ipsi
1812 1035 1859 1068 vel
1873 1034 1946 1068 alio-

1206 1097 1276 1119 rum
1301 1087 1397 1130 aliqui
1411 1087 1586 1119 iuramenta
1606 1087 1787 1120 huiusmodi
1806 1087 1945 1121 nondum

1205 1140 1428 1183 praestiterint,
1449 1140 1501 1172 illa
1525 1140 1557 1172 in
1581 1139 1727 1173 manibus
1751 1150 1906 1183 personae
1929 1150 1946 1173 a

1205 1197 1235 1224 te
1258 1191 1453 1235 deputandae
1478 1196 1639 1234 praestare
1663 1191 1793 1224 valeant.

1248 1245 1359 1278 Datum
1378 1246 1506 1285 Romae,
1519 1244 1604 1288 apud
1620 1244 1649 1277 S.
1667 1245 1805 1285 Petrum,
1819 1244 1878 1278 sub
1894 1254 1947 1278 an-

1204 1298 1281 1331 nulo
1305 1298 1491 1338 Piscatoris‚
1516 1297 1567 1330 die
1591 1307 1626 1330 111
1649 1297 1760 1341 aprilis
1784 1307 1945 1338 uncxxlv,

1204 1351 1405 1396 pontificatus
1428 1352 1529 1385 nostri
1552 1361 1634 1385 anno
1658 1361 1678 1385 1.

1241 1413 1298 1440 Dat.
1316 1412 1359 1440 die
1375 1413 1390 1440 3
1405 1413 1499 1448 aprilis
1515 1412 1593 1448 1624,
1609 1412 1703 1448 pontif,
1720 1421 1764 1440 an.
1780 1419 1796 1440 ι.

1541 1556 1612 1589 LVI.

1207 1636 1417 1678 Confirmatio
1438 1636 1556 1669 decreti
1574 1636 1841 1680 Conqreyalionis
1859 1638 1943 1672 Con-

677 1728 682 1733 ·
1163 1696 1189 1732 ’t
1249 1691 1331 1729 citii,
1355 1702 1419 1735 quo
1436 1692 1596 1724 statuitur
1619 1691 1711 1724 m'lzil
1733 1702 1868 1735 prorsus
1885 1702 1949 1725 esse

427 1726 465 1759 ad
490 1727 549 1760 hoc
574 1728 700 1760 duxeris
730 1728 964 1771 deputandum,
994 1730 1038 1761 vel
1066 1729 1189 1776 depu--Jr

427 1781 547 1820 tandos,
568 1781 762 1814 conficienda
786 1787 814 1814 et
840 1782 1088 1822 transmittenda,
1113 1793 1188 1871 116οέ

1249 1745 1438 1777 solvendum
1463 1745 1628 1788 episcopis,
1655 1749 1714 1777 aut
1739 1755 1850 1778 eorum
1874 1745 1943 1788 offi-

1248 1798 1396 1837 cialibus,
1417 1809 1475 1841 pro
1493 1798 1673 1831 eoeleibendrt
1697 1799 1825 1831 ratione
1850 1798 1945 1831 bono-

1959 293 2007 320 An.
2023 293 2052 321 C.
2075 293 2142 322 ¹626

1249 1862 1334 1891 rum,
1362 1851 1654 1894 eleemosynarzwz,
1681 1855 1946 1884 testamentorum

1248 1909 1276 1937 et
1302 1904 1482 1947 leqalorum
1498 1915 1518 1936 α
1538 1904 1696 1947 fratribus
1720 1904 1948 1948 Conyreqatio-

1248 1959 1300 1991 nis
1325 1959 1462 1991 Ioannis
1486 1957 1578 1991 Dei‘.

429 1893 495 1928 tur,
521 1889 693 1921 teiminum
719 1889 853 1921 duorum
880 1891 1035 1922 mensium
1057 1901 1074 1922 a
1099 1847 1188 1943 dati}

428 1942 641 1985 praesentium
667 1943 915 1986 computandum
941 1944 1187 1976 concedimus*

473 1995 488 2038 ἓ
512 1995 540 2029 5.
569 1997 790 2040 Vohxmusque,
809 2003 838 2029 et
858 1998 1031 2041 apostolica
1055 2002 1166 2031 aucto-

429 2049 519 2083 ritate
544 2050 726 2083 earumdem
751 2056 860 2083 tenore
885 2051 1097 2095 praesentium
1120 2047 1187 2084 de-'

430 2103 606 2144 cernimus,
628 2104 712 2147 quod
737 2104 910 2137 inventaria
935 2105 1115 2148 praedicta,
1145 2105 1169 2136 si

430 2157 523 2199 quae¹
541 2157 635 2189 etiam
659 2162 729 2201 post
754 2159 875 2202 lapsum
894 2158 1046 2202 temporis
1066 2158 1187 2202 huius—¹

430 2210 514 2243 modi
540 2211 617 2244 facta
647 2212 783 2251 fuerint,
817 2213 960 2245 similiter
995 2213 1116 2245 valeant
1140 2217 1170 2245 et
1185 2214 1187 2254 ζ
1203 2212 1286 2244 filius
1310 2213 1429 2256 Gaspar
1453 2213 1524 2246 Diaz
1548 2213 1784 2256 Campomanes,
1808 2213 1946 2256 Congre-

429 2263 651 2307 sutfragentur,
670 2266 828 2309 quodque,
846 2267 885 2299 ob
903 2267 1112 2299 iuramentum
1138 2267 1169 2299 in
1185 2293 1187 2302 .
1203 2266 1337 2308 gationis
1364 2266 1485 2299 loannis
1502 2266 1555 2299 Dei
1574 2272 1762 2310 procurator
1778 2267 1944 2310 generalis,

429 2317 572 2350 manibus
592 2318 665 2351 dicti
691 2320 855 2352 camerarii
872 2321 1076 2364 postlapsum
1096 2326 1170 2353 tem-
1185 2346 1187 2363 ,
1204 2319 1287 2362 quod
1312 2319 1387 2352 alias
1411 2330 1428 2352 a
1452 2319 1685 2353 venerabilibus
1716 2320 1865 2353 fratribus
1889 2331 1946 2353 no-

265 2002 352 2027 Aliaquo
368 2002 386 2021 ei
383 2007 413 2021 usu

238 2028 406 2048 locatenentibus

230 2055 335 2075 concedit,

1417 2039 1553 2066 Urbanus
1574 2040 1654 2073 Papa
1673 2039 1750 2071 vm,

1329 2091 1365 2116 ad
1385 2093 1562 2123 perpetuam
1581 2089 1625 2116 rei
1646 2089 1825 2116 memoriam.

2015 2167 2146 2188 Recensetur

1970 2193 2145 2220 Congregationis

1961 2221 2049 2267 ¹Concilii
2072 2221 2145 2242 decre-

1970 2254 2011 2269 uni.

1249 2159 1263 2202 ,ξ
1289 2159 1316 2191 ’1.
1344 2159 1463 2203 Exponi
1481 2159 1573 2192 nobis
1596 2170 1699 2203 nuper
1718 2159 1787 2192 fecit
1814 2159 1946 2192 dilectus

428 2371 513 2414 poris
544 2372 694 2415 praedicti
725 2374 971 2417 praemissorum
1005 2374 1187 2407 occasione

430 2424 532 2457 forsan
552 2426 748 2469 praestitum,
766 2427 804 2459 ad
822 2427 955 2459 aliorum
982 2427 1187 2463 iuramento

429 2488 498 2509 rum
520 2480 762 2522 praestationem
792 2481 878 2514 nullo
904 2481 997 2514 modo
1023 2481 1168 2522 tenearis,

432 2532 697 2577 provisionesque,
709 2534 872 2578 stipendia,
885 2535 997 2584 salaria
1010 2540 1040 2568 et
1053 2535 1170 2568 emolu-

430 2591 543 2626 menta,
558 2591 619 2619 tam
633 2588 876 2631 praedictorum,
889 2599 982 2632 quam
997 2589 1169 2622 Asculanae
1185 2590 1187 2598 ¹

1203 2373 1275 2406 stris
1306 2378 1430 2405 sanctae
1462 2373 1620 2406 Romanae
1651 2373 1808 2406 Ecclesiae
1846 2373 1947 2406 caidi-

1202 2427 1326 2459 nalihus
1353 2426 1481 2459 Concilii
1512 2426 1684 2460 Tridentini
1717 2426 1945 2471 inte1p1etibus

1186 2465 1358 2520 emanaxit
1381 2480 1456 2513 (leel
1458 2486 1542 2513 etum
1573 2481 1691 2514 ten01is
1716 2481 1945 2525 subsequentis,

1186 2539 1187 2553 ¹
1203 2534 1362 2568 tidelicet:

1248 2588 1373 2621 Sacram
1391 2588 1673 2631 Congregationem
1692 2593 1826 2622 vestram
1848 2587 1947 2620 humi-

430 2643 459 2670 et
479 2638 721 2682 Beneventanae,
746 2642 942 2686 aliarumque
966 2642 1087 2676 arcium
1112 2653 1166 2676 ca·
1184 2653 1187 2679 z
1203 2642 1275 2675 liter
1288 2647 1435 2685 precatur
1450 2642 1634 2675 Franciscus
1645 2642 1763 2687 Gaspar
1776 2642 1848 2675 Diaz
1861 2641 1946 2675 Cam-

465 2701 477 2727 l
501 2701 607 2729 Rectius
627 2703 653 2730 si
672 2712 727 2737 qua
749 2707 785 2738 tu.
803 2709 849 2732 τζε.

1243 2706 1250 2732 t
1276 2706 1311 2732 Ex
1337 2705 1445 2741 ltegest.
1472 2706 1499 2732 in
1524 2705 1624 2734 Secret.
1651 2706 1730 2733 Brev.
