2269 3235
179 285 225 311 Λιι.
244 284 271 310 e.
295 283 359 310 uia-⁴.
407 273 448 307 98

217 1292 319 1319 *witisi-x
337 1297 371 1316 ile-

189 1328 254 1346 vernn
275 1324 373 1344 [ratribus

190 1354 260 1373 Stricti
301 1358 305 1361 ’

189 1385 258 1399 serinii
327 1391 342 1396 ⁴.

190 1408 217 1425 eti
231 1405 336 1425 Fratue-:fi
355 1410 373 1423 in

290 1431 373 1455 calepo-

191 1432 250 1453 ltalia

191 1459 225 1478 dia
248 1464 293 1487 esse
317 1462 374 1477 reas·-

192 1485 299 1505 sumenda.

206 2365 291 2384 tnui-lum

206 2397 260 2411 rium
285 2392 302 2409 et
331 2390 390 2409 tatiu-

206 2424 249 2437 rein
270 2418 390 2436 muzzettain

207 2444 298 2465 ‹teser-re.

325 2369 388 2387 rapu-

380 384 510 417 tubritcr
535 382 692 426 expedire.

423 437 438 478 ξ
462 437 490 469 ¹t.
524 437 599 468 (lum
632 435 736 478 itaque
769 442 862 466 eausa
887 432 967 465 inter
991 431 1121 465 dilectos

180 485 230 523 ''.'.'‚'.'.'.
254 484 323 522 ss‘.'.''1.'.'.-‘
334 484 363 521 ’-“.“,ἶ
382 489 461 522 tilios
476 489 587 521 fratres
604 486 731 521 Ordinis
744 485 898 519 Minorum
915 486 946 518 S.
963 483 1121 517 Francisci

195 538 205 550 ,,
222 537 275 550 Μ,
302 536 340 549 m,

344 536 363 549 ‘⁸‘
380 541 592 585 Cappuccinos
606 543 802 583 nuncupatos
819 549 855 571 ex
871 539 943 579 una,
958 547 994 570 ac
1011 537 1122 569 fratres

381 595 519 627 ciusdem
551 593 676 627 Ordinis
704 592 871 626 strictioris
902 589 1122 625 observantiae

382 659 418 680 ex
443 648 541 679 altera
569 646 721 690 partibus,
742 645 779 678 de
797 649 827 679 et
851 655 947 688 super
971 653 1124 676 reassum-

383 701 488 744 ptione
513 699 750 744 calepodiorum
776 703 806 731 et
825 697 1024 731 distinetione
1040 695 1125 728 habi-

383 760 432 786 tus
456 753 494 786 ad
521 752 750 797 praescriptum
777 752 936 784 bullarum
950 761 1006 794 pcr
1027 749 1126 781 diver-

383 818 434 840 sos
468 807 626 839 Romanos
664 805 830 839 Pontifices
866 803 1126 848 praedecessores

385 866 509 893 nostros
537 862 763 900 emanaturum,
788 857 841 890 diu
873 857 998 899 agitata,
1026 866 1062 887 ae
1089 854 1127 887 de

385 913 530 946 mandato
556 917 664 946 nostro
686 912 717 944 in
741 909 987 953 congregatione
1003 918 1129 941 venera-

385 967 494 999 bilium
521 967 652 999 t'ratrum
678 968 859 997 nostrorum
878 962 906 995 S.
926 962 959 993 lt.
982 961 1013 992 E.
1032 959 1129 992 cardi-

385 1020 502 1052 nalium
515 1018 649 1061 negotiis
663 1016 856 1059 regularium
873 1012 1127 1058 praepositorum

387 1074 499 1106 iterum
524 1072 703 1116 proposita,
726 1081 782 1114 per
799 1068 926 1103 eosdem
944 1066 1129 1107 cardinales,

386 1126 501 1160 auditis
526 1124 681 1169 partibus,
706 1123 843 1166 visisque
868 1120 1043 1165 scripturis,
1068 1130 1131 1152 ma-

387 1186 455 1213 ture
481 1183 511 1211 et
536 1177 776 1221 diligentissime
798 1185 954 1220 perpensa
971 1178 1001 1206 et
1018 1173 1131 1206 exami-

388 1237 458 1265 nata
483 1230 594 1270 fucrit3

432 1286 447 1329 ἓ
471 1285 499 1317 9..
526 1285 598 1323 Nos,
617 1281 801 1316 eorumdem
819 1280 1042 1324 religiosorum
1063 1278 1130 1323 paci

359 1357 373 1367 »-
389 1344 418 1371 ct
432 1338 540 1382 quieti,
558 1337 701 1380 felicique
716 1346 752 1368 ac
767 1344 937 1379 prosperae
954 1332 1131 1372 directioni,

360 1384 363 1396 '
389 1397 540 1436 quantum
562 1391 592 1423 in
612 1389 703 1423 nohis
723 1394 779 1429 est,
797 1387 965 1432 providere
983 1386 1132 1426 volentes,

390 1446 427 1478 de
452 1444 637 1478 eorumdem
663 1441 869 1476 cardinalium
887 1439 1027 1480 consilio,
1045 1443 1133 1472 motu

390 1499 522 1542 proprio
553 1503 583 1530 et
613 1508 649 1530 ex
681 1496 768 1529 certa
792 1494 921 1528 scientia
949 1503 984 1526 ac
1009 1494 1133 1526 matura

391 1551 617 1585 deliberatione
648 1549 786 1589 nostris,
813 1547 914 1591 deque
945 1545 1134 1590 apostolieae

393 1604 554 1649 potestatis
589 1601 803 1647 plenitudine,
835 1599 954 1633 eisdem
985 1598 1135 1631 fratribus

394 1657 558 1692 strictioris
583 1654 816 1694 Observantiae,
841 1658 996 1698 quatenus
1016 1652 1136 1696 calepo-

394 1710 443 1743 dia
468 1718 675 1747 reassumere,
692 1706 856 1749 soleasque
871 1704 987 1747 ubique
1014 1713 1071 1747 per
1095 1707 1136 1737 to-

395 1769 457 1795 tam
470 1761 588 1794 Italiam
603 1760 774 1803 deponere,
788 1768 845 1791 nec
859 1767 911 1790 eas
928 1756 1136 1800 imposterum

396 1815 538 1860 recipere
559 1813 709 1852 debeant,
727 1811 784 1844 sub
805 1808 1137 1844 excommunicationis

396 1871 476 1902 latae
501 1866 681 1907 sententiae,
707 1876 742 1899 ac
760 1863 944 1909 privationis
965 1862 1050 1896 vocis
1067 1861 1138 1894 aeti-

397 1933 452 1955 vae
469 1927 499 1955 et
516 1920 668 1966 passivae,
681 1928 814 1958 necnon,
829 1916 932 1961 quoad
948 1915 1138 1960 superiores,

397 1976 489 2009 etiam
521 1972 734 2018 suspensionis
765 1972 803 2004 ab
833 1970 943 2004 officiis
967 1969 1035 2013 ipso
1058 1969 1139 2002 facto

398 2028 596 2063 incurrendis
612 2026 730 2071 poenis
745 2030 854 2059 tenore
867 2023 1080 2068 praesentium
1098 2022 1140 2054 in-

399 2083 575 2126 iungimus:
601 2091 636 2114 ac
653 2080 780 2123 insuper
796 2079 940 2112 locorum
957 2075 1139 2117 Ordinariis,

399 2143 433 2170 ut
457 2137 488 2170 in
510 2146 584 2169 casu
608 2132 867 2177 transgressionis
891 2131 1053 2174 regulares
1074 2129 1142 2163 stri-

383 2191 508 2225 ·ctioris
525 2188 748 2224 Observantiac
772 2185 950 2231 praedictos
975 2184 1012 2218 ad
1037 2184 1069 2217 id
1093 2194 1142 2217 co-

402 2250 476 2288 gant
500 2249 530 2277 et
553 2242 750 2286 compellant.

448 2299 462 2342 ἓ
485 2297 514 2330 53.
537 2297 604 2336 Ouo
629 2305 704 2328 vero
725 2294 762 2327 ad
787 2292 928 2327 eiusdem
944 2290 1069 2326 Ordinis
1086 2291 1144 2324 sra-

404 2357 468 2385 tres
492 2349 686 2385 Recollectos
710 2351 908 2391 nuncupatos
931 2345 1065 2386 Galliae,
1091 2343 1144 2388 qui

405 2416 466 2438 non
493 2404 636 2437 deferunt
660 2402 772 2441 soleas,
797 2399 850 2433 sed
875 2398 1047 2443 calepodia‚
1072 2408 1143 2431 cum

407 2463 536 2499 constet,
563 2468 616 2490 eos
641 2454 806 2499 capucium
831 2452 1057 2496 aliquantisper
1073 2462 1146 2484 acu-

408 2517 560 2544 minatum
585 2510 725 2549 deferre,
750 2506 921 2541 venerabili
950 2505 1039 2539 fratri
1067 2505 1144 2538 Ber-

408 2565 558 2605 nardino,
583 2562 821 2606 archiepiscopo
845 2558 1033 2594 Damiatensi
1048 2586 1055 2600 ‚
1080 2568 1148 2591 rno-

410 2619 508 2652 derno
533 2622 563 2650 et
585 2627 644 2660 pro
668 2621 812 2659 tempore
837 2613 981 2647 existenti
996 2616 1105 2646 nostro
1121 2616 1150 2644 et

411 2671 607 2717 Apostolicae
620 2670 708 2705 Sedis
732 2670 763 2702 in
787 2678 885 2711 regno
905 2666 1055 2701 Franciae
1070 2675 1150 2698 nun-

970 276 1147 300 nuiimntun
1173 274 1326 299 ROMANUM

378 332 462 368 titur,
488 334 582 373 prout
606 328 830 372 conspicimus,
860 326 890 359 in
921 324 1053 358 Domino
1078 335 1121 356 sa-

1155 323 1207 363 tio,
1221 333 1278 366 per
1295 323 1474 366 praesentes
1491 318 1635 353 similiter
1652 317 1847 358 mandamus,
1860 320 1895 349 ut

1154 380 1332 420 opportune
1356 378 1455 413 curet,
1480 371 1562 416 quod
1580 370 1708 404 omnino
1725 369 1893 404 rotundum

1155 429 1330 473 capucium,
1356 431 1604 469 mozzettanique
1621 423 1791 468 largiorem
1808 433 1894 456 assu-

1156 486 1249 514 mant.

1200 535 1215 578 ἓ
1234 534 1264 567 lt,
1286 535 1451 567 Praeterea
1464 532 1502 565 ad
1516 531 1700 575 pleniorem,
1719 529 1898 562 certiorem-

1158 699 1189 727 et
1213 693 1358 737 Gregorii
1381 693 1448 726 Xlll
1473 693 1689 726 Romanorum
1713 688 1899 723 Pontificum

1161 747 1254 783 ctiam
1268 746 1549 791 praedecessorum
1565 749 1759 783 nostrorum,
1769 752 1826 787 per
1837 752 1902 775 eas-

1160 800 1232 832 dem
1257 804 1439 843 praesentes
1458 798 1577 842 pariter
1602 796 1797 836 mandamus,
1814 805 1903 840 prae-

1161 853 1261 886 dictos
1285 852 1399 886 fratres
1415 851 1588 886 Strictioris
1604 849 1826 884 Observantiae
1841 859 1903 882 non

1162 905 1333 945 molestari,
1351 904 1427 948 quin
1444 904 1608 937 vilioribus
1621 908 1651 936 et
1663 902 1823 947 repetiatis
1832 912 1904 946 pan-

1163 958 1211 990 nis
1225 961 1255 990 et
1267 958 1416 1001 despecto
1426 957 1531 990 colore
1543 960 1680 996 utantur;
1694 955 1747 989 sed
1760 955 1903 988 volumus

1164 1011 1221 1043 sub
1246 1010 1363 1043 eisdem
1387 1010 1518 1054 poeniS,
1550 1009 1635 1053 quod
1664 1019 1774 1042 eorum
1804 1009 1903 1041 forma

1164 1063 1290 1096 habitus
1314 1063 1418 1107 quoad
1439 1062 1605 1106 capucium
1627 1062 1808 1102 rotundum,
1825 1072 1905 1094 moz-

1164 1122 1277 1150 zettam
1302 1117 1396 1150 latam
1418 1121 1448 1150 et
1465 1116 1647 1149 mantellum
1666 1118 1818 1159 perpetuo
1835 1125 1906 1158 pro-

1165 1176 1309 1211 tensum,
1335 1170 1374 1204 sit
1398 1175 1428 1204 et
1452 1180 1519 1203 esse
1544 1169 1657 1202 debeat
1685 1167 1907 1202 Observantiae

1164 1225 1316 1258 fratribus
1329 1224 1458 1257 omnino
1471 1223 1653 1263 conformis,
1662 1223 1817 1266 illumque
1827 1221 1908 1254 intra

1165 1277 1245 1311 duos
1270 1287 1393 1310 menses
1413 1282 1522 1321 aptare
1546 1287 1582 1309 ae
1606 1280 1730 1319 gestare
1746 1275 1889 1308 debeant.

1205 1325 1225 1372 ’ἓ
1250 1330 1278 1362 5.
1303 1330 1404 1374 Atque
1424 1330 1465 1364 ita
1480 1340 1536 1373 per
1555 1339 1771 1373 quoscumque
1791 1328 1908 1362 iudices

1167 1384 1345 1418 ordinarios
1370 1388 1400 1416 et
1423 1383 1597 1426 delegatos,
1623 1382 1715 1415 etiam
1741 1392 1907 1415 causarum

1168 1438 1280 1482 palatii
1302 1437 1466 1482 apostolici
1484 1437 1654 1477 auditores,
1672 1435 1806 1469 iudicari
1824 1440 1854 1468 et
1872 1435 1910 1468 de.

1167 1491 1251 1524 finiri
1277 1491 1402 1531 debere,
1420 1501 1455 1523 ac
1473 1490 1598 1523 irritum
1615 1495 1646 1522 et
1662 1489 1764 1531 inane,
1779 1488 1803 1522 si
1821 1499 1911 1521 secus

1168 1552 1264 1586 super
1288 1541 1337 1574 his
1361 1552 1377 1573 a
1403 1551 1574 1585 quoquam,
1590 1539 1698 1584 quavis
1716 1539 1911 1578 auctoritate,

1169 1596 1304 1629 scienter
1331 1595 1379 1628 vel
1403 1594 1596 1638 ignoranter,
1622 1593 1790 1636 contigerit
1813 1596 1911 1626 atten-

1169 1649 1239 1689 tari,
1263 1648 1464 1682 decernimus
1488 1652 1518 1680 et
1543 1647 1749 1680 declaramus.

1214 1704 1228 1747 ἓ
1242 1702 1271 1736 6.
1290 1704 1358 1736 Non
1374 1701 1573 1736 obstantibus
1591 1700 1866 1735 constitutionibus
1883 1705 1913 1733 et

1170 1756 1423 1789 ordinationibus
1453 1754 1653 1799 apostolicis,
1680 1765 1734 1795 ac,
1758 1759 1913 1797 quatenus

1171 1820 1252 1854 opus
1265 1809 1313 1849 sit,
1324 1809 1398 1842 dicti
1416 1808 1540 1843 Ordinis
1557 1809 1601 1850 (et
1617 1808 1710 1841 etiam
1726 1807 1913 1847 iuramento,

1172 1862 1413 1897 confirmatione
1429 1861 1612 1906 apostolica,
1629 1861 1677 1894 vel
1695 1861 1803 1905 quavis
1821 1861 1915 1894 tirmi-

1173 1920 1234 1950 tate
1259 1916 1320 1949 alia
1345 1914 1515 1958 roboratis)
1533 1915 1655 1948 statutis
1673 1918 1703 1947 et
1720 1914 1917 1948 consuetudi-

1172 1970 1284 2011 nibus,
1308 1968 1483 2013 privilegiis
1510 1979 1647 2012 quoque,
1672 1967 1801 2001 indultis
1826 1972 1856 2000 et
1879 1967 1915 2000 li-

1174 2022 1247 2056 teris
1255 2021 1447 2066 apostolicis‚
1457 2020 1575 2054 eisdem
1585 2020 1736 2054 fratribus
1745 2019 1916 2054 Strictioris

1174 2075 1406 2116 Observantiae,
1431 2074 1622 2118 illorumque
1639 2074 1866 2118 superioribus,
1887 2079 1917 2107 et

1175 2129 1337 2174 quibusvis
1354 2128 1441 2169 aliis,
1466 2129 1524 2161 sub
1543 2128 1793 2172 quibuscumque
1809 2132 1918 2160 tenore

1176 2188 1206 2217 et
1229 2183 1349 2224 formis,
1374 2193 1410 2216 ac
1434 2193 1506 2215 cum
1526 2180 1688 2225 quibusvis
1712 2180 1805 2214 etiam
1831 2180 1919 2214 dero-

1176 2236 1369 2281 gatoriarum
1386 2235 1605 2278 derogationis,
1620 2234 1752 2278 aliisque
1768 2234 1920 2268 efficacio-

1176 2290 1264 2324 ribus
1281 2295 1311 2323 et
1328 2290 1462 2323 insolitis
1482 2288 1640 2329 clausulis,
1665 2299 1701 2322 ae
1726 2288 1922 2321 irritantibus

1178 2349 1208 2378 et
1231 2344 1300 2377 aliis
1324 2343 1470 2383 decretis,
1496 2343 1527 2375 in
1552 2352 1668 2385 genere
1692 2341 1740 2374 vel
1758 2341 1789 2374 in
1807 2340 1922 2385 specie,

1178 2409 1214 2431 ac
1238 2397 1313 2430 alias
1327 2397 1358 2430 in
1376 2396 1569 2430 contrarium
1582 2395 1831 2439 praemissorum
1849 2405 1924 2437 quo-

1179 2451 1352 2484 modolibet
1368 2449 1534 2491 concessis,
1560 2448 1754 2482 confirmatis
1778 2453 1809 2481 et
1833 2448 1922 2481 inno-

1180 2506 1266 2539 vatis.
1284 2505 1403 2544 Quibus
1420 2503 1566 2537 omnibus
1592 2508 1622 2536 et
1646 2503 1787 2546 singulis,
1811 2513 1922 2536 eorum

1182 2558 1322 2593 omnium
1348 2562 1472 2591 tenores
1497 2556 1716 2601 praesentibus
1742 2567 1801 2600 pro
1831 2555 1923 2600 plene

1183 2617 1213 2646 et
1248 2611 1440 2645 sufficienter
1475 2609 1630 2655 expressis
1660 2614 1690 2643 et
1718 2609 1756 2642 ad
1791 2608 1923 2641 verbum

1184 2665 1309 2699 insertis
1332 2664 1492 2707 habentes,
1510 2663 1571 2696 illis
1591 2663 1666 2697 alias
1686 2662 1717 2697 in
1736 2672 1791 2696 suo
1807 2661 1923 2696 robore

1910 268 1958 293 An.
1973 266 2001 294 C.
2021 266 2090 294 1624

1957 541 2096 567 Supradiclos

1157 599 1218 631 que
1242 588 1472 632 provisionem,
1498 584 1690 619 inhaerendo
1713 582 1898 627 praesertim
1914 568 2098 619 ss‘tffssant'sts'fflsst

1914 621 2008 646 despecti
2020 620 2097 640 coloris

1158 641 1270 674 litteris
1287 640 1384 674 felicis
1404 637 1631 673 recordationis
1650 636 1817 671 Clementis
1833 636 1898 668 Vlll
1914 650 1943 667 uu
1960 646 2098 673 possemdut·

1950 1339 1975 1360 Et
1990 1341 2019 1359 ita
2031 1341 2051 1359 et.
2065 1344 2106 1358 non

1923 1365 2107 1391 aliteriubeiposi-

1924 1400 1945 1413 se
1962 1392 2060 1413 iudicari.

1948 1710 2065 1732 Contrariis
2075 1710 2111 1731 de-

1928 1741 1997 1764 rogat.
