2269 3235
124 262 174 290 An.
194 261 222 289 C.
241 260 309 288 1695

149 956 228 981 Quibus
239 955 312 976 condi-

129 984 221 1004 tionibus

129 1012 244 1030 conventus
259 1009 312 1029 reci·

129 1037 150 1062 pi
165 1038 250 1062 queant.

263 982 311 1002 novi

162 1909 219 1929 Haec
231 1908 318 1929 decreta

134 1936 221 1961 singuiis

136 1962 242 1982 mensibus

136 1990 207 2009 mensa
224 1988 319 2013 tegenda.

167 2493 240 2519 anue
260 2492 322 2512 iuter-

115 2522 120 2524 '
155 2521 220 2541 ret-ari
247 2524 323 2539 nemini

149 2550 210 2568 iceat.

938 261 1081 285 tJnBANUS
1102 260 1158 285 VIII
1177 261 1225 285 FP.

322 307 580 351 Congregationis
603 309 738 343 licentia.
756 308 940 352 Superiores
958 314 1060 341 autem

323 360 512 403 huiusmodi,
537 362 590 405 qui
614 361 775 405 praedicta
794 361 899 393 omnia
919 360 950 392 in
971 370 1061 403 prae-

326 413 387 446 fixo
412 415 547 447 termino
572 424 634 447 non
651 413 874 457 praestiterint,
891 412 939 444 vel
956 422 1063 445 nume-

323 476 403 508 rum,
421 470 455 500 ut
475 477 571 510 supra
583 466 823 510 praescriptum,
841 465 952 508 quovis
969 465 1062 498 modo

324 530 440 562 augere
468 519 751 564 praesumpserint,
784 519 967 562 privationis
996 529 1063 552 om—

324 573 412 605 nium
436 573 623 613 officiorum,
648 582 727 615 quae
751 576 825 604 tunc
843 571 996 615 temporis
1011 571 1063 604 ob-

326 625 477 667 tinebunt,
503 625 650 669 vocisque
674 625 791 658 activae
808 635 844 657 ac
868 624 1021 668 passivae,
1035 629 1065 656 et

326 678 365 710 ad
389 679 494 711 omnia
514 689 588 711 suae
604 677 766 720 religionis
783 678 885 710 officia
903 682 931 710 et
949 676 1065 720 gradus

327 731 528 764 inhabilitatis
556 736 739 774 perpetuam
771 741 905 774 poenam
935 741 972 764 eo
996 730 1065 774 ipso

327 784 498 824 incurrere,
523 789 616 827 atque
640 784 709 816 aliis
725 784 818 816 etiam
832 783 1031 826 gravioribus
1048 794 1065 816 a

327 837 404 869 Sede
429 837 600 880 apostolica
623 837 801 880 infligendis
821 848 910 870 sacra
933 837 1066 880 Congre-

327 889 411 931 gatio
435 889 598 922 subiacere
622 890 720 922 voluit
743 895 774 922 et
797 889 975 923 declaravit.

371 943 386 986 ἓ
406 942 457 975 14.
482 943 634 987 Deinceps
652 953 726 976 vero
744 943 980 984 monasterium,
997 953 1067 976 con-

327 1001 447 1037 ventus,
469 996 591 1038 domus,
617 996 836 1039 congregatio,
863 997 910 1029 vel
934 997 1067 1030 societas

327 1049 550 1092 religiosorum
575 1060 630 1082 seu
654 1050 859 1092 regularium,
884 1050 993 1082 nullibi
1019 1061 1066 1083 re—

328 1103 471 1147 cipiatur,
490 1104 560 1145 nisi,
585 1110 711 1147 praeter
724 1105 783 1136 alia
801 1104 839 1136 ad
859 1104 890 1136 id
907 1104 1066 1147 requisita,

329 1157 360 1189 in
385 1157 516 1199 singulis
537 1157 692 1190 eiusmodi
716 1157 793 1190 10015
820 1157 986 1190 duodecim
1011 1158 1068 1190 sal-

329 1215 391 1242 tem
415 1210 545 1249 fratres,
574 1216 626 1243 3111
656 1210 822 1251 11101130111,
848 1221 903 1243 5011
928 1210 1067 1254 religiosi

329 1262 443 1305 degere
468 1268 498 1295 et
523 1273 558 1295 ex
577 1263 752 1296 redditibus
771 1269 802 1296 et
818 1263 975 1296 consuetis
992 1264 1069 1297 0100-

330 1316 483 1359 mosynis,
508 1316 656 1350 detractis
680 1317 826 1350 omnibus
845 1322 879 1349 ut
903 1328 998 1361 supra
1015 1317 1068 1351 do-

329 1369 500 1411 trahendis,
516 1375 731 1413 competenter
749 1371 917 1403 sustentari
937 1371 1068 1411 valeant,

329 1422 368 1454 ad
391 1423 620 1466 praescriptum
651 1423 768 1456 decreti
792 1434 809 1456 a
834 1424 931 1457 felicis
961 1434 1069 1457 recor-

330 1475 464 1508 dationis
488 1476 642 1518 Gregorio
662 1477 711 1509 XV
737 1477 794 1509 hac
813 1477 852 1510 de
876 1488 911 1510 re
931 1477 1014 1510 editi.
1032 1479 1070 1510 Α-

332 1528 450 1571 {ioquin
464 1529 653 1562 monasteria
666 1534 693 1561 et
708 1529 776 1562 loca
790 1530 970 1562 huiusmodi
988 1534 1070 1573 post-

331 1582 389 1614 hac
413 1582 602 1626 recipienda,
623 1582 784 1626 inquibus
809 1583 974 1616 duodecim
1000 1583 1069 1615 reli-

331 1636 420 1678 giosi,
444 1642 478 1668 ut
501 1647 606 1679 supra,
630 1637 808 1676 sustentari,
833 1642 927 1679 atque
952 1637 1070 1669 inhabi-

331 1695 395 1722 tare
412 1699 475 1721 non
490 1694 649 1732 poterunt,
668 1694 697 1721 et
713 1694 783 1721 actu
799 1699 862 1722 non
880 1689 1071 1722 inhabitave-

330 1743 402 1782 rint,
416 1742 571 1776 Ordinarii
596 1742 655 1775 loci
674 1742 851 1783 visitationi,
869 1743 1069 1783 correctioni,

331 1801 423 1839 atque
454 1795 654 1828 omnimodae
689 1795 897 1829 iurisdictioni
930 1796 1070 1830 subiecta

332 1859 400 1882 esse
420 1849 642 1892 intelligantur.
859 1885 863 1889 ⁴

378 1903 393 1946 g
417 1902 466 1935 ⁴15.
494 1902 601 1943 Porro,
626 1912 665 1935 ne
689 1903 754 1936 ullo
772 1913 912 1946 unquam
929 1908 1070 1947 tempore

299 1968 303 1980 ι
334 1955 411 1988 haec
435 1955 465 1987 in
485 1955 678 1988 oblivionem
694 1966 747 1988 seu
765 1956 1002 1990 desuetudinem
1019 1957 1072 1989 ha-

334 2009 436 2048 beant,
447 2008 627 2052 superiores
637 2009 750 2042 locales
760 2009 910 2052 cuiusque
919 2014 1072 2042 monaste-

335 2061 384 2100 rii,
401 2067 581 2104 conventus,
599 2073 635 2095 30
652 2062 764 2095 (10111115
785 2063 940 2105 regularis
960 2074 1071 2096 curare

334 2119 426 2158 atque
435 2115 558 2148 efficere
569 2120 741 2155 teneantur,
750 2116 807 2148 sub
818 2118 920 2159 poena
929 2116 1074 2159 privatio-

333 2168 382 2200 nis
395 2168 499 2209 officii,
514 2168 661 2211 vocisque
675 2169 792 2202 activae
806 2174 835 2201 et
848 2169 988 2212 passivae
1003 2169 1072 2213 ipso

336 2221 415 2254 sacto
436 2221 634 2263 incurrenda,
659 2227 693 2254 111
717 2222 748 2253 111
771 2226 970 2265 perpetuum,
988 2228 1074 2255 sexto

335 2285 461 2318 quoque
484 2285 610 2315 mense,
635 2275 714 2307 idest
738 2274 814 2307 scria
843 2275 980 2308 secunda
1003 2281 1075 2319 post

336 2327 470 2371 primam
483 2328 670 2361 dominicam
685 2328 834 2362 adventus
848 2333 878 2360 et
894 2328 971 2361 seria
988 2331 1074 2361 sexta

338 2386 409 2424 post
428 2387 568 2414 octavam
588 2382 735 2425 Corporis
752 2382 875 2423 Christi,
895 2387 1075 2426 praesentes

338 2435 551 2468 ordinationes
562 2435 593 2467 in
604 2436 730 2478 publica
743 2437 850 2469 mensa
861 2436 1073 2479 perlegantur.

383 2489 397 2532 ἓ
421 2489 472 2521 16.
497 2488 662 2528 Omnibus,
679 2494 743 2522 tam
763 2489 980 2522 ecclesiasticis
1004 2501 1075 2533 pcr-

339 2542 438 2581 sonis,
463 2541 688 2585 cuiuscumque
718 2542 779 2575 sint
803 2542 943 2582 ordinis,
969 2543 1076 2575 condi-

341 2595 433 2628 tionis
453 2600 483 2627 et
502 2594 628 2637 gradus,
646 2605 739 2638 quam
759 2595 856 2637 laicis,
877 2606 1076 2639 quocumque

341 2649 461 2682 honore
486 2659 520 2682 ac
546 2653 696 2692 potestate
721 2649 880 2692 praeditis,
903 2649 1077 2692 praesentia

1095 308 1220 341 decreta
1250 306 1427 340 declarandi
1458 306 1506 339 vel
1539 306 1764 350 interpretandi
1797 307 1836 338 111-

1096 361 1208 393 01111310
1228 360 1354 403 penitus
1371 359 1545 393 interdicta.

1140 414 1155 456 ξ
1172 412 1222 445 17.
1239 414 1307 446 Non
1324 413 1531 453 obstantibus,
1549 411 1651 456 quod¹
1665 411 1836 455 suprascri-
1864 424 2035 449 bernaium-..0-

1848 451 1968 470 turiurum.

1096 470 1147 508 pta
1172 466 1277 499 omnia
1300 471 1330 498 et
1355 466 1477 509 singula
1498 466 1528 498 in
1549 465 1767 510 praesentibus
1786 465 1836 497 de-

1096 519 1189 552 cretis
1213 524 1372 560 contenta,
1397 520 1671 553 constitutionibus
1698 524 1727 554 et
1751 519 1835 553 ordi-

1096 572 1275 605 nationibus
1291 573 1472 616 apostolicis
1486 573 1516 605 iu
1535 574 1670 606 savorem
1689 583 1837 616 (suarum-

1098 635 1233 668 cumque
1250 635 1467 669 personarum,
1484 630 1576 668 atquc
1593 626 1755 667 Ordinum,
1775 631 1836 658 13111

1098 677 1340 711 Mendicantium
1364 688 1459 721 quam
1484 688 1547 710 non
1576 678 1836 717 Mendicantiuni,

1099 730 1292 771 militiarum,
1317 729 1411 763 etiam
1428 731 1457 764 S,
1476 730 1598 763 loannis
1615 730 1837 775 Hierosolymi-

1099 784 1172 825 tani,
1197 784 1488 827 congregationum,
1509 783 1704 824 societatum,
1729 794 1765 816 30
1789 795 1839 816 011-

1098 837 1225 871 iuslibet
1242 837 1369 871 alterius
1386 837 1529 879 instituti,
1546 837 1640 870 0113111
1660 837 1838 869 necessario

1099 895 1129 925 et
1152 891 1182 924 in
1206 890 1367 924 individuo
1391 891 1597 934 exprimendi,
1623 890 1839 929 ecclesiarum,

1099 944 1374 986 monasteriorum,
1388 950 1609 986 conventuum,
1621 943 1839 985 collegiorum,

1100 998 1331 1042 capitulorum⁷
1368 998 1593 1043 hospitalium,
1628 996 1837 1030 confraterni-

1100 1055 1221 1092 tatum,
1246 1056 1276 1084 et
1306 1051 1441 1084 aliorum
1473 1059 1748 1094 quorumcumque
1777 1054 1840 1081 tani

1101 1105 1289 1138 secularium
1323 1116 1419 1149 quam
1452 1105 1645 1147 regularium
1674 1104 1839 1140 locorum;

1100 1168 1223 1191 necnon
1254 1158 1382 1191 illorum
1408 1157 1519 1200 (etiam
1544 1157 1742 1195 iuramento,
1767 1165 1841 1188 con-

1101 1211 1279 1244 firmatione
1300 1210 1482 1254 apostolica,
1501 1210 1548 1242 vel
1568 1210 1676 1253 quavis
1693 1209 1841 1242 firmitate

1102 1264 1161 1296 alia
1180 1264 1350 1307 roboratis)
1367 1263 1488 1296 statutis
1505 1268 1536 1296 et
1552 1261 1841 1301 consuetudinibus,

1102 1317 1196 1350 etiam
1221 1316 1540 1356 immemorabilibus,
1565 1314 1739 1359 privilegiis
1767 1324 1843 1357 quo-

1102 1381 1172 1414 que,
1197 1370 1325 1403 indultis
1350 1375 1380 1402 et
1402 1369 1516 1402 litteris
1536 1367 1726 1412 apostolicis,
1747 1367 1840 1400 etiam

1102 1425 1188 1457 πιανέ
1212 1434 1340 1467 magno,
1365 1433 1420 1456 seu
1446 1422 1538 1455 bulla
1562 1432 1674 1461 aurea,
1699 1426 1752 1453 aut
1767 1421 1843 1452 alias

1101 1477 1299 1520 nuncupatis,
1324 1477 1381 1509 snb
1406 1476 1657 1519 quibuscumque
1681 1474 1842 1509 tenoribus

1101 1536 1132 1563 et
1156 1530 1275 1569 formis,
1300 1541 1336 1563 ac
1361 1540 1433 1562 cum
1458 1529 1620 1572 quibusvis
1645 1528 1738 1560 etiam
1755 1527 1844 1560 dero-

1102 1584 1295 1626 gatoriaruni
1307 1582 1527 1625 derogatoriis,
1541 1582 1673 1625 aliisque
1690 1581 1843 1614 efficacio-

1102 1637 1190 1670 ribus
1207 1640 1237 1669 et
1254 1636 1387 1669 insolitis
1404 1635 1564 1675 clausulis,
1580 1644 1703 1667 necnon
1720 1634 1844 1666 irritan-

1102 1690 1186 1723 tibus
1202 1689 1346 1729 decretis,
1371 1688 1464 1721 etiam
1489 1691 1577 1721 motu
1595 1687 1726 1730 proprio
1753 1691 1782 1718 et
1806 1696 1843 1718 ex

1103 1744 1189 1777 cert-:i
1214 1741 1354 1781 scientia,
1368 1752 1403 1774 ac
1420 1741 1458 1774 de
1475 1740 1664 1784 apostolicae
1682 1740 1845 1783 potestatis

1103 1796 1307 1840 plenitudine,
1322 1800 1376 1828 aut
1392 1794 1467 1827 alias
1484 1793 1733 1837 quomodolibet,
1749 1793 1844 1825 etiam

1103 1860 1160 1894 per
1175 1849 1256 1882 viam
1274 1847 1567 1882 communicationis
1584 1857 1639 1880 seu
1656 1846 1846 1879 extensionis

1105 1902 1261 1936 concessis
1278 1907 1309 1934 01
1327 1901 1447 1934 iteratis
1472 1900 1592 1933 vicibus
1617 1899 1798 1944 approbatis
1817 1904 1847 1931 et

1105 1957 1269 1998 innovatis,
1294 1955 1416 1989 etiamsi
1443 1965 1503 1998 pro
1527 1955 1656 1987 illorum
1680 1952 1845 1986 sufficienti

1105 2009 1309 2051 derogatione
1330 2008 1368 2041 de
1390 2008 1461 2047 illis,
1482 2017 1657 2050 eorumque
1675 2006 1745 2038 totis
1763 2010 1847 2038 teno-

1106 2062 1194 2095 ribus
1214 2067 1244 2095 et
1268 2061 1386 2101 formis,
1405 2060 1547 2104 specialis
1572 2065 1601 2092 et
1625 2058 1784 2091 individua
1809 2068 1846 2090 30

1107 2115 1145 2148 de
1161 2115 1257 2148 verbo
1274 2114 1313 2147 ad
1329 2114 1471 2153 verbum,
1488 2123 1551 2145 non
1571 2117 1675 2145 autem
1692 2122 1748 2155 per
1766 2112 1847 2144 clau-

1107 2169 1190 2202 sulas
1207 2169 1386 2211 generales,
1404 2167 1532 2206 mentio,
1558 2177 1612 2199 seu
1636 2166 1763 2209 quaevis
1786 2165 1847 2197 alia

1107 2221 1268 2265 expressio
1282 2220 1434 2261 habenda,
1444 2225 1497 2252 aut
1507 2220 1611 2262 aliqua
1621 2219 1680 2251 alia
1692 2218 1847 2262 exquisita

1107 2275 1209 2307 forma
1232 2273 1383 2307 servanda
1403 2277 1494 2312 esset,
1512 2277 1637 2305 tenores
1654 2271 1844 2312 huiusmodi⁷

1107 2338 1143 2360 30
1167 2327 1193 2360 51
1218 2327 1255 2360 de
1281 2326 1376 2359 verbo
1398 2325 1437 2358 ad
1462 2325 1601 2365 verbum,
1619 2324 1697 2357 nihil
1722 2324 1847 2368 penitus

1108 2381 1226 2414 omisso
1244 2383 1273 2414 et
1289 2381 1390 2414 forma
1408 2380 1439 2412 in
1457 2379 1517 2412 illis
1538 2378 1650 2412 tradita
1670 2377 1845 2417 observata,

1108 2434 1216 2468 inserti
1241 2434 1351 2473 forent,
1371 2432 1587 2476 praesentibus
1610 2442 1668 2475 pro
1693 2430 1847 2474 expressis

1109 2488 1238 2527 liabens,
1255 2487 1368 2530 quibus
1387 2485 1490 2529 quoad
1514 2496 1550 2518 ea
1569 2495 1650 2528 quae
1675 2484 1847 2528 praesenti-

1110 2541 1167 2575 bus
1185 2541 1398 2581 adversantur,
1416 2540 1476 2572 illis
1499 2540 1575 2572 alias
1598 2539 1631 2571 in
1650 2548 1707 2572 5110
1730 2538 1847 2572 robore

1109 2594 1333 2639 permansuris,
1344 2604 1433 2627 sacra
1444 2592 1662 2637 Congregatio,
1672 2592 1848 2627 Sanctitatis

1148 2660 1157 2685 1
1170 2658 1221 2686 Aut
1231 2657 1376 2693 legendum
1387 2658 1492 2693 quoad,
1503 2660 1548 2685 aut
1559 2656 1633 2692 quod
1644 2656 1758 2684 valeant
1769 2655 1846 2691 (3.1).

1737 248 1801 282 3:39
1848 258 1897 285 An.
1914 258 1942 285 0.
1966 257 2034 285 1625
