2269 3235
99 261 150 290 An.
167 261 197 288 C.
215 260 282 290 1625

170 323 283 353 Derogatio

100 352 262 372 contrariorum.

129 2297 251 2320 Exordium.

907 260 1049 286 URBANUS
1072 260 1130 286 VIII
1152 261 1201 286 PP.

342 307 357 352 ἓ
375 307 404 341 4.
422 306 491 341 Non
508 307 703 342 obstantibus
721 308 912 353 praemissis,
932 319 968 341 ac
985 319 1039 351 ge-

298 361 413 394 neralis
439 361 562 395 concilii
579 367 610 395 ct
629 361 790 407 quibusvis
807 361 876 395 aliis
893 361 1038 395 constitu-

297 414 435 448 tionibus
459 420 489 449 et
513 415 762 449 ordinationibus
786 415 976 460 apostolicis,
1002 425 1037 447 ac

297 469 419 501 statutis
444 474 473 501 et
498 468 775 502 consuctudinibus
806 468 899 501 etiam
926 468 1036 501 imme-

298 521 521 563 morabilibus,
546 521 721 566 privilegiis
745 531 887 565 quoquc,
909 520 1037 553 indultis

297 579 328 608 et
352 574 605 619 exemptionibus
628 573 817 618 apostolicis⁷
838 573 931 606 etiam
952 584 1038 607 sccu—

296 628 415 661 taribus
431 633 463 661 et
478 627 678 671 regularibus
690 626 843 671 personis,
861 626 1036 668 ordinibus,

296 681 505 722 monasteriis,
530 681 670 714 ecclesiis
690 685 720 714 et
743 680 811 713 aliis
828 681 906 714 locis
930 680 1036 722 sacris,

296 745 418 769 necnon
443 734 740 778 congregationibus
765 739 795 767 et
820 734 1037 778 superioribus

297 788 492 831 eorumdem⁷
518 787 574 821 sub
598 787 851 832 quibuscumque
876 787 1038 821 tenoribus

296 847 328 875 et
350 841 469 882 formis
494 851 530 874 ac
554 852 626 875 cum
651 841 813 885 quibusvis
838 841 986 874 clausulis
1009 846 1038 874 et

296 895 431 929 decretis
455 895 548 929 etiam
572 894 784 937 irritantibus,
810 900 840 928 et
863 895 938 928 alias
960 906 1036 939 quo-

297 948 470 982 modolibet
484 948 577 981 etiam
598 948 717 981 iteratis
732 948 855 982 vicibus
874 948 1037 991 innovatis,

298 1002 456 1036 concessis
481 1007 511 1035 et
535 1002 724 1047 approbatis.
738 1002 856 1042 Quibus
880 1002 1038 1044 omnibus,

298 1057 425 1090 illorum
448 1062 591 1099 tenores,
614 1066 651 1090 ac
675 1056 699 1089 si
724 1055 762 1089 de
785 1055 882 1090 verbo
907 1056 944 1089 ad
969 1067 1038 1090 ver-

297 1109 374 1142 bum
398 1110 624 1151 insererentur,
654 1110 873 1154 praesentibus
904 1120 964 1154 pro
986 1120 1038 1143 ex-

298 1162 415 1206 pressis
439 1166 469 1196 et
492 1162 618 1196 insertis
639 1162 801 1203 habentes,
826 1162 887 1195 illis
908 1162 984 1196 alias
1007 1162 1039 1195 in

299 1226 355 1249 suo
379 1216 497 1250 robore
520 1216 752 1260 permansuriS,
776 1216 835 1249 hac
858 1216 925 1249 vice
949 1216 1040 1249 dum-

299 1274 382 1302 taxat
406 1269 445 1302 ad
469 1269 614 1303 effectum
630 1270 844 1314 praesentium
862 1269 1040 1314 specialiter

298 1328 328 1356 et
352 1333 500 1367 expresse
524 1323 736 1366 derogamus,
761 1324 938 1368 ceterisque
965 1334 1040 1358 eon-

297 1377 402 1410 trariis
422 1376 923 1421 quibuscumque.Praesentibus,
937 1378 1040 1423 quoad

297 1430 453 1464 indultum
489 1431 693 1472 huiusmodi,
724 1431 761 1464 ad
791 1431 1040 1476 quinquennium

299 1489 419 1517 tantum
443 1484 594 1517 valituris.

343 1538 455 1571 Datum
480 1538 608 1579 Romae,
632 1538 715 1582 apud
740 1538 769 1572 S.
795 1538 924 1572 Mariam
945 1539 1040 1572 Maio-

299 1602 377 1632 rem,
391 1591 449 1624 sub
467 1592 582 1625 annulo
600 1591 776 1633 Piseatoris,
797 1592 847 1625 die
860 1602 904 1626 xu
917 1602 1042 1625 novem-

298 1645 364 1678 bris
388 1655 527 1685 MDCXXV,
551 1645 751 1689 pontificatus
774 1645 874 1678 nostri
897 1655 978 1680 anno
995 1656 1039 1679 111.

334 1707 392 1735 Dat.
411 1707 454 1735 die
472 1708 503 1735 12
521 1708 680 1735 novembris
697 1708 775 1743 1625,
792 1708 887 1744 pontif.
912 1716 982 1737 anno
1001 1715 1038 1736 ιιι.

587 1852 737 1886 CLXVIII.

297 1933 473 1968 Inclultum
486 1943 523 1967 ccc
542 1932 715 1974 decretum,
732 1937 768 1966 ut
781 1933 899 1977 festum
915 1932 947 1967 S.
965 1932 1041 1966 Ber-

342 1987 443 2020 nardi
465 1991 608 2020 servetur
632 1987 669 2020 cle
690 1990 859 2031 praecepto
881 1986 917 2019 in
937 1985 1040 2019 deind-

342 2041 409 2074 m'is
422 2040 629 2085 Reipublicae
640 2039 829 2081 Genuensts,
839 2050 874 2073 ac
888 2040 924 2074 in
940 2049 1039 2084 reqno

345 2093 513 2129 Corsicae¹.

507 2175 642 2202 Urbanus
658 2175 738 2208 Papa
752 2174 831 2207 vm,

419 2220 456 2247 ad
475 2222 651 2254 perpetuam
670 2220 715 2247 rei
737 2219 918 2248 memoriam.

346 2290 543 2333 Apostolatus
567 2290 716 2333 officium,
742 2291 829 2325 nullo
853 2290 926 2324 licet
950 2289 1041 2324 meri-

302 2347 406 2375 torum
423 2343 583 2387 suffragio,
600 2344 691 2378 nobis
705 2355 742 2377 ex
755 2345 817 2379 alto
835 2344 1039 2378 commissum

302 2396 448 2440 postulat,
472 2401 507 2429 ut
529 2397 562 2429 in
585 2398 648 2439 his,
672 2408 730 2442 per
753 2409 833 2442 quae
859 2403 1040 2432 sanctorum

301 2449 415 2482 Christi
435 2450 648 2484 confessorum
666 2451 767 2485 cultus
789 2456 819 2485 et
835 2452 995 2485 veneratio
1009 2452 1040 2484 in

301 2502 368 2535 dies
392 2503 492 2546 magis
517 2508 676 2547 augeatur,
697 2505 836 2538 eiusdem
855 2505 948 2539 officii
972 2515 1042 2549 par-

300 2562 347 2590 tes
364 2557 530 2601 propensis
547 2557 656 2591 studiis
672 2558 901 2603 impendamus,
918 2559 1041 2604 piisque

302 2610 553 2644 christifidelium
576 2611 608 2644 in
624 2612 656 2645 id
674 2613 872 2647 tendentibus
890 2613 968 2648 votis
985 2613 1040 2647 be-

337 2674 349 2700 1
371 2672 409 2700 Ex
427 2673 537 2709 Regest.
558 2673 587 2701 in
605 2673 707 2702 Secret.
729 2675 806 2703 Brev.

418 2727 496 2757 Bull.
513 2728 594 2759 Rom.
610 2743 645 2750 —
663 2729 722 2758 Vol.
738 2730 819 2758 XIII.
966 2731 1000 2759 49

1714 243 1779 284 385

1071 309 1202 352 nignum
1220 308 1426 353 praebeamus
1442 316 1615 349 assensum,
1628 313 1722 351 prout
1739 317 1810 341 con-

1071 362 1220 406 spicimus
1246 362 1276 394 in
1301 361 1433 395 Domino
1458 361 1625 394 salubriter
1650 361 1806 404 expedire.

1115 415 1130 458 g
1154 415 1183 447 ’1.
1209 415 1288 448 Sane
1312 415 1439 449 nominc
1464 414 1651 448 dilectorum
1674 414 1810 448 filiorum

1070 468 1224 501 nobilium
1243 468 1382 501 virorum
1403 468 1492 501 (lucis
1508 472 1537 502 ct
1551 468 1752 512 Reipublicae
1769 469 1813 502 Ia-

1070 520 1198 554 nuensis
1214 520 1305 554 nobis
1322 531 1423 565 nuper
1440 522 1616 566 expositum
1634 522 1700 563 suit,
1717 521 1811 566 quod7

1071 584 1141 607 cum
1168 573 1227 617 ipsi
1245 573 1276 606 in
1292 574 1470 607 novissimis
1493 575 1650 608 bellorum
1677 575 1813 608 tumulti-

1071 627 1130 660 bus
1143 627 1241 660 sancti
1256 627 1405 660 Bernardi
1423 638 1514 671 opem
1529 629 1654 672 saepius
1669 629 1813 674 implora-

1071 680 1182 723 verint,
1200 680 1408 724 eumdemque
1427 680 1457 713 in
1474 686 1642 724 patronum
1661 686 1690 714 et
1706 686 1813 725 prote·

1072 738 1190 767 ctorem
1217 734 1412 767 solemnibus
1425 733 1505 767 votis
1522 734 1683 777 elegerint,
1700 745 1758 778 pro
1776 745 1813 769 eo

1072 797 1166 831 quem
1191 797 1268 830 erga
1302 787 1404 831 ipsum
1430 792 1544 830 gerunt
1568 787 1742 821 devotionis
1769 789 1813 821 as-

1073 841 1174 882 sectu,
1199 845 1292 885 atque
1316 839 1369 874 ut¹
1395 840 1474 884 grati
1499 840 1595 873 animi
1626 851 1702 884 erga
1726 841 1813 874 illum

1073 894 1281 938 imposterum
1306 898 1389 927 extet
1405 898 1656 935 monumentum,
1674 893 1813 927 eiusdem

1073 948 1171 981 sancti
1184 947 1334 981 Bernardi
1347 948 1460 983 festum
1475 947 1559 981 diem
1573 948 1611 980 de
1625 950 1729 982 cetero
1740 953 1816 982 tam-

1073 1012 1166 1046 quam
1196 1001 1234 1034 de
1262 1006 1443 1046 praecepto,
1460 1007 1495 1035 ut
1515 1002 1605 1044 infra,
1633 1003 1761 1043 servari,
1787 1008 1814 1035 et

1073 1060 1242 1100 propterea
1258 1055 1316 1088 sibi
1334 1066 1392 1100 per
1408 1066 1466 1089 nos
1483 1055 1619 1100 desuper
1639 1060 1816 1100 opportune

1073 1109 1244 1153 provideri,
1270 1119 1472 1154 summopere
1491 1109 1682 1143 desiderant.

1118 1163 1133 1206 ἓ
1157 1162 1186 1195 ⁶2.
1212 1163 1285 1204 Nos,
1309 1163 1370 1207 piis
1394 1163 1579 1196 eorumdem
1597 1163 1685 1196 ducis
1705 1166 1735 1197 ct
1751 1163 1818 1197 Rei-

1073 1216 1217 1260 publicae
1234 1216 1398 1249 desideriis
1418 1216 1450 1250 in
1469 1216 1652 1261 praemissis
1668 1227 1816 1258 annuere,

1074 1269 1207 1313 illosque
1241 1269 1427 1314 specialibus
1462 1270 1621 1303 favoribus
1647 1275 1677 1303 et
1708 1270 1817 1314 gratiis

1073 1323 1223 1367 prosequi
1234 1324 1383 1366 volentes,
1394 1328 1425 1357 et
1438 1333 1548 1357 eorum
1563 1324 1738 1367 singulares
1750 1334 1818 1369 per-

1075 1387 1167 1410 sonas
1184 1388 1201 1410 a
1217 1377 1379 1421 quibusvis
1397 1377 1740 1419 excommunicationis,
1755 1388 1819 1411 sus-

1075 1431 1235 1476 pensionis
1259 1437 1289 1465 et
1310 1431 1467 1465 interdicti
1482 1459 1489 1473 ,
1514 1432 1646 1476 aliisque
1671 1432 1818 1465 ecclesia-

1075 1485 1160 1518 sticis
1184 1485 1355 1526 sententiis,
1380 1485 1520 1518 censuris
1534 1490 1564 1518 et
1578 1485 1698 1530 poenis,
1715 1496 1733 1518 a
1750 1485 1818 1519 iure

1074 1538 1122 1571 vel
1136 1538 1174 1571 ab
1190 1538 1329 1580 homine,
1350 1538 1458 1582 quavis
1478 1539 1642 1572 occasione
1659 1539 1707 1571 vel
1723 1540 1816 1572 eausa

1074 1592 1164 1634 latis⁷
1190 1592 1215 1625 si
1240 1593 1354 1636 quibus
1384 1592 1621 1636 quomodolibet
1652 1593 1817 1626 innodatae

1075 1646 1221 1686 existunt,
1231 1646 1270 1679 ad
1279 1646 1424 1679 effectum
1434 1646 1648 1690 praesentium
1658 1646 1819 1679 dumtaxat

1074 1699 1331 1743 consequendum
1346 1727 1353 1740 ,
1378 1699 1492 1732 harum
1517 1699 1598 1733 serie
1622 1699 1818 1733 absolventes

1074 1758 1104 1786 et
1124 1752 1284 1786 absolutos
1309 1753 1376 1786 sore
1393 1758 1565 1795 censentes,
1583 1753 1819 1798 supplicationi-

1073 1807 1132 1840 bus
1156 1807 1284 1841 illorum
1309 1807 1437 1841 nomine
1461 1807 1554 1841 nobis
1574 1817 1669 1852 super
1688 1807 1749 1841 hoc
1766 1808 1819 1841 hu-

1074 1861 1192 1894 militer
1204 1861 1361 1906 porrectis
1374 1860 1526 1902 inclinati,
1539 1861 1578 1894 de
1591 1861 1816 1894 venerabilium

1073 1914 1206 1948 fratrum
1231 1920 1413 1949 nostrorum
1439 1914 1467 1948 S.
1495 1915 1529 1948 R.
1551 1915 1583 1948 E.
1612 1915 1817 1948 cardinalium

1074 1969 1171 2002 sacris
1195 1968 1308 2003 ritibus
1331 1968 1585 2013 praepositorum
1603 1968 1744 2009 consilio,
1763 1968 1818 2002 eis-

1074 2022 1145 2055 dem
1170 2022 1242 2055 duci
1267 2027 1297 2056 et
1318 2022 1530 2066 Reipublicae,
1556 2023 1639 2066 quod
1660 2022 1697 2055 de
1713 2027 1818 2056 cetero

1073 2075 1234 2120 perpetuis
1258 2075 1372 2109 suturis
1396 2075 1594 2120 temporibus
1618 2075 1650 2108 in
1671 2075 1817 2108 universa

1074 2129 1215 2163 ciusdem
1247 2129 1450 2174 Reipublicae
1479 2129 1597 2162 ditione
1629 2129 1818 2173 temporali,

1074 2194 1169 2228 quam
1195 2183 1408 2217 continentem
1433 2183 1611 2228 appellant,
1642 2193 1764 2216 necnon
1787 2183 1819 2216 in

1074 2247 1173 2281 regno
1197 2237 1351 2277 Corsicae,
1370 2236 1501 2281 aliisque
1525 2237 1672 2270 subiectis
1697 2237 1817 2280 insulis,

1074 2291 1173 2335 ipsius
1190 2290 1287 2324 sancti
1305 2290 1456 2323 Bernardi
1473 2291 1631 2323 natalitius
1651 2290 1718 2323 dics
1738 2295 1818 2323 tam-

1074 2355 1169 2389 quam
1200 2344 1313 2377 festum
1345 2344 1383 2377 de
1414 2349 1584 2389 praecepto
1608 2344 1647 2377 ab
1673 2344 1819 2378 omnibus

1074 2398 1238 2442 utriusque
1269 2408 1360 2431 sexus
1385 2386 1642 2431 christifidelibus
1671 2397 1818 2439 ditionis,

1074 2452 1164 2496 regni
1182 2457 1211 2485 et
1229 2451 1402 2484 insularum
1419 2451 1601 2485 huiusmodi
1618 2456 1769 2493 servetur,
1783 2462 1819 2485 ac

1075 2505 1192 2539 servari
1218 2504 1346 2538 omnino
1371 2504 1493 2545 debeat,
1519 2505 1692 2549 apostolica
1717 2510 1820 2539 aucto-

1074 2559 1177 2600 ritate,
1194 2563 1303 2591 tenore
1322 2558 1547 2602 praesentium,
1568 2559 1769 2593 concedimus
1790 2566 1819 2593 et

1074 2613 1284 2656 indulgemus,
1299 2622 1334 2645 ac
1350 2611 1549 2646 decernimus
1566 2617 1597 2647 et
1613 2613 1816 2648 declaramus,

1110 2678 1122 2704 1
1140 2675 1211 2704 Edit.
1226 2675 1306 2704 Main.
1322 2675 1387 2712 legit
1401 2679 1452 2705 aut
1462 2676 1499 2712 (a.
1517 2676 1566 2712 τ.).

1825 259 1877 287 An.
1894 260 1922 287 C.
1941 261 2009 289 1625

1869 429 2009 449 Gennesisium

1828 462 1907 481 prece-⁴.

1858 1177 1974 1201 indultum,
1989 1178 2016 1197 de

1833 1209 1874 1230 quo
1888 1210 1908 1225 iu
1923 1204 2016 1224 rubrica.
