2269 3235
197 224 244 252 Λιι.
263 225 292 254 C.
308 224 378 252 102AE
424 216 488 249 ⁶218

230 2423 381 2444 convers-orum

198 2453 309 2471 institutio.

395 274 567 307 secundum
594 274 754 319 propriam
781 274 983 318 rapacitatem
1010 278 1039 306 et
1056 275 1137 307 ordi-

394 338 466 360 nem
500 327 559 360 sibi
593 338 609 360 a
642 328 793 370 magistro
824 327 1076 371 praescriptum,
1101 338 1136 361 ac

395 381 516 424 pluries
542 381 570 412 in
596 380 646 413 die
671 379 833 424 propriam
860 380 1084 413 conscientiam
1105 392 1137 414 u-

396 434 589 477 nusquisque
613 433 792 465 examinare
813 433 989 466 contendat.
1007 434 1069 478 lpsi
1087 445 1138 467 au-

397 492 457 519 tem
476 487 627 529 magistro
645 486 700 519 soli
719 486 909 519 novitiorum
927 487 1137 521 confessiones

395 539 540 571 audiendi
565 550 641 572 cura
665 539 890 572 committatur.
912 539 1015 573 Liceat
1031 546 1136 574 tamen

396 593 563 636 superiori,
588 593 681 625 etiam
700 593 802 633 locali,
823 593 848 626 si
866 593 907 626 ita
925 594 1073 638 expedire
1094 594 1137 627 iu-

395 644 555 685 dicaverit,
573 646 620 679 vel
638 656 695 690 per
719 656 752 679 se
770 646 882 690 ipsum,
897 647 944 680 vel
964 658 1021 691 per
1040 647 1134 680 alium

395 698 434 730 ab
458 708 496 731 eo
512 698 738 743 deputandum,
755 700 851 733 semel
873 706 925 733 aut
941 700 990 733 bis
1008 701 1037 733 in
1054 711 1136 733 anno

395 752 580 785 eorumdem
612 753 804 786 novitiorum
839 754 1050 788 consessiones
1081 765 1136 788 au-

395 804 471 838 dire.

439 859 582 900 Quotidie
606 861 720 893 missae
744 860 898 894 sacrificio
923 862 1082 903 intersint,
1107 868 1137 896 et

396 914 518 947 statutis
535 915 622 947 horis
640 915 670 947 in
688 915 787 948 choro
803 916 977 957 nocturnis,
1002 916 1136 950 diurnis-

395 977 457 1011 que
481 967 593 999 divinis
613 968 723 1000 officiis
747 968 901 1001 assistant.

440 1020 721 1054 Exercitationibus
739 1021 831 1053 etiam
853 1022 1072 1065 corporaHbus
1089 1033 1137 1055 va-

396 1070 476 1113 cent,
501 1074 606 1117 legant
630 1075 676 1107 vel
703 1074 842 1108 scribant
866 1087 917 1109 res
941 1077 1135 1121 spirituales,

395 1127 568 1160 modestam
581 1128 675 1160 animi
686 1129 912 1162 recreationem
926 1130 1136 1175 interponant,

395 1191 474 1225 quae
499 1182 530 1214 in
555 1182 696 1215 solitario
720 1183 790 1217 loco
809 1188 840 1216 et
865 1185 1033 1218 commodo
1051 1190 1137 1218 extra

395 1235 579 1268 novitiatum
610 1236 705 1269 semel
731 1236 761 1269 in
792 1237 1008 1279 hebdomada,
1034 1240 1080 1271 vel
1106 1240 1136 1272 in

395 1289 523 1321 alternis
538 1290 647 1323 saltem
666 1291 928 1333 bebdomadibus,
941 1293 1066 1336 longior
1080 1299 1137 1325 sta-

397 1348 511 1383 tuatur,
526 1343 641 1387 fiatque
657 1355 782 1388 semper
801 1346 953 1388 magistro
973 1353 1136 1390 praesente

395 1396 443 1428 vel
468 1396 564 1437 socio,
590 1397 642 1440 qui
669 1398 802 1431 multum
829 1399 1001 1442 invigilent,
1019 1411 1056 1433 ne
1074 1401 1136 1434 duo

396 1450 434 1481 ab
458 1450 527 1482 aliis
550 1457 789 1484 commorentur
815 1452 972 1494 disiuncti,
990 1459 1083 1498 atque
1100 1466 1136 1487 eo

396 1508 538 1546 tempore
551 1504 714 1548 cuiusque,
729 1506 759 1537 in
774 1517 866 1549 quam
882 1510 993 1540 natura
1008 1508 1136 1549 feratur,

396 1558 640 1600 propensionem
666 1565 853 1593 scrutentur.

440 1611 508 1643 Non
533 1611 632 1650 liceat,
661 1612 793 1645 durante
817 1614 985 1647 novitiatus
1011 1620 1040 1647 et
1064 1627 1138 1659 pro-

395 1664 529 1698 bationis
553 1670 706 1709 tempore,
728 1669 789 1699 una
810 1678 880 1700 cum
899 1669 1057 1711 professis,
1079 1670 1136 1703 nisi

396 1717 428 1750 in
453 1718 551 1751 choro
575 1724 605 1751 et
632 1719 661 1751 in
694 1721 824 1752 ecclesia
851 1727 994 1765 tempore
1019 1724 1156 1788 0ἷῖἶοίοἾ

396 1783 478 1813 rum,
497 1773 527 1805 in
552 1773 819 1816 processionibus,
839 1780 889 1808 aut
918 1776 947 1808 in
968 1763 1156 1811 coenaculo

397 1828 491 1858 causa
508 1827 696 1867 resectionis,
718 1829 919 1869 commorari,
937 1840 995 1862 nec
1012 1832 1138 1874 permit

397 1884 479 1912 tatur
511 1880 555 1912 eis
585 1880 744 1923 professos
776 1881 871 1914 domo
902 1888 1049 1918 excuntes
1086 1896 1137 1918 co-

397 1933 511 1966 mitari.

441 1987 501 2019 Pro
526 1988 748 2021 communibus
773 1994 802 2021 et
826 1990 964 2033 propriis
985 1991 1137 2036 cuiusque

396 2041 634 2074 necessitatibus
651 2053 730 2086 quae
744 2039 887 2076 accidere
904 2050 1043 2087 possunt,
1057 2057 1137 2079 unus

396 2106 432 2127 ex
458 2095 582 2129 novitiis
599 2095 683 2139 ipsis7
705 2102 814 2137 aetate,
832 2098 1038 2142 moribusque
1062 2111 1137 2143 pro-

396 2149 524 2191 veetior⁷
539 2150 717 2193 deputetur,
735 2151 799 2194 qui,
817 2151 944 2185 absente
961 2153 1057 2194 socio,
1076 2165 1138 2186 rna-

395 2203 494 2246 gistro
510 2204 720 2247 permittente,
738 2205 852 2245 omnia,
871 2211 963 2249 prout
981 2217 1059 2250 opus
1076 2208 1138 2241 fue-

396 2258 458 2298 rit,
489 2263 580 2301 agat,
605 2258 655 2291 cui
680 2259 772 2292 etiam
803 2260 914 2293 ianuae
942 2261 1084 2295 custodia
1108 2268 1155 2296 et

396 2323 502 2345 reruni
520 2312 647 2345 levioris
664 2314 814 2346 momenti
831 2314 970 2357 provisio
988 2315 1069 2350 intra
1085 2327 1138 2350 no-

396 2366 537 2399 vitiatum
563 2367 716 2400 committi
740 2368 865 2411 poterit.

440 2418 516 2451 Cum
542 2423 655 2459 autern,
680 2419 753 2452 licet
777 2419 965 2453 clericorum
989 2421 1069 2454 bene
1090 2421 1137 2455 in-

398 2472 625 2505 stituendorum
648 2483 723 2505 cura
744 2473 856 2506 debeat
872 2484 940 2507 esse
957 2475 1136 2519 praecipua,

398 2536 623 2559 conversorum
659 2531 761 2559 tamen
794 2527 940 2571 religiosa
974 2528 1137 2563 instructio

398 2589 461 2611 non
485 2579 522 2611 sit
547 2581 834 2623 praetermittenda,
855 2582 929 2626 quin
957 2582 1062 2626 potius
1087 2593 1137 2616 ae*

399 2631 588 2675 quanimiter
622 2634 825 2677 amplexanda
841 2662 848 2675 ‚
882 2635 1136 2679 quandoquidem

974 227 1150 250 numanum
1173 227 1326 250 ROMANUM

1169 274 1243 307 satis
1268 274 1466 319 exploratum
1484 280 1540 316 est,
1564 277 1697 310 istorum
1713 278 1817 320 etiam,
1835 289 1906 313 cum

1169 328 1311 371 regulam
1337 328 1546 372 profiteantur
1570 329 1907 376 eamdem,persectam

1169 381 1386 415 educationem
1406 385 1469 416 tum
1487 381 1631 426 religioni
1649 383 1794 417 decorem
1815 390 1845 418 et
1861 396 1908 419 or-

1169 438 1359 477 namentum,
1382 440 1447 467 tum
1465 435 1533 468 aliis
1550 435 1807 471 christifidelibus
1824 438 1908 471 aedi-

1170 488 1358 529 ficationem,
1378 489 1556 532 exemplum
1574 493 1666 533 atque
1686 490 1850 524 utilitatem
1870 493 1909 525 as·

1170 542 1271 583 serre;
1298 543 1457 576 conversis
1487 542 1562 587 ipsis
1592 553 1610 575 a
1640 542 1829 577 clericorum
1853 555 1909 578 no-

1170 595 1277 630 vitiatu
1306 600 1469 640 separatus
1501 596 1539 629 ad
1569 596 1790 630 dormiendum
1821 598 1910 632 locus

1170 648 1335 693 <quantum
1353 649 1519 683 commode
1531 649 1599 683 fieri
1614 650 1742 695 poterit)
1755 651 1909 694 assignari

1170 703 1375 747 praecipitur.
1406 703 1451 736 Illi
1477 708 1603 745 tamen,
1628 704 1687 738 hac
1711 704 1910 749 separatione

1170 766 1232 789 non
1257 756 1417 798 obstante,
1442 757 1593 801 magistro
1617 758 1831 800 novitiorum,
1855 768 1910 793 seu

1172 810 1388 854 superioribus
1419 811 1682 845 monasteriorum
1712 817 1742 845 et
1773 822 1910 846 conven-

1170 867 1272 904 tuum,
1298 863 1382 896 iuxta
1406 864 1560 910 cuiusque
1584 865 1709 900 Ordinis
1740 870 1852 900 statuta
1881 871 1911 903 et

1170 915 1419 957 constitutiones,
1439 918 1555 951 subditi
1572 929 1640 952 esse
1657 924 1687 952 et
1699 918 1909 953 obedientiam

1170 974 1329 1013 praestare
1359 970 1537 1014 debebunt,
1561 982 1579 1005 a
1602 983 1666 1016 quo
1695 983 1758 1006 non
1788 978 1909 1007 tantum

1170 1023 1252 1056 eirca
1277 1024 1454 1068 corporalia
1473 1025 1625 1068 obsequia
1649 1026 1804 1069 probandi
1828 1032 1859 1060 et
1881 1038 1911 1061 e-

1171 1078 1328 1119 xercendi,
1357 1089 1467 1111 verum
1493 1078 1598 1121 etiam,
1614 1089 1673 1123 pro
1693 1090 1803 1112 eorum
1824 1091 1912 1126 capa-

1170 1132 1261 1165 citate
1293 1135 1323 1166 et
1352 1132 1573 1167 commoditate
1605 1133 1644 1166 de
1675 1133 1911 1177 spiritualibus,

1171 1185 1357 1229 praesertim
1387 1186 1424 1218 de
1455 1186 1549 1220 modo
1578 1186 1756 1220 mentaliter
1779 1187 1910 1229 orandi,

1170 1239 1338 1282 diligenter
1363 1239 1537 1272 instruendi
1555 1245 1656 1281 erunt,
1674 1240 1758 1285 quod
1774 1246 1809 1274 ut
1825 1252 1911 1275 eom-

1172 1293 1295 1326 modius
1312 1294 1375 1334 fiat,
1393 1294 1430 1325 ad
1448 1294 1582 1338 capitula
1599 1299 1629 1327 et
1646 1295 1824 1339 spirituales
1841 1306 1912 1329 con-

1170 1347 1294 1387 ciones,
1330 1358 1409 1390 quae
1441 1358 1498 1391 per
1527 1347 1694 1391 magistros
1718 1349 1910 1383 novitiorum

1171 1400 1238 1433 lieri
1265 1401 1381 1441 solent,
1407 1401 1553 1434 accersiri
1579 1401 1726 1442 debeant,
1751 1408 1781 1436 et
1804 1403 1835 1436 in
1860 1414 1911 1437 ec-

1171 1455 1273 1487 clesiis
1290 1455 1412 1488 statutis
1436 1455 1522 1488 horis
1543 1456 1738 1497 conveniant,
1757 1457 1817 1490 nisi
1837 1463 1911 1491 tunc

1172 1509 1201 1541 in
1227 1509 1290 1541 suis
1314 1509 1425 1542 officiis
1441 1509 1604 1542 actualiter
1621 1511 1764 1554 occupati
1784 1511 1910 1545 suerint.

1215 1563 1368 1605 Tempore
1401 1573 1476 1595 vero
1510 1563 1705 1607 probationis
1737 1565 1864 1608 elapso,
1889 1565 1911 1598 ii

1172 1620 1302 1656 tantum,
1327 1615 1380 1659 qui
1405 1626 1467 1649 non
1489 1617 1591 1649 solum
1616 1617 1783 1660 religiosae
1807 1618 1909 1662 perse-

1171 1669 1282 1701 ctionis
1307 1680 1452 1714 capaces,
1482 1670 1535 1703 sed
1561 1670 1599 1703 ad
1628 1671 1771 1704 laborem
1797 1682 1911 1730 corpo-

1173 1734 1186 1754 r
1188 1723 1267 1755 alem
1294 1723 1357 1766 apti
1382 1734 1464 1757 novo
1489 1734 1524 1756 ac
1544 1723 1687 1767 dilioenti
1707 1725 1849 1758 examine
1866 1736 1913 1759 re-

1154 1787 1226 1819 pei
1231 1776 1250 1809 t1
1276 1777 1392 1809 sue1int
1417 1777 1602 1820 (dummodo
1627 1779 1734 1812 aetatis
1759 1790 1833 1812 suae
1857 1790 1911 1813 an-

1154 1820 1254 1871 finum,
1270 1830 1527 1874 quoadclcricos,
1543 1831 1912 1878 deci1m1msextum‚quo

1171 1894 1245 1916 vero
1270 1884 1309 1916 ad
1333 1895 1522 1927 conversos,
1557 1886 1743 1929 vigesimum
1772 1886 1911 1931 primum

1171 1938 1374 1981 excesserint)
1391 1938 1430 1970 ad
1449 1939 1677 1982 professionem
1695 1940 1910 1975 admittantur:

1171 1991 1224 2023 sed
1249 1991 1302 2035 qui
1327 1992 1365 2024 ad
1390 2003 1616 2026 conversorum
1634 1994 1775 2028 habitum
1793 1996 1911 2040 recepti

1154 2044 1286 2078 tfuerint
1318 2045 1356 2077 ad
1387 2046 1576 2079 clericorum
1609 2052 1724 2080 statum
1756 2049 1910 2090 transire,

1170 2099 1262 2133 ctiam
1286 2100 1418 2133 durante
1449 2106 1591 2146 tempore
1619 2102 1824 2146 probationis,
1849 2114 1910 2137 non

1153 2182 1155 2187 ,
1170 2153 1298 2196 possint.

1153 2227 1155 2241 t
1215 2206 1365 2250 Supeiior
1389 2207 1555 2241 cuiuslibet
1580 2214 1766 2250 conventus,
1792 2210 1824 2243 in
1849 2221 1911 2254 quo

1169 2313 1286 2346 librum
1318 2314 1430 2347 habeat
1462 2315 1493 2347 in
1521 2326 1583 2359 quo
1614 2316 1723 2348 novitii
1756 2318 1911 2361 piosessio

1170 2367 1378 2410 registretur,
1411 2368 1560 2414 illamque
1591 2370 1727 2403 novitius
1751 2371 1912 2414 professus

1169 2421 1297 2465 propria
1314 2432 1409 2454 manu
1424 2427 1454 2455 ct
1471 2422 1533 2456 duo
1547 2427 1650 2464 testes,
1662 2423 1715 2467 qui
1732 2429 1912 2468 praesentes

1170 2475 1299 2517 suerint,
1318 2475 1527 2509 subscribant.
1552 2477 1727 2511 Conversus
1745 2488 1819 2511 vcro
1835 2478 1913 2512 litte-

1171 2539 1278 2561 rarum
1311 2528 1439 2572 ignarus
1464 2530 1645 2573 professus,
1671 2531 1702 2563 in
1726 2531 1910 2565 eorumdem

1172 2582 1308 2624 testium,
1324 2583 1377 2626 qui
1395 2593 1427 2616 se
1447 2583 1699 2628 subscripserint,
1724 2583 1910 2629 praesentia,

1170 2636 1300 2680 propria
1325 2646 1419 2669 manu
1437 2636 1560 2680 signum
1579 2637 1682 2671 erucis
1698 2641 1843 2682 apponat.
1860 2637 1912 2671 As-

1920 232 1968 259 An.
1986 233 2013 259 C.
2037 233 2104 262 ¹6²4

1958 2218 2111 2239 t·r.·s.·ssionum

1955 2250 1961 2257 v
1999 2252 2002 2257 .

1154 2247 1337 2293 novitiatus
1358 2261 1452 2294 suerit
1472 2262 1670 2303 constitutus,
1688 2237 1911 2306 pulticularem
1938 2251 1996 2269 ΨΜ
