2269 3235
463 256 528 291 370

436 315 532 358 poris,
554 320 607 347 aut.
624 313 726 346 salarii
746 312 1011 345 conmutationem
1027 320 1175 354 quocum-

436 379 497 412 que
522 368 610 402 titulo
636 365 849 410 praetendere,
866 364 925 397 nisi
951 364 1004 397 liat
1023 374 1102 396 nova
1122 374 1174 397 eo-

437 421 581 454 rumdem
607 419 757 459 reductio,
778 419 863 451 iuxta
880 420 1012 451 sormam
1031 417 1176 461 superius

438 474 679 518 pi·.¹1esrriptain;
698 472 746 504 cui
772 471 898 515 quidem
917 470 1116 504 conductioni
1133 470 1176 503 le-

438 532 540 562 ctores
566 538 621 571 per
646 526 751 559 onmia
776 525 976 569 acquiescere
1004 528 1175 559 teneantur.

483 581 528 613 t'l.
544 580 658 621 uoluti,
674 581 732 613 hoc
746 579 851 624 primo
865 589 946 611 anno
961 578 1178 622 exeepto‚sub-

439 633 617 666 scribantur
630 633 667 665 ab
682 633 844 676 episcopo,
860 643 914 665 seu
928 631 994 665 eius
1008 631 1135 673 vicario,
1149 635 1179 665 et

439 686 600 730 prioribus
624 686 788 731 utriusque
812 683 946 726 collegii,
963 688 993 716 et
1013 684 1179 726 affigantur

440 750 529 773 more
553 739 663 772 solito:
690 739 836 782 idemque
860 738 1044 771 observetur
1063 736 1094 769 in
1110 736 1180 769 sub-

441 793 615 827 scribendis
632 793 785 826 mandatis
802 803 859 836 pro
876 791 996 824 salariis
1013 790 1178 824 solvendis.

485 848 546 880 Vll.
565 847 607 880 Ex
636 845 808 879 redditibus
829 844 942 877 studii⁹
958 843 1111 876 universis
1127 843 1180 876 de-

442 901 586 934 trahatur
602 899 769 943 quotannis
782 898 885 942 portio
901 902 1063 930 scutorum
1079 900 1182 930 octua-

442 955 537 997 ginta,
555 964 591 985 ex
616 952 729 995 quibus
754 950 907 993 assignari
936 950 1069 983 debeant
1095 949 1183 992 quin-

442 1008 543 1041 decim
565 1007 772 1045 institutistae‚
798 1004 907 1047 viginti
932 1003 1182 1036 extraordinario

442 1061 519 1094 iuris
541 1059 650 1099 civilis,
670 1058 918 1102 vigintiquinque
944 1056 1115 1096 ordinario,
1129 1055 1182 1099 qui

442 1125 479 1147 eo
503 1123 585 1146 anuo
611 1112 761 1145 maiorem
792 1121 960 1143 numerum
991 1109 1182 1150 lectionum,

443 1179 536 1212 quam
555 1166 667 1210 aliquis
687 1166 766 1198 alius
791 1176 827 1197 ex
852 1164 981 1203 iuristis,
1007 1163 1102 1196 etiam
1121 1173 1183 1196 non

443 1221 490 1253 sui
504 1219 634 1261 ordinis,
649 1230 682 1252 re
700 1219 766 1262 ipsa
782 1217 901 1260 legerit,
916 1222 946 1250 et
963 1216 1071 1259 viginti
1086 1215 1185 1249 tribu-

443 1278 535 1307 antur
552 1273 687 1314 artistae,
706 1271 758 1316 qui
775 1271 894 1316 pariter
910 1270 948 1303 ad
962 1269 1114 1303 maiorem
1131 1279 1185 1302 nu-

445 1337 569 1360 merum
595 1326 787 1365 lectionum,
819 1335 914 1368 quam
947 1323 1080 1367 quisque
1108 1322 1186 1355 alius

444 1381 561 1423 artista,
582 1380 709 1413 realiter
726 1384 754 1411 et
772 1389 843 1411 eum
862 1378 974 1410 effectu
994 1376 1185 1410 ascenderit:

445 1435 522 1468 adeo
543 1439 577 1467 ut
602 1434 639 1466 ad
665 1432 846 1466 huiusmodi
878 1431 1057 1476 portionem
1083 1440 1188 1464 conse-

447 1488 602 1532 quendam
628 1487 758 1520 mininie
789 1486 921 1519 sufficiat
944 1495 1000 1528 per
1024 1484 1187 1517 doctorem

446 1552 509 1575 uon
533 1541 665 1581 stetisse,
694 1539 863 1584 quominus
887 1538 1008 1581 legerit.
1034 1538 1133 1570 Porro
1158 1537 1189 1569 in

447 1595 601 1638 collegio,
628 1599 662 1627 ut
690 1604 784 1637 supra
809 1591 1031 1636 congregando
1059 1601 1118 1634 pro
1145 1590 1190 1623 le-

448 1649 588 1682 ctoribus
613 1647 841 1687 conducendis,
869 1646 1000 1689 singulis
1024 1645 1113 1678 annis
1137 1655 1190 1678 co-

450 1714 517 1736 ram
545 1702 692 1736 omnibus
716 1701 893 1745 publicetur
916 1709 1068 1732 numerus
1086 1698 1192 1731 lectio—

450 1768 524 1790 num
546 1766 624 1800 quas
650 1754 864 1797 unusquisque
887 1752 1000 1795 legerit
1023 1762 1061 1785 eo
1088 1762 1169 1784 anno
1183 1778 1191 1792 ,

450 1815 480 1843 et
512 1810 615 1853 palam
653 1808 829 1840 declaretur
859 1806 974 1850 quibus
1013 1805 1191 1850 supradicta

450 1861 554 1906 portio
578 1859 736 1892 debeatur.

496 1914 570 1947 vill.
591 1913 636 1946 Ad
654 1922 763 1946 omnes
779 1916 808 1944 et
824 1911 963 1954 singulas
980 1909 1128 1943 materias
1145 1909 1192 1942 in-

452 1968 549 2000 ferius
563 1966 735 2011 descriptas
760 1965 798 1998 dc
819 1968 922 1999 cetero
940 1974 1065 2007 semper
1080 1963 1192 2007 aliquis

452 2022 551 2054 lector
577 2020 709 2054 conduci
734 2019 854 2061 debeat,
873 2017 1036 2051 videlicet:

497 2075 654 2119 Leyiscae.

497 2129 542 2162 Ad
567 2126 761 2161 ordinarium
786 2125 863 2158 iuris
887 2123 1039 2164 canonici.

497 2183 543 2216 Ad
567 2180 763 2215 ordinarium
788 2179 866 2212 iuris
891 2177 999 2211 civilis.

498 2236 545 2270 Ad
569 2233 856 2268 extraordinarium
881 2231 958 2264 iuris
979 2229 1088 2264 civilis.

499 2290 544 2323 Ad
569 2288 751 2322 institutam.

498 2343 644 2377 Arlz'slae
668 2342 705 2374 in
728 2339 911 2384 qymnasio.

502 2397 544 2429 Ad
566 2405 686 2428 sacram
712 2392 914 2435 theologiam.

500 2450 545 2483 Ad
570 2447 766 2483 ordinarium
792 2443 1020 2490 philosophiae.

502 2503 546 2535 Ac:
571 2501 766 2535 ordinarium
791 2499 964 2532 medicinae
988 2496 1156 2531 theoricae.

502 2557 547 2590 Ad
572 2554 765 2588 ordinarium
791 2552 965 2586 medicinae
988 2550 1153 2596 practicae.

503 2610 548 2643 Ad
574 2607 855 2641 extraordinarium
881 2605 1110 2649 philosophiae.

496 2675 505 2701 1
526 2673 671 2707 Perperam
687 2670 750 2699 edit.
767 2669 847 2698 Main.
864 2669 928 2705 legit
943 2668 1049 2698 studiis
1065 2668 1100 2705 (R.
1116 2669 1166 2703 Τ.).

237 266 287 292 An.
303 265 333 292 C.
352 265 419 293 1625

268 593 297 613 Du
313 593 392 613 rotulis.

283 858 312 878 Dc
339 862 426 877 numero

243 886 355 905 lertioitum
406 886 425 903 et

243 912 346 931 redditum
356 910 425 931 distri-

243 939 336 958 tuitione.

279 1925 359 1949 Quibus
376 1925 436 1945 scho-

253 1952 278 1972 lis
307 1951 370 1972 dandi
396 1952 438 1972 siut

253 1979 351 1999 lectores.

1010 261 1189 287 BULLARIUM
1212 261 1367 288 Romnum

1957 259 2011 288 An.
2028 259 2056 288 G.
2071 259 2142 289 1625

1252 310 1297 344 Ad
1321 309 1603 343 extraordinarium
1624 309 1804 343 medicinae.

1252 363 1297 397 Ad
1317 363 1508 397 anotomiam
1521 362 1684 406 legendam
1698 367 1727 395 et
1736 361 1944 396 incidendum.

1252 417 1299 450 Ad
1322 416 1467 459 logicam.

1253 471 1299 504 Ad
1323 469 1558 503 liun'ianitatcm.

1254 525 1358 558 Eoelra
1382 523 1593 568 qymnasium
1618 532 1698 555 vero.

1255 578 1301 611 Ad
1325 578 1475 610 lecturam
1501 586 1608 609 sacrae
1633 575 1816 619 scripturae.

1256 630 1301 664 Ad
1326 629 1498 663 theoricam
1524 628 1722 672 simplicium.

1257 683 1302 716 Ad
1326 682 1497 726 practicam
1522 681 1722 725 simplicium.

1257 736 1302 769 Ad
1327 735 1498 779 practicam
1522 734 1713 777 chirurgiae.

1257 790 1304 823 Ad
1323 790 1399 822 alias
1422 795 1528 823 autem
1552 789 1709 830 materias,
1727 798 1822 832 quam
1846 798 1953 832 supra-

1214 843 1362 886 scriptas,
1387 853 1480 876 nemo
1505 842 1651 886 deinceps
1676 842 1808 876 conduci
1832 841 1952 885 possit,

1214 899 1433 939 praeterquam
1450 895 1488 928 ad
1505 895 1641 929 lecturas
1657 895 1784 937 decreti,
1797 894 1873 928 sexti
1890 895 1954 928 Cle-

1215 948 1428 980 mentinarum
1448 953 1478 980 et
1494 948 1730 991 Pandeetarum,
1748 948 1786 981 ad
1801 958 1878 992 quas
1894 948 1955 981 col-

1216 1000 1332 1042 legium
1350 999 1448 1043 possit
1463 999 1641 1033 conducere
1655 1000 1799 1033 doctores
1814 1000 1953 1033 idoneos.

1261 1053 1309 1085 lx.
1326 1052 1573 1086 Extraordinarii
1589 1053 1718 1095 legistae
1735 1053 1892 1096 explicare
1907 1052 1957 1085 de·
1997 1064 2099 1086 Materiae
2118 1069 2154 1085 ex-

1217 1105 1309 1138 beant
1325 1106 1410 1148 leges
1427 1116 1498 1138 curn
1514 1105 1627 1148 glossis
1644 1109 1674 1139 et
1697 1106 1823 1138 bartulo
1840 1105 1958 1148 absque
1971 1092 2089 1118 ¹³⁰⁰⁹¹¹d³²'

1218 1164 1369 1203 apparatu
1396 1159 1616 1203 quaestionum
1643 1169 1720 1202 quas
1742 1163 1864 1202 ponunt
1895 1168 1959 1191 mo-

1218 1212 1328 1253 derni,
1348 1223 1405 1245 nec
1429 1212 1527 1256 possit
1555 1212 1641 1255 leges
1665 1212 1733 1245 illas
1757 1211 1958 1256 interpretari

1219 1277 1298 1310 quae
1318 1266 1357 1299 ad
1374 1265 1551 1299 ordinarios
1575 1265 1741 1310 pertinent.

1263 1320 1398 1353 Artistae
1422 1330 1497 1352 vero
1522 1319 1762 1353 extraordinarii
1782 1318 1960 1352 necessario

1221 1373 1384 1417 explicent,
1403 1383 1483 1406 unus
1500 1372 1781 1417 methaphysicam,
1800 1372 1879 1405 alius
1899 1383 1961 1406 ma-

1221 1426 1415 1467 thematicas,
1436 1426 1516 1459 alius
1539 1426 1772 1470 philosophiam
1798 1426 1960 1459 moralem:

1222 1480 1334 1524 reliqui
1351 1491 1426 1514 vero
1444 1486 1566 1524 partem
1592 1480 1729 1524 aliquam
1745 1480 1964 1524 philosophiae

1223 1544 1278 1566 seu
1302 1533 1485 1574 medicinae,
1502 1544 1582 1577 quae
1606 1537 1711 1567 tamen
1734 1533 1773 1566 ab
1797 1533 1964 1566 ordinariis

1223 1586 1373 1630 explicari
1397 1597 1461 1619 non
1486 1586 1698 1626 consueverim
1723 1585 1965 1620 mathematicus

1224 1643 1390 1684 percurrat
1414 1639 1572 1682 integrum
1596 1644 1764 1672 tractatum
1782 1639 1820 1672 de
1839 1639 1964 1682 sphera,
2260 1621 2264 1723 1

1224 1697 1277 1727 aut
1293 1693 1451 1736 integrum
1469 1693 1586 1725 librum
1611 1702 1648 1725 ex
1666 1692 1847 1735 quindecim
1867 1692 1966 1725 Eucli-

1224 1748 1282 1788 dis,
1298 1752 1351 1782 aut
1373 1748 1469 1781 alium
1495 1747 1693 1781 consimilem
1718 1752 1893 1780 tractatum.
2261 1727 2266 1994 Ι

1269 1801 1303 1834 X.
1329 1800 1375 1834 Ad
1399 1800 1680 1833 extraordinariam
1709 1801 1861 1833 lecturam
1889 1799 1967 1832 iuris

1226 1854 1325 1889 civilis
1342 1855 1390 1887 vel
1414 1854 1529 1887 artium
1554 1854 1676 1886 admitti
1697 1864 1759 1887 non
1778 1853 1888 1898 possit,
1914 1853 1967 1896 qui

1226 1909 1335 1941 saltem
1352 1907 1479 1940 hiennio
1503 1917 1567 1940 non
1587 1907 1700 1950 legerit
1726 1907 1900 1941 institutam
1920 1907 1968 1940 vel

1226 1962 1362 2005 logicam
1387 1961 1578 2005 respective3
1602 1971 1661 1994 nec
1695 1960 1734 1993 ad
1758 1959 1968 2000 ordinariam,

1226 2016 1281 2060 qui
1298 2016 1408 2048 saltem
1433 2025 1490 2058 per
1514 2014 1598 2047 idem
1622 2019 1746 2058 tempus
1769 2024 1833 2047 non
1857 2013 1970 2057 legerit

1228 2068 1519 2103 extraordinariam.
1545 2069 1611 2102 Hoc
1635 2073 1740 2101 autem
1763 2067 1881 2100 biennii
1905 2077 1971 2110 spa-

1228 2122 1306 2155 tium
1323 2122 1435 2156 debeat
1451 2132 1519 2155 esse
1536 2122 1719 2155 continuum
1736 2121 1860 2164 integro
1877 2130 1970 2161 anno,

1229 2176 1276 2209 vel
1300 2175 1413 2208 maiori
1438 2178 1546 2218 parte,
1575 2175 1617 2207 ita
1636 2179 1669 2207 ut
1693 2173 1830 2207 lectura¹
1851 2173 1916 2206 sive
1940 2174 1972 2206 in

1229 2229 1331 2262 studio
1350 2228 1512 2270 Perusino,
1538 2228 1604 2260 sive
1629 2228 1659 2260 in
1684 2227 1744 2260 alia
1763 2227 1890 2271 publica
1906 2226 1973 2259 uni-

1229 2281 1375 2314 versitate
1405 2291 1468 2314 non
1499 2280 1594 2313 fuerit
1629 2279 1828 2319 intermissa3
1853 2279 1971 2312 nemini

1230 2335 1332 2380 quoad
1364 2335 1425 2368 hoc
1457 2334 1682 2378 impedimento
1715 2333 1807 2366 etiam
1832 2333 1973 2376 legitimo

1230 2389 1430 2432 suffragante.
1456 2388 1501 2421 Ad
1525 2388 1660 2421 lecturas
1681 2392 1785 2420 tamen
1810 2391 1898 2419 extra
1922 2397 1973 2430 gy-

1231 2442 1387 2476 mnasium
1401 2440 1457 2475 0b⁹
1471 2441 1622 2485 temporis
1636 2440 1771 2484 spatium
1786 2439 1915 2472 minime
1929 2449 1975 2472 re-

1232 2496 1393 2541 quiratur,
1413 2495 1472 2528 nisi
1496 2495 1533 2528 de
1558 2504 1713 2528 consensu
1737 2493 1871 2526 duarum
1896 2503 1971 2538 par-

1234 2550 1311 2584 tium
1335 2549 1460 2593 collegii
1483 2548 1568 2582 aliud
1592 2548 1687 2582 fuerit
1711 2547 1891 2581 iudicatum.

2016 1808 2106 1832 Quinam
2128 1806 2165 1828 eli-

1982 1835 2052 1861 gondi-

1271 2622 1281 2648 1
1305 2620 1375 2648 Edit.
1396 2620 1475 2648 Main.
1497 2619 1562 2656 legit
1580 2620 1707 2648 tecturae
1726 2618 1767 2653 (R.
1784 2617 1832 2652 T.).

1267 2666 1284 2694 ⁹2
1297 2665 1409 2694 Videtur
1419 2664 1563 2701 legendum
1574 2665 1625 2692 hoc
1638 2662 1730 2700 potius
1742 2670 1824 2700 quain
1833 2661 1866 2690 ob
1880 2661 1972 2697 (unz).
