2269 3235
122 277 170 304 Λη.
186 274 214 303 C.
236 273 304 302 1625

930 267 1072 293 URBANUS
1096 268 1152 293 vm
1175 269 1224 294 PP.

320 330 399 365 quae
423 320 461 353 ad
486 320 553 353 illas
578 325 685 363 gentes
709 317 932 353 convertendas
957 327 1060 350 neces-

320 374 420 407 sariae
444 378 524 407 suut.

364 427 427 460 XII.
453 428 551 461 Nemo
576 426 803 470 discipulorum
829 434 864 457 ea
885 423 986 456 studia
1014 433 1060 455 ar-

321 481 424 524 ripiat,
442 491 521 524 quae
545 481 605 514 sibi
631 480 828 518 videbuntur,
854 477 906 510 sed
932 487 968 509 ca
992 480 1058 510 tan-

322 534 506 575 tummodo,
531 543 610 578 quae
634 544 651 566 a
675 530 891 576 superioribus
920 529 962 563 illi
983 529 1059 562 assi-

321 588 511 629 gnabuntur.

365 641 440 674 XIII.
466 640 515 673 Bis
539 640 571 673 in
595 639 644 672 die
667 639 816 672 lectiones
840 647 857 669 a
879 641 1061 681 praecepto-

322 694 410 727 ribus
434 693 559 726 audiant
582 693 614 725 in
638 692 772 732 scholis,
797 691 911 734 quibus
943 689 1059 723 assidui

321 753 351 779 et
375 747 484 780 intenti
503 750 605 786 erunt,
630 750 660 778 et
682 744 767 778 domi
792 744 932 788 forisque
957 743 1061 776 mode-

322 801 398 846 stiae
415 799 475 832 sint
499 809 665 839 memores,
690 809 725 831 ac
750 797 882 842 pietatis.

364 853 439 886 XIV.
464 853 621 885 Tenentur
645 861 765 891 omnes,
789 851 841 894 qui
870 861 887 883 a
912 849 1057 894 superio-

321 907 422 940 ribus.
440 906 543 940 idonei
575 905 818 945 iudicabuntur,
843 904 943 937 tribus
973 904 1061 937 annis

320 961 438 995 tirones
462 960 585 994 docere.

365 1015 425 1048 XV.
451 1014 564 1047 Omnes
579 1040 586 1054 ,
611 1013 664 1057 qui
689 1013 793 1046 idonei
818 1012 1060 1052 itulicabuntur,

322 1068 370 1100 vel
401 1078 459 1112 per
483 1078 515 1100 se
542 1067 590 1100 vel
625 1077 682 1110 per
705 1071 850 1110 parentes
878 1065 1061 1109 promittant

321 1122 360 1155 ad
373 1127 484 1155 nutum
502 1120 701 1165 superiorum
712 1121 843 1152 Romam
858 1130 890 1152 se
907 1119 1060 1161 conferre,

321 1176 403 1208 utin
420 1174 553 1217 collegio
577 1173 801 1207 Maronitarum
824 1173 981 1216 reliquum
1000 1177 1061 1205 stu-

320 1228 446 1261 diorum
458 1227 678 1272 philosophiae
691 1237 726 1260 ac
740 1226 916 1269 theologiae
933 1236 1060 1259 cursum

320 1282 495 1326 perficiant.

364 1336 438 1370 XVI.
464 1335 596 1369 Caveant
621 1334 801 1378 superiores
827 1338 855 1367 et
879 1339 1061 1378 praee-epto-

320 1400 371 1423 res
391 1394 425 1422 ut
447 1389 525 1422 nihil
551 1389 693 1429 doceant,
710 1393 836 1432 praeter
856 1398 901 1429 ea,
920 1398 998 1431 quae
1024 1388 1062 1421 ad

319 1444 482 1488 pietatem,
508 1443 555 1476 vel
580 1442 617 1475 ad
643 1442 793 1475 salutares
818 1442 963 1475 scientias
988 1451 1061 1475 con-

320 1498 434 1530 serunt.

367 1550 455 1584 XVII.
481 1550 704 1594 Praeceptores
724 1549 918 1593 promittant,
936 1559 968 1581 sc
985 1549 1063 1581 nihil

321 1609 431 1638 contra
454 1604 549 1637 fidem
575 1603 779 1645 catholicam,
805 1607 834 1635 et
858 1612 965 1635 reram
989 1602 1062 1634 reli-

321 1658 457 1702 gionem,
483 1663 513 1690 et
539 1657 670 1691 Romani
695 1655 853 1690 Pontiticis
877 1656 1062 1699 primatum,

321 1723 357 1746 ac
376 1713 476 1745 bonos
499 1722 605 1745 mores
630 1711 788 1744 docturos.
929 1704 937 1712 ”

365 1766 467 1800 XVIII.
493 1765 524 1798 Si
548 1765 601 1809 qui
627 1769 773 1808 parentes
798 1774 870 1797 suos
894 1763 975 1797 lilios
1002 1767 1063 1797 tra-

322 1819 467 1862 diderint,
493 1824 526 1852 ut
549 1819 580 1851 in
604 1818 687 1851 dicto
712 1817 844 1861 collegio
869 1817 1064 1858 erudiantur,

322 1873 507 1918 promittant
536 1883 607 1905 cum
640 1872 838 1912 iuramento,
868 1871 953 1914 quod
984 1871 1065 1904 filios

324 1927 396 1960 inde
424 1926 541 1970 absque
563 1925 760 1969 patriarchae
788 1924 878 1958 venia
906 1935 969 1957 non
993 1935 1065 1968 pos-

324 1981 385 2014 sint
421 1980 576 2020 educere,
606 1979 665 2012 nisi
700 1979 857 2023 completo
888 1978 1065 2013 studiorum

324 2045 440 2075 cursu,
464 2034 518 2078 qui
543 2043 560 2066 a
585 2033 747 2077 superiore
780 2032 969 2065 iudicabitur
998 2043 1065 2066 esse

323 2087 527 2121 necessarius.

368 2142 443 2175 XIX.
469 2141 578 2175 Statim
609 2145 643 2173 ut
666 2140 858 2184 recipientur
892 2140 1009 2172 alumni
1034 2140 1066 2172 in

327 2194 469 2237 collegio,
483 2194 628 2238 superior
645 2199 675 2227 et
693 2198 914 2238 praeceptores
931 2193 1066 2237 probent

329 2256 437 2279 eorum
462 2247 622 2290 ingenium
642 2252 671 2280 et
689 2247 893 2291 capacitatem
910 2247 949 2279 ad
966 2246 1066 2279 studia

329 2300 651 2343 capessenda,‘trium
675 2306 728 2333 aut
752 2305 887 2344 quatuor
911 2301 1065 2333 mensium

330 2352 448 2396 spati03
469 2353 495 2386 si
514 2354 577 2397 apti
593 2354 709 2398 reperti
727 2354 852 2396 suerint,
873 2354 1067 2387 retineantur

330 2405 362 2438 in
378 2405 466 2452 dicto·
478 2407 619 2449 collegio,
637 2407 683 2440 sin
700 2408 814 2449 minus,
833 2407 1030 2441 dimittantur
1050 2418 1067 2440 a

330 2459 414 2492 dicto
438 2459 586 2502 collegio,
606 2466 641 2493 ut
657 2461 709 2494 alii
733 2461 872 2495 melioris
890 2461 1007 2505 ingenii
1032 2473 1067 2495 ac

330 2511 509 2555 capaciores
533 2511 565 2543 in
589 2522 699 2545 eorum
730 2514 835 2547 locum
863 2513 1066 2557 recipiantur.

374 2565 435 2597 XX.
460 2564 585 2597 Alumni
620 2565 743 2609 collegii
778 2566 1001 2600 Maronitarum
1036 2567 1067 2600 in

330 2617 414 2650 Urbe
438 2616 614 2650 studiorum
638 2629 732 2652 cursu
748 2619 780 2652 in
796 2619 879 2653 Urbe
897 2620 1066 2664 completo,

328 2680 365 2704 ae
387 2671 450 2704 Deo
473 2671 599 2704 iuvante
622 2672 654 2704 in
677 2673 810 2716 patriam
841 2674 982 2714 reversi,
1014 2679 1064 2707 te-

411 2734 490 2763 Bull.
509 2734 593 2763 Rom.
609 2749 643 2754 --
660 2734 720 2762 Vol.
736 2734 816 2764 XIII.
978 2737 1012 2764 46

1094 321 1226 350 neantur
1262 316 1360 350 tribus
1386 316 1432 349 vel
1458 315 1579 349 duobus
1612 314 1720 347 saltem
1745 314 1834 347 annis

1093 370 1330 413 grammaticam
1347 370 1472 403 latinam
1491 374 1521 401 et
1538 368 1690 412 syriacam
1709 367 1832 408 docere,

1095 424 1140 455 wl
1161 423 1252 457 etiam
1273 434 1363 456 casus
1380 422 1597 463 eonscientiae,
1612 422 1635 454 si
1655 421 1833 465 patriarcha

1093 481 1186 519 atque
1211 476 1390 519 superiores
1417 476 1446 508 id
1472 475 1685 509 iudicaverint.

1138 528 1213 561 XXI.
1240 528 1425 571 Superiores
1449 529 1576 561 demum
1594 528 1725 572 singulis
1745 528 1834 560 aunis

1094 581 1248 615 rationem
1267 582 1443 616 studiorum
1468 582 1635 625 profectus,
1652 587 1744 626 atque
1761 592 1834 625 pro-

1094 646 1233 679 gressus,
1250 635 1303 679 qui
1327 635 1361 668 fit
1385 635 1423 668 ab
1447 635 1596 677 alumnis,
1625 646 1731 668 sacrae
1755 636 1834 667 Con-

1094 689 1271 733 gregationi
1303 688 1341 721 de
1373 689 1580 732 propaganda
1604 689 1678 721 Fide
1704 689 1834 721 reddere

1094 746 1268 782 teneantur,
1293 752 1364 775 cum
1390 741 1586 775 attestatione
1611 741 1818 785 patriarchae.

1139 794 1228 827 XXII.
1246 793 1331 826 Libri
1352 789 1443 826 utiles
1471 804 1507 826 ac
1527 792 1695 825 necessarii
1719 792 1757 824 ad
1775 793 1835 825 alu-

1094 858 1241 881 nmorum
1267 846 1377 887 studia,
1397 846 1484 879 latini
1508 845 1693 890 praesertim
1711 856 1728 878 a
1747 848 1836 878 sacra

1094 901 1345 945 Congregatione
1362 900 1400 933 de
1417 899 1623 944 Propaganda
1639 898 1714 931 Fide
1733 898 1836 943 prori-

1095 954 1189 988 dendi
1213 959 1313 988 erunt.

1139 1009 1222 1041 Ilaec
1253 1007 1358 1041 omnia
1389 1007 1570 1052 patriarcha
1601 1011 1631 1039 ct
1654 1006 1836 1051 superiores

1095 1062 1169 1096 dicti
1195 1062 1319 1105 collegii
1339 1061 1377 1094 de
1398 1061 1538 1094 eiusdem
1563 1061 1709 1094 facultate
1733 1060 1837 1093 mode-

1094 1116 1159 1149 rari
1179 1126 1214 1149 ae
1238 1115 1419 1159 dispensare
1442 1115 1583 1159 possint,
1606 1118 1701 1158 prout
1728 1124 1836 1147 neces-

1095 1169 1168 1203 sitas
1192 1168 1408 1214 postulaverit.

1138 1223 1221 1257 Alias
1237 1233 1363 1267 quoque
1384 1222 1520 1266 regulas,
1537 1222 1562 1255 si
1579 1221 1774 1255 necessariae
1790 1226 1836 1254 at-

1095 1287 1155 1321 que
1175 1277 1267 1310 utiles
1284 1281 1351 1309 tum
1369 1276 1408 1308 ad
1424 1275 1562 1308 studium
1581 1280 1645 1308 tum
1662 1275 1700 1307 ad
1717 1275 1835 1308 bonum

1096 1331 1239 1374 regimen
1259 1330 1333 1364 dicti
1356 1330 1479 1373 collegii
1497 1335 1526 1363 et
1549 1330 1760 1370 alumnorum,
1781 1340 1837 1373 pa-

1096 1385 1234 1418 triarcha
1250 1389 1281 1417 et
1299 1384 1479 1428 superiores
1496 1383 1620 1426 collegii
1637 1384 1674 1416 110
1696 1383 1836 1416 eiusdem

1096 1438 1294 1482 patriarchae
1320 1438 1463 1470 facultate
1485 1437 1621 1470 condere
1645 1441 1808 1480 poterunt:

1141 1492 1156 1536 ἓ
1179 1491 1208 1525 3.
1234 1492 1307 1532 Nos,
1333 1496 1506 1535 perpetuae
1532 1496 1561 1523 et
1586 1490 1758 1524 inviolabili
1781 1500 1834 1523 re-

1096 1546 1242 1589 gularum
1278 1555 1332 1578 seu
1367 1544 1624 1578 constitutionum
1658 1544 1838 1577 huiusmodi

1097 1599 1318 1639 observationi,
1335 1603 1487 1642 quantum
1512 1608 1584 1630 cum
1609 1598 1741 1631 Domino
1765 1608 1839 1641 pos-

1098 1662 1214 1693 sumus,
1236 1652 1400 1684 consulere
1430 1652 1580 1693 volentes⁷
1610 1651 1648 1683 (10
1676 1651 1839 1683 venerabi-

1096 1706 1173 1739 lium
1197 1706 1332 1738 fratrum
1350 1709 1532 1738 nostrorum
1549 1704 1577 1737 S.
1597 1705 1630 1738 R.
1649 1705 1682 1737 E.
1700 1704 1841 1737 cardina-

1097 1760 1174 1793 lium
1198 1759 1331 1802 negocio
1355 1758 1579 1802 propagandae
1605 1758 1636 1790 in
1657 1758 1839 1790 universum

1099 1812 1252 1846 mundum
1288 1812 1361 1844 fidei
1393 1811 1647 1855 praepositorum
1687 1811 1840 1852 consilio,

1098 1867 1224 1910 regulas
1263 1876 1318 1899 5011
1354 1865 1593 1899 constitutiones
1628 1864 1839 1908 praeinsertas

1098 1920 1291 1959 huiusmodi,
1316 1919 1487 1964 apostoliea
1512 1918 1706 1958 auctoritate,
1731 1923 1841 1951 tenore

1098 1974 1323 2019 praesentium,
1333 1977 1486 2017 perpetuo
1497 1972 1711 2016 approbamus
1724 1977 1754 2003 et
1771 1982 1842 2004 con-

1099 2028 1272 2068 firmamus,
1290 2027 1415 2070 illisque.
1439 2025 1627 2058 inviolabilis
1652 2025 1841 2069 apostolicae

1099 2081 1257 2114 firmitatis
1282 2080 1381 2113 robur
1412 2079 1586 2119 adiicimus,
1619 2089 1654 2111 ae
1678 2089 1788 2112 omnes
1813 2084 1842 2111 et

1100 2135 1241 2178 singulos
1264 2140 1329 2167 tam
1355 2134 1431 2167 iuris
1458 2144 1551 2178 quam
1584 2132 1654 2165 sacti
1680 2132 1841 2173 desectus,

1100 2190 1125 2223 si
1150 2189 1202 2233 qui
1233 2188 1368 2232 desuper
1399 2187 1635 2232 quomodolibet
1667 2186 1842 2219 intervene-

1100 2244 1178 2284 rint,
1203 2242 1397 2286 supplemus.

1145 2298 1159 2341 g
1183 2296 1212 2329 4.
1238 2297 1447 2329 Decernentes
1480 2295 1604 2328 easdem
1636 2295 1762 2338 regulas
1788 2304 1843 2327 seu

1101 2350 1339 2385 constitutiones
1364 2349 1396 2382 in
1420 2349 1504 2382 dieto
1537 2348 1671 2392 collegio
1696 2350 1734 2383 ab
1760 2349 1842 2382 illius

1101 2404 1246 2445 alumnis,
1267 2414 1322 2437 seu
1346 2403 1552 2444 scholaribus,
1578 2414 1613 2436 ac
1638 2403 1790 2436 ministris
1814 2407 1844 2437 et

1100 2457 1244 2503 personis
1267 2468 1325 2502 pro
1350 2462 1494 2501 tempore
1518 2456 1742 2498 existentibus,
1771 2467 1843 2500 per-

1101 2518 1196 2557 petuo
1220 2517 1250 2545 et
1274 2511 1496 2544 inviolabiliter
1520 2510 1681 2544 observari
1702 2510 1844 2544 0111111111-

1101 2567 1180 2611 pleri
1205 2566 1329 2607 debere,
1346 2575 1469 2599 necnon
1493 2564 1618 2598 irritum
1643 2569 1673 2598 et
1695 2565 1798 2605 inane,
1819 2564 1843 2597 si

1100 2630 1189 2654 secus
1206 2629 1303 2664 super
1321 2618 1370 2652 his
1390 2629 1407 2652 a
1427 2629 1596 2663 quoquam,
1610 2619 1718 2663 quavis
1739 2623 1843 2652 aucto-

1099 2674 1199 2715 ritate,
1224 2673 1358 2708 solenter
1377 2673 1426 2708 vel
1450 2670 1649 2718 ignoranter,
1675 2672 1844 2718 eontigerit

1732 256 1792 290 361
1845 266 1897 294 An.
1912 265 1940 293 c.
1962 265 2030 294 1625

1925 1503 2038 1525 Confirma-

1854 1531 1883 1552 tio
1917 1530 2038 1557 praedicta-

1854 1564 1899 1580 rum
1909 1558 2036 1583 regularum.

1873 2304 1939 2333 *Quas
1956 2305 1983 2325 ah
2000 2310 2042 2324 om-

1857 2332 1918 2352 nibus
1934 2332 2042 2352 observari

1858 2359 1975 2379 mandatur.
