2269 3235
310 246 362 273 An.
383 245 410 273 c.
428 245 497 272 1628
543 236 606 270 63⁰2

353 733 495 752 novouwnuxr

313 759 364 779 Suu
388 759 457 784 Papae
480 758 494 777 V

381 791 442 810 stip-¹1·
475 791 495 805 η·

314 813 402 832 tuti-rav.

508 294 632 326 soribus
657 292 720 324 suis
746 292 822 323 facta
847 294 877 322 et
901 289 1026 321 decreta
1051 292 1132 327 sunt,
1156 291 1190 319 ut
1209 286 1247 318 ab

509 346 656 379 omnibus
674 348 825 388 perpetuo
843 341 1066 374 inviolabiliter
1083 340 1248 373 observen-

511 404 569 438 tur,
594 397 782 442 apostolicae
806 394 1054 428 confirmationis
1073 393 1248 437 patrocinio

509 452 704 486 corroborat,
722 450 844 492 aliaque.
864 448 979 487 statuit,
1000 447 1122 480 ordinat
1139 451 1169 479 et
1186 446 1248 479 dis-

510 504 614 547 ponit,
641 508 735 546 prout
758 512 967 545 personarum
993 501 1023 533 in
1054 500 1173 533 eisdem
1199 510 1249 532 ee-

510 557 613 589 clesiis
636 555 795 588 Altissiuio
821 555 1036 587 liuuulantium
1062 553 1168 598 quieti,
1190 552 1250 585 uti-

512 610 737 652 tilitatibusque
769 613 798 641 et
829 608 1004 641 commodis
1037 606 1189 650 conspicit
1220 606 1251 638 in

510 663 642 697 Domino
668 663 835 695 salubriter
859 662 1014 705 expedire.

555 718 569 760 ξ
594 717 622 749 ‘l.
648 717 731 750 Alias
754 716 906 760 siquidem
932 727 949 747 a
974 715 1071 747 felicis
1097 713 1248 747 reeorda-

513 771 604 805 tiouis
622 770 707 803 Sixto
726 770 807 813 l'apa
823 770 854 809 V,
870 768 1113 812 praedecessore
1133 771 1251 808 nostro,

512 828 698 856 emanarunt
711 823 844 862 litterae,
856 827 917 854 tam
932 822 989 854 sub
1004 820 1145 864 plumbo,
1159 830 1253 863 quam

512 877 542 909 in
563 877 655 909 simili
681 878 781 909 forma
799 875 915 915 Brevis,
930 874 1048 907 tenoris
1066 873 1255 916 subsequen-

513 931 561 972 tis,
586 931 749 963 videlicet:

737 983 850 1016 Sioelus
875 982 970 1025 Papa
1000 981 1034 1021 V,

602 1037 645 1069 ad
666 1040 858 1081 perpetuam
888 1035 937 1067 ree?
963 1034 1163 1067 memoriam.

557 1091 665 1135 Nuper
690 1102 707 1123 a
731 1089 822 1123 nobis
854 1093 1039 1121 emanarunt
1069 1088 1191 1121 litterae
1216 1092 1258 1120 te-

513 1145 600 1178 noris
625 1143 854 1187 subsequentis,
879 1141 1035 1174 videlicet:

559 1198 662 1232 Sixtus
683 1197 866 1240 episcopus,
888 1206 995 1228 servus
1013 1204 1176 1227 servorum
1194 1192 1264 1233 Dei,

515 1252 553 1284 ad
577 1256 761 1295 perp‹;*tuam
786 1250 830 1282 rei
852 1249 1047 1282 memoriam.
1070 1248 1259 1281 Cunetarum

517 1307 602 1340 orbis
623 1305 827 1339 ecclesiarum
848 1303 1006 1346 regimini,
1023 1305 1151 1335 auctore
1174 1301 1260 1344 pacis

518 1364 683 1398 annuente,
705 1357 864 1402 praesceti,
884 1356 1089 1389 ecclesiarum
1110 1355 1260 1398 ipsarum,

518 1413 703 1457 praesertim
716 1411 953 1453 collegiatarum
971 1409 1142 1452 insignium
1161 1408 1261 1440 almae

519 1466 612 1499 Urbis
637 1469 666 1499 et
690 1474 898 1508 personarum
929 1462 1042 1495 divinis
1068 1461 1143 1494 inibi
1173 1461 1262 1494 obse-

519 1519 600 1563 quiis
625 1518 855 1561 adscripturum
871 1520 983 1550 statum
1005 1515 1137 1548 feliciter
1156 1514 1260 1557 dirigi,

519 1584 554 1606 ac
568 1583 677 1605 earum
695 1571 807 1604 deinde
821 1571 957 1614 quietem
972 1579 1178 1613 personarum
1193 1578 1263 1601 eon-

520 1628 618 1662 foveri
643 1626 820 1670 cupientes,
850 1635 901 1665 ea,
928 1634 1007 1667 quae
1032 1623 1093 1655 illis
1118 1632 1174 1665 per
1199 1622 1262 1654 Ro-

521 1692 630 1715 manos
654 1679 821 1713 Pontifices
851 1677 1112 1721 praedecessores
1136 1680 1262 1708 nostros

522 1745 670 1769 concessa
695 1733 788 1766 fuisse
810 1731 968 1771 dicuntur,
993 1729 1167 1774 apostolico
1192 1740 1262 1761 mu-

523 1789 639 1822 nimine
665 1787 864 1825 roboramus,
890 1785 1028 1827 aliasque
1053 1784 1189 1826 desuper
1206 1782 1264 1815 dis-

523 1843 690 1887 ponimus,
715 1843 809 1884 prout
841 1838 1051 1881 conspicimus
1076 1837 1107 1869 in
1131 1836 1264 1869 Domino

524 1896 690 1929 salubriter
715 1892 874 1937 expedire.
902 1891 965 1924 Etsi
991 1890 1096 1923 dilecti
1123 1890 1179 1922 filii
1208 1900 1262 1922 ar-

524 1949 740 1993 el'iipresbvter
757 1953 786 1979 et
804 1945 974 1989 capitulum
991 1943 1141 1977 eeclesiae
1157 1943 1266 1976 beatae

525 2003 639 2037 Mariae
665 2001 826 2035 Rotundae
844 2000 881 2032 de
898 1999 980 2032 dicta
1001 1998 1084 2032 Urbe
1104 1997 1143 2030 ab
1160 1997 1267 2030 imme-

527 2055 672 2090 morabili
705 2058 846 2097 tempore
866 2052 982 2085 suerint
1006 2056 1036 2083 et
1061 2050 1122 2083 sint
1149 2050 1266 2083 domini

527 2116 556 2143 et
580 2108 703 2153 patroni
728 2107 824 2140 totius
841 2107 961 2150 plateae
978 2105 1007 2138 S.
1022 2105 1135 2137 Mariae
1153 2106 1268 2137 Rotun-

527 2164 582 2197 dae
603 2166 799 2205 nuncupatae
811 2165 882 2193 ante
895 2159 1060 2192 ecclesiam
1075 2158 1267 2202 praedictam

528 2217 697 2256 existentis,
719 2220 749 2247 et
774 2214 804 2246 in
830 2213 960 2257 pacitica
979 2213 1130 2245 hactenus
1148 2221 1269 2255 posses-

529 2272 615 2304 sione
647 2267 805 2303 extiterint
837 2266 961 2301 tenendi
985 2266 1120 2306 bancos,
1146 2269 1176 2298 et
1201 2265 1270 2297 illos

528 2324 664 2365 locandi,
690 2334 725 2355 ac
749 2321 886 2366 pretium
905 2320 976 2353 inde
996 2318 1185 2363 proveniens
1203 2329 1272 2362 per-

530 2377 674 2421 cipiendi,
693 2376 775 2409 unde
792 2374 920 2414 nemini,
942 2384 999 2406 nec
1014 2372 1119 2412 iudici,
1136 2382 1194 2404 nee
1211 2382 1273 2403 ma-

532 2431 684 2474 gistratui,
703 2433 755 2463 aut
772 2427 927 2472 superiori
943 2426 1078 2468 licuerit,
1095 2435 1153 2458 nec
1169 2425 1271 2464 liceat,

532 2484 840 2528 :ii-ctiiprosbyterum
861 2487 891 2515 et
907 2481 1077 2525 capitulum
1095 2479 1273 2524 praedictos

535 2539 565 2571 iu
591 2539 656 2582 ipsa
682 2548 790 2571 eorum
808 2536 1018 2581 possessione,
1042 2534 1209 2577 minusque
1226 2544 1274 2566 eo-

1088 239 1267 263 nULLARIUM
1291 238 1446 262 ROMANUM

1281 290 1334 319 aut
1362 286 1400 318 ab
1426 285 1500 329 ipsis
1530 284 1691 318 locatarils
1724 289 1888 328 praetextu
1920 284 2021 317 dictae

1282 339 1402 383 plateae
1426 338 1545 381 aliquid
1570 338 1706 381 exigere,
1735 343 1844 381 petere
1872 338 1919 370 vel
1945 336 2023 370 reei-

1283 402 1375 436 pere;
1402 391 1464 424 imo
1489 391 1570 424 soliti
1592 391 1663 431 sint,
1680 395 1743 423 tam
1762 391 1793 422 in
1810 390 1890 424 dicta
1908 391 2021 434 platea,

1283 456 1377 488 quam
1403 450 1499 485 extra,
1515 449 1545 477 et
1560 454 1660 488 prope
1680 454 1749 476 eam
1767 444 1799 476 in
1812 443 1869 476 viis
1888 443 2023 487 publicis

1283 498 1321 530 ab
1351 498 1404 530 itta
1435 497 1473 530 ad
1506 497 1645 541 quinque
1675 507 1789 530 cannas
1820 496 1868 529 vel
1900 496 2024 530 circiter

1284 550 1482 593 distantibus,
1499 552 1629 591 fructus,
1644 550 1771 590 herhas,
1784 559 1907 593 panem,
1924 549 2026 593 pisces

1285 608 1315 637 et
1334 604 1394 636 alia
1419 607 1480 638 tam
1506 603 1713 636 comestibilia
1732 613 1826 646 quam
1852 601 2027 635 incomesti—

1286 657 1360 689 bilia
1376 656 1511 690 vendere
1528 656 1704 689 volentibus
1718 655 1875 688 licentiam
1893 655 2027 699 desuper

1287 710 1471 751 concedere,
1495 720 1531 743 ae
1555 720 1782 754 quoscumque,
1807 709 1860 752 qui
1884 719 1943 752 pro
1967 708 2028 741 eie-

1288 764 1390 797 ctione
1415 764 1472 796 luti
1493 774 1529 797 ac
1553 762 1825 796 immunditiarum
1846 761 1946 794 dietae
1966 762 2030 805 pla·

1289 822 1355 849 teae
1380 822 1481 850 ratam
1505 822 1628 861 partem
1649 817 1771 850 solvere
1795 820 1949 856 recusant,
1966 825 2031 848 om-

1289 880 1408 913 nesque
1433 870 1464 902 in
1488 870 1668 903 huiusmodi
1693 870 1796 913 platea
1820 879 1856 902 ae
1881 869 1958 902 locis
1989 868 2031 901 vi-

1290 923 1368 956 cinis
1404 923 1494 956 dictis
1531 923 1804 967 archipresbytero
1835 927 1865 955 et
1895 922 2031 966 capitulo

1291 976 1440 1009 subiectis
1461 975 1629 1009 vendentes
1646 976 1720 1018 (illis
1745 975 1907 1008 dumtaxat
1924 985 2033 1019 excep-

1293 1030 1339 1070 tis,
1364 1030 1418 1074 qui
1443 1029 1475 1062 in
1499 1028 1576 1062 locis
1600 1028 1768 1062 ordinariis
1786 1033 1815 1061 et
1832 1039 1888 1072 per
1905 1028 2032 1061 eosdem

1292 1083 1601 1128 archipresbyterum
1626 1087 1656 1116 et
1680 1083 1851 1127 capitulum
1879 1082 2034 1126 deputatis

1292 1137 1330 1170 de
1355 1148 1465 1170 eorum
1490 1137 1615 1170 licentia
1650 1141 1798 1177 manent,
1826 1141 1880 1169 aut
1909 1136 1979 1168 illos
2002 1136 2034 1168 in

1293 1191 1439 1224 dominos
1456 1190 1710 1233 recognoscunt),
1724 1190 1794 1222 illos
1808 1200 1932 1233 quoque
1949 1188 2036 1221 habi-

1294 1249 1403 1286 tantes,
1421 1243 1475 1287 qui
1497 1248 1567 1276 ante
1592 1254 1703 1277 eorum
1727 1244 1895 1287 apothecas
1918 1242 2035 1275 bancos

1296 1298 1377 1330 ultra
1407 1297 1547 1330 debitum
1562 1324 1569 1338 ,
1594 1307 1649 1330 seu
1679 1297 1816 1331 tabulata
1840 1302 1870 1329 et
1893 1296 2035 1337 tabulas,

1296 1362 1390 1395 super
1414 1351 1528 1394 quibus
1552 1361 1603 1384 res
1620 1350 1800 1384 vendendae
1820 1349 1919 1383 teneri
1937 1354 1967 1383 et
1986 1360 2038 1382 ex-

1296 1404 1397 1437 hiberi
1421 1405 1542 1447 solent,
1569 1415 1586 1437 a
1610 1404 1729 1448 pariete
1751 1404 1923 1448 apothecae
1954 1403 2037 1436 ultra

1296 1462 1431 1502 quatuor
1453 1459 1576 1502 palmos
1599 1458 1748 1491 distantes
1768 1457 1892 1497 habent,
1910 1461 1963 1489 aut
1979 1456 2037 1489 sub

1296 1512 1386 1544 dictis
1399 1511 1530 1544 banchis
1543 1516 1574 1544 et
1590 1511 1706 1544 tabulis
1722 1511 1845 1551 barilia,
1860 1511 1948 1552 tinas,
1963 1510 2037 1551 sive,

1296 1570 1330 1597 ut
1352 1565 1445 1607 vulgo
1470 1564 1586 1606 dicunt,
1612 1564 1741 1605 tinozas,
1765 1564 1904 1608 aliasque
1925 1574 1975 1596 res
1994 1568 2038 1596 te-

1296 1621 1390 1659 nent,
1415 1618 1453 1650 ad
1485 1617 1675 1652 solutionem
1711 1622 1741 1652 et
1773 1617 2040 1651 contributionem

1297 1673 1434 1705 debitam
1459 1682 1573 1715 cogere
1598 1677 1628 1705 et
1652 1672 1859 1715 compellere:
1884 1670 2042 1703 nihilomi-

1297 1737 1366 1767 nus,
1384 1726 1464 1759 sieut
1488 1726 1678 1769 accepimus,
1696 1725 1838 1759 nonnulli
1864 1724 1967 1764 vicini,
1985 1724 2041 1756 do-

1299 1790 1366 1813 mos
1383 1780 1414 1812 in
1432 1779 1566 1813 circuitu
1583 1779 1724 1812 eiusdem
1745 1779 1867 1822 plateae
1884 1778 2042 1822 possiden-

1299 1838 1343 1867 tes
1357 1838 1387 1866 et
1399 1832 1738 1873 habitantes-nescitur
1751 1842 1813 1875 quo
1831 1831 1909 1873 iure,
1924 1831 2042 1875 absque

1298 1888 1424 1921 licentia
1442 1887 1601 1920 dictorum
1626 1885 1893 1930 archipresbyteri
1917 1890 1947 1918 et
1963 1885 2044 1929 capi-

1301 1941 1355 1975 tuli
1380 1941 1466 1974 iuxta
1490 1951 1562 1973 suos
1587 1940 1724 1984 parietes
1755 1944 1785 1972 et
1814 1944 1884 1972 ante
1909 1949 1962 1972 eos
1986 1938 2044 1972 eri-

1300 2005 1374 2038 gere
1409 1997 1692 2039 ltiraesumpserunt
1726 1993 1844 2026 bancos
1882 1992 1919 2025 ad
1951 2003 2045 2025 usum

1301 2049 1423 2082 macelli
1455 2053 1485 2081 et
1514 2059 1573 2092 pro
1605 2046 1774 2080 vendendis
1802 2045 1960 2090 piscibus,
1985 2056 2044 2089 pro

1301 2102 1414 2146 quibus
1432 2102 1524 2134 etiam
1549 2100 1667 2144 aliquid
1691 2099 1858 2144 praedietis
1882 2099 2045 2142 archipre-

1302 2156 1427 2200 sbytero
1452 2160 1482 2188 et
1506 2154 1642 2198 capitulo
1674 2154 1796 2187 solvere
1820 2157 1987 2193 recusant,
2013 2152 2045 2184 in

1303 2219 1397 2252 grave
1422 2219 1531 2241 eorum
1558 2208 1707 2240 damnum
1732 2211 1762 2239 et
1785 2205 2024 2250 praeiudicium.

1347 2263 1362 2306 ξ
1386 2262 1415 2295 2.
1441 2262 1503 2295 Nos
1524 2261 1600 2304 (qui,
1626 2271 1665 2293 ne
1689 2270 1747 2303 per
1764 2259 1865 2292 varias
1886 2270 1965 2303 quae
1986 2269 2044 2303 pro

1304 2315 1579 2349 commissionibus
1604 2325 1659 2347 seu
1684 2313 1837 2346 mandatis
1858 2318 1888 2346 et
1907 2313 2047 2346 declara·
2061 2328 2182 2374 &summus
2194 2352 2244 2368 m-

1305 2370 1443 2403 tionibus
1478 2368 1630 2402 habendis
1664 2368 1695 2400 in
1726 2367 1828 2400 causis
1859 2368 2046 2411 plerumque
2061 2373 2224 2396 armatumruit.

1305 2424 1417 2456 fierent
1426 2422 1644 2466 suggestiones
1656 2421 1772 2455 iustitia
1784 2419 2046 2465 proponeretur¹,

1307 2477 1425 2510 dudum
1450 2477 1531 2509 inter
1555 2476 1615 2508 alia
1639 2475 1837 2508 decrevimus
1858 2479 1888 2509 et
1910 2475 2049 2508 declara·
2081 2469 2084 2472 ’

1341 2559 1355 2585 ’1
1374 2558 1414 2584 An
1430 2557 1473 2584 hic
1488 2560 1514 2583 et
1528 2559 1623 2591 postea
1640 2560 1715 2584 reeta
1734 2556 1824 2591 lectio,
1845 2555 1947 2583 iudicet
1965 2555 2049 2582 tector

535 2602 605 2624 sum
629 2591 805 2630 lOfflfflsiOSv
829 2589 997 2634 quominus
1021 2588 1152 2621 banebis
1168 2591 1197 2619 et
1213 2586 1275 2629 Pla·
1308 2602 1393 2635 scius;
1411 2601 1501 2629 forsan
1522 2601 1666 2636 legendum
1686 2602 1756 2628 foret
1770 2601 1886 2629 iustitia
1898 2602 2046 2636 postpone-

535 2647 585 2678 tea
602 2644 877 2689 praedictislibere
895 2643 938 2676 uti
954 2643 1085 2691 possint,
1096 2641 1275 2682 molestare,
1308 2650 1400 2683 retur,
1417 2650 1463 2675 aut
1477 2646 1566 2674 simite
1580 2648 1618 2682 (u.
1635 2646 1684 2682 τ.).

2029 235 2081 263 An.
2102 233 2133 262 G.
2151 233 2219 263 1628

2087 2267 2167 2292 Quibus
2184 2271 2244 2288 omno

2061 2295 2092 2316 ius
2108 2294 2196 2321 capituli
2211 2299 2245 2314 su·

2154 2321 2245 2346 plateam
