2269 3235
232 256 282 284 An.
297 255 327 283 C.
350 255 418 284 1624
462 246 527 282 178

303 429 416 456 notuit-atio

233 460 390 484 exequuturum.

312 2140 427 2167 Derogatio

244 2169 406 2189 contrariorum*

432 315 525 347 quam
539 303 609 337 sacti
626 303 775 344 desectus,
793 302 816 335 si
831 302 884 346 qui
903 301 1128 335 intervenerint
1141 302 1171 335 in

432 357 559 397 eisdem,
584 358 776 401 suppleums.

477 412 492 455 ἓ
516 411 545 444 3.
578 411 731 450 Quocirca
763 409 994 443 venerabilibus
1022 409 1172 442 fratribus

432 465 636 509 patriarchis,
669 464 915 508 archiepiscopis
940 469 970 496 et
994 463 1172 507 episcopis,

431 517 562 561 aliisque
579 518 720 551 locorum
730 516 903 550 Ordinariis
913 516 1172 560 quibuscumque,

432 580 553 604 necnon
577 570 690 604 dilecto
715 570 779 603 tilio
805 581 971 603 causarum
996 569 1103 603 curiae
1127 579 1174 602 ca-

433 634 538 657 merae
561 624 754 668 apostolieae
782 624 921 667 generali
946 624 1092 664 auditori,
1117 634 1173 668 per

431 683 611 721 praesentes
620 677 847 711 committimus
856 683 886 710 et
896 677 1090 717 mandaums,
1101 687 1174 721 qua-

433 737 522 764 tenus
543 731 674 774 quilibet
694 742 815 772 eorum,
833 731 1095 774 quandocumque
1113 732 1174 763 sue-

432 785 495 818 rint
510 784 663 828 requisiti,
678 796 734 828 per
751 795 794 825 se,
811 785 858 817 vel
883 785 989 825 alium,
1007 795 1062 817 seu
1086 784 1173 826 alios,

432 843 613 883 praesentes
630 839 758 879 litteras,
776 842 806 870 et
822 838 853 869 in
870 838 914 870 eis
927 841 1072 871 contenta
1085 848 1175 880 quae-

433 903 579 936 cumque,
593 892 646 924 ubi
661 898 691 924 et
704 891 829 935 quando
843 902 922 934 opus
939 890 1041 930 fuerit,
1055 896 1085 922 et
1101 901 1176 933 quo-

433 946 491 979 ties
523 957 582 990 pro
614 951 703 990 parte
735 944 925 978 correctoris
957 944 1113 986 generalis
1146 948 1176 976 et

433 1000 566 1033 fratrum
598 999 833 1042 praedictorum
864 997 981 1030 suerint
1013 996 1176 1040 requisiti,

434 1052 616 1086 solemniter
625 1052 829 1096 publicantes,
840 1051 947 1094 eisque
957 1051 986 1083 in
994 1050 1176 1094 praemissis

434 1106 568 1139 efficacis
592 1106 781 1139 defensionis
804 1105 962 1149 pracsidio
987 1104 1176 1144 assistentes,

434 1160 548 1194 saciant
573 1160 698 1193 easdem
729 1160 857 1203 plenum
892 1169 1002 1192 eorum
1031 1158 1176 1190 effectum

435 1214 552 1255 sortiri,
579 1212 718 1257 illisquc¹
736 1223 845 1246 omnes
870 1223 949 1256 quos
974 1217 1177 1252 concernunt,

435 1268 567 1313 pacifice
584 1267 644 1300 srui
659 1272 688 1300 et
705 1267 857 1310 gaudere3
878 1277 942 1299 non
961 1266 1178 1310 permittentes

437 1321 615 1365 quempiam
633 1321 898 1364 desuper,contra
911 1319 1124 1363 praesentium
1140 1324 1180 1352 te-

436 1385 547 1408 norem
562 1402 570 1415 ,
595 1373 653 1406 sub
684 1374 795 1417 quovis
820 1378 985 1417 praetextu
1009 1378 1039 1405 et
1064 1374 1178 1415 causa,

438 1429 530 1462 etiam
545 1428 667 1461 defectu
681 1427 862 1460 intentionis
874 1431 1009 1467 nostrae,
1020 1438 1076 1471 per
1089 1437 1181 1470 quos-

438 1492 573 1525 cumque
597 1481 835 1525 quomodolibet
852 1480 988 1513 indebite
1008 1480 1180 1520 molestari,

438 1535 579 1580 quinimo
604 1535 754 1578 quicquid
778 1534 808 1567 in
829 1534 1023 1568 contrarium
1037 1534 1179 1568 attentari

439 1590 486 1622 vel
503 1589 572 1622 sieri
589 1589 759 1631 continget,
776 1588 906 1621 omnino
923 1598 1050 1631 semper
1063 1588 1094 1620 in
1114 1588 1181 1632 pri-

439 1643 555 1676 stinum
568 1643 680 1686 reponi
689 1642 708 1682 ²3
723 1642 970 1676 contradictores
982 1641 1140 1685 quoslibet
1152 1646 1182 1674 et

440 1697 573 1730 rebelles
590 1696 682 1729 etiam
703 1706 760 1740 per
776 1706 1000 1740 quascumque,
1014 1696 1053 1728 de
1068 1696 1182 1739 quibus

440 1751 485 1784 eis
509 1751 642 1791 videtur,
670 1760 819 1783 censuras
843 1754 873 1783 et
897 1760 1015 1793 poenas
1039 1750 1183 1783 ecclesia-

441 1805 554 1845 sticas,
587 1805 710 1847 aliaque
740 1809 916 1847 opportuna
940 1803 1018 1837 iuris
1050 1808 1080 1837 et
1110 1804 1181 1836 sacti

440 1857 591 1898 remedia,
615 1857 822 1901 appellatione
846 1856 1034 1900 postposita,
1055 1867 1182 1900 compe-

441 1912 567 1952 scendo,
592 1921 638 1951 ac,
663 1910 811 1953 legitimis
836 1921 930 1954 super
958 1911 1006 1943 his
1031 1910 1182 1943 habendis

442 1965 572 1998 servatis
586 1964 799 2008 processibus,
817 1964 909 1996 etiam
931 1964 1050 1997 iteratis
1063 1964 1183 1997 vicibus

441 2019 658 2062 aggravando,
684 2018 826 2051 invocato
852 2018 946 2050 etiam
977 2017 1015 2049 ad
1047 2018 1122 2060 hoc,
1158 2018 1182 2051 si

442 2083 520 2117 opus
543 2072 646 2113 suerit,
670 2072 786 2105 auxilio
810 2071 931 2105 brachii
955 2071 1115 2105 secularis.

488 2127 503 2170 ἓ
520 2126 549 2159 4.
566 2127 633 2160 Non
650 2126 847 2159 obstantibus
863 2126 1055 2170 praemissis,
1066 2136 1101 2158 ac
1113 2126 1183 2169 piae

443 2182 615 2214 memoriae
629 2181 778 2215 Bonifaeii
792 2181 893 2224 Papae
910 2181 975 2214 Vlll
992 2181 1084 2215 etiam
1098 2191 1184 2224 prae-

444 2235 617 2268 decessoris
640 2235 740 2268 nostri
764 2235 802 2267 de
827 2236 910 2275 una,
936 2239 965 2267 et
990 2235 1020 2274 in
1050 2234 1183 2268 concilio

444 2288 583 2332 generali
599 2289 681 2322 edita
699 2288 737 2321 de
754 2288 875 2321 duabus
891 2288 991 2328 dietis,
1012 2288 1184 2322 dummodo

442 2342 524 2375 ultra
550 2348 612 2375 tres
636 2342 734 2374 dietas
758 2342 870 2385 aliquis
895 2342 1080 2375 auctoritate
1099 2352 1186 2385 prae-

444 2396 577 2428 sentium
588 2396 626 2428 ad
644 2396 795 2429 iudicium
813 2406 875 2428 non
888 2396 1041 2436 trahatur,
1054 2395 1185 2439 aliisque

444 2449 622 2492 apostolicis
639 2449 913 2483 constitutionibus
931 2454 961 2482 ct
980 2449 1185 2483 ordinationi-

444 2503 524 2544 bus,
559 2514 594 2535 ae
624 2503 777 2535 Ordinem
806 2503 1040 2546 praedictorum
1065 2504 1186 2536 statutis

445 2562 474 2590 et
488 2556 776 2599 consuetudinibus,
795 2556 888 2588 etiam
910 2556 1097 2597 iuramento,
1116 2566 1187 2590 een·

481 2630 493 2656 1
512 2628 580 2655 Edit.
598 2628 675 2654 Main.
693 2628 755 2661 legit
771 2628 890 2663 illosque
905 2629 942 2663 (n.
960 2629 1008 2663 T.).

480 2674 497 2703 2
511 2673 686 2708 Subintellige
701 2674 838 2708 facientes
853 2674 894 2707 (a.
911 2674 959 2707 Τ.).

1010 253 1190 278 BULLAmuM
1215 253 1371 278 ROMANUM

1206 300 1384 335 firmatione
1408 301 1579 346 apostolica
1598 301 1646 335 vel
1667 302 1775 347 quavis
1797 302 1947 338 firmitate

1206 356 1265 389 alia
1283 356 1450 397 roboratis,
1471 355 1645 399 privilegiis
1658 367 1793 400 quoque,
1818 357 1947 391 indultis

1206 413 1236 443 et
1260 409 1370 443 litteris
1394 409 1590 453 apostolicis,
1615 409 1673 442 sub
1696 409 1947 455 quibuscumque

1208 462 1370 495 tenoribus
1394 467 1423 495 et
1448 462 1578 503 formis,
1608 472 1644 495 ac
1679 473 1751 496 eum
1787 463 1947 506 quibusvis

1207 515 1301 549 etiam
1325 515 1597 559 derogatoriarum
1615 515 1841 558 derogatoriis,
1865 516 1948 550 aliis-

1207 580 1267 613 que
1281 569 1506 603 efficacissimis
1520 575 1549 602 et
1562 569 1694 602 insolitis
1707 568 1865 610 clausulis,
1875 581 1949 614 quo-

1208 623 1389 664 modolibet,
1414 623 1507 657 etiam
1529 623 1657 667 pluries,
1686 622 1852 664 concessis,
1877 633 1950 658 eon-

1207 677 1340 710 firmatis
1372 682 1402 710 et
1432 678 1596 711 innovatis.
1629 676 1748 716 Quibus
1781 677 1927 711 omnibus
1941 705 1950 720 ,

1208 730 1328 763 etiamsi
1349 741 1408 774 pro
1426 730 1551 763 illorum
1567 730 1732 763 sufficienti
1746 731 1951 774 derogatione

1208 784 1246 816 de
1259 784 1329 825 illis,
1344 795 1517 827 eorumque
1534 784 1607 817 totis
1621 784 1783 817 tenoribus
1797 783 1951 828 specialis,

1208 837 1363 880 specifica,
1372 848 1521 881 expressa
1534 841 1563 870 et
1572 837 1740 879 individua,
1753 848 1789 871 ac
1802 837 1840 870 de
1854 838 1951 872 verbo

1208 891 1246 923 ad
1272 890 1415 931 verbum,
1434 901 1497 924 non
1518 895 1622 924 autem
1646 902 1702 935 per
1726 892 1881 924 clausulas
1901 902 1953 935 ge-

1210 944 1332 976 nerales
1345 944 1428 977 idem
1440 944 1654 988 importantes,
1664 945 1781 978 mentio
1794 956 1848 979 seu
1860 956 1953 989 quae-

1210 997 1256 1029 vis
1277 997 1336 1029 alia
1356 997 1517 1040 expressio
1536 997 1681 1030 habenda
1697 1003 1749 1030 aut
1765 998 1868 1042 aliqua
1893 999 1953 1032 alia

1211 1049 1363 1093 exquisita
1390 1050 1491 1082 forma
1517 1050 1556 1082 ad
1582 1050 1642 1083 hoc
1666 1051 1818 1083 servanda
1848 1052 1952 1094 soret,

1211 1103 1304 1135 etiam
1323 1102 1407 1146 quod
1420 1102 1451 1134 in
1466 1103 1510 1136 eis
1527 1108 1674 1136 caveatur
1694 1114 1853 1148 expresse,
1870 1106 1954 1148 quod

1212 1157 1273 1189 illis
1296 1157 1474 1189 nullatenus
1488 1184 1495 1198 ,
1528 1160 1580 1190 aut
1615 1157 1739 1190 nonnisi
1770 1158 1828 1191 sub
1860 1159 1954 1192 certis

1212 1210 1305 1243 modo
1331 1215 1361 1243 et
1385 1212 1486 1243 forma
1512 1210 1659 1253 derogari
1684 1210 1800 1254 possit,
1828 1216 1955 1246 tenores

1212 1263 1403 1303 huiusmodi,
1417 1274 1452 1296 ac
1466 1263 1491 1295 si
1505 1263 1543 1296 de
1560 1263 1656 1297 verbo
1670 1263 1708 1296 ad
1722 1263 1863 1305 verbum,
1877 1264 1954 1298 nihil

1212 1317 1336 1361 penitus
1361 1317 1498 1357 omisso,
1523 1320 1553 1351 et
1578 1317 1677 1350 forma
1701 1317 1731 1349 in
1756 1317 1818 1350 illis
1842 1318 1956 1352 tradita

1213 1373 1388 1412 observata,
1406 1372 1514 1404 inserti
1531 1372 1644 1412 serent,
1664 1372 1883 1415 praesentibus
1897 1383 1956 1416 pro

1214 1425 1404 1459 sufficienter
1422 1425 1581 1469 expressis
1601 1430 1632 1458 et
1652 1425 1778 1458 insertis
1795 1425 1956 1467 habentes,

1215 1483 1311 1521 motu,
1337 1478 1465 1511 scientia
1484 1483 1514 1510 et
1533 1478 1719 1511 auctoritate
1740 1478 1894 1511 similibus
1908 1479 1957 1512 de-

1214 1543 1375 1576 rogamus,
1393 1532 1560 1566 contrariis
1578 1532 1846 1577 quibuscumque;
1863 1537 1916 1567 aut
1932 1533 1957 1566 si

1215 1587 1371 1630 aliquibus
1388 1585 1597 1620 communiter
1614 1586 1662 1619 vel
1680 1585 1802 1619 divisim
1820 1587 1860 1619 ab
1879 1587 1959 1630 Apo-

1215 1640 1325 1674 stolica
1350 1640 1389 1673 sit
1412 1639 1491 1673 Sede
1515 1639 1682 1680 indultum,
1702 1639 1786 1683 quod
1802 1639 1957 1682 interdici,

1216 1693 1364 1738 suspendi
1390 1694 1437 1726 rel
1462 1692 1729 1726 excommunicari
1750 1703 1813 1725 nen
1837 1693 1959 1737 possint

1216 1758 1274 1791 per
1298 1747 1416 1781 litteras
1440 1747 1629 1790 apostolicas
1648 1756 1711 1780 non
1727 1746 1875 1780 facientes
1891 1747 1957 1791 ple-

1216 1810 1287 1833 nam
1305 1805 1335 1833 et
1350 1810 1529 1844 expressam
1547 1810 1582 1833 ac
1602 1800 1640 1833 de
1656 1800 1753 1833 verbo
1770 1800 1808 1832 ad
1825 1800 1958 1833 verbum

1216 1855 1254 1888 de
1278 1854 1398 1888 indulto
1423 1854 1605 1887 huiusmodi
1630 1854 1831 1887 mentionem.

1261 1909 1276 1952 ξ,
1293 1908 1322 1941 5.
1341 1909 1467 1950 Verum,
1485 1908 1558 1953 quia
1574 1908 1700 1941 difficile
1717 1908 1797 1941 soret
1814 1918 1959 1952 praesen-

1217 1967 1262 1997 tes
1278 1963 1406 2003 litteras,
1423 1962 1615 2006 ubicumque
1629 1973 1708 2006 opus
1725 1967 1815 2004 esset,
1832 1963 1958 2005 deferri,

1216 2016 1371 2057 volumus,
1388 2021 1418 2049 et
1438 2016 1556 2060 pariter
1580 2016 1764 2050 auctoritate
1788 2017 1959 2061 apostolica

1217 2070 1438 2110 decernimus,
1469 2069 1555 2114 quod
1589 2069 1715 2102 illarum
1739 2070 1958 2114 transumptis,

1218 2134 1313 2157 manu
1329 2123 1461 2156 alicuius
1477 2134 1515 2156 ex
1531 2123 1708 2156 secretariis
1725 2123 1861 2156 cuiusvis
1873 2134 1960 2168 prac-

1217 2178 1374 2211 dictorum
1393 2178 1607 2221 praelatorum
1623 2177 1829 2220 generalium,
1846 2188 1882 2211 ac
1902 2179 1960 2212 Ro-

1218 2242 1327 2264 manae
1339 2231 1444 2264 curiae
1457 2231 1675 2271 commissarii,
1686 2236 1715 2263 et
1728 2241 1959 2273 successorum,

1218 2291 1270 2318 aut
1289 2285 1403 2319 notarii
1428 2285 1546 2328 publici
1571 2284 1777 2328 subscriptiS,
1802 2290 1832 2318 et
1856 2285 1960 2328 sigillo

1219 2339 1312 2373 officii
1330 2338 1458 2372 alterius
1476 2338 1670 2379 eorumdem,
1687 2344 1740 2371 aut
1760 2349 1912 2382 personae
1929 2339 1961 2372 in

1219 2393 1370 2436 dignitate
1395 2392 1604 2425 ecclesiastica
1622 2392 1818 2434 constitutae,
1840 2403 1893 2426 seu
1911 2404 1961 2426 cu-

1220 2448 1284 2481 riae
1309 2447 1537 2480 ecclesiasticae
1550 2447 1688 2487 munitis,
1706 2447 1815 2479 eadem
1832 2457 1962 2490 prorsus

1220 2501 1297 2534 fides
1323 2501 1354 2533 in
1378 2500 1492 2533 iudicio
1518 2504 1548 2534 et
1572 2504 1658 2534 extra
1674 2500 1752 2533 illud
1765 2500 1961 2541 adhibeatur,

1220 2564 1300 2598 quae
1316 2553 1535 2597 praesentibus
1560 2554 1783 2596 adhiberetur,
1809 2553 1835 2586 si
1860 2553 1962 2587 forent

1221 2608 1376 2642 exhibitae
1400 2608 1447 2640 vel
1472 2612 1623 2640 ostensae.

1265 2663 1377 2698 Datum
1404 2663 1530 2703 Romae,
1555 2661 1638 2707 apud
1664 2661 1693 2695 S.
1715 2661 1844 2695 Mariam
1865 2661 1960 2696 Maio-

1960 257 2012 285 An.
2026 255 2055 285 C.
2074 256 2145 286 1624

2024 1918 2088 1940 Fides
2104 1921 2158 1940 tran·

1974 1948 2111 1974 sumptorum.
