2269 3235
115 237 165 265 An.
182 236 212 265 C.
235 235 304 264 1626

175 1791 202 1812 Et
224 1791 241 1812 si
266 1796 308 1818 qua

124 1818 152 1838 illi
190 1820 307 1839 attentave-

123 1844 177 1867 rint,
193 1845 252 1866 irrita
272 1845 307 1866 de·

123 1871 196 1892 clarat.

152 2482 260 2513 Clausulas
272 2489 311 2510 ap-

124 2512 191 2536 ponit.

926 233 1068 257 URBANUS
1093 233 1149 257 VIII
1174 234 1220 257 Pr.

315 283 373 317 sub
391 282 725 316 excommunicationis
740 283 818 315 latae
839 282 1019 322 sententiae⁷
1039 292 1055 314 a

315 337 378 381 qua
400 335 525 370 nonnisi
550 346 568 369 a
591 336 682 369 nobis
703 341 734 369 et
753 336 812 369 hac
826 335 940 382 Sancta
959 334 1054 375 Sede,

315 395 535 435 praeterquam
554 390 585 422 in
603 389 714 423 mortis
732 388 865 422 articulo
887 387 1054 429 constituti,

315 443 436 477 absolvi
460 442 600 487 possint,
624 451 748 475 necnon
779 440 964 485 privationis
989 450 1055 472 om-

316 496 403 529 nium
420 500 450 529 et
466 504 741 539 quorumcumque
764 492 992 526 beneficiorum
1011 503 1057 525 ec-

316 549 563 583 clesiasticorum
588 547 885 597 quomodopumque
910 550 939 578 et
955 546 1055 589 quali-

316 608 500 646 tercumque
524 601 787 646 quabficatorum,
812 599 906 632 etiam
930 599 1056 642 speciali

316 657 389 690 nota
407 660 437 690 et
455 655 657 699 expressione
681 653 859 696 dignorum,
876 662 999 686 necnon
1015 652 1058 685 di-

316 711 357 745 cti
381 709 647 744 commissariatus
676 708 843 749 cruciatae,
868 711 898 740 et
922 707 1056 741 aliorum

316 773 590 808 quorumcumque
622 762 799 796 officiorum
824 772 859 795 ac
889 771 1055 795 munerum

316 827 374 861 per
397 827 451 850 eos
474 816 649 860 respective
678 815 939 859 quomodolibet,
964 820 994 848 et
1019 826 1055 848 ex

317 870 478 914 quibusvis
502 869 758 904 concessionibus
776 874 806 902 et
822 869 1058 913 dispensationi-

316 925 376 957 bus
400 923 493 958 etiam
518 923 556 956 ab
587 923 699 957 eadem
723 923 802 956 Sede
833 922 1057 963 obtentorum,

317 981 552 1021 perpetuaeque
576 976 780 1009 inhabilitatis
804 976 842 1009 ad
866 976 918 1008 illa
943 981 973 1009 et
1000 976 1059 1008 alia

318 1031 350 1064 in
366 1035 529 1074 posterum
550 1029 730 1070 obtinenda,
752 1029 821 1073 ipso
844 1029 925 1062 sacto
942 1028 1059 1072 absque

319 1083 380 1117 alia
403 1083 614 1116 declaratione
638 1092 694 1116 seu
725 1082 837 1116 iudicis
865 1082 1058 1123 ministerio,

319 1136 517 1170 incurrendis
531 1136 651 1180 poenis,
664 1135 803 1169 districte
817 1135 1000 1179 praecipiat,
1011 1145 1059 1175 ne,

319 1191 419 1224 donec
442 1190 532 1223 aliter
549 1189 588 1222 ab
608 1190 666 1223 hac
684 1189 795 1223 Sancta
811 1188 890 1222 Sede
910 1193 1059 1221 statutum

320 1248 350 1277 et
367 1243 547 1277 ordinatum
563 1242 667 1285 fuerit,
682 1242 873 1286 quicumque
887 1242 971 1275 circa
987 1252 1060 1275 cau-

320 1307 369 1331 sas
389 1302 420 1330 et
443 1296 646 1337 differentias,
663 1296 786 1340 aliaque
809 1296 983 1340 praemissa
999 1296 1059 1329 hu-

321 1350 466 1392 iusmodi,
482 1349 593 1393 quovis
614 1346 886 1393 quaesitfflcolore
902 1350 950 1382 vel
974 1360 1061 1393 prae-

321 1407 424 1445 textu,
450 1414 506 1437 seu
530 1414 567 1436 ex
600 1405 802 1446 quacumque
831 1404 941 1445 causa,
967 1403 1059 1436 etiam

321 1457 521 1502 quantumvis
529 1456 737 1501 privilegiata,
748 1461 910 1497 attenure,
921 1467 974 1489 seu
986 1457 1061 1490 alias

321 1510 559 1555 quomodolibet
583 1510 744 1550 innovare,
765 1514 795 1542 et
818 1510 1004 1554 praesertim
1024 1510 1060 1542 li-

322 1565 439 1599 centias
469 1567 704 1597 sacrosanctum
728 1563 842 1596 missae
872 1563 1061 1595 sacrificium

321 1619 353 1651 in
372 1618 503 1663 privatis
522 1617 690 1650 domorum
716 1616 863 1650 oratoriis
883 1616 1060 1649 celebrandi
1078 1622 1080 1647 ἑ

322 1672 370 1705 vel
394 1670 548 1705 celebrari
572 1669 705 1703 faciendi
724 1669 907 1711 concedere,
928 1669 1061 1702 audeant

322 1735 377 1759 seu
400 1728 612 1769 praesumant.

367 1778 431 1823 §4
456 1779 519 1812 Nos
544 1777 638 1820 enim,
661 1777 686 1811 si
711 1777 880 1821 quicquam
906 1776 989 1810 circa
1009 1776 1063 1809 dis-

322 1833 470 1867 serentias
486 1836 516 1867 et
532 1842 651 1873 causas,
673 1832 795 1876 aliaque
818 1831 991 1876 praemissa
1008 1832 1063 1865 hu-

323 1886 468 1929 iusmodi,
486 1897 544 1931 per
561 1886 707 1920 eumdem
731 1886 901 1919 Antonium
925 1886 1004 1928 sieri,
1023 1889 1064 1920 at-

324 1940 446 1981 tentari,
464 1950 520 1973 seu
539 1939 614 1972 alias
638 1939 878 1984 quomodolibet
897 1949 934 1972 ex
955 1939 1063 1982 quavis

323 1995 417 2028 causa
452 1993 616 2034 innovari,
647 1997 677 2026 et
700 1992 886 2036 praesertim
921 1992 1064 2025 licentias

321 2047 498 2092 praedictas
523 2046 652 2080 concedi
677 2045 860 2088 contigerit,
893 2055 946 2078 eas
971 2051 1001 2078 et
1029 2056 1064 2078 ea

323 2113 359 2135 ex
382 2111 476 2144 nunc,
501 2105 596 2145 prout
621 2110 657 2133 ex
682 2103 766 2140 tunc,
784 2104 815 2133 et
839 2109 855 2132 e
880 2104 989 2132 contra
1013 2110 1062 2133 re-

324 2165 487 2196 vocamus,
513 2164 672 2188 cassamus
697 2159 727 2187 et
750 2153 961 2195 annullamus,
988 2154 1063 2187 viri-

324 2208 446 2252 busque
474 2212 504 2242 et
523 2207 636 2241 effectu
660 2207 789 2240 omnino
814 2217 1011 2247 evacuamus,
1029 2218 1065 2240 ae

326 2266 480 2302 revocata,
494 2271 581 2294 cassa
600 2266 631 2294 et
650 2261 818 2301 annullata,
835 2260 1018 2305 viribusque
1035 2266 1065 2294 et

327 2313 439 2348 effectu
461 2324 566 2357 vacua,
590 2306 648 2348 nec
667 2315 723 2348 ulli
747 2314 914 2358 suffragari
936 2315 966 2347 in
984 2315 1064 2348 iudi-

328 2367 376 2401 cio
406 2367 455 2400 vel
486 2373 593 2409 extra,
622 2373 675 2402 aut
704 2368 779 2402 alias
811 2368 1064 2412 quomodolibet,

326 2430 435 2464 posse;

371 2474 386 2517 ἓ
410 2473 439 2507 5.
465 2473 576 2518 Sicque
593 2479 623 2508 et
638 2484 701 2508 non
717 2475 808 2508 aliter
825 2485 883 2520 per
899 2485 1064 2519 quoscum-

327 2538 388 2572 que
407 2527 526 2561 iudices
545 2528 720 2563 ordinarios
735 2534 765 2562 et
781 2529 952 2572 delegatos,
970 2530 1062 2562 etiam

328 2591 493 2615 causarum
534 2582 641 2626 palatii
680 2583 843 2627 apostolici
882 2583 1061 2625 auditores,

328 2637 422 2671 etiam
437 2636 466 2671 S.
484 2637 519 2670 R.
538 2636 571 2670 E.
590 2636 772 2680 cardinales,
786 2637 878 2673 etiam
903 2636 941 2669 de
966 2637 1062 2671 latere

1090 282 1218 324 legatos,
1238 282 1267 314 in
1284 281 1510 325 quavis'causa
1535 285 1565 313 et
1585 281 1731 313 instantia
1749 282 1832 317 <sub-

1090 335 1151 367 lata
1176 335 1220 368 eis
1245 340 1275 367 et
1303 346 1413 368 eorum
1439 334 1566 368 cuilibet
1606 334 1714 377 quaviS
1743 334 1832 367 aliter

1090 388 1247 421 iudicandi
1263 393 1293 421 et
1314 388 1541 432 interpretandi
1566 388 1713 421 iacultate
1734 393 1764 420 et
1783 398 1833 421 au-

1090 440 1246 483 ctoritate)
1272 441 1403 473 iudicari
1423 436 1458 473 'et
1483 441 1607 473 definiri
1642 441 1771 481 debere,
1797 452 1832 474 ac

1090 492 1214 526 irritum
1233 498 1263 526 et
1283 493 1384 533 inane,
1398 494 1421 526 si
1437 505 1526 527 secus·
1541 505 1636 538 super
1651 495 1698 527 liis
1716 505 1732 527 a
1754 506 1831 538 quo-

1090 556 1194 589 quam,
1206 546 1314 589 quavis
1329 547 1522 589 auctoritate,
1538 548 1673 581 scienter
1687 549 1732 581 vel
1749 548 1833 591 igno-

1090 604 1207 639 ranter,
1229 600 1397 642 contigerit
1421 601 1575 641 attentari,
1600 602 1783 635 auctoritate
1804 609 1830 634 et

1093 657 1200 686 tenore
1225 652 1394 697 praedictis
1419 653 1619 687 decernimus
1645 661 1674 688 et
1698 655 1833 688 declara-

1092 717 1169 739 mus.

1136 759 1192 803 go.
1207 760 1275 793 Non
1292 760 1501 801 obstantibus,
1518 766 1671 804 quatenus
1688 772 1768 805 opus
1785 764 1832 805 sit,

1092 814 1277 847 recolendae
1295 813 1467 847 memoriae
1484 814 1634 847 Bonisaeii
1656 815 1756 858 Papae
1769 817 1831 848 vlit

1093 867 1237 900 similiter
1257 867 1511 911 praedecessoris
1531 868 1631 901 nostri
1655 868 1693 901 de
1717 870 1788 909 una,
1807 875 1834 901 ct

1093 922 1125 954 in
1142 921 1276 954 concilio
1291 921 1430 964 generali
1447 921 1530 955 edita
1544 921 1582 955 de
1600 922 1720 955 duabus
1734 922 1835 960 dietis,

1093 974 1264 1008 dommodo
1281 975 1362 1007 ultra
1380 979 1443 1007 tres
1460 974 1559 1007 dietas
1575 974 1688 1018 aliquis
1704 976 1837 1009 auctori-

1094 1033 1154 1063 tate
1168 1029 1381 1072 praesentium
1395 1028 1433 1061 ad
1449 1028 1599 1061 iudicium
1609 1039 1672 1061 non
1684 1030 1835 1070 trahatur,

1093 1083 1225 1126 aliisque
1241 1082 1519 1115 constitutionibus
1534 1087 1563 1115 et
1576 1083 1835 1124 ordinationibus,

1093 1146 1216 1169 necnon
1233 1135 1418 1179 privilegiis,
1436 1135 1564 1167 indultis
1582 1140 1611 1168 et
1628 1135 1740 1169 litteris
1765 1147 1837 1180 apo-

1094 1189 1225 1231 stolicis,
1250 1199 1286 1222 ac
1310 1189 1384 1221 alias
1410 1189 1441 1221 in
1466 1189 1660 1222 contrarium
1685 1191 1837 1233 praemis-

1095 1253 1222 1283 sorum,
1248 1242 1305 1275 sub
1334 1242 1585 1286 quibuscumque
1617 1244 1778 1276 tenoribus
1807 1251 1835 1277 et

1094 1296 1220 1338 formis,
1245 1306 1281 1329 ac
1305 1306 1377 1328 cum
1403 1296 1565 1339 quibusvis
1589 1297 1683 1329 etiam
1708 1297 1837 1340 deroga-

1094 1348 1247 1382 toriarum
1270 1349 1505 1396 ¹derogatoriis,
1527 1349 1658 1392 aliisque
1684 1350 1838 1383 efficacio-

1094 1403 1181 1436 ribus
1211 1408 1241 1436 et
1270 1403 1403 1436 insolitis
1447 1403 1594 1435 clausulis
1626 1408 1656 1436 et
1686 1403 1838 1446 decretis,

1095 1457 1262 1497 concessis,
1281 1456 1484 1496 confirmatis,
1502 1456 1683 1500 approbatis
1699 1462 1729 1489 et
1744 1458 1837 1490 etiam

1077 1537 1079 1545 Α
1095 1510 1218 1553 saepius
1244 1510 1407 1542 innovatis.
1426 1510 1546 1548 Quibus
1566 1510 1712 1543 omnibus
1730 1516 1760 1543 et
1777 1511 1838 1543 sin-

1096 1564 1187 1606 gulis,
1205 1563 1327 1596 etiamsi
1349 1574 1409 1607 pro
1436 1563 1602 1596 sufficienti
1622 1575 1732 1597 eorum
1751 1564 1840 1597 dero-

1096 1617 1221 1659 gatione
1241 1616 1279 1649 de
1296 1617 1367 1657 illis,
1385 1627 1558 1660 eorumque
1579 1617 1650 1650 totis
1676 1618 1839 1651 tenoribus

1096 1669 1249 1713 specialis,
1267 1669 1413 1713 specifica
1426 1674 1456 1702 et
1469 1679 1626 1713 expressa,
1643 1680 1678 1703 ac
1692 1670 1839 1704 deverbo

1096 1723 1135 1755 ad
1159 1722 1292 1755 verbum
1316 1722 1434 1755 inserta
1453 1722 1571 1755 mentio
1589 1722 1733 1756 habenda
1749 1724 1839 1763 soret,

1097 1787 1209 1810 eorum
1239 1776 1380 1810 emnium
1416 1781 1446 1809 et
1481 1777 1680 1819 singulorum
1716 1780 1841 1811 tenores

1096 1830 1315 1874 praesentibus
1339 1841 1398 1874 pro
1423 1830 1516 1873 plene
1534 1834 1565 1862 et
1582 1829 1772 1863 sufficienter
1788 1842 1841 1864 ex-

1096 1884 1214 1928 pressis
1245 1889 1275 1916 et
1299 1883 1337 1915 ad
1362 1883 1494 1915 verbum
1521 1883 1646 1916 insertis
1671 1883 1839 1926 habentes,

1098 1938 1159 1971 illis
1183 1937 1259 1970 alias
1277 1938 1308 1970 in
1329 1947 1385 1971 suo
1403 1937 1519 1970 robore
1539 1938 1766 1981 permansuris,
1783 1938 1841 1971 hac

1098 1992 1165 2025 vice
1191 1992 1352 2026 dumtaxat
1377 1991 1554 2035 specialiter
1572 1995 1601 2025 et
1623 2002 1769 2035 expresse
1793 1992 1842 2025 de-

1098 2055 1256 2088 rogamus,
1274 2045 1448 2088 ceterisque
1462 2044 1628 2077 contrariis
1642 2045 1842 2087 quibuscum-

1098 2110 1172 2143 que:
1188 2109 1243 2132 seu
1258 2099 1282 2131 si
1297 2099 1458 2143 praedicto
1473 2099 1607 2131 Antonio
1625 2099 1841 2132 Masearenhas

1099 2154 1145 2186 vel
1169 2153 1330 2197 quibusvis
1344 2153 1411 2185 aliis
1428 2152 1639 2186 communiter
1653 2153 1699 2185 vel
1718 2153 1839 2185 divisim

1099 2207 1137 2239 ab
1155 2206 1266 2240 eadem
1292 2206 1331 2238 sit
1355 2206 1433 2239 Sede
1451 2206 1616 2246 indultum,
1641 2205 1725 2249 quod
1750 2206 1842 2238 inter-

1099 2260 1159 2293 dici
1176 2287 1182 2300 ,
1215 2259 1363 2303 suspendi
1396 2260 1443 2291 vel
1477 2259 1746 2292 excommunicari
1778 2269 1841 2292 non

1099 2314 1221 2358 possint
1238 2324 1294 2357 per
1311 2313 1433 2345 litteras
1450 2313 1636 2356 apostolicas
1653 2323 1715 2345 non
1732 2313 1843 2346 sacien-

1100 2373 1144 2399 tes
1168 2368 1294 2410 plenam
1316 2371 1345 2399 et
1365 2376 1557 2409 expressam,
1574 2376 1609 2398 ac
1633 2365 1671 2398 de
1687 2365 1783 2398 verbo
1803 2366 1841 2398 ad

1100 2422 1232 2455 verbum
1253 2421 1291 2453 de
1308 2421 1426 2454 indulto
1441 2420 1621 2453 huiusmodi
1639 2419 1840 2453 mentionem.

1142 2475 1254 2508 Datum
1275 2475 1402 2515 Romae,
1426 2474 1509 2517 apud
1538 2473 1566 2506 S.
1592 2473 1721 2506 Mariam
1747 2474 1842 2507 Maio-

1100 2540 1178 2569 rem,
1204 2528 1261 2561 sub
1286 2529 1401 2561 annulo
1419 2526 1596 2568 Piscatoris,
1618 2527 1667 2560 die
1689 2537 1745 2561 xm
1764 2527 1842 2561 iunii

1098 2593 1250 2623 iuncxxvi,
1267 2582 1466 2626 pontificatus
1486 2581 1585 2615 nostri
1610 2592 1690 2615 anno
1707 2591 1751 2615 111.

1134 2646 1191 2672 Dat.
1209 2646 1253 2673 die
1270 2645 1301 2672 13
1316 2645 1382 2672 iunii
1399 2645 1477 2680 1626,
1493 2644 1588 2681 pontif.
1606 2652 1676 2672 anno
1691 2652 1732 2672 111.

1735 223 1799 257 463
1845 233 1892 260 An.
1911 233 1939 259 tt.
1961 232 2030 259 inec

1850 777 1958 796 :laianu-1³
1970 775 2020 794 lulli!
