2269 3235
225 257 273 285 An.
294 255 321 283 C.
342 255 408 283 1624

244 1348 270 1368 Et
284 1347 322 1368 sub
337 1346 410 1367 huius·

227 1375 283 1395 modi
324 1379 410 1394 revoca-

226 1401 353 1421 tmneetiam
365 1400 411 1420 lora

228 1430 250 1448 S.
274 1429 296 1448 Α.
320 1427 411 1448 mediate

228 1454 324 1475 subiecta
357 1459 411 1473 com-

227 1481 330 1506 prehendi
343 1480 412 1501 volue-

228 1510 265 1530 r1t;

258 2041 372 2062 Nonnullae
384 2042 415 2060 ta-

232 2075 279 2089 men
302 2067 416 2092 exemptio-

232 2101 269 2116 nes
292 2096 364 2120 postea
389 2093 415 2113 al·

232 2121 339 2148 aliquibus
349 2122 416 2141 extor-

232 2151 267 2169 tae
282 2151 336 2169 suut.

454 245 519 280 ⁶2th

424 302 541 348 poralis
566 302 737 347 provinciis
763 312 798 334 ac
823 300 1022 342 civitatibus,
1054 300 1164 342 terris,

425 357 535 390 castris
560 361 590 389 et
613 356 711 396 locis,
737 365 909 398 eorumque
944 354 1111 388 territoriis
1135 360 1166 389 et

424 410 617 443 districtibus
642 409 734 442 nobis
751 413 781 440 et
797 413 922 441 sanctae
940 408 1097 441 Romanae
1113 408 1166 441 Ec-

424 463 536 497 clesiae
561 462 694 495 mediate
719 462 765 494 vel
792 462 971 495 immediate
990 461 1165 506 quomodo-

424 517 498 549 libet
516 516 664 549 subiectis
682 515 865 548 extrahendi
882 515 1025 549 similiter
1038 520 1165 549 eatenus

425 580 580 609 concessa,
598 574 821 613 praeterquam
839 569 941 613 quoad
965 569 1068 613 aliqua
1093 573 1165 603 tunc

425 633 583 667 expressa,
608 633 644 655 ac
668 622 742 655 alias
768 622 862 656 modo
887 628 916 655 et
941 623 1041 656 forma
1063 623 1092 655 in
1110 623 1166 656 eis-

425 677 495 709 dem
521 676 796 711 constitutionibus
830 682 869 709 et·
891 676 1002 710 litteris
1027 676 1165 720 desuper

425 730 577 774 expeditis
602 730 765 771 contentis,
790 729 997 771 revocaverit,
1023 734 1052 762 et
1075 740 1165 773 prae-

425 785 626 818 decessorum
647 794 776 817 suorum
801 783 1036 827 praedictorum
1055 783 1166 816 eonsti-

427 838 571 879 tutiones,
596 837 811 871 ordinationes
836 842 865 869 et
889 837 1007 869 litteras
1033 836 1166 880 desuper

425 891 595 936 expeditas,
621 896 651 924 et
674 890 780 924 onmia
805 890 835 922 in
860 890 903 923 eis
928 894 1082 931 contenta,
1097 900 1166 933 per-

425 951 519 990 petuo
543 945 759 989 approbando,
785 943 1001 977 confirmando
1026 948 1056 975 et
1080 943 1167 976 inno-

425 999 535 1039 vando,
552 999 620 1031 illas
636 1004 665 1031 et
690 999 741 1030 illa
767 1008 803 1031 ex
830 1003 902 1030 tunc
927 997 964 1030 de
985 1002 1090 1030 cetero
1115 996 1167 1029 ob—

424 1052 542 1085 servari
567 1051 782 1092 mandaverit,
803 1062 838 1084 ac
863 1051 1037 1091 frumenta,
1058 1050 1165 1091 blada,

425 1105 594 1148 legumina,
614 1105 740 1145 oleum,
761 1104 907 1137 animalia
932 1109 961 1136 et
985 1104 1045 1136 alia
1068 1114 1162 1147 prae-

424 1158 506 1192 dicta
530 1163 617 1191 extra
631 1158 750 1191 Statum
767 1157 1021 1190 Ecclesiastieum
1045 1157 1165 1190 extrahi

425 1212 483 1245 sub
508 1212 839 1246 excommunicationis
871 1217 900 1245 et
925 1212 993 1245 aliis
1018 1212 1164 1255 gravissi-

426 1266 484 1299 mis
504 1266 614 1310 poenis
631 1266 669 1298 de
685 1276 766 1299 novo
783 1276 932 1310 expresse
950 1265 1165 1310 prohibuerit,

471 1319 485 1363 ᾗ
511 1319 539 1353 6.
566 1320 603 1352 Et
633 1324 796 1364 postremo
829 1319 911 1352 idem
936 1319 1050 1352 Paulus
1074 1329 1165 1363 prae-

427 1373 573 1406 decessor
597 1372 635 1406 ad
660 1372 829 1405 tollendam
850 1382 975 1405 omnem
1001 1371 1168 1405 dubitatio-

426 1437 498 1460 nem
524 1437 619 1471 super
642 1426 838 1460 ultiinodicta
864 1426 1084 1460 constitutione
1113 1437 1166 1459 ex-

427 1481 552 1514 citatam
570 1491 626 1524 per
644 1490 732 1513 suam
753 1485 856 1513 motus
872 1479 995 1524 proprii
1013 1479 1167 1521 cedulam,

427 1534 476 1568 die
501 1544 577 1568 xxvi
602 1534 726 1577 augusti
760 1533 832 1566 anni
861 1533 985 1567 Domini
1017 1543 1167 1574 nncxxvt,

426 1588 615 1633 publicatam
634 1587 691 1621 sub
715 1587 912 1621 ultimodicta
930 1588 996 1621 eius
1017 1588 1168 1621 constitu-

428 1642 511 1676 tione
535 1652 751 1686 quaecumque
768 1641 838 1674 loca
861 1647 985 1674 sanctae
1010 1642 1168 1675 Romanae

427 1695 584 1729 Ecclesiae
607 1694 741 1727 mediate
773 1693 911 1727 subiecta
943 1694 1168 1738 comprehendi

428 1754 458 1782 et
475 1748 702 1792 comprehensa
715 1747 809 1780 fuisse
827 1752 856 1780 et
873 1757 939 1781 esse
953 1747 1168 1788 declaraverit,

428 1808 468 1846 et,
486 1808 639 1846 quatenus
659 1812 737 1846 opus
754 1801 802 1843 sit,
820 1802 904 1834 illam
925 1812 996 1834 cum
1021 1801 1169 1835 omnibus

430 1856 459 1888 in
485 1857 523 1890 ea
548 1855 701 1889 contentis
725 1855 763 1887 ad
787 1855 855 1888 loca
879 1855 1038 1899 praedicta
1063 1860 1168 1888 exten-

430 1910 510 1944 derit
534 1914 564 1945 et
579 1909 787 1954 ampliaverit,
804 1914 898 1953 prout
914 1909 945 1941 in
963 1909 1080 1942 eisdem
1099 1919 1169 1942 eon-

431 1963 644 1997 stitutionibus
668 1968 698 1996 et
715 1962 825 1996 cedula
842 1962 934 1995 latius
959 1962 1137 1996 continetur
1150 1961 1168 2002 ¹3

475 2019 490 2062 ᾖ
521 2018 549 2051 7.
582 2017 815 2051 Nihilominus²
839 2017 1053 2061 acceperimus
1084 2027 1165 2050 non—

432 2072 543 2114 nullos,
562 2077 671 2105 contra
690 2071 788 2104 dietas
813 2070 1050 2105 constitutiones
1075 2075 1105 2103 et
1125 2070 1171 2102 lit-

432 2132 535 2167 teras,
568 2126 693 2159 easdem
728 2125 961 2166 immunitates,
993 2124 1166 2168 exemptio—

432 2190 497 2221 nes,
523 2178 708 2224 privilegia,
732 2178 980 2221 extrahendique
1010 2177 1171 2210 facultates

433 2239 463 2268 et
487 2234 620 2277 gratias,
649 2243 730 2276 quae
754 2237 844 2265 antea
868 2231 912 2265 eis
937 2241 1084 2265 concessa
1108 2231 1172 2264 fue-

433 2293 512 2329 rant,
531 2287 712 2321 confirmari
737 2291 766 2319 et
786 2285 938 2326 innovari,
956 2295 991 2318 ac
1016 2284 1046 2317 in
1069 2284 1172 2329 pristi-

433 2353 506 2375 num
532 2346 646 2374 statum
671 2339 802 2380 restitui,
831 2350 866 2372 ac
890 2338 1083 2383 respective,
1108 2343 1170 2370 tam

434 2396 518 2439 ipsos
542 2405 636 2439 quam
661 2393 738 2428 alios
753 2420 760 2434 ,
785 2393 878 2426 etiam
911 2392 1171 2432 communitates,

433 2448 660 2490 universitates,
679 2447 810 2491 collegia
835 2452 865 2480 et
887 2447 956 2480 loca
973 2445 1126 2487 diversa‚³
1144 2450 1173 2478 et

470 2539 480 2564 t
500 2537 584 2564 Hasce
600 2537 660 2564 vide
674 2537 700 2564 in
716 2540 784 2565 tom.
800 2543 836 2571 xt,
848 2545 909 2573 pag.
922 2536 974 2563 260
985 2539 1011 2563 et
1022 2536 1172 2571 264([ι.τ.).

469 2583 484 2609 2
494 2583 567 2609 Part.
577 2591 641 2609 cum
650 2581 784 2615 delemus,
794 2591 857 2610 nam
867 2581 1014 2617 praecessit
1022 2580 1070 2616 ing
1082 2583 1089 2607 1
1100 2582 1172 2615 (ft-T)-

469 2627 486 2654 3
505 2626 653 2662 Legerem:
675 2627 743 2654 haec
762 2630 788 2656 et
807 2628 908 2662 forsan
932 2626 1090 2655 maiora...
1112 2626 1174 2654 alia

432 2672 591 2708 priviteyia
605 2673 644 2708 (a.
661 2673 708 2707 τ.).

1013 252 1191 277 nnLthnlUM
1216 251 1371 278 ROMANUM

1198 302 1304 335 forsan
1329 301 1448 334 maiora
1466 301 1510 345 (et
1534 301 1626 335 etiam
1650 302 1735 347 quod
1757 303 1790 337 in
1813 302 1938 348 quibus-

1199 354 1271 390 dam
1295 354 1475 399 provinciis,
1493 354 1670 388 civitatibus
1689 360 1720 389 et
1734 356 1812 390 locis
1837 357 1937 402 spolia

1199 408 1511 452 archiepiscoporum
1525 435 1533 450 ,
1550 408 1785 453 episcoporum,
1809 414 1840 443 et
1862 409 1938 444 alia-

1200 473 1270 495 rum
1284 472 1492 506 personarum
1514 462 1795 497 ecclesiasticarum
1815 463 1884 497 fieri
1909 469 1939 498 et

1200 515 1305 559 colligi
1329 525 1392 548 non
1413 516 1565 559 possunt)
1590 515 1650 548 alia
1680 515 1845 560 privilegia
1868 516 1939 550 Sedi

1200 573 1230 602 et
1254 569 1401 602 Gamerae
1424 568 1604 613 praedictis,
1622 569 1818 613 Romanique
1835 569 1939 603 Ponti-

1200 622 1268 655 ficis
1299 632 1466 666 supremae
1490 622 1658 666 potestati,
1683 633 1719 655 ac
1743 622 1884 656 eiusdem
1911 627 1941 657 et

1200 675 1287 709 Sedis
1311 680 1342 708 et
1360 676 1518 709 Romanae
1542 676 1652 710 Curiae
1669 675 1812 719 dignitati
1836 680 1867 709 et
1890 686 1940 709 au-

1200 729 1335 762 ctoritati
1350 729 1588 773 praeiudicialia
1604 729 1662 762 sibi
1676 729 1743 762 dari
1764 733 1794 762 et
1810 729 1938 763 concedi

1200 783 1385 826 impetrasse
1410 787 1439 815 et
1462 782 1656 823 obtinuisse,
1681 793 1736 816 seu
1759 782 1863 826 potius
1887 792 1939 815 ex-

1201 836 1344 869 torsisse:

1245 889 1259 931 g
1283 888 1312 921 8.
1337 889 1409 930 Nos,
1433 900 1492 933 pro
1517 889 1622 923 debito
1645 890 1811 934 pastoralis
1834 889 1939 931 officii,

1200 942 1258 975 hos
1275 947 1305 974 ct
1322 941 1399 975 alios
1416 942 1532 976 abusus
1548 948 1578 975 et
1595 944 1801 987 corruptelas,
1818 953 1940 977 necnon

1200 995 1313 1027 damna
1326 1000 1356 1028 et
1368 995 1560 1039 praeiudicia
1577 1006 1655 1039 quae
1668 996 1752 1029 cirea
1768 997 1940 1041 praemissa

1201 1048 1351 1081 hactenus
1368 1048 1564 1092 irrepserunt
1580 1054 1610 1081 ct
1626 1049 1705 1083 sacta
1722 1055 1793 1082 sunt
1812 1060 1848 1083 ac
1867 1061 1942 1094 quo-

1201 1101 1275 1135 tidie
1300 1105 1455 1145 augentur
1479 1107 1510 1135 et
1532 1101 1633 1144 fiunt,
1661 1112 1678 1135 e
1702 1102 1807 1136 medio
1830 1104 1941 1137 tollere

1201 1155 1339 1189 volentes
1353 1182 1360 1196 ,
1385 1160 1473 1188 motu
1496 1155 1637 1199 proprio,
1661 1165 1724 1189 non
1748 1156 1786 1189 ad
1810 1156 1941 1189 alicuius

1201 1219 1296 1253 super
1312 1209 1373 1243 hoc
1393 1208 1483 1242 nobis
1508 1208 1630 1242 oblatae
1647 1209 1808 1253 petitionis
1824 1210 1941 1243 instan-

1201 1262 1296 1304 tiam,
1322 1262 1376 1295 sed
1400 1272 1436 1295 ex
1460 1264 1544 1296 certa
1577 1262 1708 1296 scientia
1732 1268 1762 1296 et
1785 1263 1941 1297 delibera-

1201 1316 1286 1349 tione
1309 1315 1434 1356 nostris‚
1450 1326 1485 1349 ac
1505 1315 1543 1348 de
1569 1315 1761 1360 apostolicae
1777 1316 1941 1360 potestatis

1201 1369 1404 1413 plenitudine,
1421 1369 1479 1402 hac
1501 1374 1656 1413 perpetuo
1681 1370 1813 1403 valitura
1827 1370 1942 1403 consti·

1203 1423 1331 1466 tutione,
1349 1423 1380 1456 in
1404 1423 1516 1467 primis
1540 1434 1648 1457 omnes
1673 1429 1703 1456 et
1726 1434 1942 1468 quascumque

1202 1477 1240 1511 ad
1264 1477 1392 1522 quaevis
1416 1477 1519 1511 officia
1543 1483 1574 1510 et
1597 1472 1740 1519 munera,
1760 1477 1854 1512 etiam
1877 1477 1942 1511 col-

1202 1531 1336 1575 legialia,
1358 1531 1451 1564 etiam
1468 1531 1624 1574 militaria,
1642 1542 1678 1565 ac
1695 1531 1788 1564 etiam
1813 1531 1943 1573 venalia,

1203 1591 1265 1619 tam
1290 1591 1443 1630 perpetua
1466 1596 1561 1630 quam
1585 1586 1782 1630 temporalia,
1808 1585 1895 1620 Sedis
1915 1590 1944 1620 et

1203 1640 1350 1673 Gamerae
1374 1639 1571 1684 Apostolicae
1588 1650 1623 1673 ac
1640 1640 1799 1673 Romanae
1823 1639 1943 1680 Curiae,

1204 1698 1233 1726 et
1251 1696 1312 1727 tam
1329 1693 1361 1726 in
1379 1693 1462 1727 Urbe
1480 1704 1575 1737 quam
1586 1698 1675 1726 extra
1689 1703 1768 1734 eam,
1782 1698 1812 1726 et
1828 1693 1859 1725 in
1875 1692 1944 1737 qui-

1203 1746 1320 1788 busvis,
1331 1746 1424 1779 etiam
1435 1746 1652 1787 Avenionensi,
1666 1745 1865 1787 Bononiensi,
1874 1746 1945 1779 Fer-

1204 1799 1346 1841 rariensi,
1364 1799 1591 1841 Beneventana,
1607 1799 1737 1844 aliisque
1758 1799 1944 1841 civitatibus,

1203 1853 1306 1894 terris,
1322 1853 1409 1895 loeis,
1427 1853 1576 1886 dominiis
1594 1858 1624 1885 et
1641 1853 1757 1896 regnis,
1774 1858 1804 1886 et
1824 1853 1862 1886 ad
1878 1863 1945 1895 nos,

1204 1907 1314 1940 Sedem
1340 1906 1555 1951 praedictam,
1580 1910 1784 1950 nostramque
1808 1912 1838 1940 et
1862 1907 1945 1941 eius-

1204 1960 1275 1993 dem
1300 1960 1387 1994 Sedis
1412 1960 1631 2001 collationem,
1656 1960 1892 1994 concessionem
1917 1966 1947 1994 et

1204 2014 1437 2059 deputationem
1468 2014 1707 2059 quomodolibet
1737 2014 1946 2059 pertinentia,

1205 2069 1413 2102 coadiutorias
1431 2074 1459 2101 et
1481 2068 1699 2102 coadiutorum
1719 2079 1945 2112 quorumcum-

1205 2134 1265 2167 que
1290 2123 1517 2167 deputationes‚
1542 2122 1798 2164 constitutiones,
1822 2132 1945 2156 necnon

1206 2177 1389 2211 eorumdem
1414 2177 1589 2210 officiorum
1615 2181 1645 2209 et
1661 2186 1828 2209 munerum
1849 2176 1887 2209 ad
1905 2177 1947 2210 vi-

1206 2237 1267 2264 tam
1294 2231 1433 2275 plurium
1458 2240 1676 2274 personarum,
1695 2240 1750 2262 seu
1767 2224 1851 2263 aliud
1869 2235 1947 2263 tem-

1206 2296 1265 2329 pus
1288 2284 1382 2317 vitam
1411 2284 1563 2328 cuiusque
1591 2284 1642 2316 illa
1670 2283 1878 2317 obtinentium
1896 2294 1945 2317 ex—

1207 2338 1330 2379 cedens,
1363 2337 1600 2379 concessiones,
1633 2336 1888 2370 confirmationes
1917 2342 1947 2370 et

1207 2392 1458 2437 prorogationes,
1484 2391 1576 2424 etiam
1603 2390 1634 2423 in
1659 2390 1947 2424 renumerationem

1206 2446 1361 2487 laborum,
1387 2445 1583 2487 meritorum,
1605 2444 1698 2478 etiam
1715 2448 1879 2488 praetextu
1895 2454 1947 2477 ex-

1207 2509 1376 2543 pensarum
1394 2498 1557 2539 saetarum,
1571 2498 1757 2531 damnorum
1771 2508 1946 2542 passorum,

1208 2564 1243 2587 ac
1257 2553 1384 2586 illorum
1399 2552 1522 2593 intuitu,
1533 2557 1585 2585 aut
1599 2563 1634 2585 ex
1646 2551 1756 2596 quavis
1769 2551 1829 2584 alia
1843 2552 1946 2593 causa,

1209 2618 1266 2651 per
1294 2605 1419 2650 quosvis
1448 2605 1709 2650 praedecessores
1732 2609 1857 2638 nostros
1885 2604 1945 2638 Ro—

1209 2670 1318 2694 manos
1344 2659 1522 2702 Pontifices,
1544 2659 1719 2704 Sedemque
1742 2656 1946 2704 praedictam,

1946 254 2000 283 An.
2020 255 2049 283 C.
2069 254 2137 282 1624

1982 902 2079 923 Urbanus
2098 902 2139 923 hu-

1956 929 2045 950 iusmodi
2063 935 2140 955 perpo-

1956 958 2053 976 tuitatum
2119 958 2140 976 et

1955 982 2135 1003 conditum-iarum

1955 1009 2141 1031 concessionesre·

1956 1038 2025 1057 vocat.
