2269 3235
259 259 307 286 An.
328 258 358 285 c.
376 257 441 284 1627
489 247 552 281 608

311 321 338 340 Ar*
359 319 440 340 demum

258 350 393 367 mansum-ur<
426 347 440 365 ῑ.

258 375 303 395 dem
319 374 386 394 aditu.

290 1435 410 1455 Exordium.

284 2285 363 2306 Causae
376 2286 452 2306 sat-iru-

270 2313 309 2333 dae
325 2318 413 2333 numius.

500 305 515 348 ἓ
541 304 569 337 7.
591 304 626 337 lit
643 303 769 347 pariter,
784 301 866 345 quod
884 299 1095 344 praesentium
1112 304 1194 333 tran-

456 358 599 402 sumptis,
618 357 720 399 sigillo
740 355 870 387 alicuius
894 353 1022 397 praelati
1051 353 1194 385 ccclesia·

456 412 523 445 stit-i
548 416 577 445 ct
602 409 716 454 publici
742 407 853 441 notarii
873 406 1104 451 subscriptione
1127 417 1194 438 mu-

455 465 536 505 nitis,
558 464 663 496 cadem
685 472 815 506 prorsus
841 460 918 493 tides
941 460 1137 500 adhibeatur,
1162 459 1193 492 in

457 518 569 551 iudicio
593 522 623 549 ct,
647 521 733 548 extra
758 514 844 555 illud,
861 524 941 558 quae
961 514 1035 558 ipsis
1060 513 1195 556 origina-

457 571 536 603 libus
554 569 665 602 litteris
686 568 899 609 adhiberetur,
917 567 941 600 si
962 568 1063 601 forent
1077 567 1194 600 exhibi-

457 629 503 657 tae.
529 624 575 655 vel
601 628 753 655 ostensae.

500 676 609 709 Datum
621 676 746 715 Romae,
755 673 838 718 apud
853 674 881 708 S.
892 674 1020 707 Mariam
1033 673 1193 714 Maiorem,

456 730 512 762 sub
537 729 653 762 annulo
686 728 871 769 Piscatoris,
896 728 945 760 dic
972 738 989 760 v
1014 726 1194 760 novembris

456 792 621 823 aincxxvn,
638 782 837 826 pontificatus
853 780 952 814 nostri
970 790 1050 813 anno
1075 790 1104 813 v.

491 844 548 871 Dat.
566 844 609 871 die
623 845 638 871 5
653 843 809 871 novembris
826 843 902 878 1627,
920 842 1013 877 pontif.
1033 850 1103 869 anno
1119 849 1144 869 v.

754 977 896 1011 CCvat.

456 1061 594 1093 Societas
623 1059 856 1092 monachorum
891 1057 997 1090 sancti
1026 1055 1196 1090 Benedicti

500 1115 758 1157 Reformatorum
775 1111 962 1156 provinciae
982 1111 1198 1144 Britannicae

503 1167 748 1211 (s'onyrcgyationi
763 1166 792 1199 S.
810 1165 922 1198 Mauri
945 1164 1089 1197 eiusdem
1104 1163 1198 1198 Ordi-

501 1220 550 1253 m's
575 1220 612 1252 in
637 1219 748 1253 Gallici
772 1222 893 1251 erectae
916 1218 1033 1251 unitur
1046 1216 1066 1250 ¹.

662 1301 796 1329 Urbanus
818 1302 896 1335 Papa
915 1301 992 1333 vm,

587 1348 622 1373 ad
638 1349 813 1380 perpetuam
828 1346 872 1373 rei
887 1345 1068 1373 memoriam.

504 1415 550 1449 Ad
574 1416 735 1448 militantis
759 1415 917 1448 Ecclesiae
937 1415 1089 1458 regimen,
1106 1415 1200 1447 nullis

460 1469 532 1502 licet
555 1469 645 1502 nobis
670 1469 913 1512 suffragantibus
943 1468 1073 1509 meritis,
1098 1468 1201 1501 divina

460 1523 664 1567 dispositione
689 1523 795 1563 crecti,
815 1522 892 1555 illud
916 1533 991 1566 prae
1016 1522 1128 1555 ceteris
1148 1533 1202 1554 cu-

461 1576 550 1609 ram³
567 1576 801 1620 proposuimus,
818 1581 870 1609 ute
888 1576 1154 1609 eclesiasticorum
1173 1581 1200 1608 et

461 1630 683 1672 religiosorum
701 1630 832 1663 Ordines
849 1630 1005 1674 quoslibet
1022 1630 1059 1662 ad
1077 1630 1201 1673 pristini

462 1683 613 1727 cuiusque
642 1683 796 1726 regularis
829 1693 939 1716 eorum
971 1682 1103 1715 instituti
1127 1693 1202 1715 nor-

463 1747 557 1778 mam,
572 1748 588 1769 a
601 1748 662 1780 qua
678 1747 741 1769 non
756 1748 868 1780 parum
883 1736 1088 1777 deflexerunt,
1111 1746 1204 1779 quan-

465 1794 528 1824 tum
543 1801 614 1823 cum
627 1790 760 1823 Domino
773 1801 950 1834 possumus,
968 1790 1203 1829 reduceremus,

465 1855 500 1877 ac
516 1850 684 1888 propterea
709 1844 760 1887 qui
783 1846 838 1876 sua
860 1849 970 1887 sponte
995 1843 1156 1887 religionis
1175 1848 1205 1876 et

465 1898 609 1931 arctioris
627 1898 705 1930 vitae
719 1898 785 1930 zelo
803 1897 885 1930 ducti
899 1896 1048 1941 pristinae
1065 1897 1204 1939 regulae,

453 1962 558 1995 ·quam
588 1962 662 1984 suae
693 1950 855 1993 religionis
885 1955 1028 1983 auctores
1053 1961 1202 1994 suscepe-

466 2012 549 2046 runt,
566 2005 798 2039 observantiam
815 2005 961 2049 amplecti
979 2009 1009 2037 et
1026 2004 1138 2037 sectari
1155 2004 1205 2037 de-

467 2060 621 2101 siderant,
650 2059 776 2092 eosdem
808 2069 872 2092 non
901 2059 1001 2091 solum
1031 2058 1062 2090 in
1094 2068 1204 2091 eorum

465 2113 627 2157 proposito
653 2113 830 2152 confovere,
855 2111 908 2144 sed
941 2111 1034 2144 etiam
1060 2116 1207 2155 opportu-

467 2167 514 2199 nis
532 2167 690 2199 favoribus
716 2171 745 2199 et
769 2166 878 2209 gratiis
898 2165 1033 2199 libenter
1057 2165 1205 2209 prosequi

467 2220 613 2253 solemus.

512 2274 526 2316 ξ
540 2273 568 2305 l.
584 2273 659 2306 Cum
670 2273 783 2316 itaque,
799 2272 875 2305 sicut
885 2272 1075 2316 accepimus,
1086 2282 1103 2304 a
1112 2271 1208 2314 vigin-

467 2326 488 2359 ti
507 2327 630 2359 circiter
647 2327 734 2359 annis
754 2326 896 2359 nonnulli
919 2326 1064 2359 monachi
1084 2325 1208 2359 Ordinis

469 2381 565 2413 sancti
576 2380 733 2413 Benedicti
749 2380 1006 2423 Congregationis
1020 2379 1207 2420 Gallicanae,

470 2434 634 2467 accedente
669 2434 869 2477 superiorum
901 2444 1030 2466 suorum
1062 2433 1187 2466 lieentia
1201 2459 1208 2473 ,

469 2488 608 2529 regulam
620 2487 758 2520 ciusdem
768 2486 1027 2520 sanctiBenedicti
1036 2486 1211 2529 Congrega-

474 2541 566 2573 tionis
580 2541 770 2574 Cassinensis
786 2541 860 2574 dicti
878 2541 1002 2574 Ordinis
1018 2540 1209 2573 adamussim

509 2614 517 2637 t
538 2611 575 2637 Ex
590 2611 697 2645 Regest.
714 2612 740 2638 in
755 2612 855 2639 Seeret.
874 2612 948 2639 Brev.

506 2656 522 2685 ‘2
542 2656 587 2683 Vel
603 2657 662 2693 lege
678 2666 774 2692 curae,
789 2657 828 2685 vel
846 2658 927 2684 illam
937 2665 985 2693 pro
1000 2657 1075 2684 illud
1088 2658 1125 2692 (n.
1142 2658 1191 2692 Τ.).

1031 250 1210 276 BULLARIUM
1234 249 1388 275 ROMANUM

1226 298 1394 332 observare
1425 296 1638 337 decreverint,
1667 301 1698 330 et
1721 297 1759 330 ad
1782 296 1866 331 hunc
1893 297 1966 331 effe-

1226 356 1310 384 ctum
1331 351 1505 395 prioratum
1520 349 1557 383 de
1570 350 1686 390 Lehon,
1700 349 1850 394 praedicti
1859 360 1913 383 seu
1926 351 1967 383 al—

1227 405 1324 437 terius
1334 403 1468 443 Ordinis,
1477 402 1714 436 lllacliloviensis
1731 403 1892 446 dioecesis,
1907 403 1966 436 sibi

1227 457 1356 491 concedi
1371 456 1573 497 obtinuerint,
1587 467 1633 497 ac,
1650 456 1754 489 divina
1771 456 1892 489 favente
1909 456 1968 489 cle-

1227 511 1355 553 mentia,
1371 511 1400 544 in
1426 511 1553 554 regulae
1578 515 1608 543 et
1631 509 1888 543 constitutionum
1913 509 1968 542 hu-

1227 565 1362 598 iusmodi
1382 563 1580 597 observantia
1603 563 1745 606 vitaeque
1762 562 1967 596 sanctimonia

1227 618 1305 652 adeo
1330 617 1539 663 profecerint,
1563 622 1598 649 ut
1622 616 1659 649 ad
1685 615 1828 649 eamdem
1853 616 1965 650 obser-

1227 672 1362 705 vantiam
1388 671 1419 704 in
1442 671 1534 715 plura
1555 670 1628 703 dicti
1646 669 1771 703 Ordinis
1788 668 1969 713 provinciae

1228 725 1405 757 Britanniae
1422 724 1651 758 monachorum
1667 722 1859 756 monasteria
1875 722 1971 755 intro-

1227 778 1369 811 ducenda
1393 782 1423 810 et
1447 776 1630 810 stabilienda
1654 776 1754 809 vocati
1779 775 1905 817 fuerint,
1934 780 1969 808 ut

1228 831 1359 875 proinde
1372 841 1465 863 unam
1480 830 1709 863 monachorum
1725 828 1907 862 huiusmodi
1925 838 1971 862 so-

1228 884 1372 916 cietatem
1399 883 1610 916 Britannicam
1638 887 1849 926 nuncupatam
1874 881 1911 914 de
1931 881 1970 914 li-

1229 937 1330 970 eentia
1355 941 1384 969 et
1408 936 1592 970 auctoritate
1620 935 1807 969 dilectorum
1831 935 1970 968 filiorum

1229 995 1410 1023 nostrorum
1429 989 1588 1022 Francisci
1606 988 1635 1021 S.
1654 988 1802 1021 Praxedis
1820 987 1858 1020 de
1876 988 1972 1021 Sour-

1230 1042 1277 1075 dis
1315 1053 1350 1075 ac
1392 1041 1549 1075 Francisci
1585 1041 1614 1074 S.
1653 1040 1768 1074 Callisti
1808 1040 1972 1074 titulorum

1229 1095 1487 1140 presbyterorum
1508 1094 1714 1128 cardinalium
1740 1094 1777 1127 de
1801 1094 1831 1126 ta
1853 1094 1974 1127 Roclie-

1231 1149 1368 1182 soucault
1402 1153 1680 1192 nuncupatorum,
1711 1148 1756 1182 uti
1791 1147 1974 1181 commissa-

1231 1202 1353 1236 riorum
1378 1212 1474 1246 super
1509 1201 1708 1234 monasteriis
1743 1201 1816 1234 dicti
1849 1200 1974 1234 Ordinis

1232 1255 1322 1298 regni
1350 1255 1500 1288 Franciae
1518 1254 1556 1287 ab
1575 1254 1755 1298 Apostolica
1776 1254 1853 1287 Sede
1881 1254 1976 1298 depu-

1233 1314 1391 1349 tatorum,
1416 1319 1451 1341 ac
1476 1308 1569 1349 alias,
1594 1307 1742 1341 canonice
1766 1307 1922 1341 erexerint
1945 1312 1976 1341 et

1234 1362 1433 1404 instituerint,
1459 1362 1491 1394 in
1516 1363 1617 1405 eaque
1642 1361 1843 1405 superiores,
1864 1360 1972 1393 visita-

1234 1421 1318 1449 tores
1343 1420 1373 1448 et
1397 1415 1579 1448 definitores
1597 1414 1636 1447 ad
1660 1414 1758 1447 instar
1782 1414 1882 1447 dictae
1899 1414 1976 1447 Con-

1234 1469 1427 1513 grcgationis
1452 1468 1644 1502 Cassinensis
1671 1468 1788 1512 absque
1812 1468 1876 1500 ulla
1896 1478 1913 1500 a
1932 1467 1977 1500 di-

1235 1525 1284 1555 cta
1312 1521 1562 1565 Congrcgatione
1585 1521 1744 1554 Gallicana
1776 1521 1904 1564 eiusque
1929 1531 1978 1554 su-

1235 1577 1396 1621 periorum
1423 1575 1630 1619 dependentia
1656 1574 1806 1608 habeant:

1281 1631 1296 1674 ξ
1321 1630 1350 1663 Q.
1365 1631 1438 1670 Nos,
1458 1635 1492 1662 ut
1509 1629 1640 1662 societas
1656 1627 1839 1661 huiusmodi
1858 1627 1978 1661 felicio-

1236 1684 1323 1717 ribus
1349 1684 1380 1716 in
1405 1683 1471 1716 dies
1497 1683 1528 1715 in
1553 1682 1714 1715 sanctitate
1738 1687 1767 1714 et
1792 1681 1908 1716 iustitia
1925 1692 1978 1714 co-

1236 1747 1304 1770 ram
1329 1736 1462 1770 Domino
1487 1736 1631 1780 proficiat
1652 1735 1865 1775 incrementis,
1883 1745 1985 1779 quan-7

1238 1796 1303 1823 turn
1341 1801 1411 1823 cum
1443 1789 1576 1823 Domino
1608 1799 1787 1833 possumus,
1812 1789 1978 1832 providere

1238 1843 1385 1885 volentes,
1410 1843 1448 1876 de
1465 1842 1691 1875 venerabilium
1712 1842 1845 1875 fratrum
1861 1845 1982 1875 nostro-

1238 1908 1308 1930 rum
1333 1901 1457 1930 sanctae
1482 1897 1641 1930 Romanae
1659 1896 1816 1929 Ecclesiae
1841 1895 1982 1928 cardina-

1238 1951 1315 1984 lium
1341 1951 1475 1994 negotiis
1500 1950 1694 1993 regularium
1727 1950 1980 1994 praepositorum

1239 2004 1381 2045 consilio,
1399 2009 1487 2037 motu
1510 2003 1641 2048 proprio
1666 2008 1697 2036 et
1719 2013 1754 2036 ex
1780 2005 1865 2036 certa
1886 2003 1982 2036 scicn-

1239 2059 1281 2091 tia
1305 2058 1431 2098 nostris,
1457 2057 1637 2090 societatem
1666 2057 1894 2089 monachorum
1911 2066 1981 2089 san-

1239 2113 1279 2146 cti
1304 2111 1463 2145 Benedicti
1488 2112 1518 2144 in
1543 2110 1706 2155 provincia
1730 2110 1908 2144 Britannica
1926 2110 1983 2142 Re-

1240 2167 1447 2199 sormatorum
1479 2164 1680 2204 huiusmodi,
1711 2165 1773 2196 una
1797 2174 1868 2196 curn
1900 2163 1983 2196 illius

1240 2218 1438 2253 monasteriis
1458 2223 1487 2251 et
1509 2217 1651 2261 personis
1675 2217 1833 2260 professis,
1849 2216 1984 2260 Congre-

1241 2272 1358 2316 gationi
1369 2271 1466 2305 sancti
1476 2271 1574 2304 Mauri
1585 2270 1725 2303 eiusdem
1743 2269 1867 2303 Ordinis
1878 2270 1908 2302 in
1918 2270 1985 2304 Gal-

1241 2326 1290 2359 liis
1318 2325 1493 2370 apostolica
1518 2324 1703 2358 auctoritate
1728 2328 1860 2365 erectae,
1885 2323 1926 2358 ita
1950 2328 1985 2356 ut

1241 2379 1279 2412 de
1308 2384 1414 2412 cetero
1451 2377 1640 2411 monasteria
1673 2382 1703 2409 ct.
1725 2387 1880 2421 personae
1921 2381 1984 2409 tam

1243 2432 1399 2467 societatis
1420 2442 1514 2476 quarn
1534 2430 1787 2474 congregationis
1802 2430 1985 2463 huiusmodi

1243 2486 1303 2520 sint
1326 2496 1425 2519 unum
1450 2495 1576 2529 corpus,
1591 2490 1621 2517 et
1645 2484 1770 2518 unicam
1795 2484 1986 2517 constituant

1244 2539 1522 2583 congregationem
1547 2539 1604 2571 sub
1625 2539 1715 2572 titulo
1733 2538 1872 2571 eiusdem
1887 2538 1985 2571 sancti

1244 2594 1358 2636 Mauri,
1383 2593 1465 2626 dicta
1490 2593 1684 2635 auctoritate,
1707 2597 1816 2626 tenore
1840 2601 1986 2636 praesen-

1234 2643 1341 2689 tium,
1362 2651 1514 2692 perpetuo
1538 2647 1664 2680 unimus
1684 2651 1714 2680 et
1733 2646 1983 2690 incorporamus,

1974 249 2024 277 An.
2045 249 2075 278 C.
2093 248 2160 278 ¹627

2042 1635 2176 1657 pontificium

1992 1663 2102 1685 indultum.
