2269 3235
139 259 188 286 An.
209 257 237 286 C.
255 257 322 285 ¹624

171 1172 254 1193 nolano
267 1176 328 1197 prae-

145 1200 214 1220 dictae
231 1198 328 1219 indictio-

145 1227 177 1248 nis
194 1225 288 1246 iubilaei.

217 2025 334 2053 Suspensio

151 2053 243 2074 omnium
283 2053 335 2073 alia·

151 2086 197 2101 rum
227 2079 335 2105 induigen-

151 2107 228 2127 tiarum
239 2109 259 2127 et
269 2107 335 2127 {acul-

151 2136 217 2154 tatum
225 2133 284 2154 absol
289 2139 336 2154 ven-

152 2160 174 2181 di
190 2159 278 2180 durante
295 2160 336 2180 hoc

152 2192 206 2208 anno
226 2187 321 2207 jubilaei.

952 256 1094 280 t'nnfflus
1121 256 1174 279 Vlll
1200 256 1247 279 ΡΡ.

335 303 421 349 quod
444 305 595 348 temporis
614 305 769 348 spatium,
797 308 826 337 el
848 303 963 337 eoeimle
989 311 1093 348 omo-3

337 358 387 398 tis,
406 357 521 391 deinde
534 358 678 390 dimissis
691 357 876 391 eormndem
892 357 1075 389 litterarum
1092 351 1093 378 ἶ

336 411 437 455 copiis
467 411 595 455 afflatis,
624 416 659 444 ul
683 411 783 444 moris
803 414 858 450 est,
877 421 934 453 per
950 421 1007 442 nos
1023 404 1094 461 (Iu-³1

337 464 470 497 millum
483 465 674 498 Fundatum
688 468 715 497 et
734 463 1001 496 Bromle'mortem
1020 463 1077 495 Lu·
1093 488 1094 504 ,

339 519 445 550 tinum
461 519 640 562 praelibati?
654 517 861 551 Sanctissimi
874 517 1009 549 Domini
1023 526 1077 549 no-
1093 513 1094 541 i

337 572 399 604 stri
418 572 529 616 Papae
552 581 704 605 cursores.

426 643 584 677 OCTAVIUS
608 642 720 682 SPADA,
734 641 884 684 magister
900 651 1076 674 cursorum.
1094 643 1096 671 t

659 802 758 837 LVIII.
1096 806 1098 837 t

338 874 495 920 Sequitur
517 876 684 919 suspensio
696 875 845 908 aliarum
860 873 1081 918 z'mlulyentia-
1097 903 1098 914 ,

382 939 458 962 rum
479 929 536 962 hoc
555 939 643 962 anno
662 933 772 962 sancto
794 928 944 961 durante.

548 1000 686 1028 Urbanus
706 1000 872 1035 Episcopus

525 1053 631 1073 servus
654 1053 808 1073 servorum
829 1045 890 1077 Dei,

460 1091 498 1118 ad
517 1094 695 1126 perpetuam
715 1091 761 1118 rei
781 1090 962 1118 memoriam.

387 1159 463 1194 Cum
480 1171 584 1205 nuper
601 1161 730 1194 iubilaei
748 1160 991 1194 celebrationem
1010 1170 1027 1192 a
1044 1159 1085 1191 vi-

344 1214 419 1258 gilia
436 1215 611 1248 Nativitatis
628 1215 751 1248 Domini
769 1214 868 1248 nostri
886 1215 954 1247 Iesu
970 1214 1083 1248 Christi
1101 1216 1102 1229 ¹

344 1268 416 1300 anni
432 1269 576 1312 proxime
594 1268 716 1302 venturi
737 1267 973 1308 inchoandam',
989 1272 1019 1300 et
1038 1278 1086 1300 us-

344 1332 405 1364 que
428 1321 467 1354 ad
491 1322 586 1354 finem
617 1322 756 1355 eiusdem
789 1321 861 1354 anni
890 1321 1085 1361 duraturam,

343 1374 491 1408 universo
521 1375 639 1418 populo
668 1375 841 1408 christiano
865 1374 902 1407 de
928 1375 1087 1407 venerabi-

344 1428 421 1460 lium
447 1428 580 1461 fratrum
598 1433 779 1462 nostrorum
797 1428 825 1462 S.
846 1429 879 1461 P..
898 1428 930 1461 Ε.
948 1428 1087 1461 cardina·
1102 1433 1104 1439 ⁴

344 1481 422 1514 lium
454 1493 583 1515 assensu
615 1482 840 1522 indixerimus,
872 1493 907 1515 ac
939 1480 1104 1515 omnibus*

344 1536 512 1581 utriusque
536 1547 628 1570 sexus
652 1537 909 1571 christifidelibus
927 1547 999 1569 vere
1017 1532 1104 1580 poe-³

345 1590 517 1624 nitentibus
534 1596 564 1623 et
581 1590 741 1631 confessis,
758 1590 811 1634 qui
830 1590 1085 1623 beatissimorum

346 1643 430 1676 Petri
455 1649 485 1677 et
513 1644 599 1677 Pauli
627 1645 843 1688 apostolorum
868 1644 1029 1683 basilicas,
1059 1650 1087 1677 et

346 1696 375 1730 S.
393 1697 518 1730 Ioannis
542 1697 760 1731 Lateranensis
783 1708 819 1730 ac
839 1698 870 1730 B.
892 1698 1007 1730 Mariae
1031 1698 1089 1730 Ma-

346 1750 423 1784 ioris
439 1751 477 1784 de
498 1751 582 1784 Urbe
596 1752 744 1784 ecclesias
760 1751 932 1791 visitarent,
946 1751 1089 1795 plenissi-

345 1814 430 1837 mam
448 1804 591 1838 omnium
617 1810 822 1849 peccatorum
840 1816 970 1838 suorum
992 1804 1090 1837 indul·
1106 1817 1107 1821 ¹

347 1858 495 1901 gentiam,
521 1858 740 1892 remissionem
765 1864 795 1892 et
819 1859 942 1892 veniam
960 1870 1090 1893 conces-

348 1912 492 1953 serimus,
514 1918 609 1956 prout
633 1913 664 1945 in
689 1913 806 1946 nostris
829 1923 930 1957 nuper
954 1913 1091 1957 desuper

349 1965 498 2000 confectis
521 1966 634 1999 litteris
657 1966 783 2010 plenius
807 1967 1000 2000 continetur:

394 2020 409 2063 ἓ
434 2020 463 2052 l.
488 2020 664 2064 Cupientes,
680 2024 714 2054 ut
733 2021 922 2054 christianae
938 2021 1091 2062 nationes,

350 2083 387 2106 ex
412 2073 561 2107 omnibus
587 2079 741 2107 terrarum
756 2074 842 2107 orbis
864 2075 941 2108 locis
960 2075 991 2107 in
1009 2075 1091 2108 alma

350 2127 434 2160 Urbe
457 2130 565 2161 nostra
590 2128 621 2160 in
646 2127 719 2161 fidei
740 2139 775 2161 ac
796 2128 958 2171 religionis
975 2129 1092 2162 unitate

351 2187 572 2225 congregatae,
597 2183 708 2216 eodem
725 2183 850 2227 pietatis
866 2194 902 2216 ac
918 2183 1093 2217 devotionis

352 2235 465 2279 spiritu
487 2236 632 2269 basilicas
658 2242 688 2269 et
716 2237 864 2270 ecclesias
896 2237 1093 2281 praedictas,

352 2299 414 2332 quo
438 2290 576 2323 maximo
601 2290 669 2323 fieri
696 2291 812 2334 poterit
840 2301 1014 2331 concursu,
1035 2291 1091 2323 du-

352 2348 441 2375 rante
465 2344 575 2377 eodem
600 2344 736 2378 iubilaeo
761 2345 886 2379 visitent
905 2350 935 2378 ct
951 2346 1113 2389 frequen-1

390 2450 399 2475 1
420 2449 486 2476 Puto
502 2458 645 2477 erroneam
662 2450 804 2478 lectionem
821 2452 858 2478 sic
875 2460 934 2478 esse
950 2452 1096 2479 emendan-

354 2493 425 2528 dam,
443 2494 476 2521 ad
491 2495 575 2521 instar
589 2496 602 2529 g
617 2496 632 2522 ‘2
649 2496 742 2523 Const.
759 2496 959 2531 praecedentis,
976 2502 1096 2533 utsupra

356 2545 415 2573 pag.
431 2539 480 2565 145
491 2547 524 2566 a:
543 2539 615 2566 Cum
632 2549 727 2575 nuper
740 2541 863 2568 iubiloez'
881 2542 1097 2569 celebrationem

354 2582 387 2609 in
403 2590 516 2609 annum
529 2583 666 2617 proaeime
677 2587 844 2616 venturum,
857 2594 874 2611 a
891 2586 993 2619 riyi'lict
1013 2586 1096 2612 Nali—

354 2627 456 2654 vitatis
472 2627 507 2653 D.
524 2627 560 2655 N.
577 2628 600 2655 I.
620 2629 650 2656 C.
671 2629 806 2663 proxime
826 2631 945 2664 suturae
962 2630 1099 2657 inchoan-

355 2671 421 2699 dam
437 2674 474 2707 (n.
492 2672 541 2708 r).

1109 308 1189 343 tent,
1215 303 1387 335 inultorum
1413 302 1627 335 Romanorum
1660 302 1846 335 Pontificum

1110 356 1386 399 praedecessoruiu
1401 362 1581 389 nostrorum
1596 356 1738 399 exemplo
1752 355 1848 387 addu-

1110 409 1160 449 cti,
1179 420 1287 442 omnes
1305 415 1335 441 vt
1355 410 1492 452 singulas
1515 409 1733 450 indulgentias,
1754 409 1847 441 ctiam

1110 468 1286 505 perfmtuas,
1305 468 1333 497 et
1354 468 1555 507 peccatorum
1580 463 1792 503 remissiones,
1813 473 1849 495 ac

1112 516 1271 549 facultates
1297 521 1326 550 et
1351 517 1470 549 indulta
1494 516 1685 556 absolvendi,
1706 516 1799 549 etiam
1818 516 1849 548 in

1112 568 1234 602 casibus
1250 569 1321 601 Sedi
1339 571 1536 613 Apostolicae
1562 571 1739 610 reservatis,
1756 569 1851 603 eliam

1112 622 1142 654 in
1168 623 1279 655 litteris
1303 623 1353 655 die
1377 624 1497 656 Coenae
1514 624 1644 657 Domini
1670 625 1730 667 legi
1752 623 1851 657 solitis

1095 681 1096 704 1
1112 677 1276 715 contentis,
1294 677 1458 719 quibusvis
1475 678 1624 717 ecclesiis,
1643 677 1852 718 monasteriis,

1113 730 1332 773 hospitalibus,
1358 730 1452 763 ctiam
1477 731 1505 764 S.
1534 731 1656 764 loannis
1674 732 1853 777 Hierosoly-

1114 784 1232 825 mitani,
1251 784 1406 825 domibus,
1425 784 1554 823 militiis,
1571 785 1746 826 ordinibus,
1760 787 1853 819 etiam

1114 838 1371 877 mendicantium,
1396 838 1706 881 congregationibus,
1731 840 1855 874 confra-

1098 892 1322 932 lemmatibus,
1348 893 1440 925 etiam
1466 893 1629 933 laicorum,
1650 894 1857 927 universitati·

1115 945 1173 978 bus
1204 951 1234 978 et.
1258 946 1317 989 piis
1342 946 1436 986 locis,
1465 946 1657 991 illorumque
1682 947 1856 989 ordinibus,

1116 998 1271 1042 capitulis,
1295 1000 1509 1040 conventibus,
1527 1001 1696 1044 magist1·iS‚
1716 1002 1858 1046 superio-

1116 1052 1213 1093 ribus,
1228 1058 1258 1085 et
1276 1058 1337 1086 tam
1356 1053 1549 1086 secularibus
1562 1065 1656 1098 quam
1673 1056 1858 1099 quorumvis

1118 1106 1211 1138 etiam
1229 1106 1474 1139 mendicantium
1488 1106 1641 1141 Ordinum
1658 1109 1858 1151 regularibus

1117 1160 1269 1203 personis,
1295 1160 1493 1204 coronisque,
1518 1162 1646 1204 granis,
1669 1162 1859 1206 imaginibus

1118 1218 1148 1245 et
1172 1214 1414 1246 numismatibus
1432 1225 1466 1247 ex
1486 1216 1622 1256 metallo,
1640 1227 1695 1249 seu
1712 1227 1860 1260 quacum-

1118 1277 1179 1309 que
1203 1267 1263 1299 atta
1289 1268 1419 1301 materia
1445 1268 1609 1309 confectis,
1634 1275 1697 1302 tam
1723 1270 1860 1313 singula-

1120 1319 1196 1352 riter
1213 1331 1307 1363 quam
1326 1321 1554 1361 universaliter,
1572 1333 1629 1366 per
1643 1334 1861 1368 quoscumque

1121 1374 1277 1407 Romanos
1314 1375 1482 1408 Pontifices
1511 1376 1772 1419 praedecessores
1804 1389 1861 1412 no-

1102 1432 1211 1472 stros,
1237 1438 1273 1461 ac
1297 1428 1390 1460 etiam
1416 1440 1483 1469 nos,
1508 1430 1600 1463 etiam
1619 1430 1657 1462 ad
1683 1431 1861 1464 instantiam

1121 1480 1330 1525 imperatoris,
1356 1493 1491 1525 regum,
1516 1483 1633 1516 ducum
1665 1488 1695 1518 et
1726 1485 1861 1519 afiorum

1120 1536 1316 1579 principum,
1347 1542 1399 1568 aut
1432 1537 1506 1580 ipsis
1537 1538 1629 1570 etiam
1656 1538 1862 1582 imperatori,

1121 1589 1252 1621 ducibus
1277 1594 1306 1621 et
1330 1590 1537 1633 principibus,
1563 1592 1609 1623 vel
1627 1592 1696 1623 aliis
1715 1603 1864 1635 quacum·

1121 1653 1181 1686 que
1201 1643 1263 1675 alisi
1284 1644 1453 1683 mundana,
1471 1645 1518 1677 vel
1537 1645 1748 1678 ecclesiastica
1766 1646 1865 1689 digni-

1123 1699 1193 1736 tate,
1208 1697 1301 1729 etiam
1318 1697 1446 1740 speciali
1460 1700 1533 1731 nota
1548 1698 1643 1741 digna
1660 1699 1864 1742 fulgentibus,

1122 1750 1215 1782 etiam
1242 1750 1280 1783 ad
1305 1751 1404 1783 instar
1418 1751 1554 1792 iubilaei,
1575 1758 1627 1784 aut
1644 1753 1720 1785 alias
1736 1764 1866 1797 quomo·

1123 1803 1310 1847 dominique,
1326 1809 1356 1837 et
1372 1814 1408 1836 ex
1426 1805 1589 1848 quibusvis
1609 1806 1711 1838 causis
1733 1811 1763 1840 et
1779 1817 1866 1840 occa-

1124 1857 1274 1898 sionibus,
1299 1858 1357 1891 sub
1381 1859 1635 1903 quibuscumque
1657 1861 1819 1893 tenoribus
1836 1866 1866 1894 et

1125 1911 1243 1952 formis,
1263 1922 1299 1944 ac
1322 1923 1395 1945 cum
1419 1913 1582 1956 quibusvis
1604 1914 1753 1947 clausulis
1768 1919 1798 1947 et
1817 1914 1868 1947 de-

1125 1965 1239 2005 cretis,
1267 1965 1361 1998 etiam
1394 1971 1483 1999 motu
1511 1967 1642 2011 proprio
1666 1972 1696 2000 et
1720 1979 1756 2000 ex
1782 1970 1868 2001 certa

1126 2018 1266 2059 scientia,
1292 2029 1327 2052 ac
1351 2020 1428 2052 alias
1448 2021 1686 2063 quomodolibet
1710 2022 1869 2055 concessis

1126 2072 1276 2115 (quorum
1302 2073 1445 2106 omnium
1465 2079 1601 2114 tenores,
1618 2075 1755 2115 formas,
1781 2075 1870 2108 dero-

1126 2126 1268 2169 gationes
1292 2133 1320 2160 ct
1346 2128 1472 2160 decreta
1495 2129 1714 2171 praesentibus
1738 2140 1797 2173 pro
1822 2140 1871 2162 ex-

1127 2180 1244 2223 pressis
1270 2180 1379 2213 haberi
1397 2181 1556 2225 volumus)
1577 2182 1750 2225 apostolica
1768 2187 1872 2216 aucto-

1128 2234 1228 2273 ritate,
1254 2234 1292 2266 de
1317 2234 1502 2267 eorumdem
1528 2236 1661 2268 fratrum
1686 2236 1817 2269 consilio
1842 2242 1872 2269 et

1128 2297 1257 2320 assensu
1281 2298 1317 2320 ac
1341 2288 1533 2331 apostolicae
1558 2289 1721 2332 potestatis
1740 2289 1872 2333 plenitu-

1129 2341 1210 2381 dine,
1228 2342 1451 2385 suspendimus
1464 2346 1493 2374 et
1507 2353 1673 2385 suspensas
1690 2353 1757 2375 esse
1773 2343 1873 2375 decla-

1130 2406 1247 2437 ramus,
1264 2406 1379 2439 easque
1396 2401 1424 2428 et
1443 2406 1488 2435 ea,
1505 2396 1617 2428 eodem
1631 2406 1712 2429 anno
1730 2396 1873 2437 durante,

1130 2449 1206 2481 nulli
1231 2449 1381 2493 prodesse
1395 2450 1628 2492 autsuss‘ragari
1653 2450 1782 2490 debere;
1803 2451 1874 2483 irri-

1130 2508 1197 2535 tum
1222 2513 1347 2546 quoque
1366 2507 1395 2536 et
1409 2503 1500 2535 inane
1516 2503 1726 2543 decernimus
1743 2504 1767 2536 si
1785 2515 1875 2537 secus

1132 2567 1226 2600 super
1250 2557 1298 2589 bis
1323 2567 1340 2588 a
1364 2568 1534 2600 quoquam,
1552 2557 1661 2601 quavis
1678 2558 1874 2598 auctoritate,

1133 2610 1267 2643 scienter
1292 2611 1339 2643 vel
1363 2611 1556 2653 ignoranter,
1582 2612 1750 2656 contigerit
1775 2618 1875 2646 atten-

1133 2669 1202 2696 tari.

1751 245 1814 279 147
1860 256 1910 282 An.
1931 255 1959 282 c.
1978 254 2046 281 1624
