2269 3235
127 220 179 247 An.
196 218 224 246 C.
244 218 314 246 1625

152 970 307 998 Exequutores.

135 997 299 1025 defensoresque

134 1024 238 1051 desinunt.

161 2413 317 2441 Contrariisque

135 2441 228 2466 derogat.

932 219 1074 243 nnnANus
1106 219 1163 243 vm
1187 219 1234 243 1²1².

321 266 391 300 tatis
407 265 507 300 robur
523 266 703 308 adiicimus3
722 266 868 312 ipsasque
886 266 1006 300 litteras
1026 277 1062 299 ac

322 319 427 353 omnia
461 325 492 353 et
526 320 648 364 singula
684 321 714 354 in
746 321 790 354 eis
825 324 969 353 contenta
997 319 1058 352 hua

320 372 445 406 usmodi
476 379 628 417 perpetuo
662 373 783 415 valida,
811 373 902 406 firma
930 377 960 406 et
989 372 1058 405 effi-

322 426 406 460 cacia
430 426 563 461 existere
586 433 617 460 et
640 428 716 468 sore,
745 437 880 470 suosque
904 420 1062 470 plenarios

321 485 352 513 et
375 480 515 524 integros
540 480 668 514 effectus
700 479 805 513 sortiri
837 484 867 512 et
898 479 1061 520 obtinere,

322 542 443 567 necnon
467 533 567 567 dictae
591 532 832 576 Congregationi
858 532 889 565 in
914 532 1062 566 omnibus

322 589 352 620 et
374 597 431 630 per
455 587 560 620 omnia
583 585 765 630 plenissime
789 584 976 628 suffragari;
1002 585 1063 618 sic-

322 649 384 683 que
399 650 455 684 per
472 650 688 684 quoscumque
706 638 825 672 iudices
838 638 1015 672 ordinarios
1030 644 1062 671 et

322 692 491 738 delegatos,
515 693 609 727 etiarn
633 704 800 727 causarum
817 693 922 737 palatii
943 697 1064 737 aposto-

322 746 374 780 lici
387 747 555 790 auditores,
566 747 697 781 iudicari
710 753 741 780 et
753 747 877 780 definiri
892 747 1017 789 debere,
1027 757 1063 780 ac

323 800 448 834 irritum
463 806 494 835 et
511 801 612 842 inane,
626 801 651 834 si
669 812 758 834 secus
775 812 872 846 super
888 801 937 835 his
957 812 974 834 a
990 812 1065 845 quo-

323 865 429 898 quam,
441 855 550 899 quavis
562 856 759 896 auctoritate,
773 856 906 889 scienter
918 856 966 888 vel
979 855 1065 898 igno-

322 914 440 950 ranter,
457 909 626 952 contigerit
642 910 796 951 attentari,
814 910 1023 943 decernimus.

368 962 383 1006 ἓ
406 961 437 994 4.
461 961 613 1001 Quocirca
648 963 881 996 venerabilibus
916 963 1065 997 fratribus

324 1015 569 1061 archiepiscopis
593 1020 623 1051 et
646 1017 801 1061 episcopis
818 1017 848 1050 in
866 1017 949 1051 dicto
966 1027 1065 1061 regno

325 1069 523 1112 constitutis,
554 1080 676 1104 necnon
707 1070 821 1104 dilecto
852 1071 917 1104 filio
949 1071 1064 1104 iurium

325 1127 355 1155 ct
379 1123 552 1167 spoliorum
574 1134 715 1157 camerae
736 1124 927 1168 apostolicae
946 1124 1067 1157 debito-

324 1187 395 1209 rum
412 1177 442 1209 in
456 1177 665 1220 portugalliae
677 1183 707 1210 et
720 1178 941 1221 Algarbiorum
961 1178 1065 1221 regnis

324 1230 491 1274 praedictis
522 1231 683 1265 collectori
708 1232 867 1275 generali,
893 1242 950 1276 per
974 1242 1064 1275 prae-

325 1289 427 1317 sentes
450 1284 676 1317 committimus
701 1289 730 1317 et
755 1284 957 1327 mandamus,
989 1295 1066 1329 qua-

325 1341 414 1370 tenus
428 1337 497 1382 ipsi,
514 1338 561 1371 vel
575 1338 711 1379 du0‚aut
723 1348 803 1371 unus
817 1349 938 1379 eorum,
952 1349 1009 1382 per
1023 1349 1065 1380 se,

324 1391 372 1424 vel
389 1391 496 1432 alium,
513 1402 568 1425 seu
593 1392 681 1433 alios,
700 1393 911 1436 praeinsertas
929 1398 959 1425 et
974 1403 1066 1436 prae-

325 1450 427 1479 sentes
440 1446 561 1479 litteras
574 1451 604 1479 et
621 1446 653 1479 in
665 1446 710 1479 eis
727 1451 873 1480 contenta
885 1446 1065 1480 huiusmodi

325 1499 508 1532 solemniter
531 1499 737 1544 publicantes,
761 1510 797 1532 ac
825 1500 856 1532 in
883 1500 1065 1544 praemissis

326 1552 460 1586 efficacis
479 1552 669 1587 defensionis
693 1553 851 1597 praesidio
876 1554 1065 1594 assistentes,

325 1603 448 1644 saciant,
472 1604 658 1638 auctoritate
681 1606 809 1645 nostra,
835 1609 992 1638 rectorem
1017 1615 1066 1647 ge-

325 1657 474 1700 neralem,
492 1668 528 1691 ac
544 1658 736 1698 definitores,
751 1664 781 1691 et
797 1659 976 1692 universam
991 1659 1068 1693 Con-

325 1711 543 1755 gregationem
567 1712 749 1746 huiusmodi
773 1712 958 1746 eorumdem
976 1723 1066 1757 prae-

326 1764 495 1798 missorum
531 1765 698 1799 commodo
731 1769 761 1800 et
790 1765 902 1799 effectu
936 1766 1067 1810 pacifice

327 1818 388 1851 frui
420 1829 456 1852 ac
480 1819 632 1862 gaudere3
656 1829 721 1852 non
750 1819 966 1863 permittentes
998 1820 1067 1853 illos

327 1871 462 1916 desuper
486 1883 504 1905 3
528 1883 708 1917 quoquam,
733 1873 842 1916 quavis
866 1874 1066 1915 auctoritate,

328 1925 564 1970 quomodolibet
587 1927 723 1961 indebite
747 1927 926 1967 molestari;
947 1932 1068 1960 contra-

328 1979 464 2013 dictores
484 1980 640 2024 quoslibet
653 1986 683 2014 et
697 1981 831 2014 rebelles
847 1991 904 2024 per
921 1991 1068 2014 censuras

329 2038 359 2067 et
370 2044 487 2078 poenas
504 2034 739 2077 ecclesiasticas,
757 2034 879 2078 aliaque
892 2040 1070 2079 opportuna

328 2086 407 2120 iuris
431 2093 461 2120 et
485 2088 556 2121 facti
576 2088 726 2129 remedia,
755 2088 964 2132 appellatione
988 2092 1071 2132 post-

328 2140 440 2183 posita,
465 2141 714 2186 compescendo,
739 2141 951 2185 legitimisque
975 2152 1070 2186 super

330 2194 378 2227 his
391 2194 543 2228 habendis
559 2195 689 2229 servatis
700 2195 908 2239 processibus,
923 2205 1070 2228 censuras

331 2253 360 2280 et
384 2258 500 2291 poenas
516 2248 609 2292 ipsas,
625 2249 719 2282 etiam
736 2249 856 2282 iteratis
873 2249 1003 2289 vicibus,
1021 2260 1071 2292 ag-

331 2302 500 2344 gravando,
520 2302 662 2336 invocato
679 2303 772 2337 etiarn
797 2303 835 2335 ad
855 2303 925 2344 hoe,
946 2303 970 2335 si
991 2313 1071 2346 opus

332 2353 434 2397 suerit,
452 2355 567 2388 auxilio
590 2355 713 2388 brachii
738 2356 896 2389 secularis.

378 2407 434 2451 §6
456 2409 524 2441 Non
537 2409 735 2442 obstantibus
752 2409 937 2443 recolendae
954 2420 1072 2443 memo-

334 2462 398 2494 riae
422 2461 571 2495 Bonisacii
594 2462 693 2506 Papae
713 2463 777 2496 Vlll
802 2464 920 2507 pariter
944 2463 1072 2507 praede-

335 2516 468 2549 cessoris
487 2516 587 2549 nostri
601 2516 638 2549 de
650 2518 712 2549 una
729 2522 758 2550 et
775 2517 899 2550 concilii
916 2518 1072 2560 generalis

335 2568 372 2601 de
388 2568 509 2602 duabus
526 2568 626 2610 dietis,
642 2569 812 2603 dummodo
828 2571 910 2603 ultra
928 2576 989 2603 tres
1007 2571 1072 2604 die-

335 2627 381 2655 tas
396 2622 509 2666 aliquis
523 2623 706 2658 auctoritate
723 2624 936 2667 praesentium
953 2624 984 2656 in
999 2624 1074 2657 iudi-

1740 209 1805 243 315
1851 219 1900 246 An.
1918 219 1946 247 c.
1965 219 2032 247 ¹625

1095 268 1178 299 cium
1192 278 1255 300 non
1269 267 1419 309 trahatur,
1436 267 1567 311 aliisque
1584 267 1742 308 omnibus,
1755 277 1835 311 quae

1096 319 1125 351 in
1150 320 1267 353 eisdem
1293 320 1404 353 litteris
1427 330 1575 354 concessa
1595 325 1666 354 sunt
1694 330 1757 353 non
1785 320 1837 353 ob-

1096 378 1187 413 stare,
1200 374 1375 417 ceterisque
1392 375 1557 408 contrariis
1575 374 1834 418 quibuscumque.

1139 426 1249 459 Datum
1277 428 1404 468 Rornae,
1429 428 1512 472 apud
1537 428 1566 462 S.
1600 428 1747 469 Petrum,
1776 427 1834 461 sub

1095 479 1211 512 annulo
1231 479 1406 521 Piscatoris‚
1432 481 1482 513 die
1507 491 1526 514 x
1561 482 1669 526 apriliS
1693 490 1834 523 MncxxV,

1095 532 1293 576 pontificatus
1317 534 1416 567 nostri
1433 544 1514 567 anno
1531 544 1562 568 11.

1132 585 1188 613 Dat.
1211 586 1254 614 die
1271 587 1304 614 10
1318 587 1411 623 aprilis
1427 588 1507 621 1025,
1528 588 1622 623 pontif.
1639 597 1683 616 an.
1700 595 1728 617 n.

1400 703 1540 738 CXXXII.

1096 763 1313 808 Indulgentiae
1335 765 1488 809 plenaria
1505 766 1610 799 Deum
1630 766 1837 810 precantibus

1138 829 1198 862 pro
1220 819 1448 863 praesentibus
1479 819 1638 854 Ecclesiae
1668 821 1839 853 necessita-

1144 870 1237 904 tibus.

1303 923 1440 952 Urbanus
1459 925 1538 959 Papa
1552 925 1629 959 vm,

1099 968 1251 996 universis
1263 969 1512 997 christifidelibus
1526 973 1703 1003 praesentes
1720 969 1839 998 litteras

1133 1014 1327 1049 inspecturis,
1346 1015 1475 1042 salutem
1491 1018 1522 1042 et
1536 1015 1732 1049 apostolicam
1747 1016 1839 1044 bene-

1135 1058 1307 1086 dictionem.

1144 1120 1158 1163 g
1182 1120 1211 1152 l.
1237 1120 1364 1153 Divinae
1384 1120 1620 1154 misericordiae
1644 1121 1764 1155 foribus
1780 1122 1840 1155 hoc
1888 1136 2039 1158 aetermam-

1100 1179 1299 1207 sacrosancto
1324 1174 1451 1207 iubilaei
1476 1185 1557 1208 anno
1582 1186 1638 1219 per
1661 1186 1718 1209 nos
1742 1166 1990 1217 1·eclu-i3⁰u'¹s¹09¹}i⁴‚’‘¹¹³
2019 1169 2040 1184 ¹¹¹

1099 1228 1152 1267 sis,
1169 1228 1350 1261 teterrimus
1368 1229 1497 1261 humani
1512 1229 1636 1271 generis
1656 1229 1765 1270 hostis,
1787 1230 1840 1273 qui

1100 1281 1271 1325 spiritualis
1281 1282 1414 1315 aedificii
1428 1282 1551 1314 ruinam
1565 1282 1688 1316 assidue
1703 1283 1840 1326 molitur,

1099 1336 1211 1369 bellico
1231 1336 1332 1369 furori
1356 1336 1495 1369 hostium
1521 1337 1680 1371 reseravit.
1706 1338 1843 1371 Perstre-

1099 1394 1177 1433 punt
1200 1389 1316 1433 ubique
1341 1400 1438 1430 arma,
1463 1395 1493 1422 et
1517 1391 1635 1434 populi,
1658 1402 1737 1435 quos
1761 1391 1842 1424 chri-

1099 1443 1199 1476 stiana
1225 1443 1376 1476 charitate
1395 1444 1559 1486 ferventes,
1578 1444 1638 1477 hoc
1655 1445 1843 1489 praesertim

1100 1502 1266 1541 tempore,
1299 1497 1489 1531 charismata
1524 1498 1655 1531 meliora
1689 1498 1843 1532 aemulari

1100 1551 1306 1594 optabamus,
1331 1551 1431 1584 saevis
1457 1551 1522 1583 irae
1546 1551 1681 1584 flammis
1702 1552 1842 1592 incensi,

1100 1609 1224 1636 mutuas
1248 1603 1280 1636 in
1305 1604 1408 1636 clades
1433 1603 1649 1637 exardescunt.

1144 1656 1212 1700 ξεῖ.
1249 1657 1312 1690 Nos
1344 1666 1440 1697 vero,
1477 1657 1531 1701 qui
1566 1668 1676 1690 omnes
1711 1659 1843 1701 paterna

1101 1710 1266 1745 dilectione
1303 1711 1566 1755 complectimur,
1596 1712 1742 1755 Europae
1777 1712 1843 1744 sere

1101 1764 1276 1806 universae,
1300 1765 1470 1809 praecipue
1494 1770 1599 1798 autem
1623 1765 1739 1806 Italiae,
1764 1775 1843 1809 quae

1102 1818 1237 1852 illibatae
1263 1819 1426 1862 religionis
1461 1819 1586 1860 studio,
1611 1819 1679 1852 iure
1704 1820 1842 1863 optimo,

1102 1873 1266 1916 gloriatur,
1287 1884 1323 1907 ac
1342 1873 1534 1907 tutissimum
1559 1873 1710 1914 florentis,
1727 1874 1845 1907 diutur-

1102 1937 1223 1970 naeque
1239 1927 1325 1970 pacis
1342 1926 1444 1960 existit
1460 1927 1667 1968 domicilium,
1685 1938 1776 1960 casus
1792 1926 1847 1959 mi-

1103 1991 1173 2012 rum
1199 1980 1231 2012 in
1255 1979 1385 2013 modum
1418 1980 1581 2022 dolemus,
1607 1986 1636 2013 et
1660 1980 1846 2024 sanguinem

1103 2033 1156 2077 qui
1175 2033 1293 2066 effundi
1320 2033 1380 2065 iam
1398 2033 1510 2077 coepit,
1532 2044 1645 2077 magna
1664 2039 1846 2067 nostrarum

1103 2087 1327 2130 consequitur⁴
1354 2087 1446 2131 copia
1469 2088 1689 2132 lacrymarum.

1148 2141 1163 2185 ξ
1178 2141 1208 2174 3.
1222 2141 1418 2185 Quamquam
1431 2152 1514 2182 vero,
1526 2146 1571 2174 tot
1587 2142 1740 2185 tantisque
1755 2140 1846 2174 malis
1888 2151 1918 2172 Aa
1930 2150 1994 2172 neum
2007 2151 2046 2172 aa·

1104 2199 1284 2238 opportuna
1297 2194 1437 2227 remedia
1448 2195 1598 2228 adhibere
1612 2195 1784 2239 cupientes,
1798 2205 1844 2235 ea,
1861 2184 1910 2242 3333
1924 2178 2045 2226 ⁰0222⁰⁸c¹331

1105 2258 1184 2291 quae
1194 2248 1287 2281 officii
1302 2249 1400 2281 nostri
1414 2249 1494 2281 ratio
1508 2249 1665 2292 poscebat,
1678 2250 1844 2282 humanae·
1861 2234 1904 2256 κί’

1104 2312 1165 2345 que
1189 2302 1375 2345 prudentiae
1396 2303 1481 2345 leges
1500 2313 1629 2336 monere
1650 2302 1845 2344 videbantur,

1105 2362 1256 2400 quantum
1276 2356 1307 2388 in
1334 2357 1467 2389 Domino
1496 2357 1665 2400 potuimus,
1697 2357 1847 2400 pastorali

1105 2410 1269 2443 sedulitate
1293 2410 1499 2453 providimus,
1520 2410 1770 2453 nihihilominus,
1788 2411 1847 2444 sor-

1105 2464 1185 2496 tiora
1201 2463 1357 2507 praesidia
1381 2464 1504 2497 nonnisi
1530 2474 1547 2497 e
1569 2465 1656 2497 caelo
1674 2469 1846 2509 sperantes,

1907 1670 1933 1692 Et
1948 1670 1968 1691 in
1982 1670 2044 1692 nati·

1859 1700 1948 1719 exortos.

1144 2546 1152 2571 1
1179 2544 1223 2571 Sic
1247 2544 1312 2571 edit.
1337 2544 1455 2571 Cherub.
1483 2544 1573 2579 Rom.;
1594 2544 1658 2572 edit.
1679 2545 1763 2572 Main.
1784 2545 1847 2581 legit

1106 2590 1327 2623 consequimur;
1351 2589 1440 2616 forsan
1456 2589 1603 2624 legendum
1617 2589 1689 2617 foret.
1704 2591 1845 2624 maynd...

1106 2634 1314 2668 prosequimur
1333 2634 1445 2669 copiti...
1463 2633 1501 2668 (R.
1519 2635 1566 2669 T.).
