2269 3235
266 227 314 253 An.
333 227 359 253 c.
386 226 450 253 1023
497 218 538 250 *Βῆ

462 274 527 308 riae
559 274 694 317 Virginis
718 274 799 307 inter
822 282 933 317 preces
965 277 994 305 et
1026 273 1202 316 lachrymas

464 327 611 371 vigilavit,
629 337 724 370 seque
748 326 872 370 penitus
897 325 1001 357 divino
1020 325 1129 364 cultui,
1147 335 1202 358 no-

464 392 537 414 vum
563 380 673 413 exinde
697 379 825 413 militiae
854 389 952 422 genus
977 383 1202 422 sequuturum,

464 434 597 467 addixit:

509 488 524 529 g
548 486 598 519 Μ.
624 486 825 518 Minoressam
857 484 928 517 indc
956 484 1092 516 vicinum
1116 484 1205 528 oppi-

465 539 538 571 dum
562 538 667 582 petiit;
692 543 721 570 ct
745 537 784 570 ad
808 537 962 581 hospitale
979 537 1007 570 S.
1027 537 1139 570 Luciac
1163 537 1205 569 di-

464 593 574 633 vertit,
599 599 629 625 ct
659 592 690 624 in
720 602 774 632 co,
799 597 829 624 et
859 591 995 635 quodam
1028 601 1140 634 specu,
1166 590 1203 623 ad

464 645 715 690 praeterfluentis
738 644 839 677 amnis
863 644 973 688 ripam·
991 644 1065 684 sito,
1089 643 1205 676 faciens

465 699 577 741 dignos
612 698 821 742 poenitentiae
856 697 1001 737 fructus,
1032 707 1204 741 pauperem

465 756 557 795 atque
573 761 717 794 asperam
734 750 829 784 vitam
846 750 999 793 transegit
1016 750 1098 782 inter
1114 759 1206 791 egen-

465 810 512 837 tes
544 809 574 836 ct
598 803 742 836 sordidos
773 802 939 842 homines,
966 802 1080 846 quibus
1113 802 1204 835 ctiam

466 856 650 890 humillimis
675 855 863 889 inserviebat
886 854 1066 898 obsequiis:

512 911 526 953 ᾗ
547 910 597 943 15.
620 910 691 943 rost
714 909 841 952 aliquod
859 919 932 941 vero
953 913 1076 950 tempus
1092 908 1206 939 almam

412 985 452 997 «ηρ
468 963 582 996 Urbem
600 967 739 994 nostram
760 966 790 994 et
809 960 983 993 successive
1001 959 1152 999 Yenetias,
1172 969 1207 991 ac

289 500 418 520 uio-uressan·
430 500 449 520 in

266 527 364 552 hospitati
374 530 392 547 el
404 533 449 552 spe-

267 560 291 573 (u
307 560 403 578 aspwam
421 560 450 573 ti-

267 582 308 600 tam
324 580 388 600 «lucit,

296 924 376 943 Sindus
398 925 452 943 litle-

404 1011 442 1024 Μ’
468 1015 669 1059 postmodum
702 1013 953 1056 Hierosolymam
978 1011 1153 1051 contendit,
1178 1016 1208 1044 et

270 1056 319 1076 miei
340 1058 452 1078 exhibere.

270 1085 293 1102 ut
313 1090 452 1108 proximorum

270 1110 358 1131 salutem
380 1116 452 1137 opere·

270 1137 311 1157 tur.

468 1067 666 1113 perlustratis
680 1066 776 1099 sacris
789 1066 877 1106 locis,
890 1065 1004 1098 ibidem
1023 1075 1208 1109 permanere

468 1127 498 1155 et
528 1121 704 1154 animarum
738 1119 829 1152 saluti
860 1119 1043 1151 incumbere
1076 1118 1208 1158 vetitus,

468 1174 560 1207 rediit
577 1173 614 1206 ad
635 1176 740 1217 partes
758 1171 994 1215 Hispaniarum,
1013 1176 1052 1210 et,
1070 1181 1132 1213 quo
1149 1181 1209 1203 mc-

468 1228 528 1260 lius
552 1231 657 1271 posset
681 1227 712 1258 in
737 1225 849 1269 spiritu
870 1224 1023 1268 proximis
1042 1224 1207 1257 utilitatem

469 1280 592 1319 afferre,
608 1279 737 1321 triginta
754 1282 844 1310 natus
861 1287 969 1317 annos,
987 1277 1209 1320 grammaticae

471 1332 574 1375 primo
596 1332 626 1364 in
647 1331 770 1364 civitate
787 1330 1031 1362 Ilarcliinonensi
1051 1335 1081 1362 et
1098 1328 1209 1361 deinde

469 1384 624 1428 Compluti
656 1383 876 1427 philosophiae
901 1388 929 1415 ct
956 1382 1131 1424 theologiae
1154 1392 1210 1425 per

470 1448 585 1470 annum
619 1448 690 1469 cum
722 1436 852 1469 dimidio
883 1446 1013 1479 operam
1044 1435 1150 1474 dedit;
1175 1446 1211 1468 ac

470 1491 597 1523 «leuium
623 1489 748 1522 Parisiis
765 1489 871 1522 omnia
891 1489 942 1521 illa
960 1488 1061 1522 studia
1077 1487 1210 1531 repetiit,

471 1555 508 1576 ex
533 1543 738 1587 elecmosynis
764 1543 916 1582 victitans,
941 1547 971 1574 et
994 1541 1096 1574 officia
1113 1541 1212 1574 chari-

472 1597 557 1637 tatis,
582 1596 766 1630 humilitatis
792 1601 821 1628 et
849 1594 1057 1639 poenitentiae
1081 1604 1144 1627 non
1168 1594 1213 1626 in-

472 1651 664 1689 termittens,
681 1650 774 1683 sociis
791 1649 930 1681 eiusdem
948 1648 1113 1692 propositi,
1131 1648 1212 1680 inter

471 1715 550 1748 quos
571 1704 628 1736 suit
644 1703 829 1736 Franciscus
846 1701 1006 1741 Kana-ius,
1024 1701 1071 1733 vir
1088 1707 1212 1734 sanctus

472 1762 502 1789 et
526 1756 685 1789 lndiarum
709 1756 888 1799 apostolus,
916 1753 1055 1787 collectis
1086 1758 1115 1787 et
1142 1758 1212 1788 voto

473 1821 543 1842 eum
568 1809 612 1842 eis
635 1813 824 1853 nuncupato,
842 1814 887 1848 ut,
905 1808 1129 1841 consummatis
1153 1813 1214 1840 stu-

473 1863 532 1896 diis
556 1862 696 1906 inceptis,
721 1861 901 1905 evangelica
922 1861 1058 1895 contenti
1082 1871 1213 1905 pauper-

473 1920 553 1956 tate,
579 1915 828 1959 Hierosolymam
853 1924 962 1948 omnes
986 1913 1109 1946 adirent
1139 1924 1214 1946 una-

473 1969 549 2001 nimi
567 1979 602 2001 ae
619 1978 743 2001 summo
761 1967 862 2001 conati
882 1967 974 2000 saluti
993 1966 1213 2011 proximorum

474 2021 668 2061 inservituri3
692 2021 776 2065 quod
796 2021 821 2054 si
838 2031 894 2064 per
911 2030 1027 2053 annum
1048 2020 1213 2063 navigandi
1229 2024 1231 2044 ²

474 2086 507 2108 se
530 2085 593 2109 non
617 2075 744 2108 offerret
767 2074 900 2115 occasio,
922 2075 969 2107 vel
989 2074 1213 2118 Hierosolymis

475 2139 661 2172 permanere
677 2128 936 2172 prohiberentur,
954 2127 1007 2161 illo
1032 2133 1102 2161 voto
1122 2124 1214 2161 abs&-

477 2183 529 2215 luti
552 2183 684 2216 Romam
708 2182 789 2215 irent
813 2187 842 2215 et
866 2192 953 2215 suam
980 2181 1120 2225 ipsorum
1145 2192 1215 2225 ope-

477 2246 542 2268 ram
568 2236 697 2269 Summo
722 2235 864 2268 Pontifici
890 2235 920 2267 in
948 2235 1099 2267 auxilium
1123 2234 1214 2278 spiri-

479 2290 559 2322 main
584 2289 677 2332 primi
702 2289 868 2322 offerrent:

410 2386 412 2388 Υ
522 2343 536 2385 ξ
567 2343 611 2376 16.
635 2343 759 2382 Verum,
777 2353 848 2375 cum
870 2352 905 2374 ex
931 2342 1107 2374 studiorum
1132 2341 1217 2374 labo-

295 2412 312 2424 r,
324 2405 358 2424 m*
415 2386 461 2425 111⁸<
479 2396 564 2428 ribus
581 2401 611 2428 et
628 2395 740 2438 vigiliis
756 2406 883 2438 gravem
901 2395 1052 2428 stomachi
1070 2394 1215 2428 morbum

292 2439 312 2451 Η
333 2439 336 2451 ⁸
385 2439 388 2451 '
480 2449 603 2483 i’arisiis
625 2450 840 2488 contraxisset,
862 2450 947 2482 iussu
971 2449 1167 2483 medicorum
1188 2454 1218 2483 et

478 2515 514 2537 cx
540 2503 697 2536 sociorum
729 2503 860 2537 consilio
885 2503 915 2536 in
940 2503 1074 2548 patriam
1104 2503 1216 2544 rediit,

478 2568 559 2592 anno
590 2557 729 2591 eiusdem
762 2556 924 2599 trigesimo
956 2556 1085 2599 quinto;
1111 2556 1216 2600 ibique

479 2622 535 2655 per
566 2617 630 2644 tres
661 2621 784 2643 menses
813 2610 843 2643 in
876 2610 1022 2654 hospitali
1048 2610 1076 2643 S.
1103 2609 1217 2642 Mariae

1042 225 1216 247 rtt'1.l.x1:lt'u
1245 224 1394 246 1:¹u1.t!x't'.tt

1988 221 2035 248 Λιι.
2054 220 2082 247 C.
2105 220 2171 257 1523

1235 271 1452 315 Magdalenae‚
1473 269 1608 304 ostiatim
1634 269 1751 302 victum
1774 269 1974 302 emendicans

1236 330 1266 358 ct
1288 323 1481 368 pauperibus
1505 321 1693 363 inserviens,
1718 326 1842 366 tempus
1865 321 1974 356 sedulo

1236 376 1391 412 traduxit:

1280 432 1295 473 g
1320 430 1371 463 17.
1389 430 1455 469 Quo
1480 434 1646 469 transacto,
1664 438 1737 461 cum
1757 427 1976 468 convaluisset,
2020 440 2123 470 venenis,
2141 447 2173 461 ‚12-

1238 483 1399 523 Venetias,
1423 493 1486 526 quo
1510 482 1586 515 socii
1610 492 1646 514 ex
1670 480 1846 524 composito
1870 480 1976 513 venire
1991 469 2176 519 ss223?1.‚n.l.¹2'¹¹3‡{¹5

1237 536 1403 577 debebant,
1421 535 1514 568 etiam
1537 535 1602 578 ipse
1620 534 1791 578 profectuS,
1806 533 1838 565 in
1855 534 1891 565 ea
1907 533 1978 566 civi·
1992 522 2080 575 5332?
2091 522 2176 567 »93ιῇἶῖ

1238 593 1299 621 tate
1323 588 1361 620 ad
1385 587 1597 621 sacerdotium
1620 585 1803 630 promoveri
1819 585 1928 626 voluit,
1948 590 1979 618 et
1993 575 2062 593 “¹¹¹⁸‘'

1238 641 1440 685 paupertatis,
1465 640 1676 683 castitatisque
1696 639 1728 672 in
1748 639 1892 672 manibus
1911 638 1980 672 Hie-

1239 694 1361 738 ronymi
1379 694 1492 726 Vcralli
1512 692 1740 736 archiepiscopi
1765 691 1979 732 Rossanensis,

1240 747 1270 779 in
1288 749 1323 779 ea
1342 752 1415 779 tunc
1431 746 1519 780 Sedis
1532 746 1728 790 Apostolicac
1744 745 1855 788 nuntii,
1872 749 1979 779 votum

1240 799 1362 832 emisit:

1284 854 1299 895 g
1317 852 1367 885 18.
1381 853 1418 885 Et
1435 853 1541 896 elapso
1558 863 1640 885 anno
1657 852 1738 885 inter
1755 863 1808 886 cos
1825 853 1980 893 condicto,
2009 864 2179 885 PdlllolIlSU-“nn

1240 910 1270 938 et
1302 905 1499 947 navigatione
1531 905 1560 937 in
1593 905 1821 947 Palaestinam,
1851 896 2180 950 propterf›⁰·2⁰r'{ii1⁰'‹'›¹ii¹i¹1-‘i.⁰'

1241 967 1350 1000 pacem
1382 957 1462 990 inter
1492 958 1609 990 Turcas
1642 963 1672 990 et
1702 959 1835 992 Venetos
1864 970 1921 1003 per
1951 959 1981 992 id

1242 1014 1365 1052 tempus
1382 1009 1546 1049 sublatam,
1564 1009 1744 1050 interclusa,
1761 1011 1893 1044 Romam
1910 1022 1982 1044 cum

1242 1063 1335 1096 sociis
1368 1062 1451 1095 venit
1483 1072 1564 1096 anno
1600 1062 1768 1096 millesimo
1796 1064 1983 1107 quingente-

1242 1117 1322 1149 simo
1355 1116 1517 1159 trigesimo
1547 1116 1694 1160 septim03
1719 1116 1773 1149 ubi
1803 1127 1821 1149 a
1848 1117 1985 1161 quodam

1242 1170 1368 1210 Quirico
1385 1170 1540 1203 Garzonio
1556 1180 1687 1204 romano
1705 1170 1781 1211 cive,
1798 1170 1831 1203 in
1849 1171 1984 1214 quadam

1244 1223 1342 1267 ipsius
1365 1223 1511 1257 Gai-zonii
1535 1223 1625 1256 vinea
1650 1224 1708 1256 sub
1736 1229 1843 1257 monte
1867 1224 1984 1265 Pineio,

1244 1281 1389 1320 receptus
1402 1277 1548 1320 hospitio,
1558 1277 1758 1310 constitutam
1770 1288 1900 1320 operam
1915 1278 1985 1321 piac

1244 1330 1388 1363 similiter
1404 1330 1575 1364 memoriae
1592 1330 1687 1363 Paulo
1701 1331 1750 1373 ΙΙΙ,
1764 1331 1882 1374 pariter
1899 1342 1986 1375 prae-

1243 1382 1401 1416 decessori
1428 1387 1556 1422 nostro,
1581 1382 1620 1415 ad
1647 1383 1823 1416 animarum
1852 1384 1984 1417 salutem

1244 1435 1356 1468 obtulit
1380 1435 1630 1479 paratissimam:

1289 1489 1304 1532 g
1328 1489 1379 1521 «19.
1403 1489 1501 1528 Quam
1531 1499 1678 1530 causam,
1702 1500 1765 1532 quo
1796 1489 1927 1522 uberius
1955 1496 1985 1523 ct
2008 1499 2184 1529 suvia-*niwon-

1245 1541 1434 1574 cumulatius
1458 1546 1592 1574 tractare
1616 1547 1730 1585 posset,
1750 1541 1864 1575 dictam
1884 1542 1986 1576 Socie-
2000 1525 2185 1581 {}{fl?‹⁴.¹Z-⁰ufffi¹s''.‡1}f0'

1245 1600 1340 1626 tatem
1361 1605 1377 1626 a
1402 1605 1434 1627 se
1459 1594 1632 1627 institutam
1658 1594 1709 1638 (ad
1733 1595 1793 1628 tria
1818 1606 1890 1628 cum
1915 1595 1985 1628 aliis
2000 1578 2186 1632 Eiffiif.'‘'⁵¹²”⁵⁰¹¹'

1245 1647 1452 1690 religionibus
1469 1648 1651 1681 communia
1666 1653 1737 1680 vota
1753 1653 1865 1691 quarto
1881 1648 1987 1681 adiun-

1246 1707 1317 1742 cto,
1349 1711 1406 1745 per
1438 1701 1521 1744 quod
1553 1701 1746 1745 peculiarem
1782 1701 1986 1745 polliceretur

1246 1754 1387 1787 Romano
1412 1754 1554 1787 Pontifici
1579 1754 1790 1787 obedientiam
1814 1754 1847 1787 in
1869 1754 1988 1788 missio-

1246 1807 1350 1848 nibus,
1375 1817 1439 1839 non
1462 1807 1559 1851 petito
1584 1807 1717 1848 viatico,
1742 1808 1835 1840 etiam
1859 1808 1899 1841 ad
1922 1808 1989 1841 infi-

1246 1859 1343 1900 deles,
1368 1866 1481 1901 turcas,
1506 1860 1691 1901 haereticos,
1718 1861 1934 1895 schismaticos
1958 1867 1988 1894 et

1246 1923 1462 1956 quoscumque
1485 1913 1574 1954 alios,
1599 1914 1765 1958 obeundis)
1786 1925 1803 1947 a
1825 1914 1987 1959 praedicto

1246 1967 1341 2000 Paulo
1358 1967 1398 2000 111
1414 1966 1657 2011 praedecessore
1673 1967 1920 2002 confirmandam
1938 1980 1988 2001 cu-

1247 2020 1340 2060 ravit,
1365 2030 1497 2064 eamque
1520 2021 1722 2064 postmodum
1746 2021 1873 2065 optimis
1892 2022 1987 2055 etiam

1247 2073 1522 2107 constitutionibus
1539 2079 1569 2106 et
1585 2074 1708 2117 legibus
1732 2074 1892 2116 stabilivit,
1910 2080 1940 2108 et
1957 2075 1988 2108 in

1247 2126 1461 2170 praepositum
1491 2128 1671 2169 generalem
1700 2128 1838 2168 electus,
1863 2130 1987 2161 summa

1248 2190 1319 2213 cum
1344 2180 1510 2224 prudentia
1535 2186 1562 2213 et
1588 2180 1754 2224 probitatis
1774 2181 1864 2214 laude
1884 2181 1989 2215 mode-

1250 2239 1335 2266 ratus
1360 2239 1426 2266 est:

1294 2287 1309 2330 ξ
1333 2286 1384 2319 20.
1410 2287 1452 2319 Ac
1475 2292 1546 2330 post
1572 2288 1687 2322 multos
1718 2288 1861 2329 labores,
1886 2288 1988 2321 lesum

1250 2341 1418 2385 appellans,
1439 2341 1470 2373 in
1493 2341 1602 2374 eadem
1626 2342 1707 2375 Urbe
1728 2343 1780 2386 pie
1799 2342 1991 2377 obdormivit

1251 2395 1282 2426 in
1306 2393 1437 2427 Domino
1463 2394 1564 2437 pridie
1589 2394 1736 2427 kalendas
1760 2395 1885 2438 augusti
1918 2395 1989 2428 anni

1251 2448 1390 2482 eiusdem
1416 2448 1538 2482 Domini
1563 2448 1722 2481 millesimi
1747 2448 1989 2492 quingentesimi

1250 2501 1591 2546 quinquagesiiniscxti.
1611 2501 1662 2534 Vir
1688 2512 1770 2542 vere,
1791 2512 1886 2545 quem
1905 2512 1992 2546 prae-

1251 2556 1388 2599 elegerat
1401 2555 1561 2595 Dominus,
1579 2558 1611 2588 ut
1628 2565 1737 2588 eorum
1755 2554 1817 2588 dux
1834 2555 1923 2596 soret,
1937 2555 1990 2598 qui

1251 2614 1410 2652 portarent
1424 2609 1491 2642 eius
1504 2608 1735 2642 sanctissimum
1751 2617 1867 2642 nomen
1884 2618 1990 2642 coram

2030 2295 2127 2317 Moritur.
