2269 3235
259 277 308 304 An.
324 276 352 304 C.
375 275 442 303 1020

296 2669 388 2691 Eaedem
397 2669 460 2690 tacut-

487 266 550 300 50⁶2

457 323 649 367 gravissimis
669 326 694 353 et
723 317 950 362 capitalissimis
975 318 1078 351 causis
1099 323 1125 349 ct
1144 317 1195 349 de-

457 377 556 416 lictis,
586 375 728 407 haunitos
752 378 779 404 et
814 371 1052 407 condemnatos,
1087 370 1193 403 habita

458 436 560 471 tamen
585 429 673 472 prius
692 427 730 459 ab
748 425 873 458 oll'cnsis
893 435 978 468 pace,
999 430 1028 457 et
1052 429 1192 468 praeter—

457 494 549 526 quam
575 480 676 524 quoad
705 480 785 511 bona
811 480 886 511 tisco
916 479 1132 521 incorporata,
1158 477 1194 509 li-

456 534 584 567 berandi
605 539 634 566 et.
658 532 823 575 gratiandi,
839 543 873 565 ac
892 531 922 564 in
941 531 1108 575 pristinum
1127 541 1194 573 gra-

456 589 529 621 dum
555 592 584 619 et
607 586 788 629 dignitatem
814 596 848 618 ac
867 596 949 627 eum,
969 585 999 616 in
1017 595 1078 628 quo
1103 589 1193 616 antea

456 644 565 679 erant,
591 644 704 671 statum
737 638 939 678 restituendi,
967 637 1140 681 reponendi
1166 640 1195 670 et

457 692 594 736 plenarie
611 691 834 733 reintegrandi,
849 691 950 723 salvos
968 690 1139 723 conductus
1157 689 1193 721 ad

457 751 578 788 tempus
599 745 646 777 vel
669 745 698 777 in
723 750 913 787 perpetuum
939 743 986 783 iis,
1004 743 1118 786 quibus
1138 741 1193 774 tibi

457 799 621 839 videbitur,
641 797 859 839 concedendi),
878 802 907 829 ct.
925 796 1114 839 generaliter
1131 806 1195 828 om—

457 852 506 884 nia
531 857 560 884 et
585 852 706 893 singula
723 850 760 882 ad
782 856 906 889 statum,
931 849 1132 892 gubernium,
1150 860 1196 882 re-

458 906 563 948 gimen
583 910 612 937 et
637 903 939 937 administrationem
964 902 1104 943 ducatus,
1124 903 1196 936 civi-

458 965 564 1001 tatum,
578 958 800 999 dominiorum⁷
816 957 1015 1000 oppidorum,
1028 962 1194 996 terrarum,

458 1014 617 1052 locorum,
642 1012 838 1054 aliorumque
862 1010 1114 1054 praedictorum,
1130 1002 1196 1042 vnec

458 1076 519 1099 non
544 1065 673 1106 arcium,
695 1063 1007 1108 propugnaculorum
1032 1068 1062 1095 et
1082 1063 1196 1096 fortali-

457 1120 572 1152 tiorum
598 1118 782 1157 custodiam,
807 1117 1060 1160 populorumque
1085 1127 1195 1160 pacem

458 1178 487 1205 et
511 1172 645 1215 quietem
672 1176 702 1203 et
724 1180 864 1203 annonae
890 1169 1110 1203 abundantiam
1131 1180 1197 1212 spe-

458 1226 591 1265 ctantia,
616 1236 651 1257 ac
675 1229 737 1257 tam
769 1224 901 1266 gratiam
926 1234 1019 1266 quam
1047 1223 1195 1255 iustitiam

459 1278 685 1317 concernentia,
704 1276 825 1309 etiamsi
843 1276 915 1308 talia
932 1276 992 1308 sint
1007 1276 1053 1308 vel
1071 1275 1196 1315 suerint,

458 1343 536 1376 quae
553 1332 609 1364 sub
627 1331 764 1373 generali
782 1330 949 1363 verborum
969 1329 1196 1371 significatione

459 1396 520 1418 nou
546 1385 700 1426 venirent,
726 1384 779 1416 sed
805 1383 990 1427 specialibus
1022 1383 1197 1425 indigerent

460 1439 616 1471 vocabulis
650 1443 679 1470 et
703 1437 827 1481 speciali
858 1439 933 1469 nota
957 1436 1051 1479 digna
1075 1440 1196 1476 essent,

460 1492 697 1535 specialemque,
713 1490 889 1534 specificam
908 1495 937 1522 et
954 1500 1134 1533 expressam
1153 1500 1199 1522 re-

459 1545 620 1588 quirerent
645 1545 847 1584 mentionem,
872 1543 976 1583 facias,
994 1543 1088 1583 dicas,
1106 1553 1197 1585 geras

460 1604 487 1630 et
513 1598 692 1641 exequaris,
718 1608 753 1629 ae
785 1597 815 1629 in
840 1597 986 1629 omnibus
1011 1601 1041 1628 et
1065 1596 1198 1638 singulis

461 1651 639 1694 praemissis
682 1660 952 1694 quarumcumque
990 1660 1197 1692 personarum

461 1705 553 1737 etiam
569 1704 850 1737 ecclesiasticarum
866 1710 896 1736 et
910 1703 1103 1746 regularium
1125 1714 1199 1746 quo-
1215 1719 1217 1723 ν

461 1768 668 1800 rumcumque
692 1756 855 1797 Ordinum,
881 1757 974 1789 etiam
1000 1766 1199 1800 quacumque

462 1812 610 1854 dignitate
628 1811 720 1843 etiam
745 1810 918 1854 episcopali
938 1810 985 1842 rel
1008 1810 1119 1841 maiori
1144 1810 1201 1842 sul-

463 1865 612 1907 gentium,
630 1868 726 1908 opera
750 1865 858 1904 utaris,
876 1874 989 1907 easque
1009 1874 1080 1895 cum
1101 1863 1198 1895 sacul-

462 1919 576 1951 tatibus
596 1929 651 1962 per
675 1923 705 1950 te
729 1919 790 1950 illis
814 1917 1067 1961 praescribendis
1091 1917 1218 1958 subde-1

464 1971 558 2013 leges,
577 1972 617 2005 ita
633 1977 751 2011 tamen,
773 1976 806 2003 ut
823 1971 860 2003 de
878 1971 973 2013 gestis
990 1976 1019 2003 et
1037 1970 1200 2014 exequutis

464 2036 520 2068 per
545 2031 583 2065 te,
601 2031 653 2057 aut
677 2025 822 2057 mandato
841 2030 893 2057 tuo
910 2035 966 2067 per
986 2035 1201 2067 quoscumque

466 2079 551 2115 alios,
573 2084 614 2119 tu,
632 2079 678 2111 vel
696 2079 739 2110 illi
761 2079 862 2119 nobis,
881 2084 932 2110 aut
952 2079 1100 2111 Romanis
1122 2078 1201 2110 Pon-

466 2132 599 2164 tificibus
624 2132 857 2165 successoribus
878 2132 1004 2169 nostris,
1025 2137 1077 2163 aut
1094 2131 1200 2164 SRE.
1218 2163 1220 2167 ,

468 2186 669 2218 cardinalium
702 2186 855 2228 collegio,
881 2186 928 2218 vel
952 2178 1220 2228 quibuscumque

468 2238 543 2279 aliis,
562 2244 595 2271 ut
611 2239 796 2282 praefertur,
814 2244 1035 2281 praeterquam
1054 2238 1111 2270 soli
1128 2238 1201 2279 Deo,

468 2293 619 2325 rationem
648 2294 782 2336 aliquam
812 2293 876 2325 ullo
900 2303 1039 2336 unquam
1064 2297 1204 2335 tempore

470 2346 599 2378 reddere
625 2346 753 2378 minime
779 2345 960 2390 teneamini,
986 2356 1087 2389 neque
1112 2345 1151 2377 ad
1176 2345 1204 2376 id

472 2399 538 2440 cogi
565 2400 611 2431 vel
636 2400 782 2443 compelli
807 2400 948 2443 possitis:
975 2410 1069 2442 super
1093 2399 1206 2442 quibus

475 2452 620 2485 (minibus
645 2458 672 2485 ct
694 2453 824 2495 singulis
844 2453 977 2495 plenam,
994 2452 1136 2492 liberam,
1154 2451 1206 2483 al]-

474 2506 605 2537 solutam
630 2509 659 2539 et
682 2506 892 2538 omnimodam
917 2506 1104 2546 facultatem,
1125 2510 1208 2548 potc-

1034 269 1130 293 BULLA
1136 269 1213 293 RIUM
1236 268 1392 293 ROMANUM

475 2564 584 2590 stati-m
601 2564 629 2590 et
644 2560 858 2593 auctoritatem
874 2565 981 2592 tenore
994 2559 1206 2603 praesentium

476 2611 529 2643 tibi
554 2612 751 2645 concedimus
776 2618 805 2645 ct
830 2613 1038 2656 inwartimur.

520 2665 533 2707 g
558 2664 585 2696 ti.
611 2666 685 2703 Quia
710 2668 791 2699 vero·
810 2667 976 2699 venerabili
1001 2667 1087 2700 fratri
1113 2667 1209 2700 Paulo

1983 266 2032 294 An.
2048 265 2077 294 C.
2095 265 2164 294 1626

1227 317 1352 349 AEmilio
1369 315 1606 359 archiepiscopo
1623 313 1833 355 Urbinatensi,
1861 324 1896 348 ac
1922 314 1964 348 di·
1979 328 2163 358 catonianum

1228 370 1315 402 lectis
1339 369 1411 402 siliis
1435 368 1616 413 provinciae
1647 367 1803 400 Marchiae
1829 368 1964 401 Anconi-
1979 355 2090 404 fiiliissf⁸⁰
2131 355 2164 375 ω’

1228 428 1326 463 tanae,
1351 432 1472 455 necnon
1490 420 1622 454 civitatis
1643 420 1820 460 Perusinae,
1835 420 1966 465 eiusque

1228 476 1392 509 comitatus
1406 480 1433 508 et
1449 475 1619 515 districtus,
1638 474 1881 520 provinciaeque
1895 477 1967 510 Um-

1227 529 1313 562 briae
1331 528 1596 572 gubernatoribus
1612 533 1642 560 et
1657 528 1836 572 provinciae
1848 534 1967 563 nostra-

1228 594 1299 615 rum
1323 583 1546 616 Romandiolae
1563 587 1655 626 atque
1671 588 1835 617 exarcatus
1849 583 1968 616 Raven-

1227 647 1285 669 nae
1301 637 1436 680 praesidi
1451 636 1469 679 ¹,
1486 637 1708 680 nonnullisque
1732 637 1811 678 aliis,
1832 636 1966 670 similem

1228 690 1404 722 facultatem
1422 700 1479 733 per
1492 695 1614 723 nostras
1626 690 1659 722 in
1672 689 1853 723 huiusmodi
1865 690 1968 722 forma

1228 744 1334 776 Brevis
1359 744 1516 787 expeditas
1541 743 1659 778 litteras
1679 744 1902 784 concessimus,
1917 753 1968 776 vo-

1228 796 1343 837 lumus,
1362 801 1392 829 et
1411 796 1595 829 earumdem
1620 802 1729 830 tenore
1744 796 1968 840 praecipimus,

1228 856 1262 882 ut
1285 850 1338 894 qui
1363 850 1451 893 prius
1476 860 1511 883 ex
1537 850 1626 883 vobis
1657 850 1888 894 possessionem
1919 849 1968 882 in-

1229 914 1354 947 gressus
1371 903 1474 943 fuerit,
1488 903 1738 936 iurisdictionem
1752 909 1783 937 et
1795 903 1855 936 alia
1868 903 1970 936 civilia

1229 957 1387 1000 praedicta
1405 966 1552 989 exercere
1577 967 1612 989 ac
1637 956 1747 1000 exequi
1763 957 1863 1000 possit
1879 961 1909 989 et
1921 956 1971 989 de-

1229 1009 1308 1051 beat,
1335 1013 1364 1041 et
1388 1009 1414 1041 si
1438 1008 1514 1052 quid
1534 1018 1615 1041 unus
1631 1019 1667 1041 ex
1684 1008 1774 1041 vobis
1788 1008 1970 1052 incoeperit,

1230 1073 1287 1095 nec
1306 1062 1347 1095 ob
1372 1062 1606 1105 impedimenta,
1625 1072 1679 1095 seu
1697 1062 1783 1103 alias,
1802 1062 1972 1095 absolverit

1230 1120 1281 1150 aut
1306 1116 1460 1159 perficere
1484 1125 1548 1148 non
1570 1116 1726 1159 potuerit,
1751 1115 1830 1148 alter
1854 1126 1968 1159 prose-

1230 1170 1282 1213 qui
1298 1197 1305 1211 ,
1337 1175 1367 1202 et
1399 1169 1521 1203 debitae
1546 1169 1749 1213 exequutioni
1781 1168 1972 1202 demandare

1231 1224 1339 1256 valeat.

1275 1277 1288 1319 g
1310 1277 1338 1309 7.
1363 1276 1564 1319 iniungentes
1579 1281 1750 1320 propterea
1769 1275 1888 1309 eisdem
1905 1286 1969 1308 car·
2012 1287 2170 1310 Mandacanda

1230 1329 1386 1362 dinalibus
1411 1329 1448 1362 de
1473 1330 1569 1363 latere
1592 1329 1714 1372 legatis,
1732 1339 1767 1362 ac
1787 1328 1970 1362 mandantes
1987 1315 2089 1342 ‘’mum’'

1231 1382 1485 1426 archiepiscopis,
1510 1382 1668 1426 episcopis
1692 1386 1722 1416 et
1745 1382 1813 1415 aliis
1828 1383 1972 1416 locorum

1231 1436 1403 1470 Ordinariis
1434 1436 1621 1479 praedictis,
1647 1436 1704 1469 sub
1728 1436 1886 1470 interdicti
1918 1436 1969 1469 in-

1231 1501 1358 1533 gressus
1371 1490 1522 1523 eeclesiae
1535 1501 1570 1523 ac
1587 1489 1801 1533 suspensionis
1814 1500 1832 1522 a
1847 1489 1971 1532 divinis,

1232 1549 1261 1576 et
1279 1549 1341 1576 tam
1359 1544 1407 1584 iis,
1428 1554 1522 1587 quam
1540 1543 1792 1587 quibuscumque
1816 1542 1974 1586 guberna-

1234 1598 1363 1637 toribus,
1387 1597 1650 1641 praesidentibus,
1674 1597 1974 1637 locumtenentibus,

1233 1650 1453 1694 praetoribus‚
1477 1660 1600 1682 necnon
1626 1649 1828 1683 thesaurariis
1843 1677 1850 1691 ,
1876 1649 1973 1682 datia-

1233 1704 1300 1744 riis,·
1323 1703 1531 1744 exactoribus,
1550 1703 1782 1744 collectoribus,
1799 1703 1974 1746 appaltato-

1234 1757 1320 1790 ribus
1338 1763 1368 1790 et
1387 1757 1455 1789 aliis
1472 1757 1658 1789 officialibus
1675 1762 1705 1789 et
1721 1756 1881 1797 ministris,
1906 1755 1975 1799 qui-

1233 1810 1428 1854 buscumque
1440 1809 1620 1843 nominibus
1634 1814 1867 1853 nuncupentur,
1887 1809 1976 1842 Sedis

1234 1869 1263 1896 ct
1280 1874 1423 1896 camerae
1443 1863 1677 1907 praedictarum
1706 1863 1738 1895 in
1757 1862 1893 1896 Statibus
1916 1872 1975 1895 no-

1234 1917 1306 1949 stris
1320 1916 1487 1960 praedictis
1497 1915 1710 1956 existentibus,
1720 1914 1892 1948 baronibus
1903 1925 1977 1959 quo-

1234 1981 1305 2013 que,
1335 1969 1524 2009 domicellis,
1553 1969 1701 2010 ducibus,
1730 1968 1975 2010 marchionibus,

1235 2033 1357 2056 necnon
1374 2022 1661 2062 communitatibus,
1676 2021 1933 2055 universitatibus
1947 2026 1977 2055 et

1236 2077 1418 2109 hominibus
1434 2076 1693 2119 quibuscumque,
1710 2076 1748 2108 ac'
1759 2075 1852 2108 etiam
1877 2076 1977 2108 eccle-

1236 2130 1368 2163 siasticis
1393 2130 1587 2162 secularibus
1614 2135 1645 2161 et
1675 2129 1877 2171 regularibus
1903 2139 1977 2172 per-

1237 2185 1321 2217 sonis
1340 2184 1529 2227 praedictis,
1554 2184 1745 2227 demumque
1769 2183 1924 2216 universis
1948 2189 1978 2216 et

1238 2238 1368 2280 singulis
1382 2237 1515 2270 subditis
1531 2237 1657 2277 nostris,
1672 2237 1860 2270 immediatis
1874 2242 1904 2270 et
1916 2247 1978 2270 me-

1238 2290 1339 2330 diatis,
1351 2291 1383 2322 in
1395 2290 1508 2323 virtute
1523 2296 1649 2323 sanctae
1658 2290 1863 2332 obedientiae,
1874 2301 1910 2323 ae
1921 2290 1978 2323 sub

1240 2343 1462 2386 indignationis
1485 2349 1622 2386 nostrae,
1646 2355 1769 2377 necnon
1786 2344 1978 2385 rebellionis

1240 2408 1274 2430 ac
1299 2398 1392 2431 etiam
1417 2398 1842 2431 excommunicationislatae
1860 2403 1981 2431 senten-

1241 2451 1300 2484 tiae
1312 2451 1430 2494 poenis,
1441 2457 1475 2484 ut
1489 2451 1544 2484 tibi
1558 2451 1589 2484 in
1598 2452 1744 2484 omnibus
1757 2457 1786 2484 et
1797 2462 1853 2495 per
1863 2451 1978 2493 onmia,

1241 2516 1438 2549 quacumque
1454 2505 1663 2548 excusatione,
1680 2506 1939 2549 tergiversatione
1952 2510 1982 2539 et

1242 2560 1466 2603 impedimento
1491 2560 1638 2601 remotis,
1662 2565 1810 2604 prompte
1833 2565 1981 2605 pareant,

1243 2614 1389 2647 obediant
1402 2619 1431 2647 et
1445 2614 1599 2657 assistant,
1626 2619 1740 2658 tuaque
1754 2615 1848 2656 iussa,
1865 2614 1982 2648 monita

1283 2678 1289 2702 l
1309 2676 1376 2704 Vide
1392 2685 1473 2712 supra
1487 2685 1548 2713 pag,
1566 2677 1618 2704 268
1632 2681 1659 2705 et
1673 2677 1724 2705 356
1737 2677 1774 2712 (n.
1791 2677 1839 2711 Τ.),
