2269 3235
577 448 1547 573 URBANus·vn1

896 718 1005 751 PoNr.
1031 716 1219 751 CCXXXVII.

807 907 902 940 Anno
929 905 1053 940 Christi
1076 905 1140 938 MD
1147 902 1302 939 CXXIII.

104 1257 153 1284 An.
169 1257 198 1284 C.
217 1256 283 1284 1623
299 1226 371 1292 Die
390 1264 421 1287 vi
443 1252 566 1296 augusti
590 1252 663 1285 anni
687 1262 833 1286 iuncxxin
856 1252 972 1285 electus
993 1257 1039 1284 est

298 1312 329 1344 in
354 1312 517 1345 Summum
546 1310 729 1344 Pontificem
759 1311 926 1354 Maphaeus
959 1310 1038 1343 tituli

297 1372 325 1405 S.
351 1370 505 1414 Onuphrii
529 1369 686 1414 presbiter
710 1370 878 1404 cardinalis
894 1370 1038 1403 Barberi-

296 1438 355 1462 nus
378 1428 503 1461 Antonii
527 1428 620 1469 silius,
638 1428 763 1462 natione
782 1428 991 1469 Florentinus,
1010 1433 1039 1461 ct

297 1487 346 1520 die
369 1496 443 1521 xxix
470 1486 658 1531 septembris
688 1477 827 1519 eiusdem
852 1486 925 1519 anni
951 1488 1039 1520 sacra

269 1584 273 1589 K
296 1545 398 1579 thiara
422 1545 587 1578 redimitus
611 1549 666 1578 est.
692 1544 777 1578 Sedit
801 1544 832 1577 in
855 1545 1039 1588 pontificatu

297 1613 394 1636 annos
418 1613 482 1643 xx,
508 1613 631 1636 menses
655 1613 709 1643 xi,
735 1602 801 1636 dies
828 1613 892 1644 xx1‚
918 1607 1038 1648 tempo-

297 1661 385 1694 ribus
405 1660 593 1694 Ferdinandi
614 1661 640 1694 11
664 1666 694 1694 et
718 1661 906 1694 Ferdinandi
924 1662 963 1695 III
980 1662 1039 1695 im-

296 1724 489 1763 peratorum.
509 1719 691 1763 Creatisque
710 1729 796 1753 Lxxu
817 1720 1038 1761 cardinalibus,

297 1777 374 1811 obiit
398 1787 429 1810 1v
454 1777 602 1810 kalendas
625 1777 750 1820 augusti
778 1788 860 1812 anno
887 1789 1037 1812 MDexLiv.

298 1835 443 1879 Sepultus
458 1840 505 1868 est
519 1836 551 1868 in
567 1836 698 1868 Basilica
714 1836 860 1870 Vaticana
875 1836 914 1869 ad
932 1837 1040 1870 Cathe-

298 1894 388 1927 drarn
411 1895 443 1927 B.
462 1895 553 1928 Petri.
575 1895 762 1939 vacavitque
779 1895 874 1929 Sedes
894 1906 1001 1930 mense
1019 1906 1039 1938 1,

299 1952 365 1986 dies
389 1963 453 1986 xvi.

659 2108 680 2141 l.

299 2188 483 2231 Privileyia
493 2192 521 2221 el
531 2188 663 2221 imlulca
673 2199 817 2222 concessa
826 2189 1041 2229 conclaristis,

322 2242 380 2284 qui
397 2242 614 2275 inserviermzl
629 2241 835 2287 praecedenti
849 2240 1018 2275 conclavi&

339 2359 349 2384 1
368 2357 473 2392 Singuli
487 2357 630 2385 Pontifices
646 2361 705 2393 post
720 2357 761 2384 sui
777 2358 811 2384 ad
827 2357 964 2384 Summum
977 2357 1043 2393 Apo-

302 2401 429 2429 stolatum
441 2402 651 2437 assumptionem
662 2405 840 2429 assueverunt
854 2402 984 2429 nonnulla
998 2410 1042 2428 00-

303 2445 366 2473 dum
381 2446 559 2481 conclavistis,
575 2446 622 2474 sed
643 2447 724 2474 etiam
739 2446 879 2483 dapiferis,
901 2451 956 2473 tum
977 2447 1042 2482 suis,

300 2495 359 2518 tum
385 2491 466 2518 etiam
493 2491 666 2519 cardinalium
678 2514 684 2525 ,
711 2492 860 2519 concedere
888 2492 1042 2527 privilegia,

301 2534 427 2562 distincta
450 2538 538 2562 tamen
558 2536 760 2563 constitutione.
785 2536 930 2571 Privilegia
954 2537 1044 2572 itaque

302 2579 525 2608 conclavistarum
540 2579 600 2607 vide
623 2581 651 2608 in
675 2580 786 2608 Constit.
802 2589 822 2608 11
848 2581 970 2616 Gregorii
985 2582 1043 2616 XV,

302 2630 366 2654 tom.
384 2633 433 2659 xn,
454 2633 514 2661 pag.
531 2626 582 2652 49⁶2
602 2629 628 2653 et
644 2626 719 2653 alibi.

382 2679 462 2707 Buzc.
483 2679 567 2707 Rom.
584 2695 617 2699 --
635 2680 693 2707 Vol.
715 2680 796 2708 XIII.
975 2681 986 2707 1

1283 1249 1417 1275 Urbanus
1432 1247 1608 1281 Episcopus,

1261 1302 1370 1328 Servus
1388 1300 1546 1327 Servorum
1561 1300 1629 1333 Dei,

1219 1356 1254 1383 ad
1274 1355 1407 1382 futuram
1426 1354 1470 1382 rei
1489 1353 1670 1381 memoriam.

1117 1437 1349 1480 Circumspceta
1370 1435 1401 1467 in
1421 1434 1569 1467 omnibus
1590 1433 1721 1467 Romani
1739 1433 1819 1466 Pon-

1075 1491 1165 1524 tificis
1189 1489 1385 1533 providentia
1410 1488 1607 1531 singulorum
1632 1486 1744 1519 merita
1767 1496 1817 1519 ac-

1074 1547 1134 1589 qua
1167 1545 1254 1577 lance
1288 1543 1509 1582 considerans,
1538 1542 1609 1574 illos
1642 1541 1818 1585 potioribus

1074 1598 1183 1641 gratiis
1197 1603 1227 1630 et
1241 1597 1401 1630 favoribus
1418 1595 1630 1639 prosequitur,
1647 1605 1726 1638 quos
1743 1604 1818 1637 erga

1074 1663 1106 1685 se
1131 1656 1161 1684 ct
1185 1651 1297 1684 Scdcin
1316 1649 1529 1694 Apostolicam
1549 1647 1771 1688 benemeritos,
1789 1653 1819 1680 et

1074 1706 1105 1738 in
1128 1705 1291 1739 laboribus
1314 1710 1343 1737 et
1360 1703 1475 1747 vigiliis
1492 1714 1550 1746 pro
1571 1702 1650 1735 Sede
1672 1702 1740 1745 ipsa
1758 1701 1816 1733 suf-

1073 1759 1208 1792 ferendis
1232 1758 1405 1791 indesessos
1430 1762 1460 1789 et
1483 1755 1628 1800 pluribus
1654 1754 1813 1797 cognoscit

1074 1813 1194 1846 meritis
1220 1811 1369 1844 adiuvari.

1118 1867 1132 1909 g
1158 1865 1186 1898 ’1.
1212 1865 1292 1898 Ilinc
1316 1869 1360 1897 cst
1387 1863 1471 1908 quod
1495 1873 1562 1903 nos,
1581 1863 1711 1896 dilectos
1736 1862 1818 1895 filios

1074 1919 1290 1958 conelavistas,
1308 1918 1361 1962 qui
1388 1918 1419 1950 in
1440 1916 1590 1956 conclavi,
1609 1917 1640 1948 in
1665 1927 1726 1960 quo
1750 1926 1818 1957 nos,
1835 1929 1871 1942 ·ϊιι

1074 1973 1179 2006 divina
1204 1973 1325 2005 favente
1350 1970 1526 2011 clementia,
1544 1970 1583 2002 ad
1608 1970 1724 2002 summi
1749 1980 1820 2013 apo-

1075 2028 1204 2060 stolatus
1232 2026 1352 2070 apicem
1384 2025 1537 2069 assumpti
1569 2024 1705 2064 suimus,
1730 2023 1820 2057 nobis

1075 2086 1105 2114 et
1128 2080 1362 2113 venerabilibus
1386 2079 1536 2112 fratribus
1561 2077 1676 2111 nostris
1696 2083 1820 2111 sanctae

1076 2135 1234 2167 Romanae
1258 2133 1415 2166 Ecclesiae
1443 2131 1654 2165 cardinalibus
1669 2158 1676 2171 ,
1700 2131 1745 2163 uti
1769 2131 1818 2163 sa-

1076 2188 1215 2220 miliarcs
1240 2191 1269 2221 ct
1291 2186 1431 2220 continui
1460 2184 1689 2218 commensales
1714 2184 1818 2217 inscr-

1076 2242 1199 2283 viendo,
1224 2240 1443 2280 interfuerunt,
1468 2239 1584 2283 quique
1608 2240 1645 2271 ea
1669 2238 1707 2271 de
1728 2239 1820 2271 causa

1077 2295 1211 2336 labores,
1232 2294 1354 2337 vigilias
1378 2298 1408 2328 el
1432 2293 1631 2326 incommoda
1656 2293 1749 2336 plura
1773 2303 1822 2325 su-

1077 2350 1212 2389 bierunt,
1234 2349 1341 2382 babila
1366 2347 1487 2393 ratione
1513 2346 1741 2389 obsequiorum
1765 2346 1822 2378 hu-

1077 2403 1235 2444 iusmodi,
1260 2401 1419 2434 favoribus
1444 2400 1553 2444 gratiis
1579 2405 1608 2433 ct
1632 2399 1820 2443 privilegiis,

1078 2468 1137 2500 pro
1162 2456 1314 2500 cuiusque
1339 2454 1470 2495 meritis,
1496 2464 1647 2487 exornare
1671 2454 1821 2493 volentes,

1078 2511 1227 2554 ipsosque
1245 2509 1449 2542 conclavistas
1467 2513 1496 2541 ct
1512 2507 1684 2551 quemlibet
1711 2518 1821 2540 eorum

1079 2575 1097 2596 a
1123 2564 1284 2607 quibusvis
1313 2561 1666 2601 excomnuulicationis,
1691 2571 1822 2604 suspen-

1081 2617 1177 2651 sionis
1201 2620 1231 2651 et
1254 2616 1422 2658 interdicti,
1448 2615 1579 2660 aliisque
1604 2614 1821 2649 ecclesiasticis

1833 1245 1882 1272 An.
1900 1244 1929 1273 C.
1947 1243 2015 1271 1623

1861 1440 2001 1461 Prooemium.

1857 1868 1870 1887 Γ.
1881 1869 2003 1889 nichilque
2013 1885 2017 1891 ,

1835 1896 1917 1915 innan<
1939 1896 1963 1915 iis
1983 1896 2020 1915 de-

1876 1930 1879 1943 ι
1896 1923 1950 1943 inille
1973 1928 2018 1943 scu·

1836 1952 1860 1969 ll:
