<?xml version="1.0" encoding="UTF-8"?>
<!DOCTYPE html PUBLIC "-//W3C//DTD XHTML 1.0 Transitional//EN"
    "http://www.w3.org/TR/xhtml1/DTD/xhtml1-transitional.dtd">
<html xmlns="http://www.w3.org/1999/xhtml" xml:lang="en" lang="en">
 <head>
  <title>
</title>
<meta http-equiv="Content-Type" content="text/html;charset=utf-8" />
  <meta name='ocr-system' content='tesseract 3.04.00' />
  <meta name='ocr-capabilities' content='ocr_page ocr_carea ocr_par ocr_line ocrx_word'/>
</head>
<body>
  <div class='ocr_page' id='page_1' title='image "./bullarumdiplomat13cath_0059.png"; bbox 0 0 2269 3235; ppageno 0'>
   <div class='ocr_carea' id='block_1_1' title="bbox 74 301 254 329">
    <p class='ocr_par' dir='ltr' id='par_1_1' title="bbox 74 301 254 329">
     <span class='ocr_line' id='line_1_1' title="bbox 74 301 254 329; baseline -0.006 0"><span class='ocrx_word' id='word_1_1' title='bbox 74 301 122 329; x_wconf 83' lang='grc' dir='ltr'>Αη.</span> <span class='ocrx_word' id='word_1_2' title='bbox 139 302 167 329; x_wconf 91' lang='lat' dir='ltr'>C.</span> <span class='ocrx_word' id='word_1_3' title='bbox 187 301 254 329; x_wconf 74' lang='lat'>1623</span> 
     </span>
    </p>
   </div>
   <div class='ocr_carea' id='block_1_2' title="bbox 107 1637 227 1659">
    <p class='ocr_par' dir='ltr' id='par_1_2' title="bbox 107 1637 227 1659">
     <span class='ocr_line' id='line_1_2' title="bbox 107 1637 227 1659; baseline -0.008 0"><span class='ocrx_word' id='word_1_4' title='bbox 107 1637 227 1659; x_wconf 80' lang='lat' dir='ltr'>Exordium.</span> 
     </span>
    </p>
   </div>
   <div class='ocr_carea' id='block_1_3' title="bbox 83 1955 267 2139">
    <p class='ocr_par' dir='ltr' id='par_1_3' title="bbox 83 1955 267 2139">
     <span class='ocr_line' id='line_1_3' title="bbox 110 1955 264 1979; baseline -0.006 -4"><span class='ocrx_word' id='word_1_5' title='bbox 110 1955 198 1979; x_wconf 81' lang='lat' dir='ltr'>Causae,</span> <span class='ocrx_word' id='word_1_6' title='bbox 216 1955 264 1979; x_wconf 72' lang='lat' dir='ltr'>riui-</span> 
     </span>
     <span class='ocr_line' id='line_1_4' title="bbox 83 1982 266 2002; baseline -0.005 0"><span class='ocrx_word' id='word_1_7' title='bbox 83 1982 122 2002; x_wconf 87' lang='lat' dir='ltr'>bus</span> <span class='ocrx_word' id='word_1_8' title='bbox 137 1984 204 2002; x_wconf 72' lang='lat' dir='ltr'>motus</span> <span class='ocrx_word' id='word_1_9' title='bbox 216 1982 266 2002; x_wconf 67' lang='lat' dir='ltr'>Gie-</span> 
     </span>
     <span class='ocr_line' id='line_1_5' title="bbox 84 2007 265 2033; baseline -0.006 -5"><span class='ocrx_word' id='word_1_10' title='bbox 84 2008 154 2033; x_wconf 72' lang='lat' dir='ltr'>gorius</span> <span class='ocrx_word' id='word_1_11' title='bbox 177 2007 213 2028; x_wconf 80' lang='lat' dir='ltr'>XV</span> <span class='ocrx_word' id='word_1_12' title='bbox 240 2008 265 2027; x_wconf 82' lang='lat' dir='ltr'>de</span> 
     </span>
     <span class='ocr_line' id='line_1_6' title="bbox 83 2034 266 2059; baseline -0.005 -5"><span class='ocrx_word' id='word_1_13' title='bbox 83 2035 146 2055; x_wconf 76' lang='lat' dir='ltr'>beato</span> <span class='ocrx_word' id='word_1_14' title='bbox 185 2034 266 2059; x_wconf 78' lang='lat' dir='ltr'>ignatio</span> 
     </span>
     <span class='ocr_line' id='line_1_7' title="bbox 84 2061 267 2082; baseline -0.005 0"><span class='ocrx_word' id='word_1_15' title='bbox 84 2061 208 2082; x_wconf 79' lang='lat' dir='ltr'>Sanctorum</span> <span class='ocrx_word' id='word_1_16' title='bbox 233 2066 267 2081; x_wconf 83' lang='lat' dir='ltr'>ca-</span> 
     </span>
     <span class='ocr_line' id='line_1_8' title="bbox 84 2087 267 2107; baseline 0.005 -1"><span class='ocrx_word' id='word_1_17' title='bbox 84 2088 126 2107; x_wconf 78' lang='lat' dir='ltr'>tato</span> <span class='ocrx_word' id='word_1_18' title='bbox 142 2092 154 2107; x_wconf 85' lang='lat' dir='ltr'>o</span> <span class='ocrx_word' id='word_1_19' title='bbox 188 2087 267 2107; x_wconf 78' lang='lat' dir='ltr'>adscri-</span> 
     </span>
     <span class='ocr_line' id='line_1_9' title="bbox 85 2114 266 2139; baseline -0.006 -6"><span class='ocrx_word' id='word_1_20' title='bbox 85 2114 125 2133; x_wconf 82' lang='lat' dir='ltr'>ben</span> <span class='ocrx_word' id='word_1_21' title='bbox 142 2120 153 2134; x_wconf 82' lang='grc' dir='ltr'><strong>ο</strong></span> <span class='ocrx_word' id='word_1_22' title='bbox 187 2116 266 2139; x_wconf 52' lang='lat' dir='ltr'>eogun-</span> 
     </span>
    </p>
   </div>
   <div class='ocr_carea' id='block_1_4' title="bbox 883 295 1175 320">
    <p class='ocr_par' dir='ltr' id='par_1_4' title="bbox 883 295 1175 320">
     <span class='ocr_line' id='line_1_10' title="bbox 883 295 1175 320; baseline -0.007 0"><span class='ocrx_word' id='word_1_23' title='bbox 883 295 1023 320; x_wconf 71' lang='lat' dir='ltr'><strong>URHANUS</strong></span> <span class='ocrx_word' id='word_1_24' title='bbox 1048 296 1102 319; x_wconf 86' lang='lat' dir='ltr'>Vlll</span> <span class='ocrx_word' id='word_1_25' title='bbox 1127 295 1175 319; x_wconf 76' lang='lat' dir='ltr'>Pr.</span> 
     </span>
    </p>
   </div>
   <div class='ocr_carea' id='block_1_5' title="bbox 271 343 1013 968">
    <p class='ocr_par' dir='ltr' id='par_1_5' title="bbox 271 343 1006 435">
     <span class='ocr_line' id='line_1_11' title="bbox 271 343 1006 392; baseline -0.008 -10"><span class='ocrx_word' id='word_1_26' title='bbox 271 353 292 391; x_wconf 86' lang='lat'>†</span> <span class='ocrx_word' id='word_1_27' title='bbox 318 349 383 392; x_wconf 85' lang='lat' dir='ltr'>Ego</span> <span class='ocrx_word' id='word_1_28' title='bbox 407 349 443 382; x_wconf 87' lang='lat' dir='ltr'>M.</span> <span class='ocrx_word' id='word_1_29' title='bbox 465 348 493 381; x_wconf 87' lang='lat' dir='ltr'>S.</span> <span class='ocrx_word' id='word_1_30' title='bbox 509 346 666 381; x_wconf 78' lang='lat' dir='ltr'>Eustachii</span> <span class='ocrx_word' id='word_1_31' title='bbox 691 345 839 378; x_wconf 87' lang='lat' dir='ltr'>diaconus</span> <span class='ocrx_word' id='word_1_32' title='bbox 863 343 1006 378; x_wconf 85' lang='lat' dir='ltr'>cardina-</span> 
     </span>
     <span class='ocr_line' id='line_1_12' title="bbox 358 400 631 435; baseline -0.011 0"><span class='ocrx_word' id='word_1_33' title='bbox 358 401 396 435; x_wconf 89' lang='lat' dir='ltr'>lis</span> <span class='ocrx_word' id='word_1_34' title='bbox 413 401 451 434; x_wconf 93' lang='lat' dir='ltr'>de</span> <span class='ocrx_word' id='word_1_35' title='bbox 468 400 631 435; x_wconf 85' lang='lat' dir='ltr'>Sabaudia.</span> 
     </span>
    </p>

    <p class='ocr_par' dir='ltr' id='par_1_6' title="bbox 272 450 1009 541">
     <span class='ocr_line' id='line_1_13' title="bbox 272 450 1009 498; baseline -0.009 -9"><span class='ocrx_word' id='word_1_36' title='bbox 272 459 293 497; x_wconf 82' lang='lat'>†</span> <span class='ocrx_word' id='word_1_37' title='bbox 318 455 384 498; x_wconf 84' lang='lat' dir='ltr'>Ego</span> <span class='ocrx_word' id='word_1_38' title='bbox 401 454 529 489; x_wconf 84' lang='lat' dir='ltr'>Carolus</span> <span class='ocrx_word' id='word_1_39' title='bbox 549 454 578 486; x_wconf 88' lang='lat' dir='ltr'>S.</span> <span class='ocrx_word' id='word_1_40' title='bbox 595 452 709 486; x_wconf 88' lang='lat' dir='ltr'>Mariae</span> <span class='ocrx_word' id='word_1_41' title='bbox 725 452 757 484; x_wconf 92' lang='lat' dir='ltr'>in</span> <span class='ocrx_word' id='word_1_42' title='bbox 777 450 927 484; x_wconf 88' lang='lat' dir='ltr'>Domnica</span> <span class='ocrx_word' id='word_1_43' title='bbox 948 450 1009 483; x_wconf 88' lang='lat' dir='ltr'>dia-</span> 
     </span>
     <span class='ocr_line' id='line_1_14' title="bbox 361 505 796 541; baseline -0.009 0"><span class='ocrx_word' id='word_1_44' title='bbox 361 518 457 541; x_wconf 86' lang='lat' dir='ltr'>eonus</span> <span class='ocrx_word' id='word_1_45' title='bbox 474 505 638 540; x_wconf 88' lang='lat' dir='ltr'>cardinalis</span> <span class='ocrx_word' id='word_1_46' title='bbox 654 505 796 538; x_wconf 89' lang='lat' dir='ltr'>Medices.</span> 
     </span>
    </p>

    <p class='ocr_par' dir='ltr' id='par_1_7' title="bbox 273 556 1010 648">
     <span class='ocr_line' id='line_1_15' title="bbox 273 556 1010 604; baseline -0.008 -9"><span class='ocrx_word' id='word_1_47' title='bbox 273 565 295 603; x_wconf 83' lang='lat'>†</span> <span class='ocrx_word' id='word_1_48' title='bbox 319 561 385 604; x_wconf 85' lang='lat' dir='ltr'>Ego</span> <span class='ocrx_word' id='word_1_49' title='bbox 408 559 580 594; x_wconf 81' lang='lat' dir='ltr'>Alexander</span> <span class='ocrx_word' id='word_1_50' title='bbox 604 559 632 592; x_wconf 85' lang='lat' dir='ltr'>S.</span> <span class='ocrx_word' id='word_1_51' title='bbox 657 558 770 591; x_wconf 87' lang='lat' dir='ltr'>Mariae</span> <span class='ocrx_word' id='word_1_52' title='bbox 793 557 825 590; x_wconf 93' lang='lat' dir='ltr'>in</span> <span class='ocrx_word' id='word_1_53' title='bbox 844 556 1010 591; x_wconf 87' lang='lat' dir='ltr'>Cosmedin</span> 
     </span>
     <span class='ocr_line' id='line_1_16' title="bbox 360 611 853 648; baseline -0.01 0"><span class='ocrx_word' id='word_1_54' title='bbox 360 613 510 648; x_wconf 87' lang='lat' dir='ltr'>diaconus</span> <span class='ocrx_word' id='word_1_55' title='bbox 525 611 692 646; x_wconf 86' lang='lat' dir='ltr'>cardinalis</span> <span class='ocrx_word' id='word_1_56' title='bbox 712 611 853 645; x_wconf 80' lang='lat' dir='ltr'>Ursinus.</span> 
     </span>
    </p>

    <p class='ocr_par' dir='ltr' id='par_1_8' title="bbox 273 716 1012 814">
     <span class='ocr_line' id='line_1_17' title="bbox 273 716 1012 764; baseline -0.008 -10"><span class='ocrx_word' id='word_1_57' title='bbox 273 723 295 762; x_wconf 86' lang='lat'>†</span> <span class='ocrx_word' id='word_1_58' title='bbox 320 720 385 764; x_wconf 87' lang='lat' dir='ltr'>Ego</span> <span class='ocrx_word' id='word_1_59' title='bbox 400 720 449 752; x_wconf 86' lang='lat' dir='ltr'>Fr.</span> <span class='ocrx_word' id='word_1_60' title='bbox 468 719 495 752; x_wconf 86' lang='lat' dir='ltr'>S.</span> <span class='ocrx_word' id='word_1_61' title='bbox 510 718 620 762; x_wconf 83' lang='lat' dir='ltr'>Angeli</span> <span class='ocrx_word' id='word_1_62' title='bbox 637 717 669 750; x_wconf 90' lang='lat' dir='ltr'>in</span> <span class='ocrx_word' id='word_1_63' title='bbox 688 717 770 750; x_wconf 85' lang='lat' dir='ltr'>Foro</span> <span class='ocrx_word' id='word_1_64' title='bbox 794 716 930 749; x_wconf 82' lang='lat' dir='ltr'>Piscium</span> <span class='ocrx_word' id='word_1_65' title='bbox 951 716 1012 748; x_wconf 87' lang='lat' dir='ltr'>dia-</span> 
     </span>
     <span class='ocr_line' id='line_1_18' title="bbox 362 771 921 814; baseline -0.007 -8"><span class='ocrx_word' id='word_1_66' title='bbox 362 783 458 806; x_wconf 88' lang='lat' dir='ltr'>conus</span> <span class='ocrx_word' id='word_1_67' title='bbox 471 771 636 805; x_wconf 89' lang='lat' dir='ltr'>cardinalis</span> <span class='ocrx_word' id='word_1_68' title='bbox 649 771 921 814; x_wconf 85' lang='lat' dir='ltr'>Boncompagnus.</span> 
     </span>
    </p>

    <p class='ocr_par' dir='ltr' id='par_1_9' title="bbox 274 823 1013 968">
     <span class='ocr_line' id='line_1_19' title="bbox 274 823 1013 870; baseline -0.005 -9"><span class='ocrx_word' id='word_1_69' title='bbox 274 831 296 869; x_wconf 83' lang='lat'>†</span> <span class='ocrx_word' id='word_1_70' title='bbox 320 826 386 870; x_wconf 84' lang='lat' dir='ltr'>Ego</span> <span class='ocrx_word' id='word_1_71' title='bbox 410 826 596 870; x_wconf 64' lang='lat' dir='ltr'>Hippolytus</span> <span class='ocrx_word' id='word_1_72' title='bbox 612 824 641 857; x_wconf 89' lang='lat' dir='ltr'>S.</span> <span class='ocrx_word' id='word_1_73' title='bbox 658 823 773 857; x_wconf 86' lang='lat' dir='ltr'>Mariae</span> <span class='ocrx_word' id='word_1_74' title='bbox 792 824 896 857; x_wconf 87' lang='lat' dir='ltr'>Novae</span> <span class='ocrx_word' id='word_1_75' title='bbox 912 823 1013 857; x_wconf 87' lang='lat' dir='ltr'>diaco-</span> 
     </span>
     <span class='ocr_line' id='line_1_20' title="bbox 361 877 1010 913; baseline -0.005 0"><span class='ocrx_word' id='word_1_76' title='bbox 361 890 420 913; x_wconf 88' lang='lat' dir='ltr'>nus</span> <span class='ocrx_word' id='word_1_77' title='bbox 432 878 598 913; x_wconf 88' lang='lat' dir='ltr'>cardinalis</span> <span class='ocrx_word' id='word_1_78' title='bbox 615 877 868 912; x_wconf 85' lang='lat' dir='ltr'>Aldobrandinus</span> <span class='ocrx_word' id='word_1_79' title='bbox 881 877 910 912; x_wconf 83' lang='lat' dir='ltr'>S.</span> <span class='ocrx_word' id='word_1_80' title='bbox 925 878 958 911; x_wconf 82' lang='lat' dir='ltr'>R.</span> <span class='ocrx_word' id='word_1_81' title='bbox 978 878 1010 910; x_wconf 86' lang='lat' dir='ltr'>E.</span> 
     </span>
     <span class='ocr_line' id='line_1_21' title="bbox 363 934 565 968; baseline -0.015 0"><span class='ocrx_word' id='word_1_82' title='bbox 363 934 565 968; x_wconf 85' lang='lat' dir='ltr'>camerarius.</span> 
     </span>
    </p>
   </div>
   <div class='ocr_carea' id='block_1_6' title="bbox 624 1128 671 1161">
    <p class='ocr_par' dir='ltr' id='par_1_10' title="bbox 624 1128 671 1161">
     <span class='ocr_line' id='line_1_22' title="bbox 624 1128 671 1161; baseline -0.021 0"><span class='ocrx_word' id='word_1_83' title='bbox 624 1128 671 1161; x_wconf 91' lang='lat' dir='ltr'>lll.</span> 
     </span>
    </p>
   </div>
   <div class='ocr_carea' id='block_1_7' title="bbox 339 1209 961 1306">
    <p class='ocr_par' dir='ltr' id='par_1_11' title="bbox 339 1209 961 1306">
     <span class='ocr_line' id='line_1_23' title="bbox 339 1209 961 1253; baseline -0.011 -5"><span class='ocrx_word' id='word_1_84' title='bbox 339 1212 546 1248; x_wconf 78' lang='lat' dir='ltr'>Canonizatio</span> <span class='ocrx_word' id='word_1_85' title='bbox 572 1211 656 1244; x_wconf 77' lang='lat' dir='ltr'>beati</span> <span class='ocrx_word' id='word_1_86' title='bbox 679 1210 806 1253; x_wconf 69' lang='lat' dir='ltr'>anatii</span> <span class='ocrx_word' id='word_1_87' title='bbox 831 1209 961 1242; x_wconf 79' lang='lat' dir='ltr'>Loiolae</span> 
     </span>
     <span class='ocr_line' id='line_1_24' title="bbox 405 1262 880 1306; baseline -0.011 -7"><span class='ocrx_word' id='word_1_88' title='bbox 405 1264 571 1299; x_wconf 79' lang='lat' dir='ltr'>Societatis</span> <span class='ocrx_word' id='word_1_89' title='bbox 590 1263 667 1297; x_wconf 80' lang='lat' dir='ltr'>Iesu</span> <span class='ocrx_word' id='word_1_90' title='bbox 685 1262 880 1306; x_wconf 77' lang='lat' dir='ltr'>fundatoris.</span> 
     </span>
    </p>
   </div>
   <div class='ocr_carea' id='block_1_8' title="bbox 401 1342 894 1476">
    <p class='ocr_par' dir='ltr' id='par_1_12' title="bbox 401 1342 894 1476">
     <span class='ocr_line' id='line_1_25' title="bbox 478 1342 809 1377; baseline -0.006 -6"><span class='ocrx_word' id='word_1_91' title='bbox 478 1344 613 1371; x_wconf 84' lang='lat' dir='ltr'>Urbanus</span> <span class='ocrx_word' id='word_1_92' title='bbox 632 1342 809 1377; x_wconf 78' lang='lat' dir='ltr'>Episcopus,</span> 
     </span>
     <span class='ocr_line' id='line_1_26' title="bbox 454 1390 838 1425; baseline -0.005 -5"><span class='ocrx_word' id='word_1_93' title='bbox 454 1400 559 1420; x_wconf 83' lang='lat' dir='ltr'>servus</span> <span class='ocrx_word' id='word_1_94' title='bbox 588 1399 740 1420; x_wconf 82' lang='lat' dir='ltr'>servorum</span> <span class='ocrx_word' id='word_1_95' title='bbox 772 1390 838 1425; x_wconf 84' lang='lat' dir='ltr'>Dei,</span> 
     </span>
     <span class='ocr_line' id='line_1_27' title="bbox 401 1440 894 1476; baseline -0.006 -6"><span class='ocrx_word' id='word_1_96' title='bbox 401 1443 436 1470; x_wconf 85' lang='lat' dir='ltr'>ad</span> <span class='ocrx_word' id='word_1_97' title='bbox 456 1444 633 1476; x_wconf 80' lang='lat' dir='ltr'>perpetuam</span> <span class='ocrx_word' id='word_1_98' title='bbox 652 1441 698 1469; x_wconf 85' lang='lat' dir='ltr'>rei</span> <span class='ocrx_word' id='word_1_99' title='bbox 713 1440 894 1468; x_wconf 84' lang='lat' dir='ltr'>memoriam.</span> 
     </span>
    </p>
   </div>
   <div class='ocr_carea' id='block_1_9' title="bbox 278 1511 1020 2735">
    <p class='ocr_par' dir='ltr' id='par_1_13' title="bbox 278 1511 1017 1825">
     <span class='ocr_line' id='line_1_28' title="bbox 322 1511 1014 1557; baseline -0.004 -9"><span class='ocrx_word' id='word_1_100' title='bbox 322 1514 443 1548; x_wconf 90' lang='lat' dir='ltr'>Rationi</span> <span class='ocrx_word' id='word_1_101' title='bbox 467 1513 614 1557; x_wconf 81' lang='lat' dir='ltr'>congruit</span> <span class='ocrx_word' id='word_1_102' title='bbox 641 1516 670 1547; x_wconf 90' lang='lat' dir='ltr'>et</span> <span class='ocrx_word' id='word_1_103' title='bbox 694 1512 838 1546; x_wconf 85' lang='lat' dir='ltr'>convenit</span> <span class='ocrx_word' id='word_1_104' title='bbox 857 1511 1014 1557; x_wconf 77' lang='lat' dir='ltr'>aequitati,</span> 
     </span>
     <span class='ocr_line' id='line_1_29' title="bbox 278 1566 1016 1612; baseline -0.003 -11"><span class='ocrx_word' id='word_1_105' title='bbox 278 1573 312 1601; x_wconf 84' lang='lat' dir='ltr'>ut</span> <span class='ocrx_word' id='word_1_106' title='bbox 336 1577 382 1609; x_wconf 85' lang='lat' dir='ltr'>ea,</span> <span class='ocrx_word' id='word_1_107' title='bbox 406 1577 485 1612; x_wconf 85' lang='lat' dir='ltr'>quae</span> <span class='ocrx_word' id='word_1_108' title='bbox 509 1567 547 1600; x_wconf 89' lang='lat' dir='ltr'>de</span> <span class='ocrx_word' id='word_1_109' title='bbox 570 1566 703 1600; x_wconf 87' lang='lat' dir='ltr'>Romani</span> <span class='ocrx_word' id='word_1_110' title='bbox 731 1566 891 1601; x_wconf 82' lang='lat' dir='ltr'>Pontificis</span> <span class='ocrx_word' id='word_1_111' title='bbox 914 1566 1016 1610; x_wconf 77' lang='lat' dir='ltr'>provi-</span> 
     </span>
     <span class='ocr_line' id='line_1_30' title="bbox 278 1620 1016 1665; baseline -0.004 -10"><span class='ocrx_word' id='word_1_112' title='bbox 278 1621 383 1655; x_wconf 82' lang='lat' dir='ltr'>dentia</span> <span class='ocrx_word' id='word_1_113' title='bbox 406 1625 644 1665; x_wconf 88' lang='lat' dir='ltr'>processerunt,</span> <span class='ocrx_word' id='word_1_114' title='bbox 669 1620 758 1661; x_wconf 88' lang='lat' dir='ltr'>licet,</span> <span class='ocrx_word' id='word_1_115' title='bbox 782 1620 849 1653; x_wconf 89' lang='lat' dir='ltr'>eius</span> <span class='ocrx_word' id='word_1_116' title='bbox 873 1629 1016 1663; x_wconf 77' lang='lat' dir='ltr'>superve-</span> 
     </span>
     <span class='ocr_line' id='line_1_31' title="bbox 278 1672 1017 1717; baseline -0.003 -10"><span class='ocrx_word' id='word_1_117' title='bbox 278 1674 382 1708; x_wconf 80' lang='lat' dir='ltr'>niente</span> <span class='ocrx_word' id='word_1_118' title='bbox 406 1673 504 1714; x_wconf 91' lang='lat' dir='ltr'>obitu,</span> <span class='ocrx_word' id='word_1_119' title='bbox 524 1673 645 1707; x_wconf 79' lang='lat' dir='ltr'>litterae</span> <span class='ocrx_word' id='word_1_120' title='bbox 668 1673 857 1717; x_wconf 87' lang='lat' dir='ltr'>apostolieae</span> <span class='ocrx_word' id='word_1_121' title='bbox 881 1672 1017 1717; x_wconf 82' lang='lat' dir='ltr'>desuper</span> 
     </span>
     <span class='ocr_line' id='line_1_32' title="bbox 279 1725 1017 1767; baseline -0.003 -6"><span class='ocrx_word' id='word_1_122' title='bbox 279 1727 435 1761; x_wconf 86' lang='lat' dir='ltr'>confectae</span> <span class='ocrx_word' id='word_1_123' title='bbox 454 1736 517 1760; x_wconf 90' lang='lat' dir='ltr'>non</span> <span class='ocrx_word' id='word_1_124' title='bbox 533 1726 660 1767; x_wconf 85' lang='lat' dir='ltr'>suerint,</span> <span class='ocrx_word' id='word_1_125' title='bbox 677 1736 769 1760; x_wconf 90' lang='lat' dir='ltr'>suum</span> <span class='ocrx_word' id='word_1_126' title='bbox 786 1725 927 1759; x_wconf 88' lang='lat' dir='ltr'>debitum</span> <span class='ocrx_word' id='word_1_127' title='bbox 945 1736 1017 1759; x_wconf 84' lang='lat' dir='ltr'>con-</span> 
     </span>
     <span class='ocr_line' id='line_1_33' title="bbox 279 1780 627 1825; baseline -0.003 -11"><span class='ocrx_word' id='word_1_128' title='bbox 279 1785 448 1825; x_wconf 86' lang='lat' dir='ltr'>sequantur</span> <span class='ocrx_word' id='word_1_129' title='bbox 471 1780 627 1814; x_wconf 79' lang='lat' dir='ltr'>effectum.</span> 
     </span>
    </p>

    <p class='ocr_par' dir='ltr' id='par_1_14' title="bbox 280 1833 1020 2682">
     <span class='ocr_line' id='line_1_34' title="bbox 323 1833 1018 1878; baseline -0.001 -11"><span class='ocrx_word' id='word_1_130' title='bbox 323 1834 338 1878; x_wconf 67' lang='grc' dir='ltr'><strong>ἓ</strong></span> <span class='ocrx_word' id='word_1_131' title='bbox 362 1834 391 1867; x_wconf 85' lang='grc'>1.</span> <span class='ocrx_word' id='word_1_132' title='bbox 416 1834 539 1867; x_wconf 88' lang='lat' dir='ltr'>Dudum</span> <span class='ocrx_word' id='word_1_133' title='bbox 563 1834 718 1878; x_wconf 81' lang='lat' dir='ltr'>siquidem</span> <span class='ocrx_word' id='word_1_134' title='bbox 748 1834 847 1867; x_wconf 79' lang='lat' dir='ltr'>felicis</span> <span class='ocrx_word' id='word_1_135' title='bbox 871 1833 1018 1867; x_wconf 84' lang='lat' dir='ltr'>recorda-</span> 
     </span>
     <span class='ocr_line' id='line_1_35' title="bbox 281 1886 1018 1932; baseline -0.001 -12"><span class='ocrx_word' id='word_1_136' title='bbox 281 1886 373 1920; x_wconf 86' lang='lat' dir='ltr'>tionis</span> <span class='ocrx_word' id='word_1_137' title='bbox 405 1887 576 1930; x_wconf 78' lang='lat' dir='ltr'>Gregorius</span> <span class='ocrx_word' id='word_1_138' title='bbox 606 1888 690 1932; x_wconf 88' lang='lat' dir='ltr'>Papa</span> <span class='ocrx_word' id='word_1_139' title='bbox 719 1888 770 1921; x_wconf 83' lang='lat' dir='ltr'>XV</span> <span class='ocrx_word' id='word_1_140' title='bbox 793 1887 1018 1931; x_wconf 86' lang='lat' dir='ltr'>praedecessor</span> 
     </span>
     <span class='ocr_line' id='line_1_36' title="bbox 281 1940 1017 1985; baseline -0.001 -11"><span class='ocrx_word' id='word_1_141' title='bbox 281 1945 397 1981; x_wconf 87' lang='lat' dir='ltr'>noster,</span> <span class='ocrx_word' id='word_1_142' title='bbox 414 1941 464 1985; x_wconf 89' lang='lat' dir='ltr'>pie</span> <span class='ocrx_word' id='word_1_143' title='bbox 484 1941 655 1982; x_wconf 82' lang='lat' dir='ltr'>attendens,</span> <span class='ocrx_word' id='word_1_144' title='bbox 672 1941 756 1985; x_wconf 82' lang='lat' dir='ltr'>quod</span> <span class='ocrx_word' id='word_1_145' title='bbox 781 1940 947 1973; x_wconf 79' lang='lat' dir='ltr'>ineffabilis</span> <span class='ocrx_word' id='word_1_146' title='bbox 963 1940 1017 1973; x_wconf 91' lang='lat' dir='ltr'>Dei</span> 
     </span>
     <span class='ocr_line' id='line_1_37' title="bbox 280 1994 1018 2039; baseline 0.001 -12"><span class='ocrx_word' id='word_1_147' title='bbox 280 1994 403 2027; x_wconf 82' lang='lat' dir='ltr'>bonitas</span> <span class='ocrx_word' id='word_1_148' title='bbox 427 1999 457 2028; x_wconf 91' lang='lat' dir='ltr'>et</span> <span class='ocrx_word' id='word_1_149' title='bbox 480 1994 705 2035; x_wconf 75' lang='lat' dir='ltr'>misericordia,</span> <span class='ocrx_word' id='word_1_150' title='bbox 738 2005 818 2039; x_wconf 91' lang='lat' dir='ltr'>quae</span> <span class='ocrx_word' id='word_1_151' title='bbox 842 1994 923 2028; x_wconf 92' lang='lat' dir='ltr'>miro</span> <span class='ocrx_word' id='word_1_152' title='bbox 948 2005 1018 2028; x_wconf 89' lang='lat' dir='ltr'>con-</span> 
     </span>
     <span class='ocr_line' id='line_1_38' title="bbox 282 2047 1010 2092; baseline 0 -12"><span class='ocrx_word' id='word_1_153' title='bbox 282 2047 350 2081; x_wconf 91' lang='lat' dir='ltr'>silio</span> <span class='ocrx_word' id='word_1_154' title='bbox 374 2047 439 2080; x_wconf 90' lang='lat' dir='ltr'>suis</span> <span class='ocrx_word' id='word_1_155' title='bbox 462 2058 605 2092; x_wconf 85' lang='lat' dir='ltr'>quaeque</span> <span class='ocrx_word' id='word_1_156' title='bbox 636 2047 830 2092; x_wconf 82' lang='lat' dir='ltr'>temporibus</span> <span class='ocrx_word' id='word_1_157' title='bbox 854 2053 925 2092; x_wconf 90' lang='lat' dir='ltr'>apte</span> <span class='ocrx_word' id='word_1_158' title='bbox 948 2048 1010 2081; x_wconf 88' lang='lat' dir='ltr'>dis—</span> 
     </span>
     <span class='ocr_line' id='line_1_39' title="bbox 281 2101 1019 2146; baseline -0.001 -11"><span class='ocrx_word' id='word_1_159' title='bbox 281 2102 378 2146; x_wconf 86' lang='lat' dir='ltr'>ponit,</span> <span class='ocrx_word' id='word_1_160' title='bbox 403 2105 432 2136; x_wconf 90' lang='lat' dir='ltr'>et</span> <span class='ocrx_word' id='word_1_161' title='bbox 455 2101 632 2145; x_wconf 87' lang='lat' dir='ltr'>praeteritis</span> <span class='ocrx_word' id='word_1_162' title='bbox 657 2101 780 2141; x_wconf 88' lang='lat' dir='ltr'>seculis,</span> <span class='ocrx_word' id='word_1_163' title='bbox 808 2101 872 2135; x_wconf 73' lang='lat' dir='ltr'>sive</span> <span class='ocrx_word' id='word_1_164' title='bbox 897 2102 935 2134; x_wconf 90' lang='lat' dir='ltr'>ad</span> <span class='ocrx_word' id='word_1_165' title='bbox 959 2102 1019 2135; x_wconf 88' lang='lat' dir='ltr'>dis-</span> 
     </span>
     <span class='ocr_line' id='line_1_40' title="bbox 282 2155 1018 2198; baseline 0.001 -11"><span class='ocrx_word' id='word_1_166' title='bbox 282 2155 499 2188; x_wconf 86' lang='lat' dir='ltr'>seminandum</span> <span class='ocrx_word' id='word_1_167' title='bbox 513 2155 709 2198; x_wconf 85' lang='lat' dir='ltr'>evangelium</span> <span class='ocrx_word' id='word_1_168' title='bbox 724 2155 805 2189; x_wconf 89' lang='lat' dir='ltr'>inter</span> <span class='ocrx_word' id='word_1_169' title='bbox 819 2159 937 2198; x_wconf 47' lang='lat' dir='ltr'>gentes</span> <span class='ocrx_word' id='word_1_170' title='bbox 954 2155 1018 2188; x_wconf 72' lang='lat' dir='ltr'>sive</span> 
     </span>
     <span class='ocr_line' id='line_1_41' title="bbox 283 2208 1019 2249; baseline 0 -7"><span class='ocrx_word' id='word_1_171' title='bbox 283 2215 394 2243; x_wconf 59' lang='lat' dir='ltr'>contra*</span> <span class='ocrx_word' id='word_1_172' title='bbox 414 2209 635 2243; x_wconf 81' lang='lat' dir='ltr'>subnascentes</span> <span class='ocrx_word' id='word_1_173' title='bbox 659 2208 905 2249; x_wconf 79' lang='lat' dir='ltr'>haeresiarchas,</span> <span class='ocrx_word' id='word_1_174' title='bbox 929 2209 1019 2242; x_wconf 88' lang='lat' dir='ltr'>desti-</span> 
     </span>
     <span class='ocr_line' id='line_1_42' title="bbox 283 2261 1019 2306; baseline 0 -11"><span class='ocrx_word' id='word_1_175' title='bbox 283 2262 365 2295; x_wconf 88' lang='lat' dir='ltr'>navit</span> <span class='ocrx_word' id='word_1_176' title='bbox 377 2261 483 2306; x_wconf 89' lang='lat' dir='ltr'>plures</span> <span class='ocrx_word' id='word_1_177' title='bbox 498 2261 661 2295; x_wconf 78' lang='lat' dir='ltr'>sanctitate</span> <span class='ocrx_word' id='word_1_178' title='bbox 674 2272 709 2295; x_wconf 88' lang='lat' dir='ltr'>ac</span> <span class='ocrx_word' id='word_1_179' title='bbox 725 2262 869 2295; x_wconf 82' lang='lat' dir='ltr'>doctrina</span> <span class='ocrx_word' id='word_1_180' title='bbox 882 2262 1019 2296; x_wconf 82' lang='lat' dir='ltr'>illustres</span> 
     </span>
     <span class='ocr_line' id='line_1_43' title="bbox 285 2316 1019 2361; baseline 0.001 -13"><span class='ocrx_word' id='word_1_181' title='bbox 285 2316 377 2357; x_wconf 81' lang='lat' dir='ltr'>viros,</span> <span class='ocrx_word' id='word_1_182' title='bbox 393 2316 569 2350; x_wconf 82' lang='lat' dir='ltr'>novissimis</span> <span class='ocrx_word' id='word_1_183' title='bbox 586 2316 791 2361; x_wconf 83' lang='lat' dir='ltr'>temporibus,</span> <span class='ocrx_word' id='word_1_184' title='bbox 809 2328 881 2350; x_wconf 90' lang='lat' dir='ltr'>eum</span> <span class='ocrx_word' id='word_1_185' title='bbox 900 2317 943 2360; x_wconf 92' lang='lat' dir='ltr'>pii</span> <span class='ocrx_word' id='word_1_186' title='bbox 963 2317 1019 2349; x_wconf 91' lang='lat' dir='ltr'>Lu-</span> 
     </span>
     <span class='ocr_line' id='line_1_44' title="bbox 284 2369 1018 2414; baseline 0 -12"><span class='ocrx_word' id='word_1_187' title='bbox 284 2369 455 2402; x_wconf 87' lang='lat' dir='ltr'>sitanorum</span> <span class='ocrx_word' id='word_1_188' title='bbox 479 2381 569 2413; x_wconf 84' lang='lat' dir='ltr'>reges</span> <span class='ocrx_word' id='word_1_189' title='bbox 593 2370 624 2403; x_wconf 93' lang='lat' dir='ltr'>in</span> <span class='ocrx_word' id='word_1_190' title='bbox 648 2370 835 2414; x_wconf 85' lang='lat' dir='ltr'>longinquas</span> <span class='ocrx_word' id='word_1_191' title='bbox 860 2370 1018 2403; x_wconf 88' lang='lat' dir='ltr'>lndiarum</span> 
     </span>
     <span class='ocr_line' id='line_1_45' title="bbox 284 2424 1020 2468; baseline 0.003 -13"><span class='ocrx_word' id='word_1_192' title='bbox 284 2428 383 2456; x_wconf 87' lang='lat' dir='ltr'>terras</span> <span class='ocrx_word' id='word_1_193' title='bbox 400 2433 435 2456; x_wconf 87' lang='lat' dir='ltr'>ac</span> <span class='ocrx_word' id='word_1_194' title='bbox 459 2424 684 2457; x_wconf 87' lang='lat' dir='ltr'>remotissimas</span> <span class='ocrx_word' id='word_1_195' title='bbox 701 2425 818 2458; x_wconf 86' lang='lat' dir='ltr'>insulas</span> <span class='ocrx_word' id='word_1_196' title='bbox 836 2425 895 2457; x_wconf 87' lang='lat' dir='ltr'>late</span> <span class='ocrx_word' id='word_1_197' title='bbox 916 2428 1020 2468; x_wconf 88' lang='lat' dir='ltr'>paten—</span> 
     </span>
     <span class='ocr_line' id='line_1_46' title="bbox 283 2476 1017 2522; baseline 0.003 -14"><span class='ocrx_word' id='word_1_198' title='bbox 283 2482 346 2509; x_wconf 89' lang='lat' dir='ltr'>tem</span> <span class='ocrx_word' id='word_1_199' title='bbox 372 2476 478 2509; x_wconf 87' lang='lat' dir='ltr'>vineae</span> <span class='ocrx_word' id='word_1_200' title='bbox 507 2477 629 2510; x_wconf 89' lang='lat' dir='ltr'>Domini</span> <span class='ocrx_word' id='word_1_201' title='bbox 653 2478 875 2522; x_wconf 79' lang='lat' dir='ltr'>propagandae</span> <span class='ocrx_word' id='word_1_202' title='bbox 900 2478 1017 2510; x_wconf 85' lang='lat' dir='ltr'>aditum</span> 
     </span>
     <span class='ocr_line' id='line_1_47' title="bbox 284 2529 1018 2573; baseline 0.003 -10"><span class='ocrx_word' id='word_1_203' title='bbox 284 2529 488 2573; x_wconf 86' lang='lat' dir='ltr'>aperuissent,</span> <span class='ocrx_word' id='word_1_204' title='bbox 512 2540 569 2563; x_wconf 89' lang='lat' dir='ltr'>nec</span> <span class='ocrx_word' id='word_1_205' title='bbox 593 2530 672 2564; x_wconf 84' lang='lat' dir='ltr'>non¹</span> <span class='ocrx_word' id='word_1_206' title='bbox 697 2532 852 2565; x_wconf 77' lang='lat' dir='ltr'>minorem</span> <span class='ocrx_word' id='word_1_207' title='bbox 873 2531 1018 2565; x_wconf 83' lang='lat' dir='ltr'>catholici</span> 
     </span>
     <span class='ocr_line' id='line_1_48' title="bbox 283 2579 1020 2627; baseline 0.001 -9"><span class='ocrx_word' id='word_1_208' title='bbox 283 2583 433 2618; x_wconf 85' lang='lat' dir='ltr'>Castellae</span> <span class='ocrx_word' id='word_1_209' title='bbox 456 2579 686 2627; x_wconf 80' lang='lat' dir='ltr'>regesnovum</span> <span class='ocrx_word' id='word_1_210' title='bbox 718 2586 749 2618; x_wconf 91' lang='lat' dir='ltr'>in</span> <span class='ocrx_word' id='word_1_211' title='bbox 773 2586 882 2619; x_wconf 90' lang='lat' dir='ltr'>orbem</span> <span class='ocrx_word' id='word_1_212' title='bbox 907 2585 945 2618; x_wconf 85' lang='lat' dir='ltr'>ad</span> <span class='ocrx_word' id='word_1_213' title='bbox 969 2596 1020 2619; x_wconf 85' lang='lat' dir='ltr'>oc-</span> 
     </span>
     <span class='ocr_line' id='line_1_49' title="bbox 285 2638 1018 2682; baseline 0 -10"><span class='ocrx_word' id='word_1_214' title='bbox 285 2638 438 2672; x_wconf 87' lang='lat' dir='ltr'>cidentem</span> <span class='ocrx_word' id='word_1_215' title='bbox 456 2642 619 2682; x_wconf 87' lang='lat' dir='ltr'>repertum</span> <span class='ocrx_word' id='word_1_216' title='bbox 642 2639 861 2682; x_wconf 75' lang='lat' dir='ltr'>patefacerent,</span> <span class='ocrx_word' id='word_1_217' title='bbox 882 2644 1018 2672; x_wconf 81' lang='lat' dir='ltr'>veterem</span> 
     </span>
    </p>

    <p class='ocr_par' dir='ltr' id='par_1_15' title="bbox 322 2698 1005 2735">
     <span class='ocr_line' id='line_1_50' title="bbox 322 2698 1005 2735; baseline 0 -9"><span class='ocrx_word' id='word_1_218' title='bbox 322 2700 332 2726; x_wconf 87' lang='lat' dir='ltr'>l</span> <span class='ocrx_word' id='word_1_219' title='bbox 351 2698 502 2734; x_wconf 77' lang='lat' dir='ltr'>Legendum</span> <span class='ocrx_word' id='word_1_220' title='bbox 519 2702 546 2726; x_wconf 74' lang='lat' dir='ltr'>el</span> <span class='ocrx_word' id='word_1_221' title='bbox 560 2706 627 2733; x_wconf 78' lang='lat' dir='ltr'>non,</span> <span class='ocrx_word' id='word_1_222' title='bbox 644 2699 685 2727; x_wconf 80' lang='lat' dir='ltr'>vel</span> <span class='ocrx_word' id='word_1_223' title='bbox 701 2708 811 2728; x_wconf 76' lang='lat' dir='ltr'>necnon</span> <span class='ocrx_word' id='word_1_224' title='bbox 826 2709 885 2728; x_wconf 67' lang='lat' dir='ltr'>non</span> <span class='ocrx_word' id='word_1_225' title='bbox 901 2702 939 2734; x_wconf 79' lang='lat' dir='ltr'>(n.</span> <span class='ocrx_word' id='word_1_226' title='bbox 957 2700 1005 2735; x_wconf 59' lang='lat' dir='ltr'>it).</span> 
     </span>
    </p>
   </div>
   <div class='ocr_carea' id='block_1_10' title="bbox 1030 1295 1035 2007">
    <p class='ocr_par' dir='ltr' id='par_1_16' title="bbox 1030 1295 1035 2007">
     <span class='ocr_line' id='line_1_51' title="bbox 1030 1295 1035 2007; baseline 0 0"><span class='ocrx_word' id='word_1_227' title='bbox 1030 1295 1035 2007; x_wconf 95' lang='lat' dir='ltr'> </span> 
     </span>
    </p>
   </div>
   <div class='ocr_carea' id='block_1_11' title="bbox 1030 1614 1039 2693">
    <p class='ocr_par' dir='ltr' id='par_1_17' title="bbox 1030 1614 1039 2693">
     <span class='ocr_line' id='line_1_52' title="bbox 1030 1614 1039 2693; baseline 0 0"><span class='ocrx_word' id='word_1_228' title='bbox 1030 1614 1039 2693; x_wconf 95' lang='lat' dir='ltr'> </span> 
     </span>
    </p>
   </div>
   <div class='ocr_carea' id='block_1_12' title="bbox 1041 338 1793 2738">
    <p class='ocr_par' dir='ltr' id='par_1_18' title="bbox 1041 338 1789 1547">
     <span class='ocr_line' id='line_1_53' title="bbox 1041 338 1783 385; baseline -0.008 -8"><span class='ocrx_word' id='word_1_229' title='bbox 1041 350 1145 377; x_wconf 90' lang='lat' dir='ltr'>autem</span> <span class='ocrx_word' id='word_1_230' title='bbox 1172 342 1367 385; x_wconf 79' lang='lat' dir='ltr'>religionem,</span> <span class='ocrx_word' id='word_1_231' title='bbox 1391 349 1581 384; x_wconf 84' lang='lat' dir='ltr'>omnemque</span> <span class='ocrx_word' id='word_1_232' title='bbox 1606 338 1686 372; x_wconf 84' lang='lat' dir='ltr'>illis¹</span> <span class='ocrx_word' id='word_1_233' title='bbox 1715 348 1783 371; x_wconf 89' lang='lat' dir='ltr'>san-</span> 
     </span>
     <span class='ocr_line' id='line_1_54' title="bbox 1043 392 1781 439; baseline -0.008 -9"><span class='ocrx_word' id='word_1_234' title='bbox 1043 397 1180 430; x_wconf 90' lang='lat' dir='ltr'>ctitatem</span> <span class='ocrx_word' id='word_1_235' title='bbox 1197 407 1232 429; x_wconf 87' lang='lat' dir='ltr'>ae</span> <span class='ocrx_word' id='word_1_236' title='bbox 1246 394 1441 439; x_wconf 84' lang='lat' dir='ltr'>perfectioris</span> <span class='ocrx_word' id='word_1_237' title='bbox 1459 393 1538 427; x_wconf 85' lang='lat' dir='ltr'>vitae</span> <span class='ocrx_word' id='word_1_238' title='bbox 1555 392 1781 437; x_wconf 80' lang='lat' dir='ltr'>professionem</span> 
     </span>
     <span class='ocr_line' id='line_1_55' title="bbox 1043 445 1784 490; baseline -0.005 -8"><span class='ocrx_word' id='word_1_239' title='bbox 1043 451 1184 489; x_wconf 75' lang='lat' dir='ltr'>Luterus,</span> <span class='ocrx_word' id='word_1_240' title='bbox 1210 453 1385 481; x_wconf 84' lang='lat' dir='ltr'>monstrum</span> <span class='ocrx_word' id='word_1_241' title='bbox 1417 446 1625 486; x_wconf 87' lang='lat' dir='ltr'>teterrimum,</span> <span class='ocrx_word' id='word_1_242' title='bbox 1642 445 1784 490; x_wconf 84' lang='lat' dir='ltr'>aliaeque</span> 
     </span>
     <span class='ocr_line' id='line_1_56' title="bbox 1043 499 1783 544; baseline -0.005 -9"><span class='ocrx_word' id='word_1_243' title='bbox 1043 501 1243 535; x_wconf 84' lang='lat' dir='ltr'>detestabiles</span> <span class='ocrx_word' id='word_1_244' title='bbox 1263 504 1366 544; x_wconf 85' lang='lat' dir='ltr'>pestes</span> <span class='ocrx_word' id='word_1_245' title='bbox 1389 500 1582 544; x_wconf 85' lang='lat' dir='ltr'>blasphemis</span> <span class='ocrx_word' id='word_1_246' title='bbox 1599 510 1709 533; x_wconf 91' lang='lat' dir='ltr'>eorum</span> <span class='ocrx_word' id='word_1_247' title='bbox 1725 499 1783 531; x_wconf 84' lang='lat' dir='ltr'>lin-</span> 
     </span>
     <span class='ocr_line' id='line_1_57' title="bbox 1044 552 1784 598; baseline -0.003 -11"><span class='ocrx_word' id='word_1_248' title='bbox 1044 555 1113 598; x_wconf 88' lang='lat' dir='ltr'>guis</span> <span class='ocrx_word' id='word_1_249' title='bbox 1145 554 1177 587; x_wconf 90' lang='lat' dir='ltr'>in</span> <span class='ocrx_word' id='word_1_250' title='bbox 1212 552 1444 597; x_wconf 81' lang='lat' dir='ltr'>septemtrionis</span> <span class='ocrx_word' id='word_1_251' title='bbox 1470 553 1612 597; x_wconf 85' lang='lat' dir='ltr'>partibus</span> <span class='ocrx_word' id='word_1_252' title='bbox 1644 562 1784 586; x_wconf 89' lang='lat' dir='ltr'>corrum-</span> 
     </span>
     <span class='ocr_line' id='line_1_58' title="bbox 1044 606 1786 653; baseline -0.001 -14"><span class='ocrx_word' id='word_1_253' title='bbox 1044 619 1119 653; x_wconf 86' lang='lat' dir='ltr'>pere</span> <span class='ocrx_word' id='word_1_254' title='bbox 1144 612 1174 641; x_wconf 90' lang='lat' dir='ltr'>et</span> <span class='ocrx_word' id='word_1_255' title='bbox 1197 607 1389 652; x_wconf 82' lang='lat' dir='ltr'>depravare,</span> <span class='ocrx_word' id='word_1_256' title='bbox 1414 617 1450 640; x_wconf 88' lang='lat' dir='ltr'>ac</span> <span class='ocrx_word' id='word_1_257' title='bbox 1477 606 1565 639; x_wconf 84' lang='lat' dir='ltr'>Sedis</span> <span class='ocrx_word' id='word_1_258' title='bbox 1589 606 1786 650; x_wconf 83' lang='lat' dir='ltr'>Apostolicae</span> 
     </span>
     <span class='ocr_line' id='line_1_59' title="bbox 1045 658 1785 700; baseline -0.005 -5"><span class='ocrx_word' id='word_1_259' title='bbox 1045 660 1223 695; x_wconf 78' lang='lat' dir='ltr'>auctoritati</span> <span class='ocrx_word' id='word_1_260' title='bbox 1238 660 1406 692; x_wconf 88' lang='lat' dir='ltr'>detrahere</span> <span class='ocrx_word' id='word_1_261' title='bbox 1425 664 1626 700; x_wconf 87' lang='lat' dir='ltr'>conarentur,</span> <span class='ocrx_word' id='word_1_262' title='bbox 1641 658 1785 692; x_wconf 70' lang='lat' dir='ltr'>excitavit</span> 
     </span>
     <span class='ocr_line' id='line_1_60' title="bbox 1045 712 1785 759; baseline -0.005 -11"><span class='ocrx_word' id='word_1_263' title='bbox 1045 715 1190 759; x_wconf 80' lang='lat' dir='ltr'>spiritum</span> <span class='ocrx_word' id='word_1_264' title='bbox 1221 714 1331 757; x_wconf 87' lang='lat' dir='ltr'>Ignatii</span> <span class='ocrx_word' id='word_1_265' title='bbox 1355 713 1497 754; x_wconf 88' lang='lat' dir='ltr'>Loiolae,</span> <span class='ocrx_word' id='word_1_266' title='bbox 1525 713 1594 756; x_wconf 86' lang='lat' dir='ltr'>qui,</span> <span class='ocrx_word' id='word_1_267' title='bbox 1619 723 1655 745; x_wconf 82' lang='lat' dir='ltr'>ex</span> <span class='ocrx_word' id='word_1_268' title='bbox 1681 712 1785 745; x_wconf 87' lang='lat' dir='ltr'>medio</span> 
     </span>
     <span class='ocr_line' id='line_1_61' title="bbox 1046 765 1784 802; baseline -0.005 -1"><span class='ocrx_word' id='word_1_269' title='bbox 1046 769 1204 802; x_wconf 89' lang='lat' dir='ltr'>honorum</span> <span class='ocrx_word' id='word_1_270' title='bbox 1228 777 1322 801; x_wconf 88' lang='lat' dir='ltr'>cursu</span> <span class='ocrx_word' id='word_1_271' title='bbox 1354 772 1384 799; x_wconf 90' lang='lat' dir='ltr'>ct</span> <span class='ocrx_word' id='word_1_272' title='bbox 1406 777 1423 799; x_wconf 91' lang='lat' dir='ltr'>a</span> <span class='ocrx_word' id='word_1_273' title='bbox 1448 765 1581 799; x_wconf 87' lang='lat' dir='ltr'>seculari</span> <span class='ocrx_word' id='word_1_274' title='bbox 1606 769 1636 800; x_wconf 91' lang='lat' dir='ltr'>et</span> <span class='ocrx_word' id='word_1_275' title='bbox 1660 766 1784 799; x_wconf 74' lang='lat' dir='ltr'>terrena</span> 
     </span>
     <span class='ocr_line' id='line_1_62' title="bbox 1047 819 1787 864; baseline -0.005 -9"><span class='ocrx_word' id='word_1_276' title='bbox 1047 822 1157 856; x_wconf 75' lang='lat' dir='ltr'>militia</span> <span class='ocrx_word' id='word_1_277' title='bbox 1181 820 1359 854; x_wconf 84' lang='lat' dir='ltr'>admirabili</span> <span class='ocrx_word' id='word_1_278' title='bbox 1383 820 1519 864; x_wconf 89' lang='lat' dir='ltr'>quadam</span> <span class='ocrx_word' id='word_1_279' title='bbox 1549 819 1669 853; x_wconf 90' lang='lat' dir='ltr'>ratione</span> <span class='ocrx_word' id='word_1_280' title='bbox 1701 829 1787 852; x_wconf 72' lang='lat' dir='ltr'>voea-</span> 
     </span>
     <span class='ocr_line' id='line_1_63' title="bbox 1047 871 1787 917; baseline -0.005 -9"><span class='ocrx_word' id='word_1_281' title='bbox 1047 881 1111 915; x_wconf 84' lang='lat' dir='ltr'>tus,</span> <span class='ocrx_word' id='word_1_282' title='bbox 1136 875 1179 907; x_wconf 87' lang='lat' dir='ltr'>ita</span> <span class='ocrx_word' id='word_1_283' title='bbox 1203 884 1236 907; x_wconf 87' lang='lat' dir='ltr'>se</span> <span class='ocrx_word' id='word_1_284' title='bbox 1264 873 1369 907; x_wconf 75' lang='lat' dir='ltr'>divino</span> <span class='ocrx_word' id='word_1_285' title='bbox 1401 873 1535 917; x_wconf 90' lang='lat' dir='ltr'>imperio</span> <span class='ocrx_word' id='word_1_286' title='bbox 1560 871 1733 916; x_wconf 85' lang='lat' dir='ltr'>regendum</span> <span class='ocrx_word' id='word_1_287' title='bbox 1758 876 1787 904; x_wconf 87' lang='lat' dir='ltr'>et</span> 
     </span>
     <span class='ocr_line' id='line_1_64' title="bbox 1048 925 1787 967; baseline -0.003 -7"><span class='ocrx_word' id='word_1_288' title='bbox 1048 926 1247 961; x_wconf 80' lang='lat' dir='ltr'>formandum</span> <span class='ocrx_word' id='word_1_289' title='bbox 1271 925 1409 967; x_wconf 82' lang='lat' dir='ltr'>tradidit,</span> <span class='ocrx_word' id='word_1_290' title='bbox 1425 931 1459 958; x_wconf 90' lang='lat' dir='ltr'>ut</span> <span class='ocrx_word' id='word_1_291' title='bbox 1482 925 1610 958; x_wconf 90' lang='lat' dir='ltr'>demum</span> <span class='ocrx_word' id='word_1_292' title='bbox 1633 927 1715 959; x_wconf 73' lang='lat' dir='ltr'>nova</span> <span class='ocrx_word' id='word_1_293' title='bbox 1731 926 1787 959; x_wconf 83' lang='lat' dir='ltr'>So-</span> 
     </span>
     <span class='ocr_line' id='line_1_65' title="bbox 1048 978 1788 1023; baseline -0.003 -9"><span class='ocrx_word' id='word_1_294' title='bbox 1048 981 1167 1014; x_wconf 87' lang='lat' dir='ltr'>cietatis</span> <span class='ocrx_word' id='word_1_295' title='bbox 1192 980 1279 1020; x_wconf 82' lang='lat' dir='ltr'>Iesu,</span> <span class='ocrx_word' id='word_1_296' title='bbox 1303 989 1400 1023; x_wconf 89' lang='lat' dir='ltr'>quae,</span> <span class='ocrx_word' id='word_1_297' title='bbox 1424 978 1505 1011; x_wconf 89' lang='lat' dir='ltr'>inter</span> <span class='ocrx_word' id='word_1_298' title='bbox 1528 978 1588 1011; x_wconf 88' lang='lat' dir='ltr'>alia</span> <span class='ocrx_word' id='word_1_299' title='bbox 1610 979 1734 1023; x_wconf 88' lang='lat' dir='ltr'>pietatis</span> <span class='ocrx_word' id='word_1_300' title='bbox 1758 984 1788 1013; x_wconf 85' lang='lat' dir='ltr'>et</span> 
     </span>
     <span class='ocr_line' id='line_1_66' title="bbox 1049 1031 1787 1077; baseline -0.003 -10"><span class='ocrx_word' id='word_1_301' title='bbox 1049 1033 1210 1067; x_wconf 86' lang='lat' dir='ltr'>charitatis</span> <span class='ocrx_word' id='word_1_302' title='bbox 1233 1043 1340 1077; x_wconf 87' lang='lat' dir='ltr'>opera,</span> <span class='ocrx_word' id='word_1_303' title='bbox 1364 1031 1532 1075; x_wconf 82' lang='lat' dir='ltr'>gentilibus</span> <span class='ocrx_word' id='word_1_304' title='bbox 1557 1032 1787 1072; x_wconf 84' lang='lat' dir='ltr'>convertendis,</span> 
     </span>
     <span class='ocr_line' id='line_1_67' title="bbox 1049 1085 1787 1127; baseline -0.001 -7"><span class='ocrx_word' id='word_1_305' title='bbox 1049 1087 1215 1120; x_wconf 83' lang='lat' dir='ltr'>haereticis</span> <span class='ocrx_word' id='word_1_306' title='bbox 1239 1086 1277 1119; x_wconf 90' lang='lat' dir='ltr'>ad</span> <span class='ocrx_word' id='word_1_307' title='bbox 1300 1086 1373 1118; x_wconf 89' lang='lat' dir='ltr'>fidei</span> <span class='ocrx_word' id='word_1_308' title='bbox 1398 1085 1560 1119; x_wconf 86' lang='lat' dir='ltr'>veritatem</span> <span class='ocrx_word' id='word_1_309' title='bbox 1585 1086 1787 1127; x_wconf 86' lang='lat' dir='ltr'>revocandis,</span> 
     </span>
     <span class='ocr_line' id='line_1_68' title="bbox 1049 1139 1788 1183; baseline 0 -9"><span class='ocrx_word' id='word_1_310' title='bbox 1049 1147 1078 1174; x_wconf 87' lang='lat' dir='ltr'>et</span> <span class='ocrx_word' id='word_1_311' title='bbox 1103 1139 1235 1174; x_wconf 86' lang='lat' dir='ltr'>Romani</span> <span class='ocrx_word' id='word_1_312' title='bbox 1259 1139 1418 1173; x_wconf 87' lang='lat' dir='ltr'>Pontifieis</span> <span class='ocrx_word' id='word_1_313' title='bbox 1435 1139 1580 1183; x_wconf 84' lang='lat' dir='ltr'>potestati</span> <span class='ocrx_word' id='word_1_314' title='bbox 1601 1140 1733 1173; x_wconf 88' lang='lat' dir='ltr'>tuendae</span> <span class='ocrx_word' id='word_1_315' title='bbox 1751 1151 1788 1174; x_wconf 79' lang='lat' dir='ltr'>ex</span> 
     </span>
     <span class='ocr_line' id='line_1_69' title="bbox 1049 1192 1789 1236; baseline -0.001 -9"><span class='ocrx_word' id='word_1_316' title='bbox 1049 1194 1191 1227; x_wconf 78' lang='lat' dir='ltr'>instituto</span> <span class='ocrx_word' id='word_1_317' title='bbox 1208 1204 1240 1226; x_wconf 84' lang='lat' dir='ltr'>se</span> <span class='ocrx_word' id='word_1_318' title='bbox 1259 1197 1358 1226; x_wconf 88' lang='lat' dir='ltr'>totam</span> <span class='ocrx_word' id='word_1_319' title='bbox 1374 1192 1536 1236; x_wconf 78' lang='lat' dir='ltr'>impendit,</span> <span class='ocrx_word' id='word_1_320' title='bbox 1554 1192 1706 1236; x_wconf 78' lang='lat' dir='ltr'>religione</span> <span class='ocrx_word' id='word_1_321' title='bbox 1724 1194 1789 1226; x_wconf 82' lang='lat' dir='ltr'>sun-</span> 
     </span>
     <span class='ocr_line' id='line_1_70' title="bbox 1049 1246 1787 1288; baseline -0.001 -8"><span class='ocrx_word' id='word_1_322' title='bbox 1049 1248 1139 1288; x_wconf 80' lang='lat' dir='ltr'>data,</span> <span class='ocrx_word' id='word_1_323' title='bbox 1165 1247 1258 1280; x_wconf 77' lang='lat' dir='ltr'>vitam</span> <span class='ocrx_word' id='word_1_324' title='bbox 1287 1246 1464 1279; x_wconf 88' lang='lat' dir='ltr'>admirabili</span> <span class='ocrx_word' id='word_1_325' title='bbox 1496 1246 1658 1279; x_wconf 86' lang='lat' dir='ltr'>sanctitate</span> <span class='ocrx_word' id='word_1_326' title='bbox 1682 1246 1787 1280; x_wconf 85' lang='lat' dir='ltr'>tradu-</span> 
     </span>
     <span class='ocr_line' id='line_1_71' title="bbox 1049 1299 1787 1344; baseline -0.003 -10"><span class='ocrx_word' id='word_1_327' title='bbox 1049 1306 1130 1334; x_wconf 86' lang='lat' dir='ltr'>ctam</span> <span class='ocrx_word' id='word_1_328' title='bbox 1144 1300 1339 1333; x_wconf 86' lang='lat' dir='ltr'>sanetissimo</span> <span class='ocrx_word' id='word_1_329' title='bbox 1352 1299 1471 1344; x_wconf 86' lang='lat' dir='ltr'>pariter</span> <span class='ocrx_word' id='word_1_330' title='bbox 1487 1299 1676 1333; x_wconf 82' lang='lat' dir='ltr'>concluserit</span> <span class='ocrx_word' id='word_1_331' title='bbox 1693 1300 1787 1341; x_wconf 83' lang='lat' dir='ltr'>exitu,</span> 
     </span>
     <span class='ocr_line' id='line_1_72' title="bbox 1049 1353 1788 1398; baseline -0.001 -11"><span class='ocrx_word' id='word_1_332' title='bbox 1049 1365 1083 1387; x_wconf 88' lang='lat' dir='ltr'>ac</span> <span class='ocrx_word' id='word_1_333' title='bbox 1100 1354 1244 1398; x_wconf 87' lang='lat' dir='ltr'>plurimis</span> <span class='ocrx_word' id='word_1_334' title='bbox 1269 1354 1307 1387; x_wconf 86' lang='lat' dir='ltr'>sit</span> <span class='ocrx_word' id='word_1_335' title='bbox 1324 1353 1483 1386; x_wconf 80' lang='lat' dir='ltr'>miraculis</span> <span class='ocrx_word' id='word_1_336' title='bbox 1507 1353 1689 1395; x_wconf 86' lang='lat' dir='ltr'>illustratus,</span> <span class='ocrx_word' id='word_1_337' title='bbox 1706 1354 1788 1387; x_wconf 84' lang='lat' dir='ltr'>eius-</span> 
     </span>
     <span class='ocr_line' id='line_1_73' title="bbox 1049 1406 1788 1451; baseline -0.001 -11"><span class='ocrx_word' id='word_1_338' title='bbox 1049 1408 1121 1440; x_wconf 86' lang='lat' dir='ltr'>dem</span> <span class='ocrx_word' id='word_1_339' title='bbox 1146 1407 1255 1451; x_wconf 81' lang='lat' dir='ltr'>Ignatii</span> <span class='ocrx_word' id='word_1_340' title='bbox 1287 1407 1430 1450; x_wconf 80' lang='lat' dir='ltr'>catalogo</span> <span class='ocrx_word' id='word_1_341' title='bbox 1462 1406 1648 1440; x_wconf 85' lang='lat' dir='ltr'>Sanctorum</span> <span class='ocrx_word' id='word_1_342' title='bbox 1672 1406 1788 1440; x_wconf 88' lang='lat' dir='ltr'>adscri-</span> 
     </span>
     <span class='ocr_line' id='line_1_74' title="bbox 1049 1460 1786 1505; baseline 0 -11"><span class='ocrx_word' id='word_1_343' title='bbox 1049 1461 1158 1505; x_wconf 90' lang='lat' dir='ltr'>ptioni,</span> <span class='ocrx_word' id='word_1_344' title='bbox 1181 1461 1218 1493; x_wconf 91' lang='lat' dir='ltr'>de</span> <span class='ocrx_word' id='word_1_345' title='bbox 1243 1471 1305 1504; x_wconf 87' lang='lat' dir='ltr'>qua</span> <span class='ocrx_word' id='word_1_346' title='bbox 1324 1460 1443 1493; x_wconf 91' lang='lat' dir='ltr'>dudum</span> <span class='ocrx_word' id='word_1_347' title='bbox 1467 1460 1629 1504; x_wconf 81' lang='lat' dir='ltr'>agebatur,</span> <span class='ocrx_word' id='word_1_348' title='bbox 1650 1460 1786 1494; x_wconf 72' lang='lat' dir='ltr'>decrevit</span> 
     </span>
     <span class='ocr_line' id='line_1_75' title="bbox 1050 1514 1221 1547; baseline -0.006 0"><span class='ocrx_word' id='word_1_349' title='bbox 1050 1514 1221 1547; x_wconf 87' lang='lat' dir='ltr'>intendere.</span> 
     </span>
    </p>

    <p class='ocr_par' dir='ltr' id='par_1_19' title="bbox 1050 1567 1793 2682">
     <span class='ocr_line' id='line_1_76' title="bbox 1094 1567 1788 1611; baseline 0.001 -12"><span class='ocrx_word' id='word_1_350' title='bbox 1094 1568 1109 1611; x_wconf 64' lang='lat' dir='ltr'>g</span> <span class='ocrx_word' id='word_1_351' title='bbox 1133 1568 1162 1600; x_wconf 70' lang='lat'>⁶2.</span> <span class='ocrx_word' id='word_1_352' title='bbox 1188 1567 1326 1611; x_wconf 80' lang='lat' dir='ltr'>Quippe,</span> <span class='ocrx_word' id='word_1_353' title='bbox 1351 1567 1587 1600; x_wconf 86' lang='lat' dir='ltr'>increbescente</span> <span class='ocrx_word' id='word_1_354' title='bbox 1612 1568 1642 1600; x_wconf 93' lang='lat' dir='ltr'>in</span> <span class='ocrx_word' id='word_1_355' title='bbox 1667 1567 1732 1601; x_wconf 86' lang='lat' dir='ltr'>dies</span> <span class='ocrx_word' id='word_1_356' title='bbox 1759 1569 1788 1600; x_wconf 90' lang='lat' dir='ltr'>in</span> 
     </span>
     <span class='ocr_line' id='line_1_77' title="bbox 1050 1620 1789 1664; baseline 0.001 -11"><span class='ocrx_word' id='word_1_357' title='bbox 1050 1621 1182 1654; x_wconf 73' lang='lat' dir='ltr'>diversis</span> <span class='ocrx_word' id='word_1_358' title='bbox 1200 1620 1308 1653; x_wconf 88' lang='lat' dir='ltr'>mundi</span> <span class='ocrx_word' id='word_1_359' title='bbox 1324 1620 1468 1664; x_wconf 85' lang='lat' dir='ltr'>partibus</span> <span class='ocrx_word' id='word_1_360' title='bbox 1486 1621 1583 1664; x_wconf 86' lang='lat' dir='ltr'>ipsius</span> <span class='ocrx_word' id='word_1_361' title='bbox 1596 1621 1707 1664; x_wconf 81' lang='lat' dir='ltr'>Ignatii</span> <span class='ocrx_word' id='word_1_362' title='bbox 1724 1632 1789 1654; x_wconf 85' lang='lat' dir='ltr'>san-</span> 
     </span>
     <span class='ocr_line' id='line_1_78' title="bbox 1050 1674 1788 1717; baseline 0 -9"><span class='ocrx_word' id='word_1_363' title='bbox 1050 1674 1165 1708; x_wconf 82' lang='lat' dir='ltr'>ctitatis</span> <span class='ocrx_word' id='word_1_364' title='bbox 1182 1674 1264 1706; x_wconf 72' lang='lat' dir='ltr'>fama</span> <span class='ocrx_word' id='word_1_365' title='bbox 1283 1679 1313 1706; x_wconf 88' lang='lat' dir='ltr'>et</span> <span class='ocrx_word' id='word_1_366' title='bbox 1333 1674 1558 1707; x_wconf 84' lang='lat' dir='ltr'>miraculorum</span> <span class='ocrx_word' id='word_1_367' title='bbox 1587 1674 1699 1717; x_wconf 72' lang='lat' dir='ltr'>gloria,</span> <span class='ocrx_word' id='word_1_368' title='bbox 1717 1686 1788 1708; x_wconf 87' lang='lat' dir='ltr'>cum</span> 
     </span>
     <span class='ocr_line' id='line_1_79' title="bbox 1051 1727 1790 1773; baseline 0.001 -13"><span class='ocrx_word' id='word_1_369' title='bbox 1051 1728 1153 1760; x_wconf 84' lang='lat' dir='ltr'>clarae</span> <span class='ocrx_word' id='word_1_370' title='bbox 1178 1727 1350 1760; x_wconf 88' lang='lat' dir='ltr'>memoriae</span> <span class='ocrx_word' id='word_1_371' title='bbox 1374 1727 1536 1771; x_wconf 85' lang='lat' dir='ltr'>Philippus</span> <span class='ocrx_word' id='word_1_372' title='bbox 1560 1728 1585 1760; x_wconf 91' lang='grc' dir='ltr'>ΙΙ</span> <span class='ocrx_word' id='word_1_373' title='bbox 1618 1733 1648 1760; x_wconf 90' lang='lat' dir='ltr'>et</span> <span class='ocrx_word' id='word_1_374' title='bbox 1677 1728 1790 1773; x_wconf 89' lang='lat' dir='ltr'>Philip—</span> 
     </span>
     <span class='ocr_line' id='line_1_80' title="bbox 1050 1781 1790 1826; baseline -0.001 -12"><span class='ocrx_word' id='word_1_375' title='bbox 1050 1792 1108 1826; x_wconf 89' lang='lat' dir='ltr'>pus</span> <span class='ocrx_word' id='word_1_376' title='bbox 1133 1781 1172 1814; x_wconf 88' lang='grc' dir='ltr'>ΙΙΙ</span> <span class='ocrx_word' id='word_1_377' title='bbox 1205 1781 1429 1825; x_wconf 85' lang='lat' dir='ltr'>Hispaniarum</span> <span class='ocrx_word' id='word_1_378' title='bbox 1453 1791 1545 1825; x_wconf 85' lang='lat' dir='ltr'>reges</span> <span class='ocrx_word' id='word_1_379' title='bbox 1569 1782 1735 1822; x_wconf 86' lang='lat' dir='ltr'>catholici,</span> <span class='ocrx_word' id='word_1_380' title='bbox 1761 1788 1790 1815; x_wconf 87' lang='lat' dir='ltr'>et</span> 
     </span>
     <span class='ocr_line' id='line_1_81' title="bbox 1051 1834 1788 1870; baseline 0.001 -2"><span class='ocrx_word' id='word_1_381' title='bbox 1051 1835 1147 1868; x_wconf 85' lang='lat' dir='ltr'>Maria</span> <span class='ocrx_word' id='word_1_382' title='bbox 1177 1834 1289 1867; x_wconf 79' lang='lat' dir='ltr'>similis</span> <span class='ocrx_word' id='word_1_383' title='bbox 1321 1834 1493 1868; x_wconf 89' lang='lat' dir='ltr'>memoriae</span> <span class='ocrx_word' id='word_1_384' title='bbox 1529 1835 1732 1869; x_wconf 84' lang='lat' dir='ltr'>Maximiliani</span> <span class='ocrx_word' id='word_1_385' title='bbox 1764 1837 1788 1870; x_wconf 96' lang='lat' dir='ltr'>ll</span> 
     </span>
     <span class='ocr_line' id='line_1_82' title="bbox 1052 1887 1791 1933; baseline 0.003 -12"><span class='ocrx_word' id='word_1_386' title='bbox 1052 1889 1267 1922; x_wconf 83' lang='lat' dir='ltr'>Romanorum</span> <span class='ocrx_word' id='word_1_387' title='bbox 1291 1887 1376 1930; x_wconf 84' lang='lat' dir='ltr'>regis</span> <span class='ocrx_word' id='word_1_388' title='bbox 1405 1887 1536 1921; x_wconf 85' lang='lat' dir='ltr'>illustris</span> <span class='ocrx_word' id='word_1_389' title='bbox 1567 1888 1599 1921; x_wconf 93' lang='lat' dir='ltr'>in</span> <span class='ocrx_word' id='word_1_390' title='bbox 1627 1889 1791 1933; x_wconf 90' lang='lat' dir='ltr'>imperato-</span> 
     </span>
     <span class='ocr_line' id='line_1_83' title="bbox 1051 1941 1789 1987; baseline 0.003 -13"><span class='ocrx_word' id='word_1_391' title='bbox 1051 1952 1119 1975; x_wconf 87' lang='lat' dir='ltr'>rem</span> <span class='ocrx_word' id='word_1_392' title='bbox 1144 1941 1234 1974; x_wconf 90' lang='lat' dir='ltr'>electi</span> <span class='ocrx_word' id='word_1_393' title='bbox 1255 1946 1285 1974; x_wconf 84' lang='lat' dir='ltr'>ct</span> <span class='ocrx_word' id='word_1_394' title='bbox 1308 1941 1475 1984; x_wconf 83' lang='lat' dir='ltr'>Margarita</span> <span class='ocrx_word' id='word_1_395' title='bbox 1499 1941 1573 1975; x_wconf 89' lang='lat' dir='ltr'>dicti</span> <span class='ocrx_word' id='word_1_396' title='bbox 1600 1942 1735 1987; x_wconf 89' lang='lat' dir='ltr'>Philippi</span> <span class='ocrx_word' id='word_1_397' title='bbox 1752 1944 1789 1976; x_wconf 90' lang='lat' dir='ltr'>lll</span> 
     </span>
     <span class='ocr_line' id='line_1_84' title="bbox 1052 1994 1790 2039; baseline 0.001 -12"><span class='ocrx_word' id='word_1_398' title='bbox 1052 1995 1136 2038; x_wconf 86' lang='lat' dir='ltr'>regis</span> <span class='ocrx_word' id='word_1_399' title='bbox 1153 1994 1312 2038; x_wconf 71' lang='lat' dir='ltr'>coniuges,</span> <span class='ocrx_word' id='word_1_400' title='bbox 1325 2004 1448 2028; x_wconf 90' lang='lat' dir='ltr'>necnon</span> <span class='ocrx_word' id='word_1_401' title='bbox 1464 1995 1571 2039; x_wconf 88' lang='lat' dir='ltr'>plures</span> <span class='ocrx_word' id='word_1_402' title='bbox 1588 1995 1790 2028; x_wconf 85' lang='lat' dir='ltr'>ecclesiarum</span> 
     </span>
     <span class='ocr_line' id='line_1_85' title="bbox 1051 2049 1791 2094; baseline 0 -11"><span class='ocrx_word' id='word_1_403' title='bbox 1051 2050 1212 2094; x_wconf 88' lang='lat' dir='ltr'>praesules</span> <span class='ocrx_word' id='word_1_404' title='bbox 1236 2054 1266 2083; x_wconf 88' lang='lat' dir='ltr'>et</span> <span class='ocrx_word' id='word_1_405' title='bbox 1290 2049 1410 2094; x_wconf 86' lang='lat' dir='ltr'>populi,</span> <span class='ocrx_word' id='word_1_406' title='bbox 1435 2051 1497 2082; x_wconf 81' lang='lat' dir='ltr'>una</span> <span class='ocrx_word' id='word_1_407' title='bbox 1521 2060 1592 2083; x_wconf 89' lang='lat' dir='ltr'>eum</span> <span class='ocrx_word' id='word_1_408' title='bbox 1617 2049 1739 2083; x_wconf 89' lang='lat' dir='ltr'>dilectis</span> <span class='ocrx_word' id='word_1_409' title='bbox 1759 2051 1791 2083; x_wconf 80' lang='lat' dir='ltr'>si-</span> 
     </span>
     <span class='ocr_line' id='line_1_86' title="bbox 1052 2103 1791 2147; baseline 0.001 -11"><span class='ocrx_word' id='word_1_410' title='bbox 1052 2103 1101 2137; x_wconf 90' lang='lat' dir='ltr'>liis</span> <span class='ocrx_word' id='word_1_411' title='bbox 1125 2103 1306 2147; x_wconf 89' lang='lat' dir='ltr'>praeposito</span> <span class='ocrx_word' id='word_1_412' title='bbox 1337 2108 1368 2136; x_wconf 93' lang='lat' dir='ltr'>et</span> <span class='ocrx_word' id='word_1_413' title='bbox 1398 2103 1466 2136; x_wconf 88' lang='lat' dir='ltr'>aliis</span> <span class='ocrx_word' id='word_1_414' title='bbox 1499 2103 1600 2138; x_wconf 86' lang='lat' dir='ltr'>dictae</span> <span class='ocrx_word' id='word_1_415' title='bbox 1629 2104 1791 2138; x_wconf 80' lang='lat' dir='ltr'>Societatis</span> 
     </span>
     <span class='ocr_line' id='line_1_87' title="bbox 1052 2156 1790 2201; baseline 0.004 -12"><span class='ocrx_word' id='word_1_416' title='bbox 1052 2156 1227 2199; x_wconf 83' lang='lat' dir='ltr'>religiosis,</span> <span class='ocrx_word' id='word_1_417' title='bbox 1252 2157 1334 2200; x_wconf 89' lang='lat' dir='ltr'>apud</span> <span class='ocrx_word' id='word_1_418' title='bbox 1359 2156 1428 2201; x_wconf 87' lang='lat' dir='ltr'>piae</span> <span class='ocrx_word' id='word_1_419' title='bbox 1453 2157 1626 2191; x_wconf 88' lang='lat' dir='ltr'>memoriae</span> <span class='ocrx_word' id='word_1_420' title='bbox 1649 2157 1790 2192; x_wconf 89' lang='lat' dir='ltr'>Clemen-</span> 
     </span>
     <span class='ocr_line' id='line_1_88' title="bbox 1052 2210 1790 2255; baseline 0.004 -13"><span class='ocrx_word' id='word_1_421' title='bbox 1052 2215 1115 2243; x_wconf 91' lang='lat' dir='ltr'>tem</span> <span class='ocrx_word' id='word_1_422' title='bbox 1140 2211 1254 2254; x_wconf 79' lang='lat' dir='ltr'>Papam</span> <span class='ocrx_word' id='word_1_423' title='bbox 1280 2210 1366 2251; x_wconf 86' lang='lat' dir='ltr'>Vlll,</span> <span class='ocrx_word' id='word_1_424' title='bbox 1398 2210 1490 2244; x_wconf 89' lang='lat' dir='ltr'>etiam</span> <span class='ocrx_word' id='word_1_425' title='bbox 1515 2210 1790 2255; x_wconf 87' lang='lat' dir='ltr'>praedecessorem</span> 
     </span>
     <span class='ocr_line' id='line_1_89' title="bbox 1053 2262 1792 2310; baseline 0.004 -15"><span class='ocrx_word' id='word_1_426' title='bbox 1053 2268 1207 2304; x_wconf 81' lang='lat' dir='ltr'>nostrum,</span> <span class='ocrx_word' id='word_1_427' title='bbox 1232 2262 1344 2297; x_wconf 87' lang='lat' dir='ltr'>oblatis</span> <span class='ocrx_word' id='word_1_428' title='bbox 1368 2263 1413 2296; x_wconf 90' lang='lat' dir='ltr'>illi</span> <span class='ocrx_word' id='word_1_429' title='bbox 1437 2265 1637 2308; x_wconf 84' lang='lat' dir='ltr'>processibus</span> <span class='ocrx_word' id='word_1_430' title='bbox 1668 2275 1725 2310; x_wconf 89' lang='lat' dir='ltr'>per</span> <span class='ocrx_word' id='word_1_431' title='bbox 1750 2264 1792 2298; x_wconf 91' lang='lat' dir='ltr'>di-</span> 
     </span>
     <span class='ocr_line' id='line_1_90' title="bbox 1053 2317 1793 2359; baseline 0.004 -9"><span class='ocrx_word' id='word_1_432' title='bbox 1053 2328 1160 2351; x_wconf 71' lang='lat' dir='ltr'>versos</span> <span class='ocrx_word' id='word_1_433' title='bbox 1184 2318 1328 2351; x_wconf 90' lang='lat' dir='ltr'>locorum</span> <span class='ocrx_word' id='word_1_434' title='bbox 1353 2317 1546 2359; x_wconf 86' lang='lat' dir='ltr'>Ordinarios,</span> <span class='ocrx_word' id='word_1_435' title='bbox 1571 2319 1663 2351; x_wconf 88' lang='lat' dir='ltr'>etiam</span> <span class='ocrx_word' id='word_1_436' title='bbox 1689 2324 1793 2353; x_wconf 87' lang='lat' dir='ltr'>aucto-</span> 
     </span>
     <span class='ocr_line' id='line_1_91' title="bbox 1054 2371 1791 2416; baseline 0.004 -13"><span class='ocrx_word' id='word_1_437' title='bbox 1054 2372 1143 2404; x_wconf 88' lang='lat' dir='ltr'>ritate</span> <span class='ocrx_word' id='word_1_438' title='bbox 1168 2376 1241 2404; x_wconf 89' lang='lat' dir='ltr'>tune</span> <span class='ocrx_word' id='word_1_439' title='bbox 1261 2371 1420 2405; x_wconf 78' lang='lat' dir='ltr'>existentis</span> <span class='ocrx_word' id='word_1_440' title='bbox 1437 2372 1524 2405; x_wconf 86' lang='lat' dir='ltr'>Sedis</span> <span class='ocrx_word' id='word_1_441' title='bbox 1548 2373 1744 2416; x_wconf 80' lang='lat' dir='ltr'>Apostolicae</span> <span class='ocrx_word' id='word_1_442' title='bbox 1761 2374 1791 2406; x_wconf 90' lang='lat' dir='ltr'>in</span> 
     </span>
     <span class='ocr_line' id='line_1_92' title="bbox 1053 2424 1792 2470; baseline 0.004 -13"><span class='ocrx_word' id='word_1_443' title='bbox 1053 2424 1159 2467; x_wconf 81' lang='lat' dir='ltr'>regnis</span> <span class='ocrx_word' id='word_1_444' title='bbox 1176 2424 1396 2468; x_wconf 76' lang='lat' dir='ltr'>Hispaniarum</span> <span class='ocrx_word' id='word_1_445' title='bbox 1422 2425 1532 2465; x_wconf 85' lang='lat' dir='ltr'>nuntii,</span> <span class='ocrx_word' id='word_1_446' title='bbox 1549 2436 1644 2469; x_wconf 89' lang='lat' dir='ltr'>super</span> <span class='ocrx_word' id='word_1_447' title='bbox 1667 2427 1792 2470; x_wconf 89' lang='lat' dir='ltr'>praedi-</span> 
     </span>
     <span class='ocr_line' id='line_1_93' title="bbox 1053 2478 1793 2525; baseline 0.003 -13"><span class='ocrx_word' id='word_1_448' title='bbox 1053 2478 1110 2512; x_wconf 84' lang='lat' dir='ltr'>ctis</span> <span class='ocrx_word' id='word_1_449' title='bbox 1135 2479 1297 2511; x_wconf 84' lang='lat' dir='ltr'>sanctitate</span> <span class='ocrx_word' id='word_1_450' title='bbox 1314 2483 1343 2511; x_wconf 86' lang='lat' dir='ltr'>et</span> <span class='ocrx_word' id='word_1_451' title='bbox 1365 2479 1525 2512; x_wconf 87' lang='lat' dir='ltr'>miraculis</span> <span class='ocrx_word' id='word_1_452' title='bbox 1548 2480 1717 2521; x_wconf 80' lang='lat' dir='ltr'>fabricatis,</span> <span class='ocrx_word' id='word_1_453' title='bbox 1734 2492 1793 2525; x_wconf 87' lang='lat' dir='ltr'>pro</span> 
     </span>
     <span class='ocr_line' id='line_1_94' title="bbox 1053 2531 1792 2577; baseline 0.004 -13"><span class='ocrx_word' id='word_1_454' title='bbox 1053 2531 1228 2564; x_wconf 85' lang='lat' dir='ltr'>litterarum</span> <span class='ocrx_word' id='word_1_455' title='bbox 1246 2531 1506 2564; x_wconf 80' lang='lat' dir='ltr'>remissorialium</span> <span class='ocrx_word' id='word_1_456' title='bbox 1523 2536 1553 2566; x_wconf 90' lang='lat' dir='ltr'>et</span> <span class='ocrx_word' id='word_1_457' title='bbox 1569 2534 1792 2577; x_wconf 44' lang='lat' dir='ltr'>compulsori&amp;</span> 
     </span>
     <span class='ocr_line' id='line_1_95' title="bbox 1054 2584 1792 2632; baseline 0.004 -15"><span class='ocrx_word' id='word_1_458' title='bbox 1054 2585 1130 2618; x_wconf 92' lang='lat' dir='ltr'>lium</span> <span class='ocrx_word' id='word_1_459' title='bbox 1147 2584 1186 2618; x_wconf 84' lang='lat' dir='ltr'>ad</span> <span class='ocrx_word' id='word_1_460' title='bbox 1204 2585 1361 2618; x_wconf 78' lang='lat' dir='ltr'>faciendos</span> <span class='ocrx_word' id='word_1_461' title='bbox 1378 2596 1437 2629; x_wconf 88' lang='lat' dir='ltr'>pro</span> <span class='ocrx_word' id='word_1_462' title='bbox 1462 2586 1695 2621; x_wconf 86' lang='lat' dir='ltr'>canonizatione</span> <span class='ocrx_word' id='word_1_463' title='bbox 1721 2598 1792 2632; x_wconf 91' lang='lat' dir='ltr'>pro-</span> 
     </span>
     <span class='ocr_line' id='line_1_96' title="bbox 1054 2638 1625 2682; baseline 0.004 -11"><span class='ocrx_word' id='word_1_464' title='bbox 1054 2649 1180 2682; x_wconf 80' lang='lat' dir='ltr'>gressus</span> <span class='ocrx_word' id='word_1_465' title='bbox 1205 2638 1406 2672; x_wconf 85' lang='lat' dir='ltr'>concessione</span> <span class='ocrx_word' id='word_1_466' title='bbox 1424 2639 1625 2680; x_wconf 80' lang='lat' dir='ltr'>institissent3</span> 
     </span>
    </p>

    <p class='ocr_par' dir='ltr' id='par_1_20' title="bbox 1091 2701 1648 2738">
     <span class='ocr_line' id='line_1_97' title="bbox 1091 2701 1648 2738; baseline 0.002 -11"><span class='ocrx_word' id='word_1_467' title='bbox 1091 2701 1100 2727; x_wconf 88' lang='lat' dir='ltr'>l</span> <span class='ocrx_word' id='word_1_468' title='bbox 1124 2701 1175 2728; x_wconf 81' lang='lat' dir='ltr'>Aut</span> <span class='ocrx_word' id='word_1_469' title='bbox 1191 2701 1277 2737; x_wconf 83' lang='lat' dir='ltr'>potius</span> <span class='ocrx_word' id='word_1_470' title='bbox 1293 2701 1435 2737; x_wconf 84' lang='lat' dir='ltr'>legendum</span> <span class='ocrx_word' id='word_1_471' title='bbox 1450 2701 1532 2730; x_wconf 74' lang='lat' dir='ltr'>illius</span> <span class='ocrx_word' id='word_1_472' title='bbox 1547 2705 1586 2738; x_wconf 77' lang='lat' dir='ltr'>(n.</span> <span class='ocrx_word' id='word_1_473' title='bbox 1602 2703 1648 2735; x_wconf 87' lang='grc' dir='ltr'>Τ,).</span> 
     </span>
    </p>
   </div>
   <div class='ocr_carea' id='block_1_13' title="bbox 1710 280 1978 315">
    <p class='ocr_par' dir='ltr' id='par_1_21' title="bbox 1710 280 1978 315">
     <span class='ocr_line' id='line_1_98' title="bbox 1710 280 1978 315; baseline -0.007 0"><span class='ocrx_word' id='word_1_474' title='bbox 1710 280 1752 315; x_wconf 71' lang='lat'>⁶23</span> <span class='ocrx_word' id='word_1_475' title='bbox 1798 289 1845 315; x_wconf 72' lang='lat' dir='ltr'>An.</span> <span class='ocrx_word' id='word_1_476' title='bbox 1864 287 1891 315; x_wconf 89' lang='lat' dir='ltr'>c.</span> <span class='ocrx_word' id='word_1_477' title='bbox 1912 287 1978 314; x_wconf 80' lang='lat'>¹623</span> 
     </span>
    </p>
   </div>
   <div class='ocr_carea' id='block_1_14' title="bbox 1804 1627 1987 1734">
    <p class='ocr_par' dir='ltr' id='par_1_22' title="bbox 1804 1627 1987 1734">
     <span class='ocr_line' id='line_1_99' title="bbox 1898 1627 1987 1652; baseline -0.022 -6"><span class='ocrx_word' id='word_1_478' title='bbox 1898 1627 1987 1652; x_wconf 65' lang='lat' dir='ltr'>petenti-</span> 
     </span>
     <span class='ocr_line' id='line_1_100' title="bbox 1804 1654 1986 1674; baseline -0.011 0"><span class='ocrx_word' id='word_1_479' title='bbox 1804 1654 1842 1674; x_wconf 83' lang='lat' dir='ltr'>bus</span> <span class='ocrx_word' id='word_1_480' title='bbox 1857 1654 1960 1674; x_wconf 79' lang='lat' dir='ltr'>nonnullis</span> <span class='ocrx_word' id='word_1_481' title='bbox 1976 1659 1986 1672; x_wconf 76' lang='lat' dir='ltr'>a</span> 
     </span>
     <span class='ocr_line' id='line_1_101' title="bbox 1805 1680 1987 1701; baseline -0.005 0"><span class='ocrx_word' id='word_1_482' title='bbox 1805 1681 1910 1701; x_wconf 59' lang='lat' dir='ltr'>tlte-inante</span> <span class='ocrx_word' id='word_1_483' title='bbox 1948 1680 1987 1700; x_wconf 77' lang='lat' dir='ltr'>Pa-</span> 
     </span>
     <span class='ocr_line' id='line_1_102' title="bbox 1804 1707 1903 1734; baseline 0.01 -7"><span class='ocrx_word' id='word_1_484' title='bbox 1804 1713 1831 1734; x_wconf 76' lang='lat' dir='ltr'>pa</span> <span class='ocrx_word' id='word_1_485' title='bbox 1846 1707 1903 1731; x_wconf 78' lang='lat' dir='ltr'>vni,</span> 
     </span>
    </p>
   </div>
  </div>
 </body>
</html>
