2269 3235
156 234 206 260 An.
222 233 251 260 C.
270 233 336 260 1625

195 2202 253 2225 Quae
268 2202 341 2231 consu·-

161 2234 212 2249 mari
230 2231 314 2255 petitur.

233 2573 344 2595 Confirmat

162 2600 262 2623 Pontifex.

960 236 1102 260 URBANUS
1127 237 1181 260 VIII
1206 237 1254 260 1³1³.

353 279 455 312 ctione
475 280 671 313 Clianorum¹
698 285 727 315 ct
750 282 883 315 aliorum
909 283 1089 315 osticialium

352 332 552 374 provinciam
579 334 642 376 qui,
660 334 763 377 quoad
787 334 855 367 sieri
880 335 1005 378 poterit,
1031 336 1091 367 sint

353 395 462 418 omnes
479 397 515 418 ex
534 387 720 420 reformatis.

404 438 450 471 Vl.
484 439 664 472 Celebrctur
696 440 867 484 capitulum
900 440 1091 483 provinciale

352 501 412 533 pro
437 492 590 525 electione
618 493 818 536 provincialis
850 498 880 525 et
911 493 1090 525 officialium

353 545 534 587 provinciae
560 546 627 579 loco
653 549 682 579 ct
707 551 849 589 tempore
875 546 1092 579 commissario

353 597 517 631 benevisis:
536 599 567 631 in
584 610 645 642 quo
657 599 818 632 reformati
833 610 940 632 vocem
960 599 1093 632 habeant

353 650 484 683 aetivain
510 655 540 685 et
563 651 718 695 passivam
745 651 782 684 ad
807 652 1070 695 provineialatum
1085 679 1092 692 ‚

353 704 473 736 etiamsi
499 714 561 736 non
586 704 646 736 sint
671 705 812 747 magistri
837 710 868 738 et
895 706 1092 739 baccalaurei

352 756 384 788 in
414 757 595 799 theologia,
628 757 801 791 dummodo
832 758 1092 802 impedimentum

353 810 538 843 canonicum
555 821 619 844 non
636 811 778 846 habeant.

397 863 457 895 VII.
483 864 608 905 Nox-itii,
625 865 679 908 qui
703 866 875 909 recipiendi
900 870 971 900 sunt
996 866 1095 909 inea-

352 915 423 948 dem
440 916 611 959 provincia,
629 918 821 962 recipiantur
841 930 858 951 a
879 920 1028 952 fratribus
1044 930 1094 952 re-

352 968 494 1002 formatis
511 974 540 1002 et
565 970 596 1002 in
621 972 825 1005 conventibus
846 973 1040 1016 reformatis⁷
1066 976 1095 1006 ct

351 1031 415 1055 non
435 1022 466 1054 in
484 1022 561 1065 aliis,
576 1033 678 1067 neque
695 1025 733 1056 ab
749 1025 826 1058 aliis.

398 1076 471 1108 VIII.
497 1076 691 1110 Secretarius
716 1079 925 1111 commissarii
950 1079 989 1111 sit
1014 1089 1094 1111 unus

352 1138 389 1160 ex
414 1130 607 1171 reformatis,
633 1130 671 1163 de
696 1131 784 1164 cuius
809 1132 940 1165 consilio
965 1137 1095 1175 peraget

352 1191 389 1214 ea
406 1192 485 1225 quae
506 1188 578 1215 sunt
594 1184 783 1226 peragenda⁷
801 1184 941 1228 alioquin
958 1185 1095 1218 actiones

352 1234 460 1268 irritae
477 1235 547 1270 sint.

396 1289 444 1321 lx.
470 1289 530 1322 Pro
551 1291 760 1334 exequutione
781 1292 1034 1335 supradictorum
1052 1293 1091 1325 il-

352 1342 560 1376 lustrissimus
585 1344 752 1388 episcopus
772 1346 986 1379 Cracoviensis
1003 1346 1095 1379 sacul-

353 1399 447 1429 tatem
480 1397 593 1431 habeat
622 1408 717 1441 supra
750 1399 850 1442 capita
882 1405 912 1431 et
937 1399 1094 1439 membra,

353 1449 395 1481 ita
411 1455 444 1482 ut.
462 1451 571 1493 possit,
587 1451 736 1484 adhibitis
755 1452 831 1485 iuris
851 1457 882 1485 ct
904 1452 976 1485 sacti
998 1463 1097 1485 reme-

353 1502 422 1544 diis⁷
448 1503 561 1536 fratres
585 1505 775 1547 compellere
800 1515 859 1548 pro
884 1505 1039 1538 dictorum
1066 1511 1093 1538 et

353 1556 551 1598 singulorum
576 1558 718 1590 omnium
743 1558 951 1601 exequutione
982 1563 1012 1591 et
1042 1559 1095 1591 ob-

353 1610 537 1646 servatione;
556 1614 585 1644 et
602 1621 661 1654 pro
685 1611 882 1643 observantia
904 1617 1094 1654 procuretur

354 1662 450 1695 Breve
474 1674 491 1695 a
515 1664 733 1704 Sanctissimo,
750 1670 793 1701 ut,
811 1675 874 1697 non
899 1665 1095 1697 obstantibus

352 1716 606 1761 quibuscumque
624 1718 900 1751 constitutionibus
916 1719 1095 1761 apostolicis

354 1770 401 1802 vel
425 1770 588 1813 religionis
613 1771 643 1803 in
669 1772 863 1804 contrarium
889 1772 1093 1813 facientibus7

354 1823 493 1865 praefata
525 1824 629 1857 locum
662 1824 797 1857 habeant
832 1825 862 1857 in
894 1829 1093 1868 perpetuum.

355 1875 404 1907 Fr.
423 1876 506 1908 Felix
524 1877 562 1909 de
579 1877 690 1918 Cassia⁷
709 1878 852 1910 minister
869 1878 1025 1921 generalis
1045 1889 1097 1921 ap-

355 1929 478 1971 probat.
504 1930 570 1972 Ego
590 1931 626 1962 M.
644 1930 799 1963 Adrianus
823 1931 1020 1973 Brakovvicz7
1042 1932 1096 1965 Po-

354 1982 455 2022 lonus,
469 1988 607 2027 accepto.
621 1984 686 2026 Ego
700 1983 750 2016 Fr.
761 1984 898 2017 Adamns
912 1985 1093 2027 Sicchovviz,

355 2035 505 2069 diffinitor
518 2037 698 2080 provinciae
712 2038 868 2077 Poloniac,
881 2044 1018 2082 accepto.
1030 2039 1095 2081 Ego

355 2089 405 2122 Fr.
416 2089 552 2123 Thomas
560 2091 731 2132 Rostinshi,
742 2092 933 2134 guardianus
950 2092 1096 2125 Oremen-

355 2143 407 2185 sis,
424 2149 563 2187 accepto.

401 2196 415 2239 ἓ
438 2196 467 2229 ⁹2.
493 2197 569 2230 Cum
589 2203 712 2239 autem⁷
738 2198 818 2231 sicut
841 2198 950 2231 cadem
975 2199 1095 2243 exposi-

358 2247 400 2281 tio
424 2249 639 2293 suhiungebat,
658 2256 720 2284 tam
737 2251 822 2284 Felix
840 2252 982 2284 minister
1000 2262 1094 2295 quani

357 2301 510 2336 Adrianus
521 2304 756 2338 commissarius
770 2305 926 2348 generalis
943 2305 1095 2349 praedicti

358 2355 529 2398 plurimum
560 2358 689 2402 cupiant
721 2359 856 2402 capitula
887 2369 942 2392 seu
970 2359 1096 2391 decreta

357 2408 515 2452 praedicta
526 2421 583 2454 pro
596 2411 729 2446 firmiori
747 2412 875 2446 illorum
892 2413 1050 2445 validitate
1067 2418 1096 2445 et

358 2461 558 2495 subsistentia
581 2465 770 2507 apostolieae
790 2471 915 2499 nostrae
933 2466 1097 2499 confirma-

358 2514 452 2547 tionis
469 2515 583 2549 robore
599 2519 804 2552 communiri:

403 2569 418 2612 ἓ
441 2567 471 2601 3.
496 2569 567 2611 Nos7
592 2571 644 2613 pio
668 2572 778 2606 Felicis
801 2578 831 2606 ct
855 2572 983 2605 Adriani
1006 2583 1096 2616 prae-

395 2633 406 2659 1
425 2632 463 2660 tta
478 2632 520 2660 ed.
535 2633 627 2668 Main„
644 2642 693 2662 nec
709 2635 782 2663 aliud
799 2636 933 2663 succurrit
948 2636 988 2670 (n.
1006 2636 1054 2671 T.).

1125 284 1281 317 dictorum
1300 283 1456 317 desiderio
1474 283 1503 315 in
1519 284 1699 327 praemissis
1716 295 1864 326 annuere,

1127 336 1256 380 illosque
1289 336 1478 381 specialibus
1510 336 1669 369 favoribus
1699 342 1729 369 ct
1758 338 1866 379 gratiis

1126 389 1272 431 prosequi
1300 390 1447 430 volentes,
1466 394 1495 422 et
1515 400 1532 421 a
1556 389 1716 432 quibusvis
1741 400 1866 423 exsom-

1128 442 1363 482 uiunicationis‚
1389 442 1603 485 suspensionis
1636 447 1665 475 ct
1691 443 1866 479 interdicti,

1126 494 1258 538 aliisque
1283 495 1501 528 ecclesiasticis
1527 496 1701 539 sententiis,
1727 497 1868 529 censuris

1127 551 1157 578 et
1181 546 1300 589 poenis⁷
1325 558 1342 578 a
1368 547 1435 580 iure
1460 548 1507 580 vel
1531 548 1569 580 ab
1595 548 1731 590 homine,
1757 548 1866 592 quavis

1127 600 1292 632 occasione
1316 600 1363 632 vel
1389 603 1482 632 causa
1507 601 1586 641 latis,
1611 601 1634 633 si
1660 602 1773 644 quibus
1790 613 1868 645 quo-

1128 652 1300 686 modolibet.
1324 653 1463 686 innodati
1487 654 1633 694 existunt,
1658 655 1696 687 ad
1721 655 1866 688 effectum

1128 706 1339 749 praesentium
1357 706 1518 739 dumtaxat
1535 708 1801 750 consequendum,
1818 709 1870 740 ha-

1128 770 1198 791 rum
1225 759 1305 792 serie
1330 759 1528 793 absolventes
1560 765 1589 792 et
1621 760 1780 793 absolutos
1805 762 1869 793 sors¹

1129 817 1300 853 censentes,
1313 813 1597 857 supplicationibus
1609 813 1702 847 etiam
1713 814 1870 847 dictorum

1129 865 1320 908 Sigismundi
1348 866 1433 908 regis
1458 865 1603 899 illorum⁴
1623 866 1752 899 nomine
1780 867 1870 899 nobis

1129 929 1225 962 super
1256 919 1318 952 hoe
1342 919 1504 952 humiliter
1528 919 1684 962 porrectis
1710 919 1870 960 inclinati,

1129 972 1263 1015 capitula
1276 982 1330 1005 seu
1347 973 1473 1005 decreta
1489 972 1680 1014 huiusmodi7
1698 973 1871 1017 apostolica

1129 1026 1448 1067 auctoritate,te1101·e
1472 1027 1696 1070 praesentium⁷
1719 1032 1871 1070 perpetuo

1129 1079 1343 1122 approbamus
1368 1085 1398 1112 et
1422 1080 1661 1113 confirmamus:
1686 1081 1810 1124 illisque
1828 1081 1872 1112 in-

1130 1132 1285 1165 violabilis
1303 1133 1493 1176 apostolicae
1510 1133 1666 1166 firmitatis
1684 1134 1782 1166 robur
1798 1134 1872 1166 adii—

1130 1185 1244 1225 ciinus;
1270 1196 1306 1218 ac
1337 1196 1448 1219 omnes
1479 1192 1509 1219 et
1540 1186 1681 1228 singulos
1706 1190 1768 1220 tam
1794 1186 1871 1219 iuris

1129 1249 1224 1282 qnam
1256 1239 1327 1273 sacti
1357 1245 1387 1272 et
1416 1239 1544 1284 quosvis
1567 1239 1645 1272 alios
1671 1240 1871 1283 quantumvis

1129 1292 1348 1326 substantiales
1373 1293 1521 1334 defectus⁷
1547 1293 1571 1325 si
1596 1293 1649 1338 qui
1674 1293 1705 1325 in
1729 1293 1773 1325 eis
1797 1304 1871 1337 quo-

1129 1345 1300 1380 modolibet
1320 1346 1555 1387 intervenerint,
1574 1347 1767 1391 supplemus.

1173 1399 1188 1442 ς
1212 1399 1241 1431 4.
1268 1399 1477 1433 Decernentes
1501 1401 1636 1444 capitula
1666 1410 1720 1433 seu
1745 1400 1871 1432 decreta

1129 1452 1310 1486 huiusmodi
1346 1464 1363 1485 a
1396 1453 1546 1486 fratribus
1579 1453 1702 1486 Ordinis
1727 1457 1757 1487 et
1780 1453 1869 1495 regni

1130 1506 1365 1549 praedictorum
1387 1511 1541 1551 perpetuo
1562 1507 1737 1547 observari3
1763 1507 1870 1549 sicque

1130 1564 1159 1590 ct
1183 1569 1245 1592 non
1270 1560 1360 1592 aliter
1378 1560 1408 1592 in
1432 1560 1614 1603 praemissis
1631 1571 1688 1604 per
1705 1570 1871 1603 quoscum-

1129 1623 1189 1655 que
1212 1613 1331 1645 iudices
1348 1613 1524 1646 ordinarios
1541 1619 1570 1646 et.
1587 1613 1756 1656 delegatos⁷
1777 1613 1870 1645 etiam

1129 1676 1295 1698 causarum
1312 1666 1417 1709 palatii
1435 1666 1596 1709 apostolici
1615 1666 1872 1706 auditoresiudi-

1129 1718 1192 1750 cari
1211 1723 1238 1750 et
1252 1718 1376 1751 deliniri
1390 1719 1524 1759 debere;
1538 1730 1573 1751 ac
1588 1719 1713 1751 irritum
1727 1724 1757 1751 et
1771 1719 1870 1759 inane,

1129 1772 1154 1804 si
1175 1782 1265 1805 secus
1282 1783 1378 1816 super
1398 1772 1446 1805 his
1466 1783 1483 1805 a
1504 1783 1672 1816 quoquam7
1692 1772 1801 1815 quavis
1821 1782 1872 1804 au-

1130 1826 1284 1867 ctoritate,
1298 1826 1433 1859 scienter
1451 1827 1497 1859 vel
1523 1826 1715 1869 ignoranter,
1734 1826 1871 1868 contige—

1129 1878 1170 1910 rit
1183 1879 1337 1911 attentari.
1357 1880 1389 1911 lu
1404 1879 1596 1912 contrarium
1614 1879 1796 1913 facientibus
1810 1889 1872 1912 non

1129 1930 1326 1964 obstantibus
1345 1932 1605 1976 quihnscuiwpie.

1174 1984 1285 2016 Datum
1309 1985 1435 2023 Itomae,
1454 1985 1535 2029 apud
1564 1986 1592 2017 S.
1619 1986 1747 2018 Mariam
1778 1985 1872 2017 Maio-

1129 2048 1207 2080 rem,
1225 2038 1282 2071 sub
1299 2040 1414 2071 annulo
1437 2039 1613 2079 Piscatoris7
1631 2038 1680 2071 die
1710 2048 1787 2071 xvin
1806 2038 1872 2070 iulii

1130 2101 1270 2131 uncxxv,
1292 2092 1493 2136 pontificatus
1514 2093 1612 2125 nostri
1638 2103 1719 2125 anno
1744 2102 1775 2124 n.

1166 2154 1224 2182 Dat.
1241 2156 1285 2182 die
1303 2155 1334 2182 18
1349 2155 1406 2183 iulii
1422 2156 1499 2189 1625,
1516 2156 1611 2191 pontis.
1629 2164 1698 2183 anno
1714 2163 1743 2182 11.

1473 2290 1528 2323 CL.

1130 2360 1322 2394 illaudatum
1340 2361 1487 2404 praesidi
1503 2360 1738 2394 Romandz'olae
1762 2360 1800 2393 (Ie
1827 2371 1874 2394 ca-

1171 2413 1292 2457 pienda
1308 2414 1503 2457 possessione
1517 2413 1654 2446 <lucratus
1674 2414 1792 2446 Urbini
1809 2424 1871 2446 ere-

1174 2467 1282 2500 m'entc
1307 2467 1398 2499 ducis
1422 2467 1531 2507 obilu,
1559 2477 1631 2499 cum
1662 2467 1873 2509 simultatibus

1174 2520 1363 2552 necessariis
1383 2524 1411 2552 et
1431 2520 1622 2563 opportunis
1632 2519 1651 2552 ².

1169 2593 1179 2617 1
1192 2591 1291 2618 Forsan
1301 2590 1488 2626 corrigendum
1501 2591 1605 2618 dicti...
1617 2593 1643 2617 et
1654 2591 1772 2619 illorum
1781 2591 1871 2626 (n.T.).

1166 2636 1182 2662 2
1198 2635 1235 2662 Ex
1251 2636 1360 2671 Regest.
1376 2635 1402 2662 in
1417 2635 1520 2662 Secret.
1538 2636 1675 2663 Brevinm.

1766 228 1831 261 5355
1877 238 1925 264 An.
1946 238 1974 264 c,
1993 239 2060 267 1695

1913 1408 2030 1428 Clausulas.
