2269 3235
769 250 862 275 INEEX
891 248 1089 273 nunntmntn

1648 236 1710 268 731

222 306 407 342 CCLXXIII.
442 306 577 340 Nuntius
608 303 833 348 Hispaniarum
867 312 960 335 coni-
1012 298 1200 333 CCLXXXI.
1222 297 1381 331 Indultum
1401 296 1485 330 clero
1499 296 1589 339 regni
1608 295 1754 328 Potoniae

310 361 474 394 missarius
511 360 680 402 deputatur
705 357 743 390 ad
770 355 960 399 exigendam

312 422 467 447 summam
491 411 577 445 mille
600 412 845 455 quingentorum
863 412 963 442 scuto-

312 477 391 507 rum,
411 475 469 499 seu
487 467 555 498 eius
574 464 746 504 residuum,
766 473 821 506 pro
843 461 962 495 fabrica

314 519 469 552 ecclesiae
482 519 511 551 S.
530 518 656 551 Ioannis
682 516 902 550 Lateranensis
919 523 964 547 ra-

311 574 395 606 tione
413 571 626 614 ampliationis
640 569 821 603 facultatum
841 568 963 601 crucIa-

311 629 360 659 tae
386 626 576 668 impositam,
599 623 673 655 ont.

223 678 404 714 CCLXXlV.
426 679 575 713 Extensio
595 675 709 710 indulti
727 674 881 708 recitandi
898 674 964 707 offi-

312 733 396 766 cium
415 735 446 765 et
462 729 646 764 celebrandi
666 730 793 762 missam
810 727 849 761 de
868 726 963 760 beata

312 785 411 819 Maria
435 783 622 827 Magdalena
646 782 686 816 de
711 782 817 815 Pazzis
842 782 873 815 in
898 791 964 814 om-

312 839 406 872 nibus
432 837 578 872 ecclesiis
603 840 665 870 tam
687 838 716 869 in
735 836 876 869 dioecesi
894 835 964 868 Flo-

312 893 436 925 rentina
470 900 565 936 quam
596 892 626 923 in
660 887 808 923 universa
844 889 964 922 ditione

311 944 476 988 temporali
486 944 592 987 magni
603 943 692 977 ducis
700 942 878 984 Hetruriae,
890 941 963 975 622.

224 997 394 1032 CCLxxv.
405 997 579 1031 Prohibitio
593 996 777 1031 transeundi
791 995 829 1029 ab
843 994 964 1030 Ordine

312 1052 443 1085 fratrum
463 1051 716 1085 Reformatorum
734 1050 766 1083 B.
781 1049 822 1083 M:
836 1049 875 1083 de
888 1048 966 1082 Mer-

312 1106 391 1139 cede
415 1105 655 1149 Redemptionis
680 1105 898 1147 captivorum,
926 1102 965 1135 ad

313 1160 426 1194 fratres
459 1159 621 1193 Calceatos
652 1157 797 1191 eiusdem
822 1155 965 1196 Ordinis,

313 1213 434 1258 absque
458 1213 592 1246 Romani
618 1212 779 1245 Pontificis
813 1207 966 1254 expressa

314 1264 451 1308 licentia,
477 1266 551 1299 623.

225 1319 410 1354 CCLXXVI.
428 1320 550 1353 Statuta
567 1318 718 1353 nonnulla
740 1328 796 1362 pro
818 1317 967 1351 reforma-

313 1375 398 1408 tione
408 1373 636 1407 monachorum
647 1371 778 1407 Ordinis
795 1373 897 1405 sancti
915 1371 970 1403 Be-

314 1427 434 1461 nedicti
448 1426 710 1470 Congregationis
724 1426 754 1459 S.
768 1425 879 1465 Mauri,
893 1425 967 1457 624.

226 1481 415 1516 CCLXXVII.
429 1481 580 1514 Extensio
594 1481 810 1513 concessionis
824 1479 863 1511 de
877 1478 970 1511 beata

315 1535 386 1569 Rita
411 1535 451 1568 de
476 1534 583 1568 Cassia
605 1532 735 1568 Ordinis
753 1533 782 1566 S.
800 1532 969 1575 Augustini

316 1587 473 1621 recitandi
497 1589 625 1621 missam
650 1596 706 1629 pro
735 1585 970 1619 confluentibus

316 1641 435 1686 ubique
455 1645 608 1674 terrarum
633 1640 673 1673 ad
699 1640 851 1673 ecclesias
877 1647 970 1682 prae-

316 1694 392 1727 dicti
416 1692 563 1735 Ordinis,
588 1697 618 1727 et
649 1693 679 1726 in
715 1696 776 1726 tota
802 1692 971 1736 Spoletana

316 1748 457 1781 dioecesi
482 1747 521 1780 ad
542 1756 651 1780 omnes
677 1746 838 1784 ecclesias,
860 1746 934 1778 631.

229 1799 440 1835 CCLXXVIII.
457 1800 659 1834 Confirmatio
677 1799 916 1843 privilegiorum
935 1808 971 1832 ac

318 1854 434 1887 Iurium
449 1853 604 1887 ecclesiae
619 1857 648 1887 et
661 1852 790 1897 capituli
807 1853 837 1885 S.
855 1852 971 1886 Mariae

317 1907 357 1940 ad
370 1907 524 1951 Martyres
542 1917 639 1950 super
657 1905 760 1950 platea
774 1909 845 1940 ante
870 1907 971 1949 ipsam

318 1960 497 2002 eeclesiam,
524 1960 597 1993 631.
668 1990 673 1993 .

229 2013 409 2048 CCLXXIX.
418 2014 587 2058 Deputatio
598 2018 830 2059 exequutorum
840 2013 971 2047 alterna-

318 2069 401 2102 tivae
415 2069 500 2101 circa
516 2067 705 2101 electionem
719 2067 969 2111 provincialium,

319 2121 508 2164 dignitatum
542 2131 578 2154 ac
614 2122 789 2154 officiorum
821 2120 970 2154 fratribus

318 2174 447 2210 Ordinis
485 2175 696 2209 Eremitarum
736 2176 837 2208 sancti
863 2174 970 2216 Augu-

317 2229 391 2262 stini
414 2230 597 2273 provinciae
621 2228 863 2270 Mechoacanae,
882 2227 955 2260 cii.

230 2279 398 2315 CCLXXX.
415 2282 613 2316 Confirmatio
629 2281 751 2315 decreti
769 2290 877 2314 sacrae
896 2280 972 2314 Con-

319 2337 512 2378 gregationis
537 2335 681 2376 Concilii,
707 2346 768 2379 quo
794 2334 972 2368 declaratur

320 2390 577 2423 constitutionem
600 2389 747 2432 Gregorii
769 2387 824 2421 XV
842 2389 881 2422 de
902 2398 972 2421 con-

318 2441 534 2476 servatoribus
548 2442 665 2476 editam
679 2452 741 2475 non
756 2442 883 2475 allicere
901 2441 972 2475 reli-

320 2497 447 2539 gionem
457 2496 785 2539 Hierosotymitanmn,
797 2496 856 2529 nisi
869 2495 972 2539 quoad

320 2550 444 2584 iudices
461 2553 709 2591 conservatores,
728 2549 896 2593 eidemque
916 2549 973 2581 ini-

321 2602 408 2636 litiae
426 2602 587 2636 adhueius
598 2602 753 2636 eiusmodi
765 2601 889 2636 iudices
903 2611 974 2634 con-

321 2659 500 2690 servatores
525 2655 664 2700 eligendi
682 2659 873 2700 competere,
898 2655 972 2688 642.

1102 352 1279 395 elargiendi
1307 352 1374 394 regi
1396 349 1583 391 subsidium,
1610 350 1683 384 643.

1018 404 1211 439 CCLXXXII.
1237 404 1388 438 Extensio
1407 403 1519 437 indulti
1541 403 1695 436 recitandi
1713 404 1757 436 ot‘-

1105 459 1211 492 licium
1224 462 1255 492 et
1268 457 1451 492 celebrandi
1466 459 1592 490 missam
1608 456 1647 490 de
1665 457 1756 490 heato

1104 512 1209 545 Felice
1230 512 1269 545 de
1282 511 1454 545 Cuntalicio
1472 510 1603 544 Ordinis
1621 510 1761 554 Cappuc-

1106 567 1250 598 cinerum
1277 566 1307 598 in
1334 566 1402 598 cius
1428 564 1506 597 sesto
1531 563 1569 596 ad
1589 573 1700 596 omnes
1717 573 1761 596 sa-

1106 618 1250 651 cerdotes
1275 618 1313 651 ad
1340 617 1492 651 ecclesias
1524 616 1667 650 eiusdem
1700 616 1760 651 Or-

1105 670 1189 704 dinis
1215 671 1422 711 conssuentes,
1450 670 1523 703 644.

1016 723 1225 759 CCLXXXIII.
1251 724 1676 767 AmpIIatio-Constitutionis
1693 722 1761 757 Cle-

1105 779 1220 812 mentis
1247 777 1315 810 VIII
1340 780 1448 810 contra
1466 787 1527 810 non
1546 783 1705 820 promotos
1722 777 1760 810 ad

1106 833 1187 866 sacri
1213 830 1452 875 presbyteratus
1477 830 1630 871 ordinem,
1649 839 1759 863 sacra-

1105 885 1258 919 mentales
1284 885 1500 918 confessiones
1517 883 1693 925 audientes,
1708 887 1760 916 aut

1108 940 1236 973 m1ssam
1255 937 1465 980 celebrantes,
1484 938 1593 970 euriae
1611 937 1761 976 seculari,

1104 992 1215 1037 previa
1235 991 1473 1036 degradatione,
1494 989 1675 1031 tradendos,
1698 990 1765 1023 edi-

1105 1050 1165 1087 tae,
1178 1055 1238 1079 nec
1263 1049 1365 1079 aetate
1389 1045 1504 1077 minori
1518 1053 1585 1077 xxv
1602 1044 1694 1076 annis
1711 1053 1764 1076 ex-

1106 1103 1269 1141 cusentur,
1280 1098 1451 1133 dummodo
1462 1108 1506 1131 xx
1520 1098 1632 1131 aetatis
1645 1106 1762 1130 annum

1107 1152 1345 1197 compleverint,
1372 1152 1446 1185 646.

1018 1206 1234 1241 CCLXXXIV.
1259 1206 1461 1240 Confirmatio
1487 1209 1519 1239 et
1542 1205 1701 1239 innovatio
1716 1213 1764 1237 re-

1106 1260 1200 1305 gulae
1225 1259 1446 1301 cancellariae,
1473 1259 1594 1292 decreti
1618 1267 1764 1291 camerae

1108 1314 1317 1359 apostolicae,
1343 1317 1374 1347 et
1402 1313 1662 1347 constitutionum
1693 1311 1763 1345 Iulii

1109 1369 1212 1415 quoad
1238 1369 1358 1402 fructus
1372 1366 1602 1400 beneficiorum
1611 1364 1764 1398 ecclesia-

1109 1424 1259 1456 sticorum
1284 1422 1458 1462 inexactos,
1484 1420 1559 1453 (347.

1021 1472 1217 1508 CCLXXXV.
1230 1473 1277 1506 De
1299 1472 1453 1505 electione
1479 1472 1620 1514 priorum
1638 1470 1767 1514 provin—

1110 1527 1239 1561 cialium
1259 1535 1295 1559 ac
1312 1524 1528 1559 celebratione
1554 1523 1766 1567 capitulorum

1110 1580 1355 1625 provincialium
1380 1589 1503 1613 necnon
1533 1579 1573 1611 de
1599 1578 1692 1611 niodo
1710 1587 1767 1610 re-

1109 1634 1207 1678 gendi
1224 1638 1254 1668 et
1278 1633 1480 1677 gubernandi
1505 1632 1685 1675 provincias
1707 1631 1767 1663 fra-

1110 1692 1192 1721 trum
1211 1687 1481 1721 Discalceatorum
1495 1684 1627 1720 Ordinis
1644 1684 1764 1717 Eremi-

1110 1745 1215 1776 tarum
1251 1741 1280 1774 S.
1307 1740 1477 1784 Augustini
1504 1739 1767 1782 Congregationis

1111 1795 1229 1836 Italiae,
1252 1795 1326 1828 652.

1022 1848 1234 1883 CCLXXXVI.
1260 1848 1395 1882 Ind'1etio
1421 1846 1611 1881 universalis
1636 1845 1768 1880 iubilaoi

1111 1903 1150 1936 ad
1168 1902 1308 1945 agendas
1333 1903 1450 1944 gratias
1464 1904 1495 1934 et
1519 1901 1660 1934 divinam
1673 1909 1767 1944 opem

1110 1958 1143 1990 in
1157 1954 1397 1990 imminentibus
1414 1954 1577 1988 Ecclesiae
1595 1955 1767 1987 necessita*

1111 2010 1195 2044 tibus
1220 2009 1462 2053 implorandam,
1490 2008 1563 2042 654.

1021 2064 1248 2099 CCLXXXVII.
1264 2064 1390 2098 Erectio
1409 2064 1503 2105 unius
1516 2061 1686 2096 cathedrae
1704 2060 1769 2094 elo-

1109 2120 1268 2164 quentiae,
1286 2120 1353 2151 sive
1379 2118 1566 2157 rhetoricae,
1586 2118 1617 2149 in
1636 2115 1765 2160 publico

1110 2172 1202 2206 Urbis
1226 2172 1402 2216 gymnasio,
1423 2181 1478 2215 pro
1499 2180 1561 2204 uno
1580 2171 1681 2214 ipsius
1700 2169 1768 2202 rhe-

1111 2228 1228 2260 toricae
1260 2228 1377 2259 lectore
1411 2229 1441 2258 et
1473 2225 1662 2267 professore,
1695 2232 1769 2256 cum

1111 2289 1235 2314 annuae
1250 2280 1443 2325 provisionis·
1457 2278 1681 2320 assignatione,
1700 2285 1771 2309 nec-

1111 2344 1172 2367 non
1184 2332 1422 2376 privilegiorum
1438 2335 1468 2365 et
1483 2330 1686 2371 indultorum,
1702 2331 1771 2374 qui-

1111 2386 1170 2420 bus
1195 2386 1247 2419 alii
1273 2385 1349 2419 dicti
1373 2386 1532 2429 gymnasii
1557 2383 1766 2417 cathedratici

1111 2440 1261 2484 gaudent,
1287 2440 1583 2479 communicatione,
1611 2437 1769 2471 eiusdem-

1113 2503 1174 2535 que
1200 2494 1362 2527 concessio
1388 2492 1566 2536 Augustino
1591 2490 1767 2529 Mascardo,

1115 2548 1189 2580 657.

1024 2599 1265 2635 CCLXXXVIII.
1291 2600 1461 2633 ltevocatio
1486 2598 1609 2632 decreti
1634 2598 1711 2631 editi
1738 2599 1768 2630 in

1112 2653 1250 2698 capitulo
1284 2653 1415 2687 fratrum
1452 2652 1579 2686 Ioannis
1611 2652 1678 2693 Dei,
1704 2661 1767 2694 quo
