2269 3235
246 296 293 322 An,
312 296 340 323 c.
362 296 431 323 1024
477 287 541 321 ⁶260

270 1212 328 1235 Quml
350 1213 426 1236 thago-

244 1245 286 1259 rius
300 1239 333 1259 XV
351 1245 426 1265 appro-

244 1267 307 1285 1111111.

261 1583 428 1605 Tran‹tatt=»·10111

246 1617 296 1631 vero
308 1612 427 1631 huiusmodi

302 1699 309 1711 L
359 1671 370 1683 '¹
405 1677 505 1713 *2121oe
529 1679 808 1723 approbaverimus
825 1684 855 1712 et
879 1680 1184 1722 confirmaverimus,

348 1724 408 1762 31¹¹,
423 1755 429 1758 ,
444 1738 540 1777 prout
564 1733 595 1765 jn
621 1737 815 1773 testamentO,
829 1744 865 1766 ae
883 1733 1109 1775 instrumentis,
1127 1735 1185 1767 sin-

246 1798 304 1817 tinne
348 1798 429 1822 praeei-

247 1826 296 1843 tata.

444 350 678 389 aeceptantem,
712 350 742 377 et
773 344 912 377 eiusdem
941 344 1066 387 collegii
1099 356 1185 389 supe-

444 398 560 431 riorem
586 404 615 431 et
646 397 823 439 collegiales
855 408 909 430 seu
935 397 1102 440 religiosos
1126 409 1184 442 pro

444 456 585 494 tempore
606 451 773 483 existentes
791 451 1017 492 transtulerint,
1040 462 1076 484 ac
1101 451 1185 484 loan-

443 514 514 537 nem
540 504 708 547 Baptistan‘t
726 510 756 537 et
773 515 832 548 pro
851 509 993 548 tempore
1018 504 1184 538 existentes

443 557 516 589 dieti
541 557 664 600 collegii
685 558 864 601 superiores
881 563 908 590 et
931 557 1109 601 collegiales
1129 569 1183 591 seu

443 609 609 652 religiosos
643 610 821 654 praedictos
855 621 946 644 veros
977 615 1007 643 et
1037 611 1183 655 proprios

443 663 732 705 administratores,
757 669 981 708 procuratores
1009 665 1181 707 generales⁷

443 723 584 760 gestores
597 723 627 751 et
636 723 763 761 agentes
777 719 871 752 totius
884 718 1085 752 haereditatis
1098 730 1184 762 prae-

442 770 553 812 dictae,
579 783 650 804 eum
676 772 821 806 facultate
846 772 931 804 illam
956 772 1103 815 regendi,
1129 783 1184 814 gu-

442 824 596 857 bernandi
621 829 651 858 et
674 825 929 866 administrandi⁷
955 825 1100 868 regique,
1126 836 1183 868 gu-

442 877 568 911 bernari
593 883 622 911 et
647 878 859 911 administrari
884 878 1036 919 faciendi,
1062 888 1183 911 necnon

443 937 630 965 conventum
656 938 686 965 et
710 932 897 973 eeclesiam,
922 942 958 964 ae
987 931 1114 964 domum
1139 943 1184 964 re-

442 987 583 1029 gularem
602 986 742 1029 erigendi
760 990 789 1020 et
813 986 995 1027 fabricandi,
1014 986 1182 1029 omniaque

442 1045 472 1071 et
489 1039 611 1082 singula
631 1039 763 1072 faciendi
781 1044 809 1071 et
827 1039 1028 1082 adimplendi,
1046 1039 1084 1071 ad
1105 1049 1182 1082 quae

442 1103 479 1125 ex
510 1092 713 1136 dispositione
746 1092 921 1125 testamenti
954 1097 984 1125 et
1016 1092 1183 1125 donatione

441 1144 675 1188 praedictorum
689 1144 697 1160 ¹
715 1145 845 1188 obligati
861 1145 1000 1187 fuerunt,
1018 1145 1184 1178 constitue-

442 1197 504 1231 rint
513 1208 519 1237 ;
534 1198 799 1242 postmodumque
814 1199 896 1231 idem
911 1199 1083 1242 Gregorius
1096 1210 1184 1243 prae—

442 1251 599 1293 deeessor,
613 1252 896 1296 supplieationilms
911 1252 1067 1285 testatoris
1084 1257 1114 1285 et
1131 1253 1183 1286 do-

442 1305 560 1337 natoris
584 1315 619 1337 ac
644 1305 767 1338 loannis
792 1305 947 1349 Baptistae
971 1311 1001 1338 et
1026 1306 1181 1339 Francisci

442 1357 480 1391 de
505 1358 661 1402 Spezzano
678 1358 912 1402 praedictorum
938 1359 1113 1399 inclinatus,
1131 1359 1183 1392 do-

442 1412 601 1445 nationem
625 1412 835 1456 praedictam,
864 1423 899 1445 ac
924 1412 1058 1456 desuper
1083 1413 1184 1445 eonse-

443 1470 528 1499 ctum
542 1466 796 1507 instrumentum,
811 1466 983 1510 apostoliea
998 1466 1183 1500 auctoritate

443 1519 611 1564 approbari
636 1524 666 1552 et
690 1519 873 1553 confirmari
890 1519 1104 1560 mandaverit;

488 1574 503 1617 g
526 1573 555 1605 2.
581 1574 623 1606 Ae
648 1573 776 1617 insuper
796 1583 853 1606 nos
874 1573 1128 1606 translaetionem
1149 1584 1185 1606 ae

444 1626 687 1659 instrumentum
712 1625 893 1659 huiusmodi
919 1626 1029 1659 eadem
1047 1627 1183 1660 auctori-

445 1787 589 1830 gulisque
612 1787 724 1820 litteris
749 1786 928 1830 apostolicis
954 1788 1065 1820 exinde
1083 1789 1185 1821 eonse-

445 1841 502 1873 ctis
526 1840 650 1884 plenius
666 1840 859 1879 continetur;
885 1850 921 1873 ex
942 1841 1044 1874 forma
1061 1852 1135 1874 vero
1156 1846 1186 1874 et

444 1897 574 1934 tenore,
598 1898 660 1925 tam
685 1893 863 1926 testamenti
888 1904 982 1936 quam
1007 1894 1185 1928 donationis

445 1946 634 1988 huiusmodi,
661 1947 743 1979 clare
773 1952 803 1979 et
831 1946 993 1980 manifeste
1018 1953 1184 1991 appareat,

444 1999 562 2033 dictum
588 2004 769 2032 testatorem
794 2000 963 2043 collegium
988 2001 1185 2044 praedictum

444 2064 502 2097 pro
534 2052 690 2095 religiosis
721 2063 795 2086 suae
826 2053 960 2087 nationis
991 2058 1131 2096 tantum,
1156 2061 1186 2088 et

445 2117 507 2140 non
531 2117 590 2150 pro
607 2106 685 2147 aliis,
705 2106 836 2139 fundare
861 2112 888 2140 et
914 2107 1033 2149 dotare,
1052 2119 1088 2142 ae
1105 2119 1186 2141 eam-

446 2160 517 2194 dem
541 2161 700 2194 nationem
726 2171 813 2193 suam
840 2161 968 2205 speciali
993 2161 1053 2195 hoe
1071 2162 1203 2195 heneti-¹

448 2214 507 2255 cio,
522 2214 560 2247 ad
577 2214 750 2247 testandam
764 2220 794 2247 et
807 2215 1028 2248 declarandam
1046 2216 1093 2248 sui
1110 2227 1186 2258 erga

449 2268 581 2312 patriam
595 2268 691 2300 animi
706 2268 863 2311 pietatem,
877 2269 1026 2312 prosequi
1040 2269 1185 2311 voluisse,
1201 2284 1203 2296 ι

448 2326 477 2354 et
492 2322 606 2354 tratres
623 2321 722 2354 dictae
740 2321 853 2354 domus
870 2322 899 2355 S.
920 2322 1071 2364 Andreae,
1090 2323 1187 2355 inten-

449 2375 565 2408 tionem
600 2374 740 2408 eiusdem
775 2375 932 2408 testatoris
963 2381 994 2408 et
1025 2376 1186 2410 donatoris

449 2430 540 2461 tatem
572 2428 667 2462 fuisse
699 2428 931 2470 existimantes,
963 2429 1187 2463 adliaerendo²

448 2483 483 2514 ad
505 2482 741 2516 translationem
762 2488 792 2516 et
816 2483 990 2517 cessionem
1011 2483 1187 2527 praedictas

448 2540 556 2579 <ponte
570 2541 599 2569 et
612 2536 744 2569 libenter
757 2537 947 2577 devenerint,
961 2547 996 2570 ae
1010 2537 1048 2570 ab
1062 2548 1099 2570 eo
1113 2542 1188 2570 tem-

448 2600 524 2632 pore
541 2590 618 2622 eitra
634 2590 734 2623 dictus
747 2590 877 2624 Ioannes
891 2591 1025 2635 Baptista
1042 2591 1187 2632 vicarius,

485 2661 496 2686 1
519 2659 620 2687 Forsan
639 2659 780 2695 legendum
797 2662 957 2695 praedictis
977 2661 1014 2696 (n.
1030 2661 1079 2696 T.).

485 2704 500 2730 ff!
517 2704 609 2732 Potius
623 2704 682 2740 lege
698 2705 724 2733 ei
738 2706 922 2734 adhaerendo
937 2708 974 2741 (n.
992 2706 1041 2740 T.).

1029 296 1207 321 BULLARIUM
1233 297 1385 322 ROMANUM

1218 350 1248 378 et
1260 346 1454 386 Franciseus,
1465 356 1500 378 ac
1511 345 1684 390 Dionysius,
1694 356 1816 380 necnon
1828 347 1957 381 Micliael

1218 403 1248 431 et
1265 398 1387 440 Paulus,
1398 410 1433 431 ae
1448 399 1578 432 loannes
1595 403 1625 431 et
1638 399 1790 432 Antonius
1806 400 1957 444 praedicti

1215 451 1441 485 haereditatem
1472 451 1674 494 huiusmodi,
1708 451 1852 496 illiusque
1876 453 1958 486 bona

1217 515 1253 537 ac
1275 504 1393 537 dietum
1419 505 1586 548 collegium
1617 504 1905 538 administraverint
1929 512 1958 539 et

1217 558 1480 600 gubernaverint3
1506 563 1555 599 et,
1580 557 1652 591 licet
1676 562 1737 592 tam
1763 558 1839 602 ipsi,
1863 569 1957 602 quam

1217 616 1324 654 postea
1347 611 1399 643 alii
1423 611 1563 654 religiosi
1587 611 1662 645 dieti
1681 611 1806 645 Ordinis
1824 622 1860 645 ex
1876 611 1958 645 dieta

1217 665 1342 698 natione
1359 665 1484 698 oriundi
1502 676 1596 709 super
1613 665 1713 698 libero
1731 665 1896 708 gubernio,
1913 676 1959 698 re-

1217 718 1335 760 gimine
1367 723 1397 751 et
1427 718 1697 752 administratione
1721 719 1861 752 eiusdem
1887 719 1954 752 eol-

1218 771 1289 814 legii
1314 776 1344 803 et
1376 771 1458 804 illius
1483 772 1639 805 bonorum
1665 772 1847 813 molestari,
1873 777 1903 805 et
1926 772 1957 804 in

1218 824 1285 868 ipso
1309 825 1443 867 collegio
1463 825 1515 857 alii
1540 825 1689 868 religiosi,
1703 834 1802 870 'quam
1820 836 1857 859 ex
1874 826 1956 859 dieta

1217 878 1381 920 provincia
1405 877 1565 911 Calabriae
1583 879 1738 913 citerioris
1762 880 1833 921 orti,
1858 879 1956 923 recipi

1218 934 1248 962 et
1267 931 1463 963 commorari
1484 942 1546 964 non
1570 943 1662 975 posse
1686 933 1845 974 videatur,

1262 984 1276 1025 g
1300 982 1330 1015 3.
1356 983 1584 1025 Nihilominus,
1610 986 1683 1028 quia
1708 997 1856 1019 successu
1879 992 1957 1019 tem-

1217 1036 1304 1079 poris
1322 1036 1410 1069 facile
1427 1037 1611 1080 contingere
1626 1039 1752 1082 poterit,
1769 1044 1803 1072 ut
1819 1040 1957 1083 religiosi

1218 1089 1350 1121 aliarum
1368 1090 1604 1133 provinciarum
1625 1096 1655 1123 et
1670 1091 1833 1124 nationum
1851 1092 1883 1124 in
1899 1093 1960 1126 col-

1217 1142 1300 1185 legio
1324 1143 1486 1186 praedicto
1511 1143 1626 1188 recipi,
1652 1149 1681 1177 et
1705 1144 1743 1177 ad
1768 1145 1851 1178 illius
1875 1146 1959 1188 regi—

1218 1206 1289 1229 men
1315 1200 1344 1231 et
1369 1197 1560 1239 gubernium
1578 1198 1696 1231 assumi
1717 1202 1825 1242 petant
1842 1203 1871 1232 et
1888 1210 1961 1243 pro-

1218 1255 1344 1290 curent;
1377 1250 1407 1283 id
1439 1255 1544 1284 autem
1577 1261 1640 1284 non
1673 1252 1776 1284 solum
1808 1253 1904 1286 menti
1930 1259 1960 1285 et

1218 1303 1381 1338 intentioni
1406 1304 1480 1337 dieti
1505 1306 1664 1338 testatoris
1689 1306 1818 1340 omnino
1839 1311 1961 1341 eontra-

1218 1357 1317 1399 rium,
1344 1358 1396 1390 scd
1422 1357 1514 1390 etiam
1540 1359 1696 1402 religiosis
1714 1359 1814 1393 dietae
1831 1360 1960 1404 provin-

1218 1410 1283 1444 ciae
1315 1411 1475 1444 Calabriae
1506 1423 1601 1455 grave
1629 1413 1859 1456 praeiudicium
1884 1414 1960 1447 alla—

1219 1469 1326 1498 turum
1343 1475 1421 1506 esse,
1439 1465 1613 1509 exindeque
1630 1466 1796 1510 probabile
1813 1467 1862 1508 sit,
1879 1467 1960 1500 inter

1218 1518 1384 1561 religiosos
1409 1518 1483 1552 dieti
1508 1519 1633 1562 collegii
1658 1519 1758 1561 rixas,
1786 1520 1867 1561 odia,
1885 1531 1959 1554 eon-

1217 1572 1373 1605 tentiones
1402 1577 1431 1605 et
1463 1572 1608 1613 dissidia,
1641 1573 1764 1616 aliaque
1792 1584 1855 1607 non
1880 1574 1960 1607 levia

1218 1625 1469 1660 inconvenientia
1493 1637 1563 1659 eum
1589 1627 1676 1670 gravi
1697 1631 1793 1662 status
1813 1628 1887 1661 dieti
1901 1629 1961 1661 col-

1218 1679 1292 1722 legii
1316 1680 1564 1724 perturbatione,
1590 1686 1619 1713 et
1643 1681 1749 1714 forsan
1774 1681 1860 1714 totali
1877 1681 1960 1714 illius

1218 1733 1310 1765 ruina
1334 1738 1363 1766 et
1387 1733 1524 1775 excidio,
1550 1734 1617 1767 sine
1636 1734 1734 1767 dubio
1759 1735 1876 1779 passim
1901 1737 1961 1769 ori-

1218 1792 1288 1819 tura
1298 1798 1365 1820 esse
1375 1798 1380 1819 :
1391 1789 1416 1821 N
1419 1798 1464 1828 os,
1474 1788 1656 1831 praemissis
1669 1788 1960 1823 inconvenientibus

1219 1844 1250 1872 et
1275 1840 1496 1880 incommodis,
1520 1845 1647 1873 nostrae
1671 1845 1702 1873 et
1725 1841 1813 1874 Sedis
1836 1842 1960 1885 praedi-

1219 1898 1286 1926 ctae
1310 1894 1526 1937 providentiae
1559 1894 1751 1936 ministerio,
1781 1896 1959 1928 consultum

1219 1956 1287 1979 esse
1311 1947 1534 1987 desiderantes,
1560 1947 1707 1980 Ioannem
1739 1948 1908 1991 Baptistam
1932 1954 1961 1982 et

1220 2000 1438 2042 Franciscum,
1462 2012 1498 2034 ae
1521 2001 1721 2045 Dionysium,
1745 2012 1868 2036 necnon
1892 2003 1962 2035 Vin-

1220 2054 1375 2095 centium,
1407 2066 1442 2088 ac
1472 2055 1656 2088 Mieliaelem
1689 2061 1719 2089 et
1750 2056 1901 2097 Paulum,
1925 2067 1961 2090 ae

1220 2107 1367 2141 Ioannem
1393 2113 1422 2141 et
1446 2108 1616 2142 Antonium
1645 2109 1841 2152 praedictos,
1866 2109 1959 2143 alios-

1220 2171 1280 2203 que
1310 2161 1411 2194 dietae
1430 2161 1564 2194 nationis
1588 2161 1748 2195 Calabriae
1777 2162 1959 2205 religiosos,
2007 2192 2009 2194 .

1220 2216 1277 2248 sub
1303 2215 1414 2258 regula
1438 2215 1512 2248 dieti
1537 2215 1662 2248 Ordinis
1687 2215 1715 2248 S.
1741 2215 1898 2249 Francisci
1923 2217 1960 2250 de

1220 2269 1315 2301 Paula
1347 2279 1430 2301 nunc
1461 2272 1490 2302 et
1522 2279 1581 2312 pro
1615 2274 1756 2312 tempore
1781 2269 1960 2311 militantes,

1221 2321 1363 2366 specialis
1389 2322 1507 2364 gratiae
1524 2322 1629 2355 favore
1646 2322 1794 2366 prosequi
1812 2323 1960 2364 volentes,

1221 2386 1336 2419 eosque
1366 2379 1396 2409 et
1427 2386 1536 2408 eorum
1561 2376 1734 2420 quemlibet
1757 2387 1774 2408 a
1798 2376 1960 2420 quibusvis

1221 2428 1565 2469 excommunieationis,
1582 2429 1798 2473 suspensionis
1815 2435 1845 2463 et
1864 2430 1960 2464 inter-

1221 2483 1306 2524 dicti,
1319 2483 1451 2527 aliisque
1464 2483 1683 2517 ecelesiasticis
1703 2484 1875 2525 sententiis,
1892 2495 1961 2518 een-

1221 2536 1303 2569 suris
1328 2541 1358 2569 et
1382 2537 1491 2580 poenis
1508 2548 1525 2570 a
1550 2537 1617 2570 iure
1632 2538 1679 2570 vel
1693 2538 1731 2571 ab
1744 2538 1872 2572 homine
1888 2549 1961 2582 qua-

1221 2590 1267 2623 vis
1291 2590 1457 2624 occasione
1488 2591 1535 2623 vel
1564 2593 1658 2624 eausa
1682 2592 1772 2633 latis,
1798 2591 1823 2625 si
1847 2591 1960 2636 quibus

1221 2644 1457 2688 quomodolibet
1481 2644 1621 2678 innodati
1650 2645 1798 2686 existant,
1823 2645 1861 2678 ad
1889 2645 1962 2679 css'e-

1222 2702 1305 2730 ctum
1338 2698 1549 2741 praesentium
1583 2698 1743 2733 dumtaxat
1766 2709 1959 2742 consequen-

1972 299 2022 328 A‘n.
2039 300 2069 327 C.
2089 300 2155 329 1624

2009 999 2083 1020 Officia
2103 999 2158 1020 eius-

1974 1026 2020 1046 dem
2043 1028 2159 1046 conventus

1974 1059 1985 1073 a
2001 1052 2052 1073 solis
2064 1053 2158 1072 Calabris

1974 1079 2065 1099 obtineri
2095 1084 2158 1105 posse

1974 1106 2078 1129 declarat,
