<?xml version="1.0" encoding="UTF-8"?>
<!DOCTYPE html PUBLIC "-//W3C//DTD XHTML 1.0 Transitional//EN"
    "http://www.w3.org/TR/xhtml1/DTD/xhtml1-transitional.dtd">
<html xmlns="http://www.w3.org/1999/xhtml" xml:lang="en" lang="en">
 <head>
  <title>
</title>
<meta http-equiv="Content-Type" content="text/html;charset=utf-8" />
  <meta name='ocr-system' content='tesseract 3.04.00' />
  <meta name='ocr-capabilities' content='ocr_page ocr_carea ocr_par ocr_line ocrx_word'/>
</head>
<body>
  <div class='ocr_page' id='page_1' title='image "./bullarumdiplomat13cath_0394.png"; bbox 0 0 2269 3235; ppageno 0'>
   <div class='ocr_carea' id='block_1_1' title="bbox 236 234 529 272">
    <p class='ocr_par' dir='ltr' id='par_1_1' title="bbox 236 234 529 272">
     <span class='ocr_line' id='line_1_1' title="bbox 236 234 529 272; baseline -0.007 -2"><span class='ocrx_word' id='word_1_1' title='bbox 236 244 285 271; x_wconf 75' lang='lat' dir='ltr'>An.</span> <span class='ocrx_word' id='word_1_2' title='bbox 302 243 331 272; x_wconf 84' lang='lat' dir='ltr'>C.</span> <span class='ocrx_word' id='word_1_3' title='bbox 348 242 417 271; x_wconf 73' lang='lat'>1025</span> <span class='ocrx_word' id='word_1_4' title='bbox 462 234 529 268; x_wconf 62' lang='lat' dir='ltr'>35ss</span> 
     </span>
    </p>
   </div>
   <div class='ocr_carea' id='block_1_2' title="bbox 261 623 380 645">
    <p class='ocr_par' dir='ltr' id='par_1_2' title="bbox 261 623 380 645">
     <span class='ocr_line' id='line_1_2' title="bbox 261 623 380 645; baseline -0.008 0"><span class='ocrx_word' id='word_1_5' title='bbox 261 623 380 645; x_wconf 80' lang='lat' dir='ltr'>Exordium.</span> 
     </span>
    </p>
   </div>
   <div class='ocr_carea' id='block_1_3' title="bbox 234 1150 416 1204">
    <p class='ocr_par' dir='ltr' id='par_1_3' title="bbox 234 1150 416 1204">
     <span class='ocr_line' id='line_1_3' title="bbox 260 1150 416 1171; baseline -0.013 0"><span class='ocrx_word' id='word_1_6' title='bbox 260 1151 380 1171; x_wconf 72' lang='lat' dir='ltr'>Man-latum</span> <span class='ocrx_word' id='word_1_7' title='bbox 391 1150 416 1169; x_wconf 82' lang='lat' dir='ltr'>de</span> 
     </span>
     <span class='ocr_line' id='line_1_4' title="bbox 234 1178 416 1204; baseline -0.011 -6"><span class='ocrx_word' id='word_1_8' title='bbox 234 1184 276 1204; x_wconf 83' lang='lat' dir='ltr'>quo</span> <span class='ocrx_word' id='word_1_9' title='bbox 292 1184 311 1199; x_wconf 88' lang='lat' dir='ltr'>iu</span> <span class='ocrx_word' id='word_1_10' title='bbox 323 1178 416 1198; x_wconf 80' lang='lat' dir='ltr'>rubrica.</span> 
     </span>
    </p>
   </div>
   <div class='ocr_carea' id='block_1_4' title="bbox 434 288 1172 412">
    <p class='ocr_par' dir='ltr' id='par_1_4' title="bbox 434 288 1172 412">
     <span class='ocr_line' id='line_1_5' title="bbox 434 288 1170 322; baseline -0.008 -3"><span class='ocrx_word' id='word_1_11' title='bbox 434 292 547 319; x_wconf 83' lang='lat' dir='ltr'>Dilecto</span> <span class='ocrx_word' id='word_1_12' title='bbox 568 290 628 318; x_wconf 82' lang='lat' dir='ltr'>filio</span> <span class='ocrx_word' id='word_1_13' title='bbox 649 291 786 317; x_wconf 83' lang='lat' dir='ltr'>moderno</span> <span class='ocrx_word' id='word_1_14' title='bbox 807 291 837 316; x_wconf 81' lang='lat' dir='ltr'>et</span> <span class='ocrx_word' id='word_1_15' title='bbox 856 294 908 322; x_wconf 84' lang='lat' dir='ltr'>pro</span> <span class='ocrx_word' id='word_1_16' title='bbox 929 290 1063 321; x_wconf 78' lang='lat' dir='ltr'>tempore</span> <span class='ocrx_word' id='word_1_17' title='bbox 1093 288 1170 315; x_wconf 47' lang='lat' dir='ltr'>exis-⁴</span> 
     </span>
     <span class='ocr_line' id='line_1_6' title="bbox 468 333 1172 370; baseline -0.006 -6"><span class='ocrx_word' id='word_1_18' title='bbox 468 337 546 364; x_wconf 79' lang='lat' dir='ltr'>tenti</span> <span class='ocrx_word' id='word_1_19' title='bbox 566 335 737 370; x_wconf 80' lang='lat' dir='ltr'>provinciae</span> <span class='ocrx_word' id='word_1_20' title='bbox 764 336 886 361; x_wconf 82' lang='lat' dir='ltr'>nostrae</span> <span class='ocrx_word' id='word_1_21' title='bbox 912 333 1120 360; x_wconf 77' lang='lat' dir='ltr'>Romandiolae</span> <span class='ocrx_word' id='word_1_22' title='bbox 1141 335 1172 360; x_wconf 79' lang='lat' dir='ltr'>et</span> 
     </span>
     <span class='ocr_line' id='line_1_7' title="bbox 469 377 969 412; baseline -0.01 -3"><span class='ocrx_word' id='word_1_23' title='bbox 469 383 627 409; x_wconf 80' lang='lat' dir='ltr'>exarcatus</span> <span class='ocrx_word' id='word_1_24' title='bbox 648 380 806 406; x_wconf 81' lang='lat' dir='ltr'>Ravennae</span> <span class='ocrx_word' id='word_1_25' title='bbox 826 377 969 412; x_wconf 85' lang='lat' dir='ltr'>praesidi,</span> 
     </span>
    </p>
   </div>
   <div class='ocr_carea' id='block_1_5' title="bbox 628 431 962 465">
    <p class='ocr_par' dir='ltr' id='par_1_5' title="bbox 628 431 962 465">
     <span class='ocr_line' id='line_1_8' title="bbox 628 431 962 465; baseline -0.006 -5"><span class='ocrx_word' id='word_1_26' title='bbox 628 433 764 460; x_wconf 84' lang='lat' dir='ltr'>Urbanus</span> <span class='ocrx_word' id='word_1_27' title='bbox 786 431 863 465; x_wconf 85' lang='lat' dir='ltr'>Papa</span> <span class='ocrx_word' id='word_1_28' title='bbox 883 431 962 459; x_wconf 86' lang='lat' dir='ltr'>v111.</span> 
     </span>
    </p>
   </div>
   <div class='ocr_carea' id='block_1_6' title="bbox 469 482 1136 572">
    <p class='ocr_par' dir='ltr' id='par_1_6' title="bbox 469 482 1136 572">
     <span class='ocr_line' id='line_1_9' title="bbox 704 482 902 526; baseline -0.005 -5"><span class='ocrx_word' id='word_1_29' title='bbox 704 482 818 521; x_wconf 63' lang='lat' dir='ltr'>Dilecto</span> <span class='ocrx_word' id='word_1_30' title='bbox 848 493 902 526; x_wconf 84' lang='lat' dir='ltr'>fili,</span> 
     </span>
     <span class='ocr_line' id='line_1_10' title="bbox 469 536 1136 572; baseline -0.003 -6"><span class='ocrx_word' id='word_1_31' title='bbox 469 540 598 567; x_wconf 76' lang='lat' dir='ltr'>satutem</span> <span class='ocrx_word' id='word_1_32' title='bbox 621 541 651 565; x_wconf 83' lang='lat' dir='ltr'>et.</span> <span class='ocrx_word' id='word_1_33' title='bbox 676 537 872 572; x_wconf 82' lang='lat' dir='ltr'>apostolicam</span> <span class='ocrx_word' id='word_1_34' title='bbox 887 536 1136 565; x_wconf 78' lang='lat' dir='ltr'>benedictionem.</span> 
     </span>
    </p>
   </div>
   <div class='ocr_carea' id='block_1_7' title="bbox 431 608 1180 2676">
    <p class='ocr_par' dir='ltr' id='par_1_7' title="bbox 431 608 1175 1129">
     <span class='ocr_line' id='line_1_11' title="bbox 476 608 1173 651; baseline -0.003 -9"><span class='ocrx_word' id='word_1_35' title='bbox 476 609 634 642; x_wconf 72' lang='lat' dir='ltr'>Creditum</span> <span class='ocrx_word' id='word_1_36' title='bbox 652 608 818 642; x_wconf 76' lang='lat' dir='ltr'>humilitati</span> <span class='ocrx_word' id='word_1_37' title='bbox 844 612 978 651; x_wconf 87' lang='lat' dir='ltr'>nostrae,</span> <span class='ocrx_word' id='word_1_38' title='bbox 996 608 1082 641; x_wconf 92' lang='lat' dir='ltr'>nullo</span> <span class='ocrx_word' id='word_1_39' title='bbox 1101 608 1173 641; x_wconf 88' lang='lat' dir='ltr'>licet</span> 
     </span>
     <span class='ocr_line' id='line_1_12' title="bbox 434 660 1173 704; baseline -0.001 -10"><span class='ocrx_word' id='word_1_40' title='bbox 434 661 618 695; x_wconf 87' lang='lat' dir='ltr'>meritorum</span> <span class='ocrx_word' id='word_1_41' title='bbox 638 661 799 704; x_wconf 73' lang='lat' dir='ltr'>suffragio,</span> <span class='ocrx_word' id='word_1_42' title='bbox 818 672 874 704; x_wconf 89' lang='lat' dir='ltr'>per</span> <span class='ocrx_word' id='word_1_43' title='bbox 890 661 1113 694; x_wconf 72' lang='lat' dir='ltr'>abundantiam</span> <span class='ocrx_word' id='word_1_44' title='bbox 1132 660 1173 693; x_wconf 90' lang='lat' dir='ltr'>di-</span> 
     </span>
     <span class='ocr_line' id='line_1_13' title="bbox 432 714 1174 758; baseline -0.001 -11"><span class='ocrx_word' id='word_1_45' title='bbox 432 715 521 747; x_wconf 84' lang='lat' dir='ltr'>vinae</span> <span class='ocrx_word' id='word_1_46' title='bbox 535 715 653 757; x_wconf 85' lang='lat' dir='ltr'>gratiae</span> <span class='ocrx_word' id='word_1_47' title='bbox 669 715 860 758; x_wconf 83' lang='lat' dir='ltr'>apostolatus</span> <span class='ocrx_word' id='word_1_48' title='bbox 875 714 1013 747; x_wconf 80' lang='lat' dir='ltr'>officium</span> <span class='ocrx_word' id='word_1_49' title='bbox 1027 714 1174 746; x_wconf 62' lang='lat' dir='ltr'>continual</span> 
     </span>
     <span class='ocr_line' id='line_1_14' title="bbox 433 766 1174 809; baseline -0.001 -10"><span class='ocrx_word' id='word_1_50' title='bbox 433 767 645 800; x_wconf 81' lang='lat' dir='ltr'>sollicitudine</span> <span class='ocrx_word' id='word_1_51' title='bbox 660 778 716 800; x_wconf 88' lang='lat' dir='ltr'>nos</span> <span class='ocrx_word' id='word_1_52' title='bbox 733 767 889 808; x_wconf 86' lang='lat' dir='ltr'>admonet,</span> <span class='ocrx_word' id='word_1_53' title='bbox 908 771 942 799; x_wconf 90' lang='lat' dir='ltr'>ut</span> <span class='ocrx_word' id='word_1_54' title='bbox 966 767 997 798; x_wconf 92' lang='lat' dir='ltr'>in</span> <span class='ocrx_word' id='word_1_55' title='bbox 1022 766 1060 799; x_wconf 87' lang='lat' dir='ltr'>iis</span> <span class='ocrx_word' id='word_1_56' title='bbox 1085 776 1174 809; x_wconf 89' lang='lat' dir='ltr'>prae-</span> 
     </span>
     <span class='ocr_line' id='line_1_15' title="bbox 433 818 1175 864; baseline -0.005 -11"><span class='ocrx_word' id='word_1_57' title='bbox 433 820 542 864; x_wconf 88' lang='lat' dir='ltr'>cipuas</span> <span class='ocrx_word' id='word_1_58' title='bbox 567 820 734 864; x_wconf 88' lang='lat' dir='ltr'>pastoralis</span> <span class='ocrx_word' id='word_1_59' title='bbox 759 819 937 862; x_wconf 73' lang='lat' dir='ltr'>vigilantiae</span> <span class='ocrx_word' id='word_1_60' title='bbox 955 822 1060 862; x_wconf 87' lang='lat' dir='ltr'>partes</span> <span class='ocrx_word' id='word_1_61' title='bbox 1079 818 1175 852; x_wconf 91' lang='lat' dir='ltr'>inten-</span> 
     </span>
     <span class='ocr_line' id='line_1_16' title="bbox 433 871 1174 917; baseline -0.005 -11"><span class='ocrx_word' id='word_1_62' title='bbox 433 872 553 913; x_wconf 81' lang='lat' dir='ltr'>damus,</span> <span class='ocrx_word' id='word_1_63' title='bbox 574 884 632 917; x_wconf 88' lang='lat' dir='ltr'>per</span> <span class='ocrx_word' id='word_1_64' title='bbox 649 883 728 916; x_wconf 87' lang='lat' dir='ltr'>quae</span> <span class='ocrx_word' id='word_1_65' title='bbox 747 878 873 905; x_wconf 86' lang='lat' dir='ltr'>nostrae</span> <span class='ocrx_word' id='word_1_66' title='bbox 887 876 917 904; x_wconf 87' lang='lat' dir='ltr'>et</span> <span class='ocrx_word' id='word_1_67' title='bbox 933 871 1027 903; x_wconf 84' lang='lat' dir='ltr'>huius</span> <span class='ocrx_word' id='word_1_68' title='bbox 1044 871 1174 903; x_wconf 77' lang='lat' dir='ltr'>Sanctae</span> 
     </span>
     <span class='ocr_line' id='line_1_17' title="bbox 432 924 1175 971; baseline -0.004 -12"><span class='ocrx_word' id='word_1_69' title='bbox 432 926 520 960; x_wconf 84' lang='lat' dir='ltr'>Sedis</span> <span class='ocrx_word' id='word_1_70' title='bbox 539 927 736 971; x_wconf 81' lang='lat' dir='ltr'>Apostolicae</span> <span class='ocrx_word' id='word_1_71' title='bbox 761 925 888 959; x_wconf 82' lang='lat' dir='ltr'>ditionis</span> <span class='ocrx_word' id='word_1_72' title='bbox 902 924 1085 968; x_wconf 89' lang='lat' dir='ltr'>temporalis</span> <span class='ocrx_word' id='word_1_73' title='bbox 1105 924 1175 956; x_wconf 90' lang='lat' dir='ltr'>iura</span> 
     </span>
     <span class='ocr_line' id='line_1_18' title="bbox 432 976 1175 1024; baseline -0.005 -11"><span class='ocrx_word' id='word_1_74' title='bbox 432 983 666 1020; x_wconf 70' lang='lat' dir='ltr'>conserventur,</span> <span class='ocrx_word' id='word_1_75' title='bbox 684 989 733 1020; x_wconf 87' lang='lat' dir='ltr'>ne,</span> <span class='ocrx_word' id='word_1_76' title='bbox 748 989 828 1024; x_wconf 80' lang='lat' dir='ltr'>quae</span> <span class='ocrx_word' id='word_1_77' title='bbox 849 977 989 1010; x_wconf 87' lang='lat' dir='ltr'>muneris</span> <span class='ocrx_word' id='word_1_78' title='bbox 1014 976 1175 1010; x_wconf 87' lang='lat' dir='ltr'>villicatio-</span> 
     </span>
     <span class='ocr_line' id='line_1_19' title="bbox 431 1029 1175 1075; baseline -0.005 -9"><span class='ocrx_word' id='word_1_79' title='bbox 431 1034 479 1066; x_wconf 88' lang='lat' dir='ltr'>nis</span> <span class='ocrx_word' id='word_1_80' title='bbox 504 1038 629 1066; x_wconf 89' lang='lat' dir='ltr'>nostrae</span> <span class='ocrx_word' id='word_1_81' title='bbox 655 1038 736 1074; x_wconf 87' lang='lat' dir='ltr'>sunt,</span> <span class='ocrx_word' id='word_1_82' title='bbox 757 1030 1007 1075; x_wconf 76' lang='lat' dir='ltr'>praetermisisse</span> <span class='ocrx_word' id='word_1_83' title='bbox 1031 1040 1049 1063; x_wconf 90' lang='lat' dir='ltr'>a</span> <span class='ocrx_word' id='word_1_84' title='bbox 1072 1029 1175 1063; x_wconf 89' lang='lat' dir='ltr'>distri-</span> 
     </span>
     <span class='ocr_line' id='line_1_20' title="bbox 432 1085 896 1129; baseline -0.004 -10"><span class='ocrx_word' id='word_1_85' title='bbox 432 1091 483 1119; x_wconf 84' lang='lat' dir='ltr'>cto</span> <span class='ocrx_word' id='word_1_86' title='bbox 500 1086 603 1119; x_wconf 86' lang='lat' dir='ltr'>iudice</span> <span class='ocrx_word' id='word_1_87' title='bbox 620 1086 710 1128; x_wconf 85' lang='lat' dir='ltr'>argui</span> <span class='ocrx_word' id='word_1_88' title='bbox 728 1085 896 1129; x_wconf 87' lang='lat' dir='ltr'>possimus.</span> 
     </span>
    </p>

    <p class='ocr_par' dir='ltr' id='par_1_8' title="bbox 432 1136 1180 2676">
     <span class='ocr_line' id='line_1_21' title="bbox 476 1136 1176 1182; baseline -0.004 -10"><span class='ocrx_word' id='word_1_89' title='bbox 476 1140 491 1182; x_wconf 66' lang='grc' dir='ltr'><strong>ξ</strong></span> <span class='ocrx_word' id='word_1_90' title='bbox 520 1139 544 1171; x_wconf 91' lang='lat'>1.</span> <span class='ocrx_word' id='word_1_91' title='bbox 566 1139 645 1172; x_wconf 86' lang='lat' dir='ltr'>Iline</span> <span class='ocrx_word' id='word_1_92' title='bbox 669 1144 716 1172; x_wconf 84' lang='lat' dir='ltr'>est</span> <span class='ocrx_word' id='word_1_93' title='bbox 739 1138 823 1182; x_wconf 91' lang='lat' dir='ltr'>quod</span> <span class='ocrx_word' id='word_1_94' title='bbox 848 1148 915 1180; x_wconf 86' lang='lat' dir='ltr'>nos,</span> <span class='ocrx_word' id='word_1_95' title='bbox 933 1138 970 1170; x_wconf 88' lang='lat' dir='ltr'>de</span> <span class='ocrx_word' id='word_1_96' title='bbox 994 1138 1048 1170; x_wconf 76' lang='lat' dir='ltr'>tua</span> <span class='ocrx_word' id='word_1_97' title='bbox 1073 1136 1176 1179; x_wconf 89' lang='lat' dir='ltr'>singu-</span> 
     </span>
     <span class='ocr_line' id='line_1_22' title="bbox 433 1190 1175 1234; baseline -0.004 -9"><span class='ocrx_word' id='word_1_98' title='bbox 433 1193 490 1225; x_wconf 93' lang='lat' dir='ltr'>lari</span> <span class='ocrx_word' id='word_1_99' title='bbox 514 1192 596 1233; x_wconf 84' lang='lat' dir='ltr'>fide,</span> <span class='ocrx_word' id='word_1_100' title='bbox 623 1192 787 1233; x_wconf 76' lang='lat' dir='ltr'>doctrina,</span> <span class='ocrx_word' id='word_1_101' title='bbox 812 1200 934 1224; x_wconf 81' lang='lat' dir='ltr'>necnon</span> <span class='ocrx_word' id='word_1_102' title='bbox 958 1191 1012 1223; x_wconf 90' lang='lat' dir='ltr'>diu</span> <span class='ocrx_word' id='word_1_103' title='bbox 1037 1190 1175 1234; x_wconf 76' lang='lat' dir='ltr'>spectata</span> 
     </span>
     <span class='ocr_line' id='line_1_23' title="bbox 433 1243 1175 1289; baseline -0.005 -10"><span class='ocrx_word' id='word_1_104' title='bbox 433 1246 464 1279; x_wconf 91' lang='lat' dir='ltr'>in</span> <span class='ocrx_word' id='word_1_105' title='bbox 488 1245 683 1289; x_wconf 85' lang='lat' dir='ltr'>gravissimis</span> <span class='ocrx_word' id='word_1_106' title='bbox 708 1245 801 1277; x_wconf 88' lang='lat' dir='ltr'>rebus</span> <span class='ocrx_word' id='word_1_107' title='bbox 831 1244 977 1287; x_wconf 86' lang='lat' dir='ltr'>gerendis</span> <span class='ocrx_word' id='word_1_108' title='bbox 1008 1243 1175 1287; x_wconf 74' lang='lat' dir='ltr'>prudentia</span> 
     </span>
     <span class='ocr_line' id='line_1_24' title="bbox 432 1297 1175 1343; baseline -0.004 -11"><span class='ocrx_word' id='word_1_109' title='bbox 432 1305 524 1343; x_wconf 88' lang='lat' dir='ltr'>atque</span> <span class='ocrx_word' id='word_1_110' title='bbox 557 1299 736 1342; x_wconf 85' lang='lat' dir='ltr'>integritate</span> <span class='ocrx_word' id='word_1_111' title='bbox 773 1298 947 1342; x_wconf 89' lang='lat' dir='ltr'>plurimum</span> <span class='ocrx_word' id='word_1_112' title='bbox 979 1297 1011 1330; x_wconf 92' lang='lat' dir='ltr'>in</span> <span class='ocrx_word' id='word_1_113' title='bbox 1041 1297 1175 1330; x_wconf 90' lang='lat' dir='ltr'>Domino</span> 
     </span>
     <span class='ocr_line' id='line_1_25' title="bbox 433 1350 1176 1395; baseline -0.004 -10"><span class='ocrx_word' id='word_1_114' title='bbox 433 1352 552 1394; x_wconf 81' lang='lat' dir='ltr'>confisi,</span> <span class='ocrx_word' id='word_1_115' title='bbox 578 1357 665 1384; x_wconf 90' lang='lat' dir='ltr'>motu</span> <span class='ocrx_word' id='word_1_116' title='bbox 689 1351 820 1395; x_wconf 90' lang='lat' dir='ltr'>proprio</span> <span class='ocrx_word' id='word_1_117' title='bbox 845 1355 874 1383; x_wconf 90' lang='lat' dir='ltr'>et</span> <span class='ocrx_word' id='word_1_118' title='bbox 900 1361 936 1383; x_wconf 77' lang='lat' dir='ltr'>cx</span> <span class='ocrx_word' id='word_1_119' title='bbox 962 1351 1048 1383; x_wconf 78' lang='lat' dir='ltr'>certa</span> <span class='ocrx_word' id='word_1_120' title='bbox 1079 1350 1176 1383; x_wconf 88' lang='lat' dir='ltr'>scien-</span> 
     </span>
     <span class='ocr_line' id='line_1_26' title="bbox 433 1403 1176 1444; baseline -0.004 -6"><span class='ocrx_word' id='word_1_121' title='bbox 433 1405 475 1438; x_wconf 80' lang='lat' dir='ltr'>tia</span> <span class='ocrx_word' id='word_1_122' title='bbox 499 1416 534 1438; x_wconf 91' lang='lat' dir='ltr'>ac</span> <span class='ocrx_word' id='word_1_123' title='bbox 564 1407 687 1438; x_wconf 75' lang='lat' dir='ltr'>matura</span> <span class='ocrx_word' id='word_1_124' title='bbox 717 1404 942 1436; x_wconf 82' lang='lat' dir='ltr'>deliberatione</span> <span class='ocrx_word' id='word_1_125' title='bbox 966 1403 1097 1444; x_wconf 86' lang='lat' dir='ltr'>nostris,</span> <span class='ocrx_word' id='word_1_126' title='bbox 1126 1403 1176 1435; x_wconf 90' lang='lat' dir='ltr'>dc-</span> 
     </span>
     <span class='ocr_line' id='line_1_27' title="bbox 433 1456 1175 1502; baseline -0.004 -11"><span class='ocrx_word' id='word_1_127' title='bbox 433 1469 493 1502; x_wconf 86' lang='lat' dir='ltr'>que</span> <span class='ocrx_word' id='word_1_128' title='bbox 506 1458 695 1502; x_wconf 82' lang='lat' dir='ltr'>apostolieae</span> <span class='ocrx_word' id='word_1_129' title='bbox 711 1457 874 1501; x_wconf 84' lang='lat' dir='ltr'>potestatis</span> <span class='ocrx_word' id='word_1_130' title='bbox 887 1456 1092 1500; x_wconf 85' lang='lat' dir='ltr'>plenitudine,</span> <span class='ocrx_word' id='word_1_131' title='bbox 1110 1456 1175 1497; x_wconf 85' lang='lat' dir='ltr'>tibi,</span> 
     </span>
     <span class='ocr_line' id='line_1_28' title="bbox 433 1509 1177 1555; baseline -0.003 -11"><span class='ocrx_word' id='word_1_132' title='bbox 433 1517 467 1544; x_wconf 88' lang='lat' dir='ltr'>ut</span> <span class='ocrx_word' id='word_1_133' title='bbox 484 1523 558 1544; x_wconf 82' lang='lat' dir='ltr'>casu</span> <span class='ocrx_word' id='word_1_134' title='bbox 583 1511 766 1555; x_wconf 89' lang='lat' dir='ltr'>aperitionis</span> <span class='ocrx_word' id='word_1_135' title='bbox 787 1516 817 1543; x_wconf 85' lang='lat' dir='ltr'>et</span> <span class='ocrx_word' id='word_1_136' title='bbox 837 1510 1047 1544; x_wconf 86' lang='lat' dir='ltr'>devolutionis</span> <span class='ocrx_word' id='word_1_137' title='bbox 1064 1509 1103 1542; x_wconf 90' lang='lat' dir='ltr'>ad</span> <span class='ocrx_word' id='word_1_138' title='bbox 1120 1520 1177 1542; x_wconf 87' lang='lat' dir='ltr'>nos</span> 
     </span>
     <span class='ocr_line' id='line_1_29' title="bbox 434 1564 1179 1607; baseline -0.004 -8"><span class='ocrx_word' id='word_1_139' title='bbox 434 1570 464 1598; x_wconf 86' lang='lat' dir='ltr'>et</span> <span class='ocrx_word' id='word_1_140' title='bbox 481 1567 655 1599; x_wconf 79' lang='lat' dir='ltr'>Romanam</span> <span class='ocrx_word' id='word_1_141' title='bbox 675 1565 857 1605; x_wconf 78' lang='lat' dir='ltr'>Ecclesiam,</span> <span class='ocrx_word' id='word_1_142' title='bbox 878 1564 1053 1607; x_wconf 83' lang='lat' dir='ltr'>Sedeinque</span> <span class='ocrx_word' id='word_1_143' title='bbox 1078 1569 1108 1596; x_wconf 91' lang='lat' dir='ltr'>et</span> <span class='ocrx_word' id='word_1_144' title='bbox 1128 1564 1179 1597; x_wconf 86' lang='lat' dir='ltr'>Ca-</span> 
     </span>
     <span class='ocr_line' id='line_1_30' title="bbox 433 1616 1174 1662; baseline -0.003 -11"><span class='ocrx_word' id='word_1_145' title='bbox 433 1629 554 1651; x_wconf 88' lang='lat' dir='ltr'>meram</span> <span class='ocrx_word' id='word_1_146' title='bbox 586 1618 801 1662; x_wconf 74' lang='lat' dir='ltr'>Apostolieam</span> <span class='ocrx_word' id='word_1_147' title='bbox 834 1617 917 1650; x_wconf 81' lang='lat' dir='ltr'>feudi</span> <span class='ocrx_word' id='word_1_148' title='bbox 949 1617 1081 1650; x_wconf 75' lang='lat' dir='ltr'>ducatus</span> <span class='ocrx_word' id='word_1_149' title='bbox 1113 1616 1174 1649; x_wconf 82' lang='lat' dir='ltr'>Ur-</span> 
     </span>
     <span class='ocr_line' id='line_1_31' title="bbox 434 1670 1179 1713; baseline -0.001 -9"><span class='ocrx_word' id='word_1_150' title='bbox 434 1671 510 1712; x_wconf 90' lang='lat' dir='ltr'>bini,</span> <span class='ocrx_word' id='word_1_151' title='bbox 534 1683 591 1704; x_wconf 87' lang='lat' dir='ltr'>nec</span> <span class='ocrx_word' id='word_1_152' title='bbox 615 1682 678 1705; x_wconf 89' lang='lat' dir='ltr'>non</span> <span class='ocrx_word' id='word_1_153' title='bbox 702 1671 860 1704; x_wconf 84' lang='lat' dir='ltr'>civitatum</span> <span class='ocrx_word' id='word_1_154' title='bbox 884 1670 1125 1713; x_wconf 80' lang='lat' dir='ltr'>Senogalliensis</span> <span class='ocrx_word' id='word_1_155' title='bbox 1149 1673 1179 1703; x_wconf 88' lang='lat' dir='ltr'>et</span> 
     </span>
     <span class='ocr_line' id='line_1_32' title="bbox 435 1723 1177 1764; baseline -0.004 -6"><span class='ocrx_word' id='word_1_156' title='bbox 435 1725 629 1758; x_wconf 75' lang='lat' dir='ltr'>pisaurensis</span> <span class='ocrx_word' id='word_1_157' title='bbox 659 1736 694 1757; x_wconf 89' lang='lat' dir='ltr'>ac</span> <span class='ocrx_word' id='word_1_158' title='bbox 726 1725 829 1757; x_wconf 78' lang='lat' dir='ltr'>Status</span> <span class='ocrx_word' id='word_1_159' title='bbox 860 1724 973 1757; x_wconf 83' lang='lat' dir='ltr'>Montis</span> <span class='ocrx_word' id='word_1_160' title='bbox 997 1723 1177 1764; x_wconf 86' lang='lat' dir='ltr'>Feretrani,</span> 
     </span>
     <span class='ocr_line' id='line_1_33' title="bbox 435 1777 1177 1822; baseline -0.004 -11"><span class='ocrx_word' id='word_1_161' title='bbox 435 1779 631 1822; x_wconf 87' lang='lat' dir='ltr'>aliorumque</span> <span class='ocrx_word' id='word_1_162' title='bbox 656 1777 883 1819; x_wconf 72' lang='lat' dir='ltr'>dominiorum,</span> <span class='ocrx_word' id='word_1_163' title='bbox 911 1777 1093 1817; x_wconf 85' lang='lat' dir='ltr'>civitatum,</span> <span class='ocrx_word' id='word_1_164' title='bbox 1119 1788 1177 1820; x_wconf 90' lang='lat' dir='ltr'>op-</span> 
     </span>
     <span class='ocr_line' id='line_1_34' title="bbox 434 1830 1179 1875; baseline -0.003 -11"><span class='ocrx_word' id='word_1_165' title='bbox 434 1832 592 1875; x_wconf 83' lang='lat' dir='ltr'>pidorum,</span> <span class='ocrx_word' id='word_1_166' title='bbox 618 1836 785 1871; x_wconf 87' lang='lat' dir='ltr'>terrarum,</span> <span class='ocrx_word' id='word_1_167' title='bbox 800 1830 1022 1863; x_wconf 80' lang='lat' dir='ltr'>fortalitiorum</span> <span class='ocrx_word' id='word_1_168' title='bbox 1043 1835 1073 1863; x_wconf 87' lang='lat' dir='ltr'>et</span> <span class='ocrx_word' id='word_1_169' title='bbox 1097 1831 1179 1863; x_wconf 86' lang='lat' dir='ltr'>loeo-</span> 
     </span>
     <span class='ocr_line' id='line_1_35' title="bbox 434 1884 1178 1928; baseline -0.001 -11"><span class='ocrx_word' id='word_1_170' title='bbox 434 1895 507 1917; x_wconf 86' lang='lat' dir='ltr'>rum</span> <span class='ocrx_word' id='word_1_171' title='bbox 531 1895 814 1928; x_wconf 82' lang='lat' dir='ltr'>quorumeumque,</span> <span class='ocrx_word' id='word_1_172' title='bbox 841 1885 933 1918; x_wconf 89' lang='lat' dir='ltr'>etiam</span> <span class='ocrx_word' id='word_1_173' title='bbox 958 1884 1084 1928; x_wconf 84' lang='lat' dir='ltr'>speciali</span> <span class='ocrx_word' id='word_1_174' title='bbox 1104 1886 1178 1917; x_wconf 76' lang='lat' dir='ltr'>nota</span> 
     </span>
     <span class='ocr_line' id='line_1_36' title="bbox 435 1937 1179 1981; baseline -0.001 -11"><span class='ocrx_word' id='word_1_175' title='bbox 435 1943 463 1970; x_wconf 89' lang='lat' dir='ltr'>et</span> <span class='ocrx_word' id='word_1_176' title='bbox 493 1938 696 1981; x_wconf 76' lang='lat' dir='ltr'>expressione</span> <span class='ocrx_word' id='word_1_177' title='bbox 727 1938 917 1980; x_wconf 84' lang='lat' dir='ltr'>dignorum,</span> <span class='ocrx_word' id='word_1_178' title='bbox 943 1948 977 1970; x_wconf 87' lang='lat' dir='ltr'>ac</span> <span class='ocrx_word' id='word_1_179' title='bbox 1009 1937 1066 1970; x_wconf 88' lang='lat' dir='ltr'>sub</span> <span class='ocrx_word' id='word_1_180' title='bbox 1091 1938 1179 1970; x_wconf 83' lang='lat' dir='ltr'>Statu</span> 
     </span>
     <span class='ocr_line' id='line_1_37' title="bbox 435 1990 1179 2034; baseline 0.001 -11"><span class='ocrx_word' id='word_1_181' title='bbox 435 1990 508 2024; x_wconf 84' lang='lat' dir='ltr'>dicti</span> <span class='ocrx_word' id='word_1_182' title='bbox 530 1991 660 2024; x_wconf 77' lang='lat' dir='ltr'>ducatus</span> <span class='ocrx_word' id='word_1_183' title='bbox 678 1991 788 2024; x_wconf 88' lang='lat' dir='ltr'>Urbini</span> <span class='ocrx_word' id='word_1_184' title='bbox 813 1991 850 2023; x_wconf 90' lang='lat' dir='ltr'>ad</span> <span class='ocrx_word' id='word_1_185' title='bbox 876 2001 1023 2034; x_wconf 78' lang='lat' dir='ltr'>praesens</span> <span class='ocrx_word' id='word_1_186' title='bbox 1048 2001 1179 2034; x_wconf 89' lang='lat' dir='ltr'>quomo-</span> 
     </span>
     <span class='ocr_line' id='line_1_38' title="bbox 435 2043 1178 2088; baseline -0.001 -12"><span class='ocrx_word' id='word_1_187' title='bbox 435 2043 554 2077; x_wconf 90' lang='lat' dir='ltr'>dolibet</span> <span class='ocrx_word' id='word_1_188' title='bbox 582 2045 895 2088; x_wconf 82' lang='lat' dir='ltr'>comprehensorum,</span> <span class='ocrx_word' id='word_1_189' title='bbox 918 2054 972 2076; x_wconf 86' lang='lat' dir='ltr'>sen</span> <span class='ocrx_word' id='word_1_190' title='bbox 996 2054 1054 2087; x_wconf 87' lang='lat' dir='ltr'>per</span> <span class='ocrx_word' id='word_1_191' title='bbox 1075 2044 1178 2087; x_wconf 88' lang='lat' dir='ltr'>ipsum</span> 
     </span>
     <span class='ocr_line' id='line_1_39' title="bbox 436 2098 1178 2142; baseline -0.003 -11"><span class='ocrx_word' id='word_1_192' title='bbox 436 2098 547 2131; x_wconf 86' lang='lat' dir='ltr'>ducem</span> <span class='ocrx_word' id='word_1_193' title='bbox 572 2099 811 2142; x_wconf 79' lang='lat' dir='ltr'>quomodolibet</span> <span class='ocrx_word' id='word_1_194' title='bbox 836 2108 1066 2142; x_wconf 85' lang='lat' dir='ltr'>possessorum,</span> <span class='ocrx_word' id='word_1_195' title='bbox 1084 2108 1178 2140; x_wconf 90' lang='lat' dir='ltr'>quan-</span> 
     </span>
     <span class='ocr_line' id='line_1_40' title="bbox 436 2151 1177 2196; baseline -0.001 -11"><span class='ocrx_word' id='word_1_196' title='bbox 436 2152 614 2196; x_wconf 86' lang='lat' dir='ltr'>documque</span> <span class='ocrx_word' id='word_1_197' title='bbox 635 2156 664 2185; x_wconf 87' lang='lat' dir='ltr'>et</span> <span class='ocrx_word' id='word_1_198' title='bbox 689 2151 988 2195; x_wconf 82' lang='lat' dir='ltr'>quomodocumque</span> <span class='ocrx_word' id='word_1_199' title='bbox 1016 2151 1177 2184; x_wconf 74' lang='lat' dir='ltr'>eveniente</span> 
     </span>
     <span class='ocr_line' id='line_1_41' title="bbox 437 2204 1176 2248; baseline -0.004 -10"><span class='ocrx_word' id='word_1_200' title='bbox 437 2205 501 2238; x_wconf 87' lang='lat' dir='ltr'>sive</span> <span class='ocrx_word' id='word_1_201' title='bbox 526 2205 727 2245; x_wconf 80' lang='lat' dir='ltr'>succedente,</span> <span class='ocrx_word' id='word_1_202' title='bbox 752 2205 819 2248; x_wconf 87' lang='lat' dir='ltr'>ipse</span> <span class='ocrx_word' id='word_1_203' title='bbox 843 2215 901 2248; x_wconf 90' lang='lat' dir='ltr'>per</span> <span class='ocrx_word' id='word_1_204' title='bbox 926 2209 973 2244; x_wconf 88' lang='lat' dir='ltr'>te,</span> <span class='ocrx_word' id='word_1_205' title='bbox 998 2204 1046 2236; x_wconf 88' lang='lat' dir='ltr'>vel</span> <span class='ocrx_word' id='word_1_206' title='bbox 1071 2204 1176 2245; x_wconf 83' lang='lat' dir='ltr'>alium,</span> 
     </span>
     <span class='ocr_line' id='line_1_42' title="bbox 438 2257 1179 2301; baseline -0.001 -11"><span class='ocrx_word' id='word_1_207' title='bbox 438 2269 494 2291; x_wconf 89' lang='lat' dir='ltr'>seu</span> <span class='ocrx_word' id='word_1_208' title='bbox 518 2258 605 2301; x_wconf 76' lang='lat' dir='ltr'>alios,</span> <span class='ocrx_word' id='word_1_209' title='bbox 631 2258 805 2291; x_wconf 87' lang='lat' dir='ltr'>secundum</span> <span class='ocrx_word' id='word_1_210' title='bbox 824 2257 871 2290; x_wconf 88' lang='lat' dir='ltr'>rei</span> <span class='ocrx_word' id='word_1_211' title='bbox 895 2263 924 2290; x_wconf 86' lang='lat' dir='ltr'>ct</span> <span class='ocrx_word' id='word_1_212' title='bbox 944 2268 1034 2290; x_wconf 88' lang='lat' dir='ltr'>casus</span> <span class='ocrx_word' id='word_1_213' title='bbox 1055 2257 1179 2300; x_wconf 78' lang='lat' dir='ltr'>exigen-</span> 
     </span>
     <span class='ocr_line' id='line_1_43' title="bbox 437 2311 1178 2355; baseline -0.001 -11"><span class='ocrx_word' id='word_1_214' title='bbox 437 2312 523 2353; x_wconf 82' lang='lat' dir='ltr'>tiam,</span> <span class='ocrx_word' id='word_1_215' title='bbox 548 2317 578 2345; x_wconf 86' lang='lat' dir='ltr'>et</span> <span class='ocrx_word' id='word_1_216' title='bbox 602 2312 687 2354; x_wconf 79' lang='lat' dir='ltr'>alias,</span> <span class='ocrx_word' id='word_1_217' title='bbox 712 2315 808 2355; x_wconf 85' lang='lat' dir='ltr'>prout</span> <span class='ocrx_word' id='word_1_218' title='bbox 832 2311 970 2352; x_wconf 82' lang='lat' dir='ltr'>occasio,</span> <span class='ocrx_word' id='word_1_219' title='bbox 996 2321 1178 2354; x_wconf 87' lang='lat' dir='ltr'>rerumque,</span> 
     </span>
     <span class='ocr_line' id='line_1_44' title="bbox 438 2364 1180 2410; baseline -0.003 -12"><span class='ocrx_word' id='word_1_220' title='bbox 438 2370 468 2398; x_wconf 90' lang='lat' dir='ltr'>et</span> <span class='ocrx_word' id='word_1_221' title='bbox 492 2370 673 2409; x_wconf 79' lang='lat' dir='ltr'>temporum</span> <span class='ocrx_word' id='word_1_222' title='bbox 699 2365 832 2410; x_wconf 87' lang='lat' dir='ltr'>qualitas</span> <span class='ocrx_word' id='word_1_223' title='bbox 856 2364 1006 2407; x_wconf 75' lang='lat' dir='ltr'>exegerit,</span> <span class='ocrx_word' id='word_1_224' title='bbox 1031 2374 1180 2408; x_wconf 82' lang='lat' dir='ltr'>corpora-</span> 
     </span>
     <span class='ocr_line' id='line_1_45' title="bbox 438 2418 1179 2462; baseline -0.001 -11"><span class='ocrx_word' id='word_1_225' title='bbox 438 2420 517 2456; x_wconf 82' lang='lat' dir='ltr'>lem,</span> <span class='ocrx_word' id='word_1_226' title='bbox 549 2420 667 2452; x_wconf 79' lang='lat' dir='ltr'>realem</span> <span class='ocrx_word' id='word_1_227' title='bbox 702 2424 733 2452; x_wconf 90' lang='lat' dir='ltr'>et</span> <span class='ocrx_word' id='word_1_228' title='bbox 761 2419 916 2452; x_wconf 87' lang='lat' dir='ltr'>actualem</span> <span class='ocrx_word' id='word_1_229' title='bbox 947 2418 1179 2462; x_wconf 89' lang='lat' dir='ltr'>possessionem</span> 
     </span>
     <span class='ocr_line' id='line_1_46' title="bbox 439 2472 1178 2516; baseline 0 -11"><span class='ocrx_word' id='word_1_230' title='bbox 439 2473 572 2505; x_wconf 72' lang='lat' dir='ltr'>civitatis</span> <span class='ocrx_word' id='word_1_231' title='bbox 603 2473 797 2506; x_wconf 85' lang='lat' dir='ltr'>Pisaurensis</span> <span class='ocrx_word' id='word_1_232' title='bbox 828 2472 1024 2516; x_wconf 86' lang='lat' dir='ltr'>praedictae,</span> <span class='ocrx_word' id='word_1_233' title='bbox 1056 2483 1178 2505; x_wconf 88' lang='lat' dir='ltr'>necnon</span> 
     </span>
     <span class='ocr_line' id='line_1_47' title="bbox 439 2524 1178 2569; baseline 0 -12"><span class='ocrx_word' id='word_1_234' title='bbox 439 2526 545 2569; x_wconf 80' lang='lat' dir='ltr'>oppidi</span> <span class='ocrx_word' id='word_1_235' title='bbox 576 2526 708 2559; x_wconf 85' lang='lat' dir='ltr'>civitatis</span> <span class='ocrx_word' id='word_1_236' title='bbox 738 2526 844 2558; x_wconf 79' lang='lat' dir='ltr'>forsan</span> <span class='ocrx_word' id='word_1_237' title='bbox 868 2525 1040 2569; x_wconf 87' lang='lat' dir='ltr'>nuncupati</span> <span class='ocrx_word' id='word_1_238' title='bbox 1065 2524 1094 2558; x_wconf 80' lang='lat' dir='ltr'>S.</span> <span class='ocrx_word' id='word_1_239' title='bbox 1114 2525 1178 2565; x_wconf 89' lang='lat' dir='ltr'>Lei,</span> 
     </span>
     <span class='ocr_line' id='line_1_48' title="bbox 439 2579 1178 2623; baseline 0 -12"><span class='ocrx_word' id='word_1_240' title='bbox 439 2589 495 2611; x_wconf 70' lang='lat' dir='ltr'>‚seu</span> <span class='ocrx_word' id='word_1_241' title='bbox 519 2580 547 2612; x_wconf 64' lang='grc' dir='ltr'>ὃ.</span> <span class='ocrx_word' id='word_1_242' title='bbox 572 2580 700 2621; x_wconf 81' lang='lat' dir='ltr'>Leonis,</span> <span class='ocrx_word' id='word_1_243' title='bbox 726 2590 899 2623; x_wconf 89' lang='lat' dir='ltr'>eorumque</span> <span class='ocrx_word' id='word_1_244' title='bbox 923 2579 1178 2620; x_wconf 85' lang='lat' dir='ltr'>territoriorum,</span> 
     </span>
     <span class='ocr_line' id='line_1_49' title="bbox 438 2631 1174 2676; baseline 0.005 -12"><span class='ocrx_word' id='word_1_245' title='bbox 438 2631 660 2674; x_wconf 79' lang='lat' dir='ltr'>districtuum,</span> <span class='ocrx_word' id='word_1_246' title='bbox 698 2633 971 2676; x_wconf 79' lang='lat' dir='ltr'>iurisdictionum,</span> <span class='ocrx_word' id='word_1_247' title='bbox 1006 2632 1174 2669; x_wconf 80' lang='lat' dir='ltr'>fortalitio-</span> 
     </span>
    </p>
   </div>
   <div class='ocr_carea' id='block_1_8' title="bbox 1013 237 1368 263">
    <p class='ocr_par' dir='ltr' id='par_1_9' title="bbox 1013 237 1368 263">
     <span class='ocr_line' id='line_1_50' title="bbox 1013 237 1368 263; baseline -0.003 0"><span class='ocrx_word' id='word_1_248' title='bbox 1013 239 1193 263; x_wconf 46' lang='lat' dir='ltr'>antirrinum</span> <span class='ocrx_word' id='word_1_249' title='bbox 1213 237 1368 262; x_wconf 70' lang='lat' dir='ltr'>ROMANUM</span> 
     </span>
    </p>
   </div>
   <div class='ocr_carea' id='block_1_9' title="bbox 1207 284 1950 1070">
    <p class='ocr_par' dir='ltr' id='par_1_10' title="bbox 1207 284 1950 1070">
     <span class='ocr_line' id='line_1_51' title="bbox 1207 284 1938 329; baseline -0.003 -10"><span class='ocrx_word' id='word_1_250' title='bbox 1207 298 1298 328; x_wconf 88' lang='lat' dir='ltr'>rum,</span> <span class='ocrx_word' id='word_1_251' title='bbox 1324 286 1388 319; x_wconf 81' lang='lat' dir='ltr'>sive</span> <span class='ocrx_word' id='word_1_252' title='bbox 1420 284 1732 329; x_wconf 80' lang='lat' dir='ltr'>propiignaculorum</span> <span class='ocrx_word' id='word_1_253' title='bbox 1747 311 1754 325; x_wconf 97' lang='lat'>,</span> <span class='ocrx_word' id='word_1_254' title='bbox 1775 285 1938 317; x_wconf 88' lang='lat' dir='ltr'>membro-</span> 
     </span>
     <span class='ocr_line' id='line_1_52' title="bbox 1207 337 1944 382; baseline -0.003 -10"><span class='ocrx_word' id='word_1_255' title='bbox 1207 350 1300 379; x_wconf 88' lang='lat' dir='ltr'>rum,</span> <span class='ocrx_word' id='word_1_256' title='bbox 1336 337 1616 382; x_wconf 82' lang='lat' dir='ltr'>pertinentiarum,</span> <span class='ocrx_word' id='word_1_257' title='bbox 1648 341 1678 370; x_wconf 86' lang='lat' dir='ltr'>et</span> <span class='ocrx_word' id='word_1_258' title='bbox 1712 337 1829 370; x_wconf 89' lang='lat' dir='ltr'>iurium</span> <span class='ocrx_word' id='word_1_259' title='bbox 1865 347 1944 382; x_wconf 89' lang='lat' dir='ltr'>quo-</span> 
     </span>
     <span class='ocr_line' id='line_1_53' title="bbox 1207 390 1945 435; baseline -0.004 -10"><span class='ocrx_word' id='word_1_260' title='bbox 1207 402 1427 435; x_wconf 80' lang='lat' dir='ltr'>rumcumque,</span> <span class='ocrx_word' id='word_1_261' title='bbox 1453 395 1572 431; x_wconf 83' lang='lat' dir='ltr'>nostro,</span> <span class='ocrx_word' id='word_1_262' title='bbox 1600 390 1767 430; x_wconf 87' lang='lat' dir='ltr'>Ecclesiae,</span> <span class='ocrx_word' id='word_1_263' title='bbox 1792 390 1889 431; x_wconf 85' lang='lat' dir='ltr'>Sedis,</span> <span class='ocrx_word' id='word_1_264' title='bbox 1915 395 1945 422; x_wconf 86' lang='lat' dir='ltr'>et</span> 
     </span>
     <span class='ocr_line' id='line_1_54' title="bbox 1207 443 1946 488; baseline -0.003 -9"><span class='ocrx_word' id='word_1_265' title='bbox 1207 456 1352 479; x_wconf 86' lang='lat' dir='ltr'>camerae</span> <span class='ocrx_word' id='word_1_266' title='bbox 1376 444 1607 488; x_wconf 82' lang='lat' dir='ltr'>praedictarum</span> <span class='ocrx_word' id='word_1_267' title='bbox 1632 443 1769 484; x_wconf 90' lang='lat' dir='ltr'>nomine,</span> <span class='ocrx_word' id='word_1_268' title='bbox 1787 444 1898 477; x_wconf 87' lang='lat' dir='ltr'>amotis</span> <span class='ocrx_word' id='word_1_269' title='bbox 1916 447 1946 477; x_wconf 84' lang='lat' dir='ltr'>et</span> 
     </span>
     <span class='ocr_line' id='line_1_55' title="bbox 1207 495 1944 542; baseline -0.004 -11"><span class='ocrx_word' id='word_1_270' title='bbox 1207 498 1343 542; x_wconf 84' lang='lat' dir='ltr'>expulsis</span> <span class='ocrx_word' id='word_1_271' title='bbox 1373 497 1484 530; x_wconf 79' lang='lat' dir='ltr'>exinde</span> <span class='ocrx_word' id='word_1_272' title='bbox 1517 495 1678 540; x_wconf 72' lang='lat' dir='ltr'>quibusvis</span> <span class='ocrx_word' id='word_1_273' title='bbox 1709 495 1944 536; x_wconf 84' lang='lat' dir='ltr'>detentoribus,</span> 
     </span>
     <span class='ocr_line' id='line_1_56' title="bbox 1207 548 1943 595; baseline -0.005 -11"><span class='ocrx_word' id='word_1_274' title='bbox 1207 551 1270 584; x_wconf 87' lang='lat' dir='ltr'>sive</span> <span class='ocrx_word' id='word_1_275' title='bbox 1295 550 1546 595; x_wconf 77' lang='lat' dir='ltr'>occupatoribus,</span> <span class='ocrx_word' id='word_1_276' title='bbox 1570 548 1808 593; x_wconf 86' lang='lat' dir='ltr'>apprehendere</span> <span class='ocrx_word' id='word_1_277' title='bbox 1833 552 1863 581; x_wconf 86' lang='lat' dir='ltr'>et</span> <span class='ocrx_word' id='word_1_278' title='bbox 1886 558 1943 591; x_wconf 86' lang='lat' dir='ltr'>ap-</span> 
     </span>
     <span class='ocr_line' id='line_1_57' title="bbox 1207 600 1947 648; baseline -0.005 -11"><span class='ocrx_word' id='word_1_279' title='bbox 1207 604 1393 648; x_wconf 82' lang='lat' dir='ltr'>prehensam</span> <span class='ocrx_word' id='word_1_280' title='bbox 1416 603 1562 639; x_wconf 84' lang='lat' dir='ltr'>retinerc;</span> <span class='ocrx_word' id='word_1_281' title='bbox 1587 611 1710 635; x_wconf 87' lang='lat' dir='ltr'>necnon</span> <span class='ocrx_word' id='word_1_282' title='bbox 1733 612 1750 634; x_wconf 89' lang='lat' dir='ltr'>a</span> <span class='ocrx_word' id='word_1_283' title='bbox 1771 600 1947 634; x_wconf 85' lang='lat' dir='ltr'>eommuni-</span> 
     </span>
     <span class='ocr_line' id='line_1_58' title="bbox 1209 654 1946 698; baseline -0.007 -7"><span class='ocrx_word' id='word_1_284' title='bbox 1209 662 1269 692; x_wconf 87' lang='lat' dir='ltr'>tate</span> <span class='ocrx_word' id='word_1_285' title='bbox 1300 663 1330 691; x_wconf 90' lang='lat' dir='ltr'>et</span> <span class='ocrx_word' id='word_1_286' title='bbox 1358 656 1635 696; x_wconf 79' lang='lat' dir='ltr'>universitatilnis,</span> <span class='ocrx_word' id='word_1_287' title='bbox 1661 654 1946 698; x_wconf 78' lang='lat' dir='ltr'>gubernatoribus,</span> 
     </span>
     <span class='ocr_line' id='line_1_59' title="bbox 1209 707 1948 754; baseline -0.007 -10"><span class='ocrx_word' id='word_1_288' title='bbox 1209 711 1419 754; x_wconf 86' lang='lat' dir='ltr'>praetoribus,</span> <span class='ocrx_word' id='word_1_289' title='bbox 1443 709 1739 750; x_wconf 84' lang='lat' dir='ltr'>locumtenentibus,</span> <span class='ocrx_word' id='word_1_290' title='bbox 1760 707 1948 751; x_wconf 83' lang='lat' dir='ltr'>magistrati—</span> 
     </span>
     <span class='ocr_line' id='line_1_60' title="bbox 1209 760 1948 808; baseline -0.007 -11"><span class='ocrx_word' id='word_1_291' title='bbox 1209 765 1277 805; x_wconf 87' lang='lat' dir='ltr'>bus,</span> <span class='ocrx_word' id='word_1_292' title='bbox 1295 764 1474 808; x_wconf 83' lang='lat' dir='ltr'>capitaneis,</span> <span class='ocrx_word' id='word_1_293' title='bbox 1499 762 1693 803; x_wconf 89' lang='lat' dir='ltr'>colonnellis,</span> <span class='ocrx_word' id='word_1_294' title='bbox 1717 760 1902 801; x_wconf 87' lang='lat' dir='ltr'>castellanis,</span> <span class='ocrx_word' id='word_1_295' title='bbox 1919 765 1948 793; x_wconf 90' lang='lat' dir='ltr'>et</span> 
     </span>
     <span class='ocr_line' id='line_1_61' title="bbox 1209 816 1948 861; baseline -0.005 -12"><span class='ocrx_word' id='word_1_296' title='bbox 1209 817 1277 849; x_wconf 86' lang='lat' dir='ltr'>aliis</span> <span class='ocrx_word' id='word_1_297' title='bbox 1306 827 1508 861; x_wconf 87' lang='lat' dir='ltr'>quocumque</span> <span class='ocrx_word' id='word_1_298' title='bbox 1536 816 1663 849; x_wconf 90' lang='lat' dir='ltr'>nomine</span> <span class='ocrx_word' id='word_1_299' title='bbox 1694 819 1723 849; x_wconf 88' lang='lat' dir='ltr'>et</span> <span class='ocrx_word' id='word_1_300' title='bbox 1749 823 1948 858; x_wconf 86' lang='lat' dir='ltr'>quacumque</span> 
     </span>
     <span class='ocr_line' id='line_1_62' title="bbox 1209 867 1948 912; baseline -0.004 -10"><span class='ocrx_word' id='word_1_301' title='bbox 1209 869 1359 912; x_wconf 82' lang='lat' dir='ltr'>dignitate</span> <span class='ocrx_word' id='word_1_302' title='bbox 1383 869 1585 912; x_wconf 86' lang='lat' dir='ltr'>fungentibus</span> <span class='ocrx_word' id='word_1_303' title='bbox 1610 867 1795 901; x_wconf 85' lang='lat' dir='ltr'>officialibus</span> <span class='ocrx_word' id='word_1_304' title='bbox 1815 867 1948 900; x_wconf 87' lang='lat' dir='ltr'>civitatis</span> 
     </span>
     <span class='ocr_line' id='line_1_63' title="bbox 1210 919 1948 965; baseline -0.003 -11"><span class='ocrx_word' id='word_1_305' title='bbox 1210 927 1240 954; x_wconf 86' lang='lat' dir='ltr'>et</span> <span class='ocrx_word' id='word_1_306' title='bbox 1263 921 1372 965; x_wconf 82' lang='lat' dir='ltr'>oppidi</span> <span class='ocrx_word' id='word_1_307' title='bbox 1396 921 1641 965; x_wconf 87' lang='lat' dir='ltr'>praedictorum,</span> <span class='ocrx_word' id='word_1_308' title='bbox 1666 930 1839 964; x_wconf 85' lang='lat' dir='ltr'>eorumque</span> <span class='ocrx_word' id='word_1_309' title='bbox 1857 919 1948 954; x_wconf 85' lang='lat' dir='ltr'>terri-</span> 
     </span>
     <span class='ocr_line' id='line_1_64' title="bbox 1210 973 1950 1015; baseline -0.001 -8"><span class='ocrx_word' id='word_1_310' title='bbox 1210 974 1383 1015; x_wconf 88' lang='lat' dir='ltr'>toriorum,</span> <span class='ocrx_word' id='word_1_311' title='bbox 1408 974 1618 1014; x_wconf 88' lang='lat' dir='ltr'>districtuum,</span> <span class='ocrx_word' id='word_1_312' title='bbox 1643 973 1895 1006; x_wconf 87' lang='lat' dir='ltr'>iurisdictionum</span> <span class='ocrx_word' id='word_1_313' title='bbox 1919 978 1950 1006; x_wconf 88' lang='lat' dir='ltr'>et</span> 
     </span>
     <span class='ocr_line' id='line_1_65' title="bbox 1209 1017 1949 1070; baseline -0.003 -10"><span class='ocrx_word' id='word_1_314' title='bbox 1209 1028 1354 1069; x_wconf 89' lang='lat' dir='ltr'>aliorum,</span> <span class='ocrx_word' id='word_1_315' title='bbox 1380 1017 1529 1070; x_wconf 67' lang='lat' dir='ltr'>homagia</span> <span class='ocrx_word' id='word_1_316' title='bbox 1545 1032 1575 1059; x_wconf 88' lang='lat' dir='ltr'>et</span> <span class='ocrx_word' id='word_1_317' title='bbox 1594 1026 1753 1059; x_wconf 87' lang='lat' dir='ltr'>fidelitatis</span> <span class='ocrx_word' id='word_1_318' title='bbox 1773 1026 1949 1058; x_wconf 86' lang='lat' dir='ltr'>iuramenta</span> 
     </span>
    </p>
   </div>
   <div class='ocr_carea' id='block_1_10' title="bbox 1171 1080 1951 1125">
    <p class='ocr_par' dir='ltr' id='par_1_11' title="bbox 1171 1080 1951 1125">
     <span class='ocr_line' id='line_1_66' title="bbox 1171 1080 1951 1125; baseline -0.004 -11"><span class='ocrx_word' id='word_1_319' title='bbox 1171 1095 1174 1097; x_wconf 50' lang='grc'>“</span> <span class='ocrx_word' id='word_1_320' title='bbox 1209 1081 1363 1125; x_wconf 77' lang='lat' dir='ltr'>recipere,</span> <span class='ocrx_word' id='word_1_321' title='bbox 1385 1085 1415 1113; x_wconf 93' lang='lat' dir='ltr'>et</span> <span class='ocrx_word' id='word_1_322' title='bbox 1435 1080 1512 1114; x_wconf 90' lang='lat' dir='ltr'>alios</span> <span class='ocrx_word' id='word_1_323' title='bbox 1536 1089 1753 1123; x_wconf 87' lang='lat' dir='ltr'>quoscumque</span> <span class='ocrx_word' id='word_1_324' title='bbox 1777 1083 1864 1111; x_wconf 88' lang='lat' dir='ltr'>actus</span> <span class='ocrx_word' id='word_1_325' title='bbox 1880 1088 1951 1122; x_wconf 89' lang='lat' dir='ltr'>pos-</span> 
     </span>
    </p>
   </div>
   <div class='ocr_carea' id='block_1_11' title="bbox 1210 1131 1952 2677">
    <p class='ocr_par' dir='ltr' id='par_1_12' title="bbox 1210 1131 1952 2677">
     <span class='ocr_line' id='line_1_67' title="bbox 1210 1131 1950 1174; baseline -0.005 -7"><span class='ocrx_word' id='word_1_326' title='bbox 1210 1133 1362 1167; x_wconf 85' lang='lat' dir='ltr'>sessorios</span> <span class='ocrx_word' id='word_1_327' title='bbox 1386 1142 1544 1174; x_wconf 81' lang='lat' dir='ltr'>exercere,</span> <span class='ocrx_word' id='word_1_328' title='bbox 1571 1142 1607 1164; x_wconf 90' lang='lat' dir='ltr'>ac</span> <span class='ocrx_word' id='word_1_329' title='bbox 1631 1131 1664 1164; x_wconf 91' lang='lat' dir='ltr'>in</span> <span class='ocrx_word' id='word_1_330' title='bbox 1688 1131 1822 1172; x_wconf 87' lang='lat' dir='ltr'>civitate,</span> <span class='ocrx_word' id='word_1_331' title='bbox 1847 1131 1950 1164; x_wconf 86' lang='lat' dir='ltr'>distri-</span> 
     </span>
     <span class='ocr_line' id='line_1_68' title="bbox 1210 1185 1951 1230; baseline -0.005 -9"><span class='ocrx_word' id='word_1_332' title='bbox 1210 1188 1323 1228; x_wconf 87' lang='lat' dir='ltr'>ctibus,</span> <span class='ocrx_word' id='word_1_333' title='bbox 1340 1187 1510 1227; x_wconf 90' lang='lat' dir='ltr'>territorio,</span> <span class='ocrx_word' id='word_1_334' title='bbox 1528 1192 1557 1219; x_wconf 90' lang='lat' dir='ltr'>ct</span> <span class='ocrx_word' id='word_1_335' title='bbox 1573 1186 1642 1219; x_wconf 88' lang='lat' dir='ltr'>aliis</span> <span class='ocrx_word' id='word_1_336' title='bbox 1659 1185 1829 1230; x_wconf 86' lang='lat' dir='ltr'>praedictis</span> <span class='ocrx_word' id='word_1_337' title='bbox 1845 1195 1951 1228; x_wconf 88' lang='lat' dir='ltr'>quam-</span> 
     </span>
     <span class='ocr_line' id='line_1_69' title="bbox 1212 1238 1951 1284; baseline -0.005 -10"><span class='ocrx_word' id='word_1_338' title='bbox 1212 1251 1346 1284; x_wconf 90' lang='lat' dir='ltr'>cumque</span> <span class='ocrx_word' id='word_1_339' title='bbox 1367 1240 1616 1273; x_wconf 85' lang='lat' dir='ltr'>iurisdietionem</span> <span class='ocrx_word' id='word_1_340' title='bbox 1633 1239 1755 1272; x_wconf 86' lang='lat' dir='ltr'>civilem</span> <span class='ocrx_word' id='word_1_341' title='bbox 1772 1243 1803 1271; x_wconf 85' lang='lat' dir='ltr'>et</span> <span class='ocrx_word' id='word_1_342' title='bbox 1822 1238 1951 1271; x_wconf 78' lang='lat' dir='ltr'>mixtam</span> 
     </span>
     <span class='ocr_line' id='line_1_70' title="bbox 1212 1291 1950 1335; baseline -0.005 -8"><span class='ocrx_word' id='word_1_343' title='bbox 1212 1305 1377 1335; x_wconf 72' lang='lat' dir='ltr'>exercere,</span> <span class='ocrx_word' id='word_1_344' title='bbox 1402 1294 1531 1327; x_wconf 82' lang='lat' dir='ltr'>moduni</span> <span class='ocrx_word' id='word_1_345' title='bbox 1556 1299 1586 1326; x_wconf 87' lang='lat' dir='ltr'>et</span> <span class='ocrx_word' id='word_1_346' title='bbox 1617 1297 1732 1326; x_wconf 85' lang='lat' dir='ltr'>statum</span> <span class='ocrx_word' id='word_1_347' title='bbox 1756 1291 1950 1332; x_wconf 85' lang='lat' dir='ltr'>officiorum,</span> 
     </span>
     <span class='ocr_line' id='line_1_71' title="bbox 1211 1346 1950 1391; baseline -0.005 -10"><span class='ocrx_word' id='word_1_348' title='bbox 1211 1348 1473 1391; x_wconf 77' lang='lat' dir='ltr'>magistratuum,</span> <span class='ocrx_word' id='word_1_349' title='bbox 1504 1352 1567 1379; x_wconf 90' lang='lat' dir='ltr'>tam</span> <span class='ocrx_word' id='word_1_350' title='bbox 1598 1346 1826 1389; x_wconf 87' lang='lat' dir='ltr'>optimatuum,</span> <span class='ocrx_word' id='word_1_351' title='bbox 1855 1356 1950 1388; x_wconf 88' lang='lat' dir='ltr'>quam</span> 
     </span>
     <span class='ocr_line' id='line_1_72' title="bbox 1212 1398 1951 1445; baseline -0.005 -11"><span class='ocrx_word' id='word_1_352' title='bbox 1212 1401 1337 1445; x_wconf 89' lang='lat' dir='ltr'>populi,</span> <span class='ocrx_word' id='word_1_353' title='bbox 1364 1406 1394 1433; x_wconf 87' lang='lat' dir='ltr'>et</span> <span class='ocrx_word' id='word_1_354' title='bbox 1417 1399 1563 1443; x_wconf 86' lang='lat' dir='ltr'>gubernii</span> <span class='ocrx_word' id='word_1_355' title='bbox 1587 1398 1785 1442; x_wconf 86' lang='lat' dir='ltr'>temporalis,</span> <span class='ocrx_word' id='word_1_356' title='bbox 1806 1409 1863 1431; x_wconf 89' lang='lat' dir='ltr'>nee</span> <span class='ocrx_word' id='word_1_357' title='bbox 1887 1408 1951 1432; x_wconf 90' lang='lat' dir='ltr'>non</span> 
     </span>
     <span class='ocr_line' id='line_1_73' title="bbox 1210 1452 1951 1497; baseline -0.004 -10"><span class='ocrx_word' id='word_1_358' title='bbox 1210 1454 1380 1496; x_wconf 87' lang='lat' dir='ltr'>custodiae,</span> <span class='ocrx_word' id='word_1_359' title='bbox 1398 1457 1428 1488; x_wconf 88' lang='lat' dir='ltr'>et</span> <span class='ocrx_word' id='word_1_360' title='bbox 1440 1454 1635 1494; x_wconf 88' lang='lat' dir='ltr'>militiarum,</span> <span class='ocrx_word' id='word_1_361' title='bbox 1655 1452 1951 1497; x_wconf 87' lang='lat' dir='ltr'>praesidiorumque</span> 
     </span>
     <span class='ocr_line' id='line_1_74' title="bbox 1211 1505 1950 1551; baseline -0.005 -10"><span class='ocrx_word' id='word_1_362' title='bbox 1211 1508 1354 1548; x_wconf 85' lang='lat' dir='ltr'>civitatis,</span> <span class='ocrx_word' id='word_1_363' title='bbox 1366 1507 1484 1551; x_wconf 86' lang='lat' dir='ltr'>oppidi,</span> <span class='ocrx_word' id='word_1_364' title='bbox 1496 1507 1694 1550; x_wconf 87' lang='lat' dir='ltr'>aliorumque</span> <span class='ocrx_word' id='word_1_365' title='bbox 1706 1505 1950 1549; x_wconf 87' lang='lat' dir='ltr'>praedictorum,</span> 
     </span>
     <span class='ocr_line' id='line_1_75' title="bbox 1210 1560 1951 1606; baseline -0.005 -11"><span class='ocrx_word' id='word_1_366' title='bbox 1210 1567 1304 1606; x_wconf 87' lang='lat' dir='ltr'>prout</span> <span class='ocrx_word' id='word_1_367' title='bbox 1324 1560 1381 1595; x_wconf 84' lang='lat' dir='ltr'>tibi</span> <span class='ocrx_word' id='word_1_368' title='bbox 1404 1561 1571 1601; x_wconf 86' lang='lat' dir='ltr'>videbitur,</span> <span class='ocrx_word' id='word_1_369' title='bbox 1589 1560 1768 1600; x_wconf 89' lang='lat' dir='ltr'>immutare,</span> <span class='ocrx_word' id='word_1_370' title='bbox 1787 1569 1951 1599; x_wconf 88' lang='lat' dir='ltr'>renovare,</span> 
     </span>
     <span class='ocr_line' id='line_1_76' title="bbox 1211 1613 1952 1657; baseline -0.007 -8"><span class='ocrx_word' id='word_1_371' title='bbox 1211 1626 1246 1649; x_wconf 83' lang='lat' dir='ltr'>ac</span> <span class='ocrx_word' id='word_1_372' title='bbox 1270 1615 1308 1648; x_wconf 91' lang='lat' dir='ltr'>dc</span> <span class='ocrx_word' id='word_1_373' title='bbox 1331 1625 1413 1648; x_wconf 75' lang='lat' dir='ltr'>noro</span> <span class='ocrx_word' id='word_1_374' title='bbox 1438 1614 1609 1657; x_wconf 87' lang='lat' dir='ltr'>deputare;</span> <span class='ocrx_word' id='word_1_375' title='bbox 1634 1623 1691 1646; x_wconf 87' lang='lat' dir='ltr'>nec</span> <span class='ocrx_word' id='word_1_376' title='bbox 1722 1623 1785 1646; x_wconf 90' lang='lat' dir='ltr'>non</span> <span class='ocrx_word' id='word_1_377' title='bbox 1809 1613 1898 1655; x_wconf 88' lang='lat' dir='ltr'>signa</span> <span class='ocrx_word' id='word_1_378' title='bbox 1922 1617 1952 1645; x_wconf 87' lang='lat' dir='ltr'>et</span> 
     </span>
     <span class='ocr_line' id='line_1_77' title="bbox 1211 1666 1952 1711; baseline -0.005 -10"><span class='ocrx_word' id='word_1_379' title='bbox 1211 1668 1411 1711; x_wconf 87' lang='lat' dir='ltr'>contrasigna</span> <span class='ocrx_word' id='word_1_380' title='bbox 1435 1666 1747 1711; x_wconf 75' lang='lat' dir='ltr'>propugnaculorum</span> <span class='ocrx_word' id='word_1_381' title='bbox 1777 1676 1833 1698; x_wconf 89' lang='lat' dir='ltr'>seu</span> <span class='ocrx_word' id='word_1_382' title='bbox 1861 1666 1952 1698; x_wconf 82' lang='lat' dir='ltr'>forta—</span> 
     </span>
     <span class='ocr_line' id='line_1_78' title="bbox 1211 1719 1952 1754; baseline -0.005 0"><span class='ocrx_word' id='word_1_383' title='bbox 1211 1722 1351 1754; x_wconf 90' lang='lat' dir='ltr'>litiorum</span> <span class='ocrx_word' id='word_1_384' title='bbox 1380 1720 1563 1753; x_wconf 86' lang='lat' dir='ltr'>huiusmodi</span> <span class='ocrx_word' id='word_1_385' title='bbox 1598 1719 1653 1752; x_wconf 90' lang='lat' dir='ltr'>tihi</span> <span class='ocrx_word' id='word_1_386' title='bbox 1676 1719 1757 1752; x_wconf 88' lang='lat' dir='ltr'>tradi</span> <span class='ocrx_word' id='word_1_387' title='bbox 1789 1719 1892 1752; x_wconf 82' lang='lat' dir='ltr'>facere</span> <span class='ocrx_word' id='word_1_388' title='bbox 1921 1723 1952 1750; x_wconf 89' lang='lat' dir='ltr'>et</span> 
     </span>
     <span class='ocr_line' id='line_1_79' title="bbox 1212 1771 1951 1816; baseline -0.004 -9"><span class='ocrx_word' id='word_1_389' title='bbox 1212 1779 1345 1816; x_wconf 90' lang='lat' dir='ltr'>mutare,</span> <span class='ocrx_word' id='word_1_390' title='bbox 1362 1775 1409 1807; x_wconf 88' lang='lat' dir='ltr'>vel</span> <span class='ocrx_word' id='word_1_391' title='bbox 1434 1774 1494 1806; x_wconf 91' lang='lat' dir='ltr'>alia</span> <span class='ocrx_word' id='word_1_392' title='bbox 1517 1783 1598 1806; x_wconf 87' lang='lat' dir='ltr'>nova</span> <span class='ocrx_word' id='word_1_393' title='bbox 1622 1772 1747 1806; x_wconf 80' lang='lat' dir='ltr'>tradere</span> <span class='ocrx_word' id='word_1_394' title='bbox 1774 1772 1822 1805; x_wconf 86' lang='lat' dir='ltr'>vel</span> <span class='ocrx_word' id='word_1_395' title='bbox 1847 1771 1951 1805; x_wconf 89' lang='lat' dir='ltr'>consi-</span> 
     </span>
     <span class='ocr_line' id='line_1_80' title="bbox 1211 1825 1951 1871; baseline -0.003 -11"><span class='ocrx_word' id='word_1_396' title='bbox 1211 1838 1326 1871; x_wconf 84' lang='lat' dir='ltr'>gnare,</span> <span class='ocrx_word' id='word_1_397' title='bbox 1351 1827 1389 1860; x_wconf 91' lang='lat' dir='ltr'>ad</span> <span class='ocrx_word' id='word_1_398' title='bbox 1417 1827 1615 1870; x_wconf 78' lang='lat' dir='ltr'>formamque</span> <span class='ocrx_word' id='word_1_399' title='bbox 1639 1831 1669 1859; x_wconf 89' lang='lat' dir='ltr'>et</span> <span class='ocrx_word' id='word_1_400' title='bbox 1692 1825 1876 1858; x_wconf 87' lang='lat' dir='ltr'>methodum</span> <span class='ocrx_word' id='word_1_401' title='bbox 1901 1835 1951 1858; x_wconf 90' lang='lat' dir='ltr'>re-</span> 
     </span>
     <span class='ocr_line' id='line_1_81' title="bbox 1212 1879 1951 1925; baseline -0.003 -11"><span class='ocrx_word' id='word_1_402' title='bbox 1212 1882 1338 1925; x_wconf 88' lang='lat' dir='ltr'>giminis</span> <span class='ocrx_word' id='word_1_403' title='bbox 1358 1886 1387 1914; x_wconf 83' lang='lat' dir='ltr'>et</span> <span class='ocrx_word' id='word_1_404' title='bbox 1401 1881 1548 1924; x_wconf 87' lang='lat' dir='ltr'>gubernii</span> <span class='ocrx_word' id='word_1_405' title='bbox 1562 1881 1695 1913; x_wconf 88' lang='lat' dir='ltr'>aliarum</span> <span class='ocrx_word' id='word_1_406' title='bbox 1705 1879 1951 1924; x_wconf 87' lang='lat' dir='ltr'>provinciarum,</span> 
     </span>
     <span class='ocr_line' id='line_1_82' title="bbox 1212 1932 1952 1969; baseline -0.004 -1"><span class='ocrx_word' id='word_1_407' title='bbox 1212 1940 1367 1968; x_wconf 86' lang='lat' dir='ltr'>terrarum</span> <span class='ocrx_word' id='word_1_408' title='bbox 1392 1938 1422 1969; x_wconf 87' lang='lat' dir='ltr'>et</span> <span class='ocrx_word' id='word_1_409' title='bbox 1445 1935 1589 1967; x_wconf 86' lang='lat' dir='ltr'>locorum</span> <span class='ocrx_word' id='word_1_410' title='bbox 1605 1934 1707 1967; x_wconf 86' lang='lat' dir='ltr'>Status</span> <span class='ocrx_word' id='word_1_411' title='bbox 1729 1932 1828 1966; x_wconf 85' lang='lat' dir='ltr'>nostri</span> <span class='ocrx_word' id='word_1_412' title='bbox 1845 1933 1952 1966; x_wconf 87' lang='lat' dir='ltr'>Eccle-</span> 
     </span>
     <span class='ocr_line' id='line_1_83' title="bbox 1212 1988 1952 2031; baseline -0.004 -10"><span class='ocrx_word' id='word_1_413' title='bbox 1212 1988 1327 2021; x_wconf 85' lang='lat' dir='ltr'>siastiei</span> <span class='ocrx_word' id='word_1_414' title='bbox 1350 1988 1505 2031; x_wconf 74' lang='lat' dir='ltr'>redigere3</span> <span class='ocrx_word' id='word_1_415' title='bbox 1519 1996 1737 2031; x_wconf 87' lang='lat' dir='ltr'>quaecumque</span> <span class='ocrx_word' id='word_1_416' title='bbox 1758 1990 1881 2027; x_wconf 89' lang='lat' dir='ltr'>statuta,</span> <span class='ocrx_word' id='word_1_417' title='bbox 1899 1996 1952 2018; x_wconf 94' lang='lat' dir='ltr'>or-</span> 
     </span>
     <span class='ocr_line' id='line_1_84' title="bbox 1212 2040 1948 2083; baseline -0.004 -9"><span class='ocrx_word' id='word_1_418' title='bbox 1212 2042 1386 2075; x_wconf 87' lang='lat' dir='ltr'>dinationes</span> <span class='ocrx_word' id='word_1_419' title='bbox 1411 2047 1439 2074; x_wconf 93' lang='lat' dir='ltr'>et</span> <span class='ocrx_word' id='word_1_420' title='bbox 1472 2040 1711 2074; x_wconf 86' lang='lat' dir='ltr'>constitutiones</span> <span class='ocrx_word' id='word_1_421' title='bbox 1742 2040 1826 2073; x_wconf 88' lang='lat' dir='ltr'>circa</span> <span class='ocrx_word' id='word_1_422' title='bbox 1853 2049 1948 2083; x_wconf 87' lang='lat' dir='ltr'>prac-</span> 
     </span>
     <span class='ocr_line' id='line_1_85' title="bbox 1212 2092 1951 2138; baseline -0.005 -10"><span class='ocrx_word' id='word_1_423' title='bbox 1212 2096 1323 2136; x_wconf 81' lang='lat' dir='ltr'>missa,</span> <span class='ocrx_word' id='word_1_424' title='bbox 1349 2101 1380 2128; x_wconf 89' lang='lat' dir='ltr'>et</span> <span class='ocrx_word' id='word_1_425' title='bbox 1403 2095 1463 2128; x_wconf 86' lang='lat' dir='ltr'>alia</span> <span class='ocrx_word' id='word_1_426' title='bbox 1487 2104 1721 2138; x_wconf 86' lang='lat' dir='ltr'>quaecumque,</span> <span class='ocrx_word' id='word_1_427' title='bbox 1746 2103 1826 2136; x_wconf 88' lang='lat' dir='ltr'>quae</span> <span class='ocrx_word' id='word_1_428' title='bbox 1851 2092 1951 2135; x_wconf 84' lang='lat' dir='ltr'>magis</span> 
     </span>
     <span class='ocr_line' id='line_1_86' title="bbox 1212 2146 1952 2192; baseline -0.004 -11"><span class='ocrx_word' id='word_1_429' title='bbox 1212 2149 1360 2192; x_wconf 80' lang='lat' dir='ltr'>expedire</span> <span class='ocrx_word' id='word_1_430' title='bbox 1388 2149 1592 2189; x_wconf 85' lang='lat' dir='ltr'>indicaveris,</span> <span class='ocrx_word' id='word_1_431' title='bbox 1621 2147 1766 2188; x_wconf 88' lang='lat' dir='ltr'>condere,</span> <span class='ocrx_word' id='word_1_432' title='bbox 1788 2146 1952 2190; x_wconf 84' lang='lat' dir='ltr'>publicare</span> 
     </span>
     <span class='ocr_line' id='line_1_87' title="bbox 1213 2199 1952 2244; baseline -0.004 -9"><span class='ocrx_word' id='word_1_433' title='bbox 1213 2207 1242 2235; x_wconf 87' lang='lat' dir='ltr'>et</span> <span class='ocrx_word' id='word_1_434' title='bbox 1255 2202 1416 2235; x_wconf 87' lang='lat' dir='ltr'>observari</span> <span class='ocrx_word' id='word_1_435' title='bbox 1429 2203 1541 2241; x_wconf 75' lang='lat' dir='ltr'>facere,</span> <span class='ocrx_word' id='word_1_436' title='bbox 1556 2210 1688 2241; x_wconf 86' lang='lat' dir='ltr'>necnon,</span> <span class='ocrx_word' id='word_1_437' title='bbox 1709 2201 1734 2233; x_wconf 89' lang='lat' dir='ltr'>si</span> <span class='ocrx_word' id='word_1_438' title='bbox 1751 2211 1832 2244; x_wconf 85' lang='lat' dir='ltr'>opus</span> <span class='ocrx_word' id='word_1_439' title='bbox 1847 2199 1952 2240; x_wconf 84' lang='lat' dir='ltr'>suerit,</span> 
     </span>
     <span class='ocr_line' id='line_1_88' title="bbox 1212 2253 1952 2299; baseline -0.003 -11"><span class='ocrx_word' id='word_1_440' title='bbox 1212 2266 1429 2299; x_wconf 77' lang='lat' dir='ltr'>quoscumque</span> <span class='ocrx_word' id='word_1_441' title='bbox 1453 2255 1566 2288; x_wconf 87' lang='lat' dir='ltr'>milites</span> <span class='ocrx_word' id='word_1_442' title='bbox 1591 2253 1804 2295; x_wconf 75' lang='lat' dir='ltr'>conscribere,</span> <span class='ocrx_word' id='word_1_443' title='bbox 1817 2258 1856 2295; x_wconf 81' lang='lat' dir='ltr'>et,</span> <span class='ocrx_word' id='word_1_444' title='bbox 1871 2263 1952 2296; x_wconf 90' lang='lat' dir='ltr'>quae</span> 
     </span>
     <span class='ocr_line' id='line_1_89' title="bbox 1212 2307 1952 2353; baseline -0.003 -12"><span class='ocrx_word' id='word_1_445' title='bbox 1212 2320 1271 2353; x_wconf 90' lang='lat' dir='ltr'>pro</span> <span class='ocrx_word' id='word_1_446' title='bbox 1289 2314 1467 2343; x_wconf 81' lang='lat' dir='ltr'>commeatu</span> <span class='ocrx_word' id='word_1_447' title='bbox 1481 2313 1511 2341; x_wconf 87' lang='lat' dir='ltr'>et</span> <span class='ocrx_word' id='word_1_448' title='bbox 1527 2312 1680 2352; x_wconf 87' lang='lat' dir='ltr'>apparatu</span> <span class='ocrx_word' id='word_1_449' title='bbox 1692 2307 1870 2341; x_wconf 80' lang='lat' dir='ltr'>necessaria</span> <span class='ocrx_word' id='word_1_450' title='bbox 1886 2307 1952 2340; x_wconf 85' lang='lat' dir='ltr'>sue-</span> 
     </span>
     <span class='ocr_line' id='line_1_90' title="bbox 1212 2361 1951 2406; baseline -0.003 -11"><span class='ocrx_word' id='word_1_451' title='bbox 1212 2363 1293 2403; x_wconf 87' lang='lat' dir='ltr'>rint,</span> <span class='ocrx_word' id='word_1_452' title='bbox 1318 2363 1457 2406; x_wconf 84' lang='lat' dir='ltr'>midique</span> <span class='ocrx_word' id='word_1_453' title='bbox 1486 2361 1673 2406; x_wconf 86' lang='lat' dir='ltr'>perquirere</span> <span class='ocrx_word' id='word_1_454' title='bbox 1697 2367 1727 2394; x_wconf 90' lang='lat' dir='ltr'>et</span> <span class='ocrx_word' id='word_1_455' title='bbox 1751 2370 1951 2404; x_wconf 85' lang='lat' dir='ltr'>comparare;</span> 
     </span>
     <span class='ocr_line' id='line_1_91' title="bbox 1212 2413 1952 2460; baseline -0.003 -12"><span class='ocrx_word' id='word_1_456' title='bbox 1212 2426 1429 2460; x_wconf 86' lang='lat' dir='ltr'>quaecumque</span> <span class='ocrx_word' id='word_1_457' title='bbox 1461 2425 1639 2456; x_wconf 89' lang='lat' dir='ltr'>armorum,</span> <span class='ocrx_word' id='word_1_458' title='bbox 1665 2420 1694 2447; x_wconf 89' lang='lat' dir='ltr'>et</span> <span class='ocrx_word' id='word_1_459' title='bbox 1722 2414 1797 2448; x_wconf 89' lang='lat' dir='ltr'>belli</span> <span class='ocrx_word' id='word_1_460' title='bbox 1819 2413 1952 2457; x_wconf 84' lang='lat' dir='ltr'>negocia</span> 
     </span>
     <span class='ocr_line' id='line_1_92' title="bbox 1212 2468 1952 2513; baseline -0.004 -9"><span class='ocrx_word' id='word_1_461' title='bbox 1212 2474 1363 2511; x_wconf 74' lang='lat' dir='ltr'>tractare,</span> <span class='ocrx_word' id='word_1_462' title='bbox 1403 2479 1590 2513; x_wconf 85' lang='lat' dir='ltr'>congressus</span> <span class='ocrx_word' id='word_1_463' title='bbox 1622 2469 1757 2502; x_wconf 88' lang='lat' dir='ltr'>militum</span> <span class='ocrx_word' id='word_1_464' title='bbox 1789 2468 1952 2512; x_wconf 87' lang='lat' dir='ltr'>generales</span> 
     </span>
     <span class='ocr_line' id='line_1_93' title="bbox 1213 2522 1951 2567; baseline -0.001 -11"><span class='ocrx_word' id='word_1_465' title='bbox 1213 2525 1261 2556; x_wconf 89' lang='lat' dir='ltr'>vel</span> <span class='ocrx_word' id='word_1_466' title='bbox 1285 2523 1502 2567; x_wconf 85' lang='lat' dir='ltr'>particulares,</span> <span class='ocrx_word' id='word_1_467' title='bbox 1519 2528 1614 2567; x_wconf 84' lang='lat' dir='ltr'>prout</span> <span class='ocrx_word' id='word_1_468' title='bbox 1638 2534 1688 2556; x_wconf 88' lang='lat' dir='ltr'>res</span> <span class='ocrx_word' id='word_1_469' title='bbox 1716 2527 1747 2556; x_wconf 84' lang='lat' dir='ltr'>et</span> <span class='ocrx_word' id='word_1_470' title='bbox 1770 2522 1894 2556; x_wconf 87' lang='lat' dir='ltr'>occasio</span> <span class='ocrx_word' id='word_1_471' title='bbox 1914 2522 1951 2554; x_wconf 85' lang='lat' dir='ltr'>si-</span> 
     </span>
     <span class='ocr_line' id='line_1_94' title="bbox 1212 2577 1951 2622; baseline -0.003 -12"><span class='ocrx_word' id='word_1_472' title='bbox 1212 2577 1329 2610; x_wconf 89' lang='lat' dir='ltr'>militer</span> <span class='ocrx_word' id='word_1_473' title='bbox 1344 2578 1558 2622; x_wconf 84' lang='lat' dir='ltr'>postulaverit,</span> <span class='ocrx_word' id='word_1_474' title='bbox 1573 2577 1720 2611; x_wconf 90' lang='lat' dir='ltr'>ordinare</span> <span class='ocrx_word' id='word_1_475' title='bbox 1733 2582 1763 2610; x_wconf 87' lang='lat' dir='ltr'>et</span> <span class='ocrx_word' id='word_1_476' title='bbox 1783 2577 1951 2620; x_wconf 75' lang='lat' dir='ltr'>imperare3</span> 
     </span>
     <span class='ocr_line' id='line_1_95' title="bbox 1212 2630 1950 2677; baseline -0.003 -12"><span class='ocrx_word' id='word_1_477' title='bbox 1212 2642 1426 2677; x_wconf 82' lang='lat' dir='ltr'>quascumque</span> <span class='ocrx_word' id='word_1_478' title='bbox 1442 2642 1603 2677; x_wconf 78' lang='lat' dir='ltr'>expensas,</span> <span class='ocrx_word' id='word_1_479' title='bbox 1618 2642 1698 2676; x_wconf 86' lang='lat' dir='ltr'>quae</span> <span class='ocrx_word' id='word_1_480' title='bbox 1714 2631 1745 2665; x_wconf 93' lang='lat' dir='ltr'>in</span> <span class='ocrx_word' id='word_1_481' title='bbox 1757 2630 1950 2676; x_wconf 78' lang='lat' dir='ltr'>praemissis,</span> 
     </span>
    </p>
   </div>
   <div class='ocr_carea' id='block_1_12' title="bbox 1959 234 2141 263">
    <p class='ocr_par' dir='ltr' id='par_1_13' title="bbox 1959 234 2141 263">
     <span class='ocr_line' id='line_1_96' title="bbox 1959 234 2141 263; baseline 0.005 -2"><span class='ocrx_word' id='word_1_482' title='bbox 1959 235 2007 262; x_wconf 79' lang='lat' dir='ltr'>An.</span> <span class='ocrx_word' id='word_1_483' title='bbox 2025 234 2053 262; x_wconf 84' lang='lat' dir='ltr'>C.</span> <span class='ocrx_word' id='word_1_484' title='bbox 2074 235 2141 263; x_wconf 71' lang='lat'><strong>1625</strong></span> 
     </span>
    </p>
   </div>
  </div>
 </body>
</html>
