2269 3235
116 286 165 312 An.
188 284 216 312 C.
239 284 306 312 1624

929 287 1069 310 (1110111115

316 332 501 365 dilectorum
520 333 658 367 filiorum
684 334 766 367 illius
791 333 1055 377 parochianorum
1073 338 1074 380 1

316 385 491 418 animarum
516 389 600 427 cura,
618 398 675 431 per
698 387 845 420 dilectum
864 386 961 418 tilium
983 382 1074 419 tunc*

316 438 498 473 existentem
521 441 697 473 ministrum
716 440 896 482 generalem
914 440 986 473 1111·ῑί
1004 440 1057 472 Or-
1072 466 1074 493 A

316 491 415 535 dinis,
455 504 472 526 a
507 494 606 527 felicis
638 493 864 527 recordationis
901 493 1074 547 Grvgoi-iffi

317 546 399 590 Papa
428 547 497 588 XV,
522 547 763 591 praedecessore
795 552 921 588 nostro,
948 547 1074 589 ordini}

316 599 476 643 praedicto
506 600 544 633 ad
574 600 719 633 effectum
749 600 916 642 collegium
949 600 1074 633 liuius-¹

316 653 400 685 modi
432 654 585 686 condendi
617 653 768 697 obtenta),
797 654 878 686 idem
905 660 1075 708 iescam-,3

316 707 422 739 volens
439 718 496 750 per
512 718 544 739 se
562 707 664 750 ipsum
682 718 769 739 suam
788 707 967 740 huiusmodi
993 708 1057 740 dis-

315 760 502 803 positionem
524 759 562 792 ad
583 760 730 793 effectum
754 760 939 803 perducere,
961 760 1057 804 quod-

316 812 409 845 dam¹
442 813 590 856 palatium
631 814 661 846 in
697 813 779 846 dicta
813 813 896 847 Urbe
929 819 959 846 et
991 814 1054 847 ltc-

315 865 408 908 gione
422 866 572 898 Montium
590 866 676 899 iuxta
690 867 914 901 monasterium
930 867 958 900 S.
974 867 1057 900 Petri

315 918 353 950 ad
373 918 497 951 vincula
520 920 691 963 nuncupati
712 920 816 960 situm,
842 922 904 953 una
920 931 992 954 cum
1019 920 1058 953 vi-

316 971 463 1014 ridariis,
490 973 642 1005 membris
667 979 697 1006 et
720 974 917 1017 pertinentiis
942 974 1016 1013 suis,
1041 985 1058 1007 a

315 1024 429 1059 dilecto
460 1026 525 1059 tilio
557 1026 655 1060 nobili
689 1027 756 1060 viro
780 1027 895 1061 Ioanne
921 1027 1058 1071 Georgio

315 1079 484 1113 Caesarino
508 1080 587 1114 duce
611 1081 849 1115 Civitatisnovae
874 1082 1001 1123 emerit,
1022 1082 1059 1115 il-

316 1133 432 1178 ludque
457 1134 502 1168 sic
527 1140 667 1179 emptum
686 1135 769 1169 dieto
793 1135 900 1169 Ordini
924 1136 962 1169 ad
988 1136 1060 1169 effc-

317 1192 401 1220 etum
419 1188 495 1221 inibi
516 1189 680 1222 ecclesiam
699 1195 728 1222 et
753 1189 924 1234 hospitium
946 1201 982 1223 ac
1000 1191 1061 1224 col-

316 1242 433 1284 legium
458 1243 636 1275 lmiusmodi
658 1243 797 1275 construi
822 1243 954 1276 faciendi
972 1244 1057 1287 (cum

316 1305 412 1327 onere
436 1295 520 1338 quod
544 1295 602 1339 ipsi
627 1301 788 1329 corrector
813 1300 843 1330 et
865 1297 979 1329 fratres
1004 1308 1077 1330 seu*

316 1354 487 1381 conventus
512 1348 629 1381 dictum
648 1350 797 1393 palatium
824 1350 861 1382 ad
886 1362 976 1383 usum
999 1352 1077 1384 col-¹

316 1401 388 1444 legii
414 1412 472 1445 pro
498 1401 690 1436 habitatione
714 1404 846 1437 fratrum
872 1404 945 1436 dicti
974 1404 1060 1437 Ordi-

316 1454 364 1487 nis
381 1455 559 1498 theologiae
576 1467 707 1500 operam
726 1457 905 1490 navantium
924 1458 1059 1490 nationis

316 1508 471 1542 citerioris
503 1509 664 1543 Calabriae
695 1510 877 1544 huiusmodi
907 1511 1059 1544 reducere

316 1573 371 1596 seu
402 1563 511 1596 reduci
543 1563 693 1603 debeant,
719 1570 749 1597 et
778 1565 809 1597 in
840 1565 971 1609 reliquis
1001 1563 1077 1610 sub}

317 1616 434 1649 eisdem
456 1617 700 1658 conditionibus,
721 1618 882 1658 oneribus,
907 1619 1060 1651 caducita-

316 1670 408 1712 tibus,
434 1671 591 1715 modoque
618 1676 648 1705 et
671 1672 772 1705 forma
795 1672 825 1705 in
850 1672 933 1705 dieto
965 1678 1058 1706 testa-

316 1727 421 1758 mento
436 1725 603 1768 contentis)
617 1725 864 1759 irrevocabiliter
879 1726 960 1758 inter
973 1726 1059 1759 vivos

316 1783 469 1821 perpetuo
494 1778 674 1818 donaverim
704 1778 899 1823 subindeque
929 1779 1059 1813 dilectos

317 1831 409 1864 etiam
420 1831 658 1865 tiliosloannem
670 1832 838 1876 Baptistam
856 1843 872 1865 a
888 1832 917 1865 S.
928 1833 1058 1876 Agatha,

317 1890 347 1917 ct
365 1885 565 1919 Franciscum
585 1886 622 1919 de
640 1886 808 1930 Spenano,
827 1898 862 1919 ac
878 1887 1059 1931 Dionysium
1077 1889 1078 1916 ἲ

317 1938 355 1971 (10
380 1939 483 1982 Paula,
508 1950 631 1974 necnon
656 1941 831 1975 vicentium
857 1941 894 1973 de
915 1941 1059 1975 Cusentia

318 1998 348 2025 et
372 1993 574 2027 Laurentium
593 1995 685 2028 etiam
703 1994 741 2027 de
765 1995 932 2038 Spezzano,
954 2006 989 2028 ac
1010 1995 1079 2037 ati-3

318 2046 458 2081 chaelem
474 2059 491 2081 a
514 2048 641 2091 Regina,
660 2048 791 2081 Paulum
813 2049 851 2082 de
868 2049 971 2090 Ruito,
992 2059 1061 2082 nec·
1078 2039 1079 2051 ¹

317 2111 378 2134 non
393 2101 540 2135 Ioannem
558 2102 650 2135 etiam
668 2113 685 2135 a
702 2102 829 2145 Regina,
845 2106 874 2136 et
890 2102 1060 2136 Antonium

317 2154 356 2187 de
379 2155 526 2197 Morano,
550 2156 664 2189 fratres
688 2155 807 2189 dictum
833 2155 981 2190 Ordinem
1008 2167 1061 2189 cx-

318 2218 424 2251 presse
448 2209 618 2253 professos,
639 2215 669 2243 et
694 2220 730 2242 ex
755 2209 895 2243 citeriori
919 2209 1062 2243 Calabria

318 2261 499 2295 huiusmodi
516 2263 677 2303 oriundos,
696 2263 727 2296 in
745 2263 828 2296 dicta
848 2263 943 2296 domo
956 2262 985 2295 S.
1004 2263 1063 2296 An-

318 2315 412 2348 dreae
435 2320 510 2349 tunc
534 2322 775 2359 commorantes,
802 2317 833 2349 in
858 2317 1012 2349 actualem
1034 2320 1063 2350 et

319 2370 517 2413 corporalem
541 2371 771 2414 possessionem
795 2371 924 2415 palatii,
949 2370 1064 2403 virida-

319 2422 451 2464 riorum,
468 2423 668 2469 aliorumque
692 2425 911 2458 membrorum
936 2429 967 2457 et
990 2434 1062 2468 per—

321 2475 521 2509 tinentiarum
564 2478 799 2521 praedictorum
834 2478 1062 2518 introduxerit,

320 2529 442 2573 ipsique
456 2530 593 2575 denique
612 2531 656 2564 sic
675 2531 844 2565 introducti
862 2531 1061 2575 superiorum

319 2583 504 2617 auctoritate
533 2584 687 2628 capellam
717 2596 771 2618 sen
804 2585 979 2618 oratorium
1006 2584 1063 2617 sub

320 2637 515 2671 invocatione
531 2638 671 2671 eiusdem
691 2638 720 2671 S.
742 2639 900 2671 Francisci
919 2639 957 2671 de
971 2638 1064 2670 Paula

353 2700 363 2726 1
383 2699 452 2726 Edit.
469 2700 553 2727 Main.
568 2700 632 2734 legit
648 2701 815 2735 quodquam
830 2704 867 2731 (R.
885 2703 932 2731 Τ.).

1095 287 1150 310 vm
1175 287 1222 310 rr.
1734 276 1797 308 “2159

1091 335 1120 366 111
1145 335 1278 377 <puidam
1304 340 1391 378 parte
1409 334 1548 367 eiusdem
1570 333 1673 377 palatii
1699 334 1829 367 existen-

1091 392 1150 420 tem
1177 399 1231 421 seu
1256 388 1390 421 existens
1408 388 1588 421 ornaverint
1605 393 1634 419 ct
1650 388 1828 419 clausuram

1090 445 1261 474 conventus
1286 442 1527 485 appellaverint:
1554 441 1614 473 illis
1643 452 1717 473 xero
1749 440 1830 473 ordi-

1090 493 1245 525 nationem
1262 494 1358 537 ipsius
1379 494 1565 528 00111111101115
1583 495 1719 527 exactius
1736 494 1830 526 adim-

1090 546 1176 589 plere
1209 546 1482 587 desiderantibus,
1508 548 1609 580 dictus
1642 553 1770 579 testator
1801 552 1829 579 et

1090 599 1234 640 donator,
1251 600 1331 631 sient
1348 600 1480 633 Domino
1497 601 1624 643 placuit,
1642 601 1680 632 ab
1695 601 1752 632 liae
1769 600 1832 632 vita

1090 652 1282 693 decesserit,
1307 664 1343 685 ac
1372 657 1443 697 post
1473 654 1538 686 eius
1571 654 1689 686 obitum
1721 654 1832 687 fratres

1091 705 1191 737 dietae
1224 706 1336 739 ‹lomus
1362 708 1390 739 S*
1416 707 1572 749 Andreae7
1600 707 1832 740 considerantes

1093 759 1193 802 ipsum
1220 764 1400 792 testatorem
1428 765 1457 791 et
1482 760 1665 793 donatorem
1698 760 1833 792 nationis

1091 822 1164 844 suae
1198 812 1364 855 religiosos
1396 824 1431 846 ex
1463 813 1547 846 dicto
1580 824 1690 845 corum
1716 812 1831 845 Ordine

1092 866 1258 900 existentes
1291 866 1425 910 collegio
1459 867 1639 900 huiusmodi
1675 867 1834 900 honorare

1092 920 1250 961 voluisse,
1276 921 1444 964 omniaque
1477 921 1515 953 ad
1544 932 1655 954 eorum
1688 932 1778 953 usum
1804 926 1835 953 et

1092 974 1259 1007 utilitatem
1273 975 1454 1016 destinasse,
1470 980 1499 1007 et
1512 980 1742 1018 consequenter
1755 974 1834 1007 sieut

1092 1038 1189 1061 onera
1213 1028 1346 1069 diversa,
1364 1029 1408 1061 sic
1425 1033 1453 1061 01
1472 1028 1626 1061 bonorum
1654 1028 1834 1061 huiusmodi

1092 1081 1395 1115 administrationem
1413 1082 1456 1115 eis
1473 1082 1664 1115 demandare
1681 1082 1711 1114 in
1728 1082 1834 1115 animo

1092 1136 1254 1177 habuisse,
1280 1136 1462 1180 dictumque
1492 1136 1639 1169 Ioannem
1664 1135 1835 1180 Baptistam

1093 1189 1244 1232 praedicti
1269 1189 1394 1232 collegii
1420 1189 1572 1222 vicarium
1598 1190 1780 1233 deputatum
1805 1194 1835 1222 et

1075 1231 1150 1286 1pro
1175 1248 1316 1287 tempore
1342 1243 1509 1276 existentes
1542 1243 1625 1275 illius
1656 1244 1835 1287 superiores

1094 1296 1222 1329 idoneos
1247 1302 1276 1329 et
1300 1301 1497 1340 opportunos
1529 1296 1629 1329 dictae
1654 1297 1835 1329 hereditatis

1093 1350 1363 1383 administratores
1388 1354 1417 1384 et
1440 1350 1607 1384 voluntatis
1632 1350 1771 1383 eiusdem
1795 1356 1836 1383 te-

1094 1404 1219 1437 statoris
1240 1409 1269 1437 et
1291 1404 1453 1437 donatoris
1473 1404 1639 1447 diligentes
1660 1404 1836 1438 observato-

1093 1468 1143 1490 res
1160 1461 1188 1492 01
1201 1463 1412 1501 exequutores
1426 1458 1547 1491 futuros
1565 1468 1631 1491 esse
1647 1458 1837 1501 perspicien-

1094 1516 1148 1549 105,
1175 1511 1213 1544 (10
1238 1511 1378 1544 eiusdem
1397 1516 1471 1544 tunc
1492 1511 1652 1544 existentis
1670 1511 1834 1553 generalis,

1094 1575 1129 1597 ae
1153 1564 1341 1598 dilectorum
1359 1564 1504 1597 similiter
1528 1564 1667 1597 tiliorum
1693 1564 1836 1597 (1101101-

1093 1618 1183 1659 dinis⁷
1198 1618 1344 1661 illiusque
1358 1619 1552 1661 collegarum
1566 1629 1703 1655 assensu,
1718 1623 1748 1651 et
1763 1629 1835 1651 cum

1094 1672 1270 1705 interventu
1305 1678 1335 1705 et
1372 1672 1550 1715 praesentia
1582 1677 1645 1704 tam
1678 1672 1835 1704 dictorum

1093 1726 1304 1769 collegarum,
1330 1736 1424 1768 quam
1457 1725 1550 1757 etiam
1584 1725 1687 1758 dilecti
1719 1725 1837 1768 pariter

1094 1779 1147 1811 filii
1167 1779 1267 1811 nostri
1282 1778 1442 1823 Hippolyti
1461 1783 1585 1811 sanctae
1603 1778 1715 1811 Mariae
1733 1779 1837 1811 Novae

1094 1832 1215 1865 diaconi
1232 1832 1399 1865 cardinalis
1411 1832 1637 1865 Aldobrandini
1654 1832 1835 1875 nuncupati,

1095 1886 1238 1919 moderni
1256 1885 1396 1919 eiusdem
1415 1885 1540 1918 Ordinis
1564 1886 1763 1929 protectoris,
1782 1897 1837 1919 5011

1095 1939 1161 1972 01115
1186 1939 1338 1971 auditoris
1356 1939 1394 1971 ad
1420 1939 1450 1972 id
1475 1939 1513 1971 ab
1539 1939 1836 1983 0011011111111Ῑῑ101)’10

1095 1993 1252 2026 cardinale
1278 1993 1456 2037 specialiter
1481 1993 1631 2036 deputati7
1650 2004 1685 2025 ac
1706 1993 1763 2025 sub
1784 2003 1838 2026 no-

1096 2051 1160 2081 stro
1185 2050 1215 2080 et
1240 2046 1327 2079 Sedis
1351 2046 1549 2089 Apostolieae
1574 2046 1771 2089 beneplacito
1792 2057 1839 2079 ac-

1096 2099 1267 2144 ceptatam¹
1286 2110 1343 2143 per
1361 2110 1414 2132 005
1431 2099 1504 2132 (11011
1523 2099 1681 2133 testatoris
1698 2099 1839 2132 haeredi-

1094 2159 1200 2195 tatem,
1220 2163 1376 2196 omneque
1393 2153 1596 2186 commodum
1615 2158 1644 2185 et
1668 2152 1839 2186 incommo—

1096 2208 1171 2241 dum
1197 2208 1297 2242 illius.
1323 2217 1446 2241 necnon
1470 2218 1526 2240 sua
1546 2211 1576 2239 et
1600 2207 1700 2240 dictae
1725 2207 1838 2240 domus

1096 2262 1124 2295 S.
1145 2261 1287 2295 Andreae
1313 2261 1382 2293 iura
1408 2266 1438 2294 et
1462 2261 1600 2294 actiones
1620 2271 1838 2306 quaecumque

1096 2316 1141 2349 eis
1166 2321 1195 2348 et
1220 2326 1331 2348 eorum
1349 2315 1476 2348 cuilibet
1493 2315 1731 2359 quomodolibet
1755 2315 1839 2348 attri-

1096 2370 1180 2411 buta,
1195 2380 1231 2402 ac
1256 2369 1469 2413 competentia
1482 2372 1511 2403 et
1524 2368 1745 2412 competitura,
1767 2379 1837 2401 cuni

1097 2423 1245 2457 omnibus
1269 2428 1300 2456 et
1323 2423 1454 2465 singulis
1472 2422 1715 2463 conditionibus,
1735 2423 1839 2455 oneri-

1096 2477 1163 2518 bus,
1181 2476 1315 2509 vinculis
1336 2480 1365 2510 01
1381 2476 1491 2519 poenis
1508 2476 1539 2508 in
1556 2475 1640 2509 dicto
1655 2481 1839 2508 testamento

1097 2531 1260 2572 contentis,
1279 2530 1309 2562 in
1327 2530 1523 2574 praedictum
1548 2529 1696 2563 Ioannem
1722 2529 1840 2574 Baptis-

1097 2589 1160 2616 tam
1192 2583 1366 2623 vicarium,
1390 2593 1448 2626 pro
1479 2593 1512 2616 se
1536 2594 1572 2616 ac
1604 2583 1839 2617 suecessoribus·

1098 2637 1172 2677 suis,
1189 2637 1334 2680 dictoque
1360 2637 1494 2679 collegio
1519 2642 1549 2669 et
1573 2637 1656 2669 illius
1681 2637 1839 2678 religiosis

1136 2702 1142 2726 1
1164 2699 1234 2725 Edit.
1255 2699 1331 2725 lllaini
1350 2699 1414 2734 legit
1429 2703 1575 2734 acceptam
1594 2701 1629 2735 [n.
1648 2702 1696 2735 1.).

1844 285 1895 313 An.
1915 284 1943 312 C.
1963 285 2029 312 ¹624
