2269 3235
113 230 162 259 An.
183 231 213 258 C.
230 230 297 258 1624

142 558 234 583 nerogat
250 562 298 578 con-

116 587 193 606 trariis.

133 1620 190 1643 Cum.
200 1621 247 1646 post
257 1618 302 1639 obi-

118 1650 160 1668 tum
171 1648 230 1667 ‹iu-:is
239 1646 303 1666 Fran-

118 1675 168 1695 cisci
184 1674 265 1694 Mariae
276 1672 302 1693 de

119 1701 214 1724 Rovere,
230 1699 302 1720 Urbim

119 1729 208 1748 ducatus
223 1727 249 1747 ad
269 1732 302 1746 ca·

119 1760 197 1775 meram
220 1756 302 1779 aposto-

119 1781 181 1801 licam
204 1780 302 1801 devolva-

120 1810 165 1832 tur;

933 231 1074 255 URBANUS
1099 231 1156 254 vm
1179 231 1228 254 PP.

312 278 514 319 mentionem,
532 279 644 319 facere,
668 278 783 320 dicere,
800 288 911 322 gerere
935 283 965 311 ct
985 289 1052 311 exe-

312 330 365 374 qui
386 331 485 363 libcre
501 334 531 364 et
551 330 633 363 licite
657 330 756 374 possis
772 334 801 364 et
818 329 929 371 valcas,
943 334 1051 361 tenore

312 383 535 427 praesentium,
554 384 690 427 plenam,
708 382 840 415 liberam
865 385 895 415 et
914 381 1050 425 amplam

312 438 490 471 facultatem
515 443 546 471 et
569 437 784 471 auctoritatem
803 435 1004 468 concedimus
1021 440 1048 468 et

313 491 522 535 impertinmr.

358 546 372 588 ἓ
395 544 425 578 3.
451 546 518 578 Non
547 543 743 577 obstantibus
776 542 1051 576 constitutionibus

314 602 343 632 et
367 597 615 632 ordinationibus
644 596 843 640 apostolicis,
874 596 1051 639 ceterisque

314 651 480 685 contrariis
504 650 764 693 quibuscumque.

358 705 469 737 Datum
493 704 620 742 Romae,
644 702 728 746 apud
752 702 781 736 S.
807 702 935 735 Mariam
960 701 1052 735 Maio-

313 769 402 798 rem,
423 757 480 790 sub
512 757 627 789 annulo
651 756 818 789 Piscatoris
834 783 842 796 ,
867 756 917 789 die
941 766 951 789 1
986 755 1050 789 iulii

313 821 462 851 MDCxxlv,
486 810 686 854 pontificatus
706 810 805 843 nostri
830 820 912 844 anno
936 809 976 843 1¹.

349 873 406 900 Dat.
427 872 470 899 die
494 874 502 900 1
525 872 582 899 iulii
604 873 681 906 1624,
698 872 793 907 pontif.
810 880 879 900 auno
900 879 917 899 ι.

626 989 741 1022 Lxxll.

313 1060 468 1094 Devolnlo
492 1061 535 1093 ad
560 1071 721 1094 canteram
757 1060 968 1104 apostolicam
996 1060 1054 1093 Ur-

359 1115 430 1147 bini
454 1115 585 1154 ducatu,
608 1114 788 1147 mandatur
811 1113 983 1146 nonnullis
1003 1113 1055 1146 de-

359 1167 485 1210 leuatis,
506 1171 618 1200 curent
635 1178 684 1200 eos
708 1167 745 1199 in
768 1166 932 1209 fortalitia
949 1171 978 1199 e!
999 1177 1053 1198 ar-

359 1230 406 1252 ces
431 1220 576 1252 eiusdem
599 1220 734 1252 ducatus
758 1218 905 1259 admitti,
933 1219 993 1262 qni
1017 1218 1054 1251 ab

360 1273 549 1306 haeredibus
587 1273 732 1316 defuncti
762 1273 853 1305 ducis
883 1273 1056 1306 Franciscz'

358 1326 486 1358 Mariae
505 1326 543 1358 de
555 1327 674 1359 Rovere
690 1325 733 1358 ad
752 1326 978 1358 inventarium
996 1330 1056 1358 tor-

357 1383 561 1419 mentorum,
589 1389 783 1419 armornm,
810 1383 1056 1423 ceterarumque

359 1441 469 1464 rerum
493 1432 728 1474 conficiendum
752 1431 1040 1476 dese'ynabuntur‘2.

518 1505 654 1531 Urbanus
675 1504 753 1538 Papa
773 1504 850 1538 V111,

459 1549 496 1576 ad
515 1549 649 1576 futuram
668 1550 712 1576 rei
732 1549 913 1576 memoriam.

361 1611 376 1655 g
393 1611 422 1643 l.
441 1611 678 1645 Considerantes
695 1611 842 1644 ducatum
857 1610 975 1651 Urbini,
988 1621 1057 1644 nec-

317 1676 380 1699 non
404 1666 544 1698 civitates
562 1665 828 1708 Senogalliensem
849 1670 877 1698 et
896 1665 1058 1698 Pisauren-

318 1729 402 1759 sem,
427 1724 457 1751 et
492 1718 521 1751 S.
554 1719 676 1759 Leonis,
701 1730 773 1751 cum
806 1720 892 1751 terra
922 1724 952 1751 et
985 1729 1056 1751 arce

317 1772 429 1813 MaioIi,
443 1783 479 1805 ac
495 1777 595 1805 totum
613 1772 732 1805 Statum
758 1771 1056 1813 Montisseretanum,

318 1826 440 1870 aliaque
465 1826 612 1866 dominia,
633 1826 783 1866 civitates,
801 1826 924 1869 oppida,
946 1831 1056 1866 terras,

318 1885 441 1919 castra,
464 1879 723 1923 propugnacula,
752 1879 898 1912 fortalitia
930 1885 959 1912 et
990 1881 1057 1913 loca

318 1944 553 1978 quaecumque,
578 1933 671 1965 etiam
697 1933 823 1976 speciali
847 1935 922 1966 nota
947 1937 975 1967 et
1000 1945 1055 1967 ex-

318 1988 479 2031 pressione
503 1988 607 2030 digna‚
625 1987 656 2020 in
674 1992 704 2020 et
727 1988 785 2020 sub
803 1988 890 2022 Statu
906 1988 980 2021 dieti
1005 1989 1059 2022 du-

317 2047 404 2074 catus
429 2041 539 2075 Urbini
571 2041 609 2074 ad
640 2052 789 2086 praesens
819 2042 1058 2086 quomodolibet

318 2095 568 2138 comprehensa,
594 2101 623 2128 et
647 2095 751 2129 dilecti
775 2095 831 2128 filii
855 2096 970 2129 nobilis
999 2097 1056 2129 viri

318 2149 476 2182 Francisci
501 2149 615 2182 Mariae
644 2149 752 2183 Urbini
773 2149 861 2182 ducis
885 2155 1059 2184 antecesso-

319 2203 408 2236 ribus
427 2203 545 2236 dudum
560 2214 577 2235 a
590 2203 737 2236 Romanis
751 2203 954 2236 Pontificibus
971 2215 1058 2248 prae-

320 2256 537 2290 decessoribus
560 2258 676 2290 nostris
696 2257 727 2289 in
747 2257 873 2290 seudum
888 2258 945 2290 sub
960 2259 1058 2301 pactis

321 2316 352 2344 et
375 2311 607 2344 conditionibus
636 2312 667 2344 in
700 2311 892 2344 investituris
923 2311 1059 2356 desuper

321 2364 409 2397 sactis
433 2365 586 2398 contentis
610 2371 640 2398 et
664 2365 819 2409 expressis
844 2365 915 2398 data
939 2372 970 2398 et
989 2376 1061 2399 con-

321 2429 428 2459 cessa,
453 2429 508 2452 seu
539 2419 614 2452 alias
638 2430 695 2463 per
723 2419 825 2463 ipsum
857 2420 1077 2453 Franciscum‘

320 2472 449 2506 Mariam
462 2472 573 2506 ducem
588 2473 824 2517 quomodolibet
836 2484 990 2518 possessa,
1004 2484 1060 2518 per

359 2555 367 2580 1
390 2553 516 2581 Eiusdem
531 2554 648 2588 exempli
661 2554 742 2581 Breve
753 2555 910 2589 expeditum
925 2554 1062 2591 fuitprae—

321 2599 376 2627 sato
391 2607 498 2634 quoque
514 2598 600 2626 Lucae
616 2599 729 2626 Antonio
745 2599 831 2627 Virili.

358 2642 375 2671 Ξ
390 2643 428 2671 Ex
443 2644 550 2680 Regest.
566 2644 594 2671 in
607 2645 708 2672 Secret.
724 2643 799 2672 Brev.

1724 219 1783 252 181
1837 230 1885 256 An.
1907 229 1935 255 c.
1955 229 2020 256 icet

1084 278 1205 311 obitum
1230 278 1302 312 dieti
1327 278 1483 311 Francisri
1509 278 1621 310 Mariae
1646 277 1734 309 ducis
1758 277 1823 309 sine

1085 331 1191 365 liberis
1216 337 1246 365 et
1270 332 1530 365 descendentibus
1552 331 1699 364 masculis
1724 331 1824 373 legiti-

1085 385 1143 417 mis
1161 389 1189 418 ct
1206 386 1410 425 naturalibus,
1425 386 1464 418 ob
1486 386 1597 418 lineam
1620 385 1748 424 linitam,
1763 386 1823 416 una

1085 449 1155 470 euin
1177 439 1324 471 omnibus
1349 450 1457 471 corum
1485 438 1662 479 territoriis,
1680 438 1826 471 districti·
1962 478 1976 496 α

1084 491 1152 531 bus,
1173 491 1453 531 iurisdictionibus,
1480 492 1643 532 fortalitiis,
1669 492 1732 524 sive
1756 502 1826 534 pro—

1085 544 1280 587 pugnaciiliS,
1298 545 1460 585 membris,
1482 545 1602 577 iuribus
1619 551 1647 577 et
1671 544 1826 588 pertinen-

1085 597 1134 630 tiis
1152 597 1305 630 universis
1322 600 1465 640 (excepto
1482 598 1589 631 Castro
1605 599 1691 631 l'odii
1714 598 1824 630 Iliber-

1085 661 1198 683 norum
1221 655 1251 684 et
1274 651 1343 683 aliis
1367 650 1459 683 bonis
1477 661 1538 683 non
1565 651 1748 691 feudalibus,
1768 662 1825 684 nec

1086 704 1406 745 iurisdictionalibus,
1432 705 1579 737 relaxatis
1603 711 1631 737 et
1658 706 1824 738 reservatis

1085 757 1156 790 duci
1175 758 1346 801 praedicto,
1363 758 1493 801 eiusque
1510 758 1698 791 haeredibus
1715 764 1745 791 et
1761 770 1825 791 suc-

1086 811 1264 844 cessoribus
1285 812 1316 844 in
1341 812 1550 844 instrumento
1573 812 1760 845 concordiae
1780 823 1827 845 ce-

1086 864 1206 898 lebrato
1227 865 1284 897 sub
1302 865 1352 897 die
1368 876 1429 899 xxx
1450 865 1558 909 aprilis
1578 866 1722 909 proxime
1740 876 1827 909 prae-

1087 919 1194 963 teriti),
1212 920 1254 952 ita
1274 919 1457 963 disponente
1483 920 1625 961 Domino,
1649 924 1771 964 aperta,
1792 930 1826 953 ac

1087 973 1125 1005 ad
1149 983 1206 1006 nos
1231 978 1261 1005 et
1286 974 1457 1006 Romanam
1482 973 1674 1013 Ecclesiam,
1701 973 1828 1006 Sedeni-

1087 1037 1146 1069 que
1171 1032 1202 1059 et
1225 1037 1382 1059 eameram
1407 1027 1617 1070 Apostolicain
1649 1038 1774 1060 reversa
1798 1032 1827 1060 et

1088 1080 1233 1112 devoluta
1258 1080 1312 1112 iri:

1132 1133 1147 1176 ἓ
1170 1134 1200 1166 ⁶2.
1226 1133 1356 1174 Idcirco,
1374 1139 1461 1167 motu
1482 1135 1614 1178 proprio
1631 1140 1657 1167 et
1684 1145 1720 1167 cx
1741 1136 1827 1167 certa
1869 1144 2025 1165 vunneman-

1088 1186 1217 1220 scientia
1247 1189 1355 1220 nostra
1370 1215 1377 1227 ,
1402 1188 1508 1221 futuro
1533 1188 1671 1221 eiusdem
1697 1188 1827 1221 ducatus
1843 1172 2028 1224 31:2¹⁴]-12s‘lfil‘3¹.¹{¹51

1088 1244 1196 1274 nostro
1221 1245 1250 1274 et
1274 1241 1361 1274 Sedis
1392 1242 1589 1285 Apostolicae
1624 1243 1748 1284 legato,
1773 1253 1827 1274 seu
1843 1225 2028 1287 i'n'ffiiiidsabuiiii‘ii}

1088 1294 1302 1336 gubernatori,
1331 1305 1453 1328 necnon
1478 1295 1648 1328 venerabili
1672 1295 1759 1328 fratri
1784 1296 1830 1328 lo·
1853 1312 1881 1324 ἰιι

1088 1347 1161 1379 anni
1192 1347 1433 1391 archiepiscopo
1458 1348 1735 1392 Adrianopolitano
1759 1338 1983 1409 pro-liliuzfflnlp¹
2009 1337 2028 1350 m

1089 1401 1209 1434 vinciae
1223 1401 1388 1442 Marchiae,
1404 1408 1431 1434 ct
1453 1403 1575 1435 dilectis
1595 1403 1667 1435 filiis
1678 1403 1829 1445 magistro
1933 1400 1939 1403 ⁴
1973 1398 1979 1405 ’

1090 1454 1228 1488 Fabritio
1253 1455 1405 1499 Verospio
1439 1453 1621 1499 cappellano
1646 1462 1774 1497 nostro,
1800 1462 1829 1489 et

1090 1518 1256 1541 causarum
1282 1508 1387 1552 palatii
1412 1509 1575 1552 apostolici
1600 1509 1831 1549 auditori,civi-

1091 1562 1161 1594 tatis
1185 1562 1332 1595 Perusiae
1356 1573 1391 1595 ac
1415 1562 1596 1606 provinciae
1613 1563 1760 1596 Umbriae
1777 1574 1831 1606 gu-

1090 1615 1319 1657 bernatoribus7
1337 1626 1459 1648 necnon
1484 1616 1675 1660 Hieronymo
1700 1616 1829 1656 Vidono,

1091 1679 1234 1702 camerae
1258 1674 1384 1702 nostrae
1410 1669 1599 1712 apostolicae
1617 1669 1741 1707 clerico,
1760 1680 1830 1713 pro-

1091 1722 1210 1755 vinciae
1229 1726 1355 1756 nostrae
1373 1722 1598 1755 Romandiolae
1618 1723 1746 1766 presidi,
1763 1734 1831 1756 ner-

1091 1785 1153 1808 non
1170 1775 1355 1808 eorumdem
1373 1775 1594 1818 gubernatoris
1613 1781 1641 1808 et
1662 1776 1829 1819 praesidis¹

1092 1829 1122 1861 in
1154 1829 1257 1862 officio
1293 1829 1548 1871 successoribus,
1573 1840 1629 1872 per
1652 1833 1831 1872 praesentes

1092 1883 1318 1916 committimus
1336 1888 1365 1915 et
1388 1882 1584 1923 mandamus,
1602 1888 1635 1915 ut
1653 1883 1756 1915 habita
1775 1894 1832 1927 per

1092 1947 1145 1969 eos
1158 1936 1298 1975 ducatus,
1312 1936 1481 1978 civitatum,
1492 1936 1704 1969 dominiorum
1717 1942 1745 1969 et
1759 1937 1833 1970 alio-

1092 2001 1161 2023 rum
1186 1990 1431 2033 praedictorum,
1456 1990 1572 2030 libera,
1597 1990 1673 2023 reali
1699 1995 1727 2022 et
1752 1990 1832 2034 paci—

1092 2043 1151 2076 fica
1176 2044 1390 2087 possessione,
1419 2044 1606 2083 castellanis,
1631 2054 1685 2076 seu
1711 2044 1830 2087 praefe-

1092 2097 1149 2130 ctis
1166 2097 1298 2137 arcium,
1316 2097 1550 2137 lortalitiorum,
1568 2097 1631 2129 sive
1656 2108 1832 2140 propugna-

1092 2152 1236 2184 culorum
1254 2151 1395 2192 ducatus,
1417 2151 1588 2191 civitatum,
1606 2151 1831 2192 dominiorum,

1092 2211 1122 2238 et
1146 2205 1280 2237 aliorum
1312 2205 1453 2237 locorum
1478 2204 1676 2245 huiusmodi,
1700 2205 1834 2238 auctori-

1094 2265 1153 2291 tate
1167 2249 1277 2291 ⁴nostra
1295 2257 1487 2301 praecipiant
1501 2263 1529 2290 et
1548 2258 1704 2299 mandent,
1724 2264 1757 2290 ut
1773 2258 1831 2302 ipsi

1094 2313 1125 2346 in
1141 2323 1229 2345 arces
1249 2317 1279 2344 et
1302 2311 1450 2344 fortalitia
1467 2316 1496 2344 ct
1513 2312 1577 2344 sive
1598 2313 1833 2355 propugnacula

1094 2377 1204 2399 corum
1218 2376 1312 2398 curae
1330 2365 1514 2397 commissas
1534 2370 1563 2397 et
1581 2365 1748 2398 commissa
1766 2376 1833 2409 per-

1095 2430 1186 2453 sonas
1202 2430 1219 2452 a
1237 2419 1349 2452 futuris
1367 2419 1440 2451 dieti
1467 2419 1625 2451 Francisci
1650 2419 1763 2451 Mariae
1781 2418 1834 2452 du-

1095 2474 1139 2506 cis
1152 2473 1340 2506 haeredibus
1358 2477 1387 2505 et
1404 2472 1639 2505 successoribus
1656 2472 1833 2513 mittendas,

1096 2533 1125 2560 et
1149 2528 1210 2560 iam
1235 2527 1339 2559 forsan
1363 2526 1542 2566 destinatas,
1558 2526 1711 2569 recipiant
1731 2532 1761 2559 et
1781 2526 1835 2559 ad-

1096 2582 1220 2614 mittant
1244 2580 1282 2613 ad
1307 2580 1453 2613 effectum
1485 2579 1693 2613 inventarium
1718 2585 1748 2613 et
1780 2580 1848 2613 de-⁴

1132 2644 1143 2670 1
1158 2643 1207 2670 Ed.
1220 2642 1298 2670 Maia.
1310 2641 1373 2679 legit
1382 2642 1570 2679 glabernacorz·
1580 2646 1607 2671 et
1612 2651 1697 2679 praes
1703 2643 1745 2672 idi
1753 2643 1832 2679 (ΗΛ).
