2269 3235
123 307 173 333 An.
193 305 223 333 C.
240 306 307 333 1625
932 307 1074 330 nummus

142 366 306 398 ngcensotere-
364 353 379 396 ᾗ
403 353 432 385 1.
458 353 540 386 Alias
565 353 718 397 siquidem
744 364 760 386 a
785 353 882 386 felicis
914 354 1059 386 recorda-

121 392 306 450 i‘af'siniiii‘uss'giissl
320 406 414 439 tionis
447 406 601 449 Gregorio
631 407 711 450 Papa
737 407 787 440 XV
817 405 1059 450 praedecessore

122 446 306 503 ssSi'l'ss'lwahrlfflssl
322 463 429 494 nostro
454 465 639 493 emanarunt
662 460 784 492 litterae
809 459 926 493 tenoris
951 459 1059 491 subsc-

121 498 306 554 3253535⁰¹†?d{{3
323 514 457 557 quentis,
476 513 619 547 videlicet
634 525 639 546 2

120 551 308 607 g’ssz‘ffggsstaeg’g:
367 567 542 612 Greqorius
571 567 665 611 Papa
696 566 726 600 X
735 566 771 606 V,
799 565 842 598 ad
869 570 1059 609 perpetuam

122 607 216 626 ‘mmm'
321 621 370 654 rei
392 621 594 654 memoriam.
622 619 675 653 Ad
698 618 877 652 militantis
901 618 1061 652 Ecclesiae

321 675 476 717 regimen,
487 679 543 707 eto.
555 672 730 717 (Omittitur
742 677 833 706 tenor
846 672 934 705 istius
944 672 1062 706 Consti-

322 727 458 769 tutionis‚
477 727 551 771 quia
567 727 628 759 iam
646 726 806 770 reperitur
822 725 854 758 in
874 736 931 759 suo
951 725 1061 758 ordine

322 779 380 812 sub
399 779 504 813 datum
522 789 587 813 xxn
604 778 708 812 martii
725 789 855 819 unoxxt,
872 788 953 811 anno
971 777 1038 822 11¹).

366 833 402 866 Et
426 833 575 875 subinde,
605 844 663 877 pro
695 837 783 877 parte
814 832 888 865 dicti
912 832 1061 865 Ludovici

322 887 406 931 regis
430 886 532 920 eidem
549 887 703 930 Gregorio
720 886 955 931 praedecessori
973 897 1064 930 expo·
1079 902 1080 908 1

322 940 391 982 sito,
416 940 500 985 quod
525 941 627 974 dictus
652 941 783 974 Ioannes
804 940 1064 985 archiepiscopus

322 1004 384 1027 non
408 994 450 1027 ita
473 994 595 1038 pridem
620 995 660 1027 ab
692 994 837 1027 humanis
870 987 1081 1035 deeesserat,¹

322 1046 423 1080 dictus
447 1047 619 1091 Gregorius
642 1047 883 1092 praedecessor,
906 1047 1064 1091 supplica-

323 1100 459 1134 tionibus
484 1101 622 1134 eiusdem
655 1101 803 1134 Ludovici
828 1101 912 1144 regis
936 1100 1064 1134 nomine

323 1153 380 1186 sibi
392 1154 555 1188 humiliter
567 1155 722 1199 porrectis
735 1155 911 1194 inclinatus,
922 1164 978 1197 per
989 1154 1064 1186 alias

323 1218 394 1241 suas
420 1207 450 1239 in
475 1208 567 1240 simili
588 1208 690 1240 forma
711 1208 817 1240 Brevis
843 1207 900 1239 sul)
918 1207 967 1240 dic
985 1216 1065 1239 xvnt

324 1260 388 1293 iulii
410 1271 542 1294 atucxxn
567 1261 726 1305 expeditas
748 1261 868 1293 litteras
888 1261 988 1294 bonae
1004 1271 1065 1293 me-

324 1313 442 1346 moriae
469 1313 687 1347 Sebastianum
714 1314 896 1358 episeopum
923 1314 1065 1346 Aduren-

325 1377 389 1400 sem
409 1367 439 1399 in
463 1367 567 1400 locum
594 1367 667 1400 dicti
692 1368 817 1401 Ioannis
834 1367 1083 1411 archiepiscopi,

325 1421 524 1461 Senonensis,
540 1420 571 1453 in
585 1426 614 1454 et
627 1421 730 1465 quoad
743 1421 926 1465 praemissa,
944 1426 1066 1465 aposto·
1082 1440 1083 1458 2

323 1474 383 1507 lica
407 1474 593 1507 auctoritate
623 1474 783 1507 substituit
808 1480 838 1507 et
863 1475 1064 1518 subrogavit,

323 1527 470 1572 quodque
495 1527 607 1561 deinde
631 1529 793 1572 perpetuis
810 1529 924 1561 futuris
949 1529 1083 1572 tempo-¹

324 1581 421 1622 ribus,
442 1592 505 1614 uno
529 1592 566 1614 ex
589 1581 689 1614 tribus
713 1582 881 1626 praedictis
912 1582 1064 1621 obeunte,

323 1635 436 1679 reliqui
460 1635 533 1676 duo,
558 1641 611 1668 aut
634 1646 716 1668 unus
740 1646 775 1668 ex
801 1636 855 1676 eis,
881 1636 973 1668 aliam
997 1627 1084 1679 per—f

323 1698 431 1721 sonam
457 1689 699 1722 ecelesiasticam
719 1689 851 1732 pietate,
869 1688 1013 1722 doctrina
1035 1693 1065 1721 et.

323 1741 402 1774 vitae
427 1742 633 1775 sanctimonia
657 1746 868 1786 praestantem
889 1742 1063 1783 nominare,

323 1795 487 1840 dictaeque
512 1801 575 1829 tres
599 1806 754 1840 personae
775 1796 819 1829 sic
844 1807 902 1839 pro
923 1801 1065 1840 tempore

324 1851 502 1883 nominatae
516 1850 709 1883 visitatorem
722 1850 986 1883 monasteriorum
1001 1861 1066 1883 mo-

324 1902 453 1935 nialium
470 1902 650 1936 huiusmodi
668 1902 795 1946 eligere,
810 1913 845 1936 ac
863 1903 929 1946 ipsa
946 1913 1066 1936 monas-

326 1956 423 1996 teria,
448 1956 638 2000 illorumque
663 1956 836 1989 abbatissas
861 1962 889 1989 et
915 1957 1065 1990 moniales

324 2020 383 2053 pro
410 2015 552 2054 tempore
576 2010 752 2051 existentes,
770 2021 944 2054 eorumque
961 2011 1065 2043 omnia
1083 2014 1084 2029 ¹

324 2062 405 2096 bona
416 2063 544 2096 mobilia
554 2069 583 2096 et
593 2063 776 2104 immobilia,
784 2064 1009 2108 cuiuscumque
1018 2074 1068 2107 ge-

324 2117 418 2157 neris,
438 2117 562 2161 speciei,
581 2117 705 2159 valoris,
723 2123 864 2158 naturae,
885 2117 1066 2161 quantitatis

325 2176 355 2203 et
378 2171 535 2214 qualitatis
559 2171 734 2212 existentia,
755 2182 866 2214 regere
884 2176 914 2203 et
933 2171 1066 2204 admini—

325 2229 424 2257 strare
447 2229 575 2269 possent
596 2230 626 2257 et
646 2224 813 2265 deberent,
839 2225 945 2258 statuit
973 2229 1066 2269 atque

317 2277 476 2318 *rtem-evii,
501 2283 532 2311 et
555 2278 649 2319 aliam,
675 2284 770 2322 prout
802 2278 832 2310 in
862 2278 1067 2312 ultimodictis

325 2330 446 2373 litteris,
471 2342 605 2375 quarum
631 2337 757 2365 tenores
774 2332 992 2375 praesentibus
1009 2343 1067 2375 pro

326 2384 483 2428 expressis
507 2384 615 2418 haberi
641 2385 795 2427 volumus,
819 2385 943 2429 plenius
967 2372 1086 2431 conti-}

326 2437 450 2469 nean-².
1084 2433 1086 2483 i

128 2500 310 2548 supessoeffifflgg
370 2490 385 2533 ἓ
401 2489 430 2522 ΕΖ.
449 2490 526 2523 Cum
546 2496 660 2531 autem,
675 2491 756 2524 sicut
776 2492 877 2525 dietus
893 2491 1069 2525 Ludovieus
1086 2515 1087 2524 i

128 2543 311 2579 episcobumxan'-
326 2553 379 2575 rex
411 2543 502 2576 nobis
525 2554 626 2588 nuper
657 2545 769 2589 exponi
800 2545 888 2587 fecit,
915 2545 1088 2578 Henricusi

128 2580 311 2628 2323?r'?¹1l221{¹¹¹23
327 2596 495 2629 cardinalis
520 2601 549 2631 et
573 2597 774 2632 Sebastianus
798 2598 965 2642 episcopus
985 2581 1089 2646 prae-2

151 1276 248 1301 ,aliasque
262 1276 307 1301 qni-

124 1303 163 1322 bus
197 1302 307 1323 demortuo

124 1329 287 1354 archiepiscopo
303 1345 308 1353 ,

124 1355 252 1376 Adur-ensem
264 1356 307 1381 epi-

124 1387 210 1407 scopum
221 1382 308 1402 curtece-

124 1410 165 1429 rat.

364 2671 373 2695 1
392 2668 458 2696 Eam
474 2668 560 2696 habes
576 2669 602 2695 in
619 2672 683 2696 tom.
700 2677 748 2704 xit,
765 2678 825 2705 pag.
843 2670 894 2697 507
909 2672 947 2703 (n.
961 2672 1007 2703 Τ.).

363 2713 378 2739 ⁶2
394 2713 465 2744 Quas
479 2714 561 2740 etiam
579 2713 638 2739 vide
655 2713 679 2740 in
698 2717 761 2740 tom.
779 2714 1070 2749 x11,pag.7tla(n.r.).

1100 307 1154 330 vni
1179 307 1226 330 PP.

1736 293 1800 327 3253
1847 303 1898 330 Αη.
1917 303 1945 330 c.
1964 303 2031 331 1625

1093 354 1166 386 dicti
1192 353 1407 397 postumdum,
1437 353 1516 385 sieut
1539 350 1672 386 Domino
1698 351 1831 395 placuit,
1847 364 1947 385 facultate
1979 365 2032 386 ‹iuoz

1848 392 1900 412 alios
1931 392 2032 412 occimia-

1093 407 1131 439 ab
1157 407 1301 439 humanis
1326 406 1527 446 decesserint,
1553 405 1651 439 electo
1677 409 1778 437 tamen
1803 408 1833 438 et
1848 419 1959 439 sut-mm.
1973 419 2032 438 inso-

1094 459 1264 502 subrogato
1286 470 1342 502 per
1359 459 1503 492 cumdem
1523 459 1738 493 Sebastianum
1753 457 1834 501 epis-

1094 523 1208 555 copum
1235 512 1264 544 in
1291 512 1351 544 vim
1369 513 1635 556 praeinsertarum
1658 512 1832 544 litterarum

1095 565 1125 597 in
1150 570 1180 597 et
1205 565 1306 608 quoad
1338 565 1509 608 praemissa
1542 565 1710 598 venerabili
1739 565 1835 597 fratre

1094 618 1240 662 Philippo
1272 619 1421 662 episcopo
1455 619 1663 660 Nannetensi,
1691 618 1836 662 superior

1095 682 1169 705 vero
1194 672 1420 705 monachorum
1445 672 1696 704 Reformatorum
1722 671 1836 704 liuius-

1095 725 1190 765 modi,
1205 724 1442 769 multiplicibus,
1460 725 1717 768 gravissimisque
1735 724 1837 757 subdi-

1096 784 1200 812 torum
1226 789 1355 812 suorum
1381 778 1515 821 negotiis
1540 778 1709 810 admodum
1733 777 1837 821 impli-

1096 838 1193 875 catus,
1205 832 1388 865 monialium
1404 831 1569 865 directioni
1583 837 1676 875 atque
1690 831 1836 873 regimini

1096 897 1207 919 vacare
1221 891 1443 930 nes111eat;1105‚
1456 885 1540 918 felici
1555 885 1738 918 monialium
1751 895 1838 928 prae-

1097 939 1251 972 dictarum
1271 939 1374 979 statui,
1392 944 1485 982 atque
1503 938 1667 981 gubernio,
1685 943 1837 982 quantum

1097 994 1189 1027 nobis
1214 1004 1249 1026 ex
1275 994 1337 1026 alto
1363 992 1562 1031 conceditur,
1595 992 1759 1025 consulere
1785 1002 1837 1025 vo-

1097 1047 1206 1087 lentes,
1232 1046 1512 1090 supplicationibus
1536 1046 1629 1078 etiam
1650 1045 1722 1078 dicti
1742 1045 1839 1078 Ludo-

1098 1100 1157 1133 vici
1183 1100 1266 1142 regis
1292 1100 1418 1132 nomine
1439 1100 1529 1132 nobis
1547 1110 1641 1143 snper
1662 1099 1722 1132 lioe
1739 1098 1839 1131 humi-

1098 1154 1168 1187 liter
1193 1154 1347 1198 porrectis
1372 1153 1521 1196 inclinati,
1546 1153 1744 1197 superiorem
1770 1163 1838 1186 mo-

1081 1247 1083 1255 ‚
1098 1208 1272 1240 naeliorum
1288 1208 1541 1240 Reform-aterum
1555 1206 1748 1251 praedictum
1763 1217 1779 1239 a
1793 1217 1841 1240 re—

1081 1261 1217 1304 jgimine
1249 1266 1278 1293 et
1310 1261 1465 1304 gubernio
1496 1265 1525 1294 ct
1557 1270 1755 1304 quacumque
1779 1260 1840 1292 alia

1099 1314 1280 1348 earumdem
1304 1315 1486 1347 monialium
1507 1313 1732 1354 iurisdictione,
1757 1313 1840 1346 dicta

1099 1368 1294 1408 auctoritate,
1321 1374 1428 1401 tenore
1452 1367 1676 1411 praesentium,
1705 1366 1840 1400 absolvi-

1100 1432 1168 1454 mus
1186 1425 1215 1455 et
1231 1422 1418 1454 liberamus:
1440 1421 1586 1464 dictoque
1603 1421 1747 1465 Philippo
1763 1421 1841 1465 epis-

1100 1487 1189 1519 copo,
1207 1481 1251 1515 ut,
1272 1475 1302 1508 in
1327 1476 1431 1509 locum
1449 1475 1522 1508 dicti
1547 1475 1774 1509 monachorum
1793 1486 1841 1508 su—

1082 1561 1083 1570 ,
1100 1529 1245 1573 perieris,
1261 1529 1289 1561 in
1309 1534 1338 1561 ct
1353 1529 1456 1573 quoad
1474 1529 1656 1573 praemissa,
1673 1539 1840 1572 personam

1082 1582 1194 1626 ,modo
1219 1588 1249 1615 et
1273 1583 1375 1615 forma
1399 1582 1579 1626 praemissis
1609 1582 1817 1630 qualificatgm
1833 1610 1840 1623 ,

1100 1646 1179 1679 quae
1204 1637 1265 1668 una
1291 1646 1362 1668 cum
1388 1635 1498 1668 eodem
1524 1635 1669 1679 Philippo
1693 1636 1841 1679 episcopo

1100 1688 1224 1720 tertiam
1256 1698 1426 1732 personam
1459 1688 1543 1721 iuxta
1574 1689 1841 1732 praeinsertarnm

1100 1741 1275 1775 litterarum
1298 1742 1479 1775 huiusmodi
1500 1744 1633 1775 sormam
1651 1748 1680 1775 et
1700 1748 1841 1776 tenorem

1100 1796 1211 1839 eligat,
1245 1796 1362 1839 eligere
1398 1796 1496 1829 libere
1521 1802 1551 1829 et
1574 1797 1657 1829 licite
1691 1796 1787 1840 possit
1813 1801 1843 1829 et

1100 1849 1220 1891 valeat,
1245 1850 1431 1883 auctoritate
1462 1855 1492 1882 et
1522 1855 1631 1883 tenore
1663 1850 1842 1894 praedictis,

1100 1902 1303 1936 concedimus
1328 1908 1357 1935 et
1382 1903 1591 1946 indulgemus.

1145 1956 1159 1999 ἓ
1183 1955 1212 1988 3.
1232 1956 1397 1988 Praeterea
1413 1956 1590 1997 statuimus,
1607 1962 1700 2000 atque
1722 1957 1843 1989 ordina-

1101 2020 1180 2049 mus,
1206 2014 1238 2041 nt
1266 2009 1295 2041 in
1316 2015 1461 2042 eventum
1487 2010 1591 2043 obitus
1617 2010 1711 2042 trium
1736 2020 1844 2053 perso-

1100 2073 1211 2095 narum
1237 2063 1491 2106 praedictarum,
1524 2074 1582 2107 pro
1613 2069 1754 2107 tempore
1779 2064 1843 2096 exi·

1101 2122 1185 2149 stens
1204 2122 1311 2150 noster
1328 2122 1358 2149 et
1374 2117 1462 2150 Sedis
1480 2117 1675 2160 Apostolicae
1694 2117 1723 2149 in
1741 2127 1840 2160 regno

1100 2170 1250 2203 Franciae
1274 2170 1406 2208 lunicius
1430 2170 1508 2203 duas
1531 2170 1711 2203 huiusmodi
1735 2181 1843 2215 perso-

1100 2234 1166 2263 nas,
1182 2234 1260 2267 quae
1285 2223 1396 2255 deinde
1423 2223 1545 2256 tertiam
1561 2220 1686 2267 eligant,
1704 2229 1737 2256 ut
1755 2235 1843 2267 prae-

1101 2277 1211 2317 fertur,
1236 2276 1430 2320 qualificatas
1447 2282 1475 2309 et
1494 2277 1706 2320 qualificatam
1723 2278 1843 2321 pariter

1102 2330 1207 2372 eligat,
1233 2332 1355 2362 servata
1382 2330 1411 2362 in
1437 2330 1566 2373 reliquis
1592 2331 1622 2363 in
1647 2330 1793 2364 omnibus
1813 2336 1843 2363 et

1102 2395 1159 2428 per
1184 2384 1291 2417 onmia
1314 2384 1547 2427 praedictarum
1580 2384 1724 2428 Gregorii
1752 2395 1843 2428 prae-

1102 2438 1275 2471 decessoris
1299 2438 1474 2470 litterarum
1500 2438 1600 2471 forma
1625 2443 1654 2471 et
1679 2443 1797 2472 tenore.

1148 2493 1162 2535 g
1192 2492 1215 2524 4.
1247 2492 1478 2533 Dcoernentes,
1509 2497 1690 2535 praesentes
1724 2492 1844 2525 litteras

1103 2556 1229 2589 semper
1254 2551 1283 2578 et
1307 2550 1462 2589 perpetuo
1483 2546 1609 2587 validas,
1627 2546 1735 2580 firmas
1753 2551 1782 2579 et
1799 2547 1843 2579 es-

1104 2598 1216 2631 sicaces
1242 2598 1374 2631 existere
1390 2603 1420 2631 et
1437 2599 1512 2639 sore,
1530 2609 1666 2644 suosque
1686 2599 1844 2644 plenarios

1088 2656 1134 2694 ¹et
1159 2652 1298 2694 integros
1323 2651 1452 2685 effectus
1484 2653 1591 2686 sortiri
1623 2659 1653 2686 et
1684 2654 1844 2693 obtinere,

1106 2705 1212 2747 sicque
1237 2705 1267 2737 in
1285 2706 1467 2748 praemissis
1485 2716 1542 2750 per
1561 2717 1777 2750 quoscumque
1798 2707 1844 2739 iu-

1849 445 1892 466 cios
1904 446 2032 466 assumendi.

1882 1969 1995 1990 Ei·eniente
2006 1974 2043 1989 au·

1858 1999 1899 2017 teni
1915 2002 1986 2017 eorum
1999 1997 2042 2017 obi·

1859 2026 1880 2043 tu
1899 2026 1941 2043 tres
1962 2024 2015 2044 alios
2030 2029 2042 2043 a

1858 2051 1934 2070 nuncio
1957 2053 2043 2076 apesto-

1858 2078 1899 2098 livo
1919 2077 1966 2103 eligi
1986 2084 2042 2098 man-

1859 2105 1901 2125 dat.

1886 2505 2006 2525 Clausulas.
