2269 3235
463 234 526 268 718

418 297 564 331 LXXXII.
579 297 823 340 congregationi
841 298 1067 332 monachornm
1084 300 1161 333 Cae-

505 352 690 385 lestinorum
705 352 836 385 Ordinis
853 353 882 385 S.
898 351 1061 386 Benedicti
1080 363 1162 386 com-

505 407 706 438 municantur
721 406 842 445 gratiae
860 409 889 439 ct
916 406 1082 449 privilegia
1100 417 1161 440 om-

504 460 555 491 nia
565 459 808 500 Congrcgationi
820 459 1011 501 Cassincnsi,
1025 459 1159 504 aliisque

504 513 729 545 monachorum
754 513 1057 556 congregationibus
1077 523 1155 547 con-

502 574 592 598 cessa
611 569 639 599 ct
657 566 873 608 concedenda,
890 567 963 600 193.

414 617 551 652 Additur
576 619 707 652 facultas
733 621 793 652 iam
811 630 827 653 a
854 620 949 654 Paulo
966 620 990 654 V
1007 631 1156 655 concessa

503 671 610 705 abbati
636 672 775 713 generali
802 673 946 707 eiusdem
972 674 1156 718 Congrega-

502 727 594 759 tionis
620 736 674 759 cas
699 727 836 759 faciendi
863 728 1052 768 functiones,
1079 738 1157 773 quas

500 778 554 812 alii
571 779 704 813 abbates
725 783 865 823 exempti
885 781 989 814 facere
1015 791 1152 815 consuc-

501 836 624 874 verunt,
643 832 818 878 habituque
837 833 1050 877 praelatorum
1065 844 1157 877 regu-

500 885 658 927 larium‚et
683 888 713 919 in
739 888 939 920 monasteriis
957 889 1005 920 sui
1024 886 1155 921 Ordinis

501 940 735 982 pontificalibus
762 940 957 973 indumentis
980 940 1101 981 utendi,
1118 950 1155 975 ae

498 994 612 1026 missas
637 993 822 1027 solemniter
847 993 1054 1035 celebrandi,
1077 998 1153 1037 ete,

500 1045 573 1079 196.

410 1099 571 1132 LXXXIII.
587 1099 729 1133 Facultas
744 1101 860 1133 nuncio
877 1100 1027 1135 Poloniae
1043 1111 1155 1145 proce-

498 1152 595 1185 dendi
620 1157 729 1186 contra
745 1153 991 1195 ecclesiasticos,
1006 1164 1042 1187 ac
1059 1157 1154 1188 etiam

497 1210 606 1239 eontra
631 1208 798 1250 episcopos
822 1211 852 1240 et
877 1209 1152 1252 archiepiscopos,

498 1261 551 1304 qui
570 1262 600 1293 in
615 1270 724 1304 regem
746 1261 895 1295 Polouiae
912 1262 962 1296 vel
980 1263 1049 1296 eius
1066 1267 1154 1296 natos

497 1314 772 1357 conspiraverunt,
788 1315 861 1348 198.

411 1366 570 1399 LXXXIV.
596 1367 784 1416 Adbortatio
811 1368 849 1401 ad
877 1368 1153 1413 archiepiscopum

495 1419 710 1454 Arborensem
735 1422 775 1455 de
797 1422 951 1465 erigendo
968 1424 1152 1465 seminario,

496 1474 678 1516 residendo,
700 1479 795 1519 atque
807 1475 942 1509 ecclesia
963 1476 1152 1520 reparanda,

499 1527 573 1559 199.

408 1579 550 1613 LXXXV.
576 1581 748 1615 Revocatio
762 1591 1037 1627 quarumcumque
1059 1582 1153 1616 licen-

497 1636 612 1668 tiarum
636 1644 654 1668 a
679 1635 981 1679 praedecessoribus
1017 1637 1153 1670 Pontifi-

496 1687 588 1721 cibus
613 1688 682 1722 loca
713 1689 872 1732 regularia
898 1690 1064 1733 erigendi,
1090 1700 1151 1723 non

496 1741 621 1775 servata
646 1742 743 1775 forma
758 1744 993 1777 constitutionis
1010 1743 1153 1777 Clemen-

496 1797 535 1828 tis
553 1795 623 1828 VIII
644 1800 673 1829 ct
691 1796 890 1830 decretorum
909 1797 1001 1830 Sedis
1024 1797 1154 1841 Aposto-

495 1848 602 1889 licae,
631 1859 879 1891 concessarum,
905 1860 986 1896 quae
1012 1850 1153 1884 nondum

497 1902 643 1935 effectum
669 1913 759 1936 suum
780 1905 908 1937 sortitae
926 1907 1012 1945 sunt,
1032 1913 1068 1937 ac
1083 1915 1153 1948 pro-

496 1955 609 1989 hibitio
625 1956 677 1989 illa
694 1956 733 1989 de
753 1960 859 1990 cetero
871 1957 1016 1999 erigendi
1030 1957 1153 2002 absque

496 2008 622 2043 licentia
647 2009 989 2052 Ordinariorum,199.

408 2062 568 2096 LXXXVI.
586 2063 632 2097 De
650 2063 852 2107 regularibus
870 2066 1020 2108 apostatis
1039 2068 1069 2098 et
1087 2066 1152 2097 cie-

495 2119 563 2157 ctis,
585 2127 621 2150 ac
638 2117 677 2151 de
696 2120 909 2159 innovatione,
927 2118 1152 2160 declaratione,

496 2175 527 2204 et
551 2171 751 2205 observantia
783 2172 982 2215 generalium
1011 2172 1154 2206 decreto-

496 2235 575 2266 rum,
600 2235 681 2269 quae
706 2225 853 2260 Clemens
880 2226 948 2259 VIII
970 2236 1026 2269 pro
1051 2236 1152 2269 regu—

496 2278 607 2312 larium
633 2280 866 2321 reformatione,
898 2282 1153 2324 novitiorumque

496 2334 681 2376 receptione
707 2333 816 2374 edidit,
834 2334 905 2366 90⁶2.

409 2383 651 2429 Subsequuntur
661 2386 841 2429 supradicta
851 2386 980 2420 decreta
990 2386 1153 2429 generalia

498 2438 670 2472 Clementis
696 2439 799 2483 Papae
826 2439 906 2481 VIII,
923 2440 996 2473 905.

409 2490 579 2525 Decretum
611 2494 747 2535 primum
772 2493 811 2527 de
837 2494 963 2526 novitiis
991 2493 1031 2527 ad
1062 2492 1152 2526 habi-

500 2549 563 2578 tum
580 2546 760 2589 regularem
785 2550 816 2580 et
840 2548 1072 2590 professionem
1089 2557 1150 2580 non

498 2600 713 2641 admittendis,
730 2603 790 2635 nisi
815 2604 846 2635 in
864 2601 1074 2636 conventibus
1096 2602 1152 2636 de-

499 2653 675 2697 signandis,
702 2654 774 2687 905.

1012 247 1087 270 ΒΙῖΗ.
1094 247 1187 271 imitat
1213 248 1361 271 nummu

1214 300 1384 335 Decretum
1410 303 1586 337 secundum
1607 306 1823 340 renovationis
1840 311 1871 341 et
1890 317 1953 342 am-

1302 355 1462 398 pliationis
1487 357 1607 398 decreti
1633 358 1804 402 praedicti,
1831 359 1904 395 206.

1214 412 1347 448 Decreta
1380 414 1438 448 alia
1472 426 1528 459 pro
1560 416 1785 451 reformatione
1821 419 1950 463 regula-

1302 468 1393 510 rium,
1409 472 1471 501 tam
1490 469 1726 513 monachorum,
1751 480 1844 516 quam
1869 472 1952 506 Men-

1300 519 1474 555 dicantium
1505 523 1734 568 cuiuscumque
1766 523 1898 559 Ordinis
1923 529 1953 560 et

1300 575 1445 617 instituti,
1473 575 1547 608 ⁶207.

1212 631 1304 665 Aliud
1331 633 1494 667 decretum
1520 634 1560 667 de
1586 634 1712 670 ltcentia
1738 635 1910 670 obtinenda
1935 647 1952 670 a

1298 687 1447 721 fratribus
1472 689 1603 723 Romam
1628 690 1843 733 venientibus,
1864 691 1937 725 211.

1209 743 1304 778 Aliud
1329 745 1493 780 decretum
1519 756 1617 790 super
1641 757 1773 782 casuum
1805 757 1952 783 reserva-

1297 799 1380 832 tione
1405 799 1444 833 ab
1471 800 1618 835 omnibus
1639 801 1834 846 regularium
1856 802 1954 847 Supe-

1298 852 1436 886 rioribus
1461 852 1707 897 observandum,
1721 856 1794 889 212.

1209 907 1305 942 Aliud
1330 909 1495 944 decretum
1520 911 1560 944 de
1585 911 1718 946 formula
1749 913 1949 948 concedendi

1297 963 1479 998 facultatem
1494 974 1551 1008 pro
1565 966 1691 999 novitiis
1707 965 1746 999 ad
1768 966 1950 1009 regularem

1298 1016 1442 1051 habitum
1468 1018 1662 1062 recipiendIS
1688 1020 1719 1053 in
1751 1021 1952 1055 monasteriis

1298 1074 1329 1104 et
1353 1071 1431 1105 locis
1449 1071 1634 1116 designatis,
1654 1073 1728 1107 ⁶213.

1208 1127 1302 1162 Aliud
1327 1129 1491 1163 decretum
1516 1140 1614 1174 super
1638 1128 1738 1164 forma
1773 1131 1952 1175 reeipiendi

1297 1184 1433 1216 novitios
1464 1183 1658 1227 regularium
1682 1183 1722 1218 ad
1746 1183 1889 1218 habitum
1922 1188 1954 1218 et

1257 1254 1259 1257 ·
1298 1237 1539 1280 professionem,
1555 1238 1628 1272 214.

1207 1293 1303 1327 Aliud
1328 1294 1493 1329 decretum
1519 1295 1559 1329 de
1588 1295 1841 1330 institutionibus
1854 1306 1952 1340 snper

1295 1350 1479 1392 receptione
1500 1353 1531 1383 et
1547 1349 1737 1383 educatione
1761 1351 1951 1384 novitiorum

1294 1401 1518 1444 religiosorum
1542 1404 1573 1436 in
1598 1405 1800 1437 monasteriis
1824 1407 1856 1437 et
1876 1413 1952 1437 con·

1296 1455 1443 1490 ventibus
1467 1457 1644 1500 designatis
1668 1457 1720 1490 vel
1745 1456 1952 1501 designandis

1294 1508 1464 1544 Clementis
1475 1511 1620 1544 eiusdem
1634 1511 1722 1544 iussu
1733 1510 1865 1552 editum,
1878 1509 1950 1544 215.

1206 1567 1386 1601 LXXXVII.
1422 1567 1609 1602 Declaratur
1633 1567 1849 1612 indulgentias
1873 1578 1948 1602 cm-

1294 1623 1395 1655 ciatae
1426 1632 1599 1665 regnorum
1634 1623 1857 1666 Hispaniarum
1888 1632 1949 1656 non

1293 1675 1522 1719 comprehendi
1548 1677 1579 1709 in
1604 1675 1816 1720 suspensione
1847 1675 1951 1710 indul-

1292 1731 1471 1773 gentiarum
1503 1731 1670 1764 occasione
1708 1732 1783 1764 anni
1820 1729 1950 1764 iubilaei

1292 1793 1436 1825 iincxxv,
1464 1784 1538 1816 2⁶20.

1205 1840 1392 1874 LXXXVIII.
1409 1840 1578 1883 Deputatio
1599 1840 1759 1874 Francisci
1774 1840 1887 1875 Ubaldi
1900 1851 1950 1875 sa-

1293 1904 1366 1928 crae
1384 1898 1471 1928 rotae
1495 1894 1649 1928 audItoris
1662 1897 1694 1929 in
1712 1895 1949 1938 praesidentem

1293 1953 1324 1982 et
1341 1948 1479 1982 Iudicem
1504 1947 1729 1992 probationum
1742 1950 1886 1994 equitum
1903 1958 1950 1983 re-

1291 2002 1419 2045 ligionis
1443 2001 1574 2035 Militiae
1599 2001 1806 2044 Christianae,
1826 2002 1898 2036 222.

1204 2059 1367 2093 LXXXIX.
1392 2060 1564 2093 Revocatio
1584 2062 1827 2094 concessionum
1847 2060 1949 2094 diver-

1294 2124 1402 2147 sorum
1426 2114 1612 2155 officiorum,
1635 2123 1671 2147 ac
1696 2114 1947 2158 privilegiorum,

1293 2169 1543 2211 exemptionum,
1565 2169 1737 2210 gratiarum
1759 2171 1790 2201 et
1814 2167 1948 2201 indulto-

1292 2231 1373 2262 rum,
1398 2222 1431 2253 in
1456 2220 1689 2264 praeiudicium
1714 2219 1805 2253 Sedis
1834 2224 1865 2254 et
1888 2219 1946 2254 Ca-

1292 2284 1399 2308 merae
1414 2274 1614 2318 Apostolicae
1632 2277 1860 2315 emanatarum,
1874 2274 1947 2308 222.

1204 2332 1263 2367 XC.
1289 2334 1492 2367 Confirmatio
1516 2333 1686 2366 erectionis
1718 2333 1883 2366 seminarii
1915 2333 1945 2365 in

1293 2387 1434 2420 dioecesi
1459 2386 1635 2421 Cariatensi
1668 2387 1700 2419 in
1731 2385 1849 2430 oppido
1873 2385 1948 2419 Ver-

1292 2442 1365 2483 zini,
1392 2441 1465 2475 233.

1205 2494 1281 2528 XCI.
1306 2494 1459 2529 Extensio
1482 2496 1696 2528 concessionis
1722 2494 1877 2528 recitandi
1901 2494 1946 2528 of-

1292 2549 1376 2582 cIum
1393 2552 1424 2582 et
1439 2547 1622 2582 celebrandi
1638 2550 1767 2581 missam
1784 2547 1817 2581 B.
1839 2546 1946 2581 laeohi

1292 2601 1332 2635 de
1356 2601 1514 2635 Marcbiae
1540 2601 1672 2636 Ordinis
1695 2601 1828 2635 fratrum
1851 2600 1946 2634 Mino-

1291 2666 1360 2689 rum
1386 2656 1416 2689 S.
1441 2655 1602 2690 Francisei
1627 2655 1666 2690 ad
1691 2665 1801 2690 omnes
1831 2655 1944 2689 fratres
