2269 3235
123 244 175 271 An.
191 243 219 270 G.
237 243 304 271 1624

126 1581 222 1602 Refertur
234 1588 295 1607 prae-

114 1609 212 1629 iudicium
228 1614 297 1629 canie-

113 1641 149 1655 rae
164 1637 295 1660 apostoncae

114 1661 193 1681 illatum
215 1668 227 1682 a
249 1668 295 1687 per-

113 1691 214 1713 petnilale
252 1689 295 1709 usli-

113 1715 192 1735 rioruui
210 1717 230 1735 rt
247 1722 295 1735 coa-

112 1741 216 1763 «luiturus.

927 243 1069 268 unnANUS

319 290 357 323 ad
370 290 468 334 ipsius
480 290 533 323 Dei
554 291 675 323 laudem
693 292 927 335 amplectentes,
942 292 980 323 ad
998 292 1058 324 lioc

320 343 400 377 inter
431 344 490 377 alia
520 349 646 377 nostrae
681 342 846 389 pastoralis
879 343 1058 386 vigilantiae

319 397 456 431 studium
481 398 626 431 duximus
650 397 871 439 adhibendum,
897 401 931 429 ut
955 397 1057 430 officia

320 456 381 484 tam
402 451 560 484 Romanae
578 451 698 491 Curiae,
711 460 803 494 quam
818 449 877 482 alia
890 450 927 482 ad
945 450 1055 483 Sedem

319 504 529 548 Apostolicam
553 502 750 549 pertinentia,
775 513 791 534 a
816 502 957 546 probatis
982 503 1057 536 viris

319 562 534 598 exerceantur,
551 567 586 590 ac
610 556 661 588 illa
681 555 824 599 personis
844 555 974 596 idoneis
992 566 1056 589 mo-

319 610 421 654 doque
438 610 542 644 debito
559 609 774 648 conset-antam
793 619 917 642 camera
934 614 1056 653 aposto-

320 663 387 705 lica,
405 674 508 707 quam,
526 662 565 696 oh
582 661 684 694 varias
708 662 908 706 superiorum
934 668 1055 707 tempo-

319 728 389 751 rum
410 726 533 756 eausaS,
558 725 672 758 magno
698 725 770 749 aere
787 716 889 749 alieno
910 715 1053 758 conflato,

319 775 348 803 et
364 770 430 803 eius
446 768 567 802 aerario
588 768 749 809 exhausto,
767 768 797 802 in
818 769 969 802 maximas
987 770 1055 802 red-

318 823 436 856 dituum
457 826 486 855 et
507 822 714 866 pecuniarum
734 823 894 866 angustias
909 823 1055 857 incidisse

316 875 539 919 comperimuS,
555 875 595 908 ab
620 886 692 908 aere
716 876 818 909 alieno
843 887 878 908 ac
903 877 1054 920 angustiis

314 928 495 962 huiusmodi
519 933 671 973 quantum
696 930 727 963 in
744 930 835 964 nobis
860 936 916 971 est,
942 931 1050 965 suble-

314 988 420 1024 vetur3
435 984 667 1017 frumentorum
692 989 722 1017 et
742 985 874 1018 aliarum
892 996 998 1018 rerum
1015 985 1053 1018 ad

314 1047 514 1072 communem
539 1037 619 1071 vitae
644 1049 735 1071 usum
757 1038 982 1083 pertinentium
1000 1050 1053 1072 co-

312 1091 364 1136 pia
388 1090 419 1124 in
443 1091 502 1124 hac
526 1091 610 1125 Urbe
633 1093 741 1125 nostra
765 1096 795 1126 et
820 1092 942 1136 reliquo
967 1092 1053 1125 Statu

314 1145 531 1179 Ecclesiastico
555 1150 759 1178 conservetur
783 1149 813 1180 et
836 1145 953 1189 vigeat,
975 1146 1054 1179 eius-

313 1199 384 1232 dem
409 1199 497 1233 Sedis
521 1199 689 1233 auctoritas
707 1204 737 1232 et
760 1200 918 1233 Romanae
942 1200 1053 1233 Curiae

313 1252 447 1295 dignitas
460 1252 593 1292 eluceat;
607 1263 642 1285 ac
655 1263 711 1296 per
724 1252 846 1285 debitae
860 1253 1053 1287 reformatio-
1069 1281 1071 1294 ,

312 1305 359 1339 nis
373 1311 403 1339 et
418 1306 606 1350 provisionis
619 1317 798 1348 occur-sum,
820 1307 1052 1350 impedimentis

311 1360 561 1404 quibuscumque
592 1360 743 1403 sublatis,
771 1360 876 1394 onmia
900 1371 1052 1405 prospere

311 1414 506 1457 dirigantur,
533 1425 569 1448 ae
594 1414 710 1448 iustitia
735 1414 823 1455 duce,
849 1414 933 1458 quod
960 1426 1051 1448 suum

311 1472 367 1507 est,
384 1467 553 1511 unicuique
571 1468 737 1508 tribuatur,
751 1467 894 1512 felicique
908 1469 1052 1511 prosectu
1068 1469 1070 1490 ἴ

311 1520 409 1554 virtus
433 1520 571 1565 undique
596 1521 746 1565 suscipiat
770 1521 1008 1554 incrementum.

356 1576 370 1618 ἓ
395 1575 423 1607 ’1.
457 1575 533 1609 Cum
565 1575 691 1619 itaque,
727 1576 808 1609 inter
839 1581 942 1608 cetera
971 1586 1051 1619 quae

312 1634 448 1662 mentem
473 1634 612 1663 nostram
641 1640 704 1663 non
733 1630 855 1663 modice
879 1630 1048 1673 perturba—

312 1688 384 1715 runt
396 1687 490 1726 atque
505 1683 701 1727 perturbant,
720 1683 934 1716 invenerimus
950 1683 1051 1727 plera-

311 1747 371 1780 que
395 1736 483 1770 Sedis
508 1742 538 1769 et
561 1736 709 1770 Gamerae
733 1736 966 1781 praedictarum
983 1738 1050 1770 offi-

311 1790 358 1823 cia
382 1801 437 1824 seu
456 1801 608 1834 munera,
632 1792 818 1835 praesertim
844 1791 1049 1824 administra·—

310 1842 427 1875 tionem
452 1842 606 1883 habentia,
624 1847 654 1875 et
679 1853 759 1886 quae
782 1842 961 1875 amovibilia
979 1848 1050 1876 sunt.

310 1901 340 1928 et
363 1906 430 1929 esse
455 1896 578 1937 debent,
600 1901 661 1929 tam
683 1897 714 1929 in
739 1897 823 1929 Urbe
843 1908 937 1941 quam
963 1902 1049 1930 extra

310 1960 387 1990 eam,
406 1954 515 1983 contra
538 1960 648 1983 eorum
673 1954 816 1984 naturam
842 1955 872 1983 et
888 1956 1050 1984 consuetu-

309 2003 423 2043 dinem,
440 2014 496 2047 per
510 2003 714 2036 ambitionem
732 2009 762 2036 et
781 2004 1049 2048 importunitatem

309 2058 354 2093 (ut
380 2057 552 2101 credimus)
576 2057 822 2101 impetrantium,
839 2058 878 2090 ad
895 2058 999 2098 vitam,
1020 2063 1067 2092 et,

309 2120 371 2143 non
397 2111 498 2144 solum
523 2110 630 2152 unius,
656 2121 766 2144 verum
790 2112 929 2155 plurium
955 2112 1048 2146 etiam

310 2175 531 2208 personarum,
555 2175 703 2198 concessa
727 2165 832 2206 fuisse,
852 2176 975 2200 necnon
1003 2177 1050 2199 su-

309 2229 364 2261 per
389 2218 466 2258 illis,
496 2223 526 2252 et
547 2219 616 2251 aliis
640 2219 735 2252 etiam
756 2220 914 2253 Romanae
938 2221 1066 2254 Curiae*

309 2271 485 2314 praedictae
498 2272 619 2314 officiis,
633 2274 726 2306 etiam
740 2279 908 2318 perpetuas
925 2274 1049 2307 coadiu-

311 2325 423 2366 torias‚
450 2336 522 2359 cum
546 2327 651 2360 sutura
675 2328 893 2361 coadiutorum
918 2340 1066 2362 succes-i

309 2377 406 2419 sione,
423 2379 518 2412 saetas
543 2385 573 2413 et
597 2381 780 2416 constitutas
805 2382 898 2423 esse',
922 2393 984 2427 quo
1003 2383 1048 2423 fit,

308 2437 342 2464 ut
366 2431 475 2465 eadem
496 2433 606 2474 officia,
624 2445 703 2478 quae
727 2440 817 2469 antea
836 2436 980 2480 personis
998 2437 1065 2470 be-1

306 2486 469 2519 nemeritis
494 2492 523 2520 et
540 2487 669 2530 idoneis,
686 2500 722 2522 ac
742 2490 894 2533 doctrina,
912 2491 1065 2535 pruden-i

308 2539 349 2573 tia
374 2544 404 2572 et
428 2540 561 2574 consilio
594 2543 766 2585 praeditis,
791 2545 1047 2588 experientiaque

341 2611 355 2637 1
373 2611 442 2638 Vide
459 2611 497 2638 Pii
517 2612 537 2638 V
558 2613 648 2640 Const.
671 2621 729 2642 οων
755 2615 891 2650 Romani,
913 2620 976 2643 tom.
999 2624 1047 2652 vn,

306 2662 368 2690 pag.
384 2656 446 2684 943.

1094 243 1149 268 vm
1174 244 1221 268 mv.
1736 236 1799 271 ⁶2⁶2?ss
1845 248 1892 275 An.
1914 248 1942 275 c.
1962 250 2031 277 1624

1091 297 1121 324 ct
1140 297 1240 325 aetate
1262 293 1392 325 maturis
1409 302 1556 326 concessa
1574 296 1653 335 sunt,
1672 295 1829 327 interdum

1091 344 1128 377 ad
1154 355 1304 388 personas
1330 346 1433 379 minus
1459 346 1596 387 idoneas,
1621 347 1831 381 coadiutoria-

1091 409 1161 430 rum
1186 399 1323 440 nomine,
1348 400 1521 441 deveniant,
1544 400 1574 433 in
1599 400 1686 434 Sedis
1710 405 1740 433 et
1767 401 1832 435 Cu·-

1092 450 1156 484 riae
1184 452 1363 485 huiusmodi
1396 453 1557 496 dignitatis
1590 454 1829 489 diminutionem

1090 508 1120 536 et
1144 504 1285 547 ipsorum
1303 506 1479 539 officiorum
1501 508 1740 549 (letrimentum;

1134 557 1149 601 ξ,
1173 558 1202 589 02.
1225 558 1270 599 Et,
1289 559 1360 591 lieet
1385 560 1527 603 plerique
1552 561 1681 594 llomani
1708 562 1830 595 Pontifi-

1090 620 1140 642 ces
1164 611 1423 654 praedecessores
1454 613 1576 653 nostri,
1608 618 1637 647 et
1661 615 1828 649 novissime

1089 663 1186 696 felicis
1204 664 1430 698 reeordationis
1448 665 1561 698 Paulus
1583 667 1664 710 Papa
1682 669 1714 708 V,
1730 668 1768 701 ad
1786 668 1830 701 in-

1089 716 1249 749 demnitati
1264 727 1406 751 camerae
1418 719 1595 762 praedictae
1608 730 1730 753 necnon
1747 732 1829 755 com-

1089 770 1277 803 munitatum
1303 776 1332 804 et
1352 771 1589 805 universitatum
1607 773 1710 805 Status
1728 775 1829 807 Eccle-

1089 822 1203 856 siastici
1229 830 1405 868 opportune
1426 827 1663 868 consulendum,
1681 838 1717 860 ac
1735 829 1828 861 etiam

1088 876 1125 909 ad
1144 876 1318 911 ubertatem
1336 889 1477 912 annonae
1491 884 1521 912 et
1533 880 1673 923 graseiae
1691 881 1720 913 in
1737 881 1829 922 Urbe,

1088 931 1237 975 Statuque
1260 933 1429 976 praedictis
1453 934 1699 967 conservandam
1725 941 1755 968 et
1779 946 1831 968 au-

1088 984 1220 1026 gendam
1236 1012 1244 1026 ‚
1270 986 1378 1029 plures
1402 987 1641 1021 constitutiones
1665 989 1828 1031 ediderint,

1132 1038 1147 1081 ξ
1171 1038 1200 1071 3.
1226 1040 1263 1072 Et
1287 1039 1369 1072 inter
1386 1040 1445 1072 alia
1463 1040 1544 1073 idem
1564 1042 1678 1075 Paulus
1702 1043 1830 1086 praede—

1088 1102 1194 1125 cessor
1222 1103 1281 1136 per
1310 1093 1399 1127 binas
1432 1105 1503 1127 suas
1535 1095 1565 1128 in
1590 1096 1691 1129 forma
1723 1097 1828 1130 Brevis

1087 1145 1185 1178 editas
1201 1146 1438 1181 constitutiones
1452 1146 1471 1189 ¹,
1486 1148 1516 1180 in
1530 1150 1591 1181 una
1606 1149 1751 1182 videlicet
1764 1161 1828 1183 om-

1086 1208 1141 1230 nes
1166 1202 1196 1232 et
1219 1210 1433 1244 quascumque
1454 1201 1668 1235 immunitates
1685 1208 1715 1235 et
1728 1213 1829 1236 exem-

1086 1252 1210 1295 ptiones
1227 1263 1244 1285 a
1261 1254 1415 1287 solutione
1431 1255 1637 1297 gabellarum,
1655 1256 1827 1297 dationum,

1086 1307 1323 1351 impositionum
1352 1314 1382 1342 et.
1406 1310 1540 1343 aliorum
1565 1321 1697 1343 onerum
1723 1322 1828 1344 came-

1086 1362 1199 1395 ralium
1219 1374 1504 1407 quorumcumque,
1518 1370 1548 1397 et
1564 1375 1644 1408 quae
1661 1365 1753 1397 ctiam
1771 1376 1829 1409 per

1086 1416 1326 1449 communitates
1344 1422 1373 1449 et,
1393 1418 1610 1451 universitates
1626 1430 1683 1462 pro
1700 1430 1827 1453 corum—

1085 1470 1155 1502 dem
1172 1480 1305 1503 onerum
1332 1472 1534 1504 cameralium
1555 1473 1710 1505 solutione
1728 1477 1758 1507 et
1774 1485 1829 1517 pu-

1885 577 1944 597 Liret
1959 579 2028 598 autom

1844 609 1882 629 pro
1899 605 1970 624 Status
1990 604 2027 624 Ee-

1844 631 1959 650 clesiastiei
1975 636 2029 651 con-

1844 660 1963 677 servatione
1983 658 2028 682 plu-

1845 690 1877 704 res
1895 684 1966 703 estune
1988 686 2026 703 sint

1844 711 2012 731 constitutiones.

1870 1057 1948 1084 Nmpe
1974 1058 2028 1079 Pau·

1843 1084 1875 1104 lus
1886 1084 1902 1104 V
1913 1088 2027 1110 exemptio-

1843 1117 1879 1131 nes
1887 1112 1992 1136 quaslibet
2000 1112 2026 1132 ab

1843 1138 1942 1158 oneribus
1958 1144 2027 1158 came-

1843 1171 1879 1185 rae
1920 1165 2027 1185 solvendis

1843 1197 1967 1216 concessas,

1068 1523 1242 1571 ¹blicorum
1262 1535 1429 1557 munerum
1452 1526 1690 1570 supportatione
1711 1527 1827 1561 indicta

1085 1580 1114 1609 et
1138 1577 1284 1620 imposita
1312 1588 1347 1610 ac
1364 1578 1446 1621 exigi
1472 1579 1562 1612 solita
1587 1584 1691 1622 erant,

1129 1630 1192 1672 §sa
1219 1630 1347 1663 Necnon
1372 1631 1599 1674 assignationes
1624 1636 1653 1666 et
1677 1633 1827 1676 provisio-

1084 1693 1138 1715 nes
1163 1694 1258 1727 super
1282 1695 1426 1717 camerae
1450 1685 1629 1729 praedictae
1653 1686 1827 1719 redditibus

1084 1742 1114 1768 et
1138 1737 1280 1779 iuribus,
1304 1749 1479 1782 poenarum
1504 1751 1629 1783 quoque
1654 1740 1826 1774 maleficio-

1084 1801 1154 1824 rum
1169 1792 1403 1835 applicationes,
1422 1794 1678 1837 approbationes,
1697 1800 1827 1828 ceteras-

1084 1855 1154 1888 que,
1172 1849 1237 1876 tam
1256 1845 1382 1878 illarum
1408 1851 1437 1878 et
1462 1847 1741 1888 camellariarum,
1763 1848 1826 1881 sive

1083 1899 1254 1931 banearum
1291 1899 1429 1932 civilium
1463 1904 1492 1934 et
1525 1901 1759 1943 criminalium,
1791 1913 1827 1935 ac

1083 1953 1325 1986 secretariarum
1339 1959 1369 1986 et
1384 1954 1508 1986 illarum
1527 1955 1826 1997 emolumentorum,

1083 2017 1177 2050 quam
1197 2006 1355 2039 bonorum
1381 2012 1410 2040 et
1436 2007 1551 2040 iurium
1569 2009 1709 2042 eiusdem
1728 2021 1828 2043 eame-

1084 2069 1146 2100 rae,
1165 2060 1301 2093 cuiusvis
1321 2060 1477 2104 qualitatis
1497 2067 1526 2094 et
1543 2063 1734 2106 quantitatis,
1759 2074 1827 2107 gra-

1084 2114 1141 2146 tias
1155 2119 1183 2147 et
1197 2114 1427 2156 concessiones,
1441 2115 1471 2147 in
1484 2116 1713 2160 praeiudicium
1728 2118 1826 2162 ipsius

1083 2178 1227 2201 camerae
1252 2172 1381 2201 eatenus
1406 2179 1570 2203 concessas
1595 2171 1762 2213 et.sactas;

1127 2222 1142 2265 g
1166 2221 1195 2254 5.
1221 2221 1258 2254 Et
1282 2222 1313 2255 in
1338 2223 1434 2256 altera
1458 2224 1563 2257 omnia
1587 2230 1614 2257 et
1641 2225 1765 2269 singula
1789 2238 1826 2260 ae

1082 2286 1299 2320 quaecumque
1324 2277 1500 2321 privilegia,
1518 2278 1659 2312 licentias
1678 2285 1707 2312 et
1731 2281 1825 2314 sacul-

1082 2335 1160 2363 tates
1186 2330 1360 2372 frumenta,
1386 2332 1489 2373 blada,
1514 2333 1684 2376 legumina,
1710 2335 1825 2368 anima-

1866 1644 1963 1670 Aliasque
1975 1645 2026 1665 assi-

1842 1674 1950 1697 gnationes
1960 1688 1964 1696 ,

1893 2237 1917 2257 Et
1944 2237 2024 2257 indulta

1840 2263 1964 2283 extrahendi
1984 2264 2024 2284 fiu-

1839 2292 1926 2314 menta,
1942 2292 1962 2310 et
1981 2291 2024 2310 alia

1839 2316 1902 2336 huius
1941 2322 2024 2342 generis

1839 2344 1980 2364 revocaverit.

1064 2383 1132 2425 Ilia,
1151 2384 1256 2417 oleum
1281 2389 1312 2418 et
1336 2385 1413 2427 alia,
1441 2390 1505 2419 tam
1530 2397 1708 2430 annonam,
1729 2400 1824 2432 quam

1082 2438 1237 2481 graseiam
1263 2439 1493 2482 concernentia,
1516 2439 1609 2473 etiam
1630 2441 1660 2473 in
1685 2442 1824 2486 propriis

1082 2502 1193 2525 eorum
1218 2492 1370 2536 praediis,
1394 2493 1665 2536 possessionibus,
1685 2495 1769 2538 agris
1794 2502 1824 2529 et

1082 2546 1215 2578 terrenis
1243 2556 1300 2589 pro
1329 2551 1472 2589 tempore
1502 2548 1669 2581 recollecta
1693 2559 1729 2582 ex
1753 2550 1822 2592 qui-

1080 2599 1277 2642 buscumque
1288 2599 1391 2632 Status
1407 2601 1506 2634 nostri
1524 2601 1731 2636 Ecclesiastici
1748 2607 1823 2636 tem-

1118 2662 1127 2688 1
1146 2660 1216 2691 Quas
1231 2662 1290 2689 vide
1306 2661 1331 2688 in
1347 2665 1411 2690 tom.
1425 2669 1460 2697 xl,
1477 2671 1539 2699 pag.
1551 2663 1603 2692 255
1619 2668 1646 2692 et
1660 2664 1712 2691 2150
1726 2665 1820 2700 (nm).
