2269 3235
0 1226 9 1247 -ι
0 1097 17 1213 :vx-‹tz-

128 244 176 271 An.
194 243 221 271 C.
245 243 312 271 1624

159 729 187 750 De
204 729 308 751 directore

124 756 220 782 spiritus.

171 2006 202 2027 De
217 2012 260 2027 seri
267 2007 303 2027 itio

119 2033 223 2054 ecclesiae
242 2039 303 2059 prae-

118 2059 201 2080 stando.

934 241 1075 265 uanauus

325 289 437 324 deinde
460 289 586 330 debent,
607 289 767 323 addiscant
783 290 842 333 (ac,
859 289 883 321 si
900 291 962 332 qua
982 289 1012 321 in
1034 300 1068 321 re

326 347 443 384 errent,
461 343 662 387 corrigantur
674 343 713 376 ab
731 343 809 383 aliis,
825 342 940 386 quibus
953 342 984 374 id
1001 342 1069 374 osli-

325 396 409 429 cium
427 395 650 430 demandatum
667 402 729 437 est;
747 396 799 439 qui
813 400 916 428 autem
931 394 1065 427 correcti

324 449 450 490 fuerint,
470 460 572 493 neque
586 454 712 493 gravate
729 449 839 489 serant,
857 453 887 481 et
900 447 1067 481 emendare

324 507 429 536 errata
442 502 609 546 studeant);
623 512 724 545 neque
744 510 906 543 umquam,
923 500 998 532 dum
1023 510 1068 533 sa-

324 555 460 589 cerdotis
477 555 568 600 copia
588 560 650 596 est,
672 554 776 587 divina
799 553 901 587 officia
924 553 1068 587 omittan-

325 614 392 649 tur,
417 609 510 642 etiarn
538 612 671 653 propter
695 612 782 641 actus
801 606 988 647 litterarios,
1013 611 1067 638 aut

325 673 524 706 quacumque
547 661 609 694 alia
633 661 670 694 de
695 662 799 694 causa.

368 716 414 750 Sit
426 715 510 749 domi
521 715 698 759 praefectus
714 724 822 747 rerum
843 713 1065 758 spiritualium,

324 770 378 813 qui
390 770 591 803 alumnorum
605 768 817 802 consessiones
827 767 969 811 accipiat;
979 777 1065 812 prae-

325 828 411 856 terea
429 832 503 855 vero
528 821 567 855 sit
591 831 671 854 unus
696 821 825 865 aliquis,
850 821 903 864 qui
928 820 1065 854 Graecos

323 874 457 908 advenas
488 874 520 907 in
544 874 606 908 side
637 884 672 907 ac
704 873 816 908 ceteris
847 873 886 906 ad
916 873 1062 918 pietatem

322 927 556 971 pertinentibus
580 928 730 968 instruat,
755 933 919 972 curetque,
938 932 971 960 ut
991 927 1063 960 fidei

321 978 571 1023 professionem,
599 979 714 1023 quibus
745 979 923 1013 necessaria
946 983 1009 1019 est,
1034 984 1064 1012 et

322 1032 552 1066 confessionem
568 1032 698 1066 saciant:
717 1032 802 1076 quod
819 1042 944 1073 munus,
959 1031 984 1065 si
998 1032 1064 1065 nul-

322 1086 370 1118 lus
395 1085 434 1118 sit
458 1085 496 1118 de
520 1085 675 1119 Societate
699 1086 752 1130 qui
778 1085 944 1119 commode
973 1085 1063 1119 obire

321 1139 428 1183 possit,
450 1139 625 1183 superioris
650 1139 765 1172 iudicio
781 1149 863 1172 unus
879 1149 896 1172 e
910 1139 1063 1182 cappella-

320 1192 368 1225 nis
392 1192 552 1233 ecelesiae,
569 1198 623 1225 aut
645 1192 725 1225 alius
746 1202 783 1225 ex
807 1192 952 1232 alumnis,
973 1192 1062 1225 cuius

321 1245 427 1278 virtuti
452 1255 488 1279 ac
512 1245 603 1287 fidei,
629 1255 663 1278 re
691 1250 814 1278 mature
845 1245 1060 1286 considerata,

321 1298 406 1332 credi
429 1299 528 1342 possit
552 1308 666 1331 munus
691 1298 761 1338 hoc,
787 1298 888 1331 obeat.

364 1351 505 1392 Alumni,
530 1351 672 1394 quamvis
704 1351 821 1395 alioqui
846 1351 1000 1394 ingeniosi
1025 1363 1061 1385 ac

320 1403 460 1445 studiosi,
477 1403 509 1436 in
533 1404 647 1448 pietate
669 1409 772 1437 tamen
794 1404 926 1446 desides,
944 1404 1061 1448 quique

319 1458 396 1491 alios
424 1459 568 1501 exemplo
600 1462 652 1492 aut
676 1458 814 1491 consiliis
839 1458 902 1491 suis
927 1458 965 1491 ab
990 1459 1062 1492 obe-

319 1510 445 1552 dientia,
463 1510 587 1554 pietatis
604 1511 717 1552 studio,
735 1516 765 1544 et
782 1511 937 1554 collegiali
958 1511 1061 1544 obser-

318 1564 422 1597 vantia
447 1569 590 1598 avertere
614 1564 813 1606 tentaverint,
830 1574 870 1598 ne
894 1565 971 1598 alios
995 1565 1062 1599 insi-

320 1617 412 1658 ciant,
430 1617 535 1650 statim
552 1627 568 1650 e
586 1618 720 1661 collegio
738 1617 943 1652 dimittantur.
962 1618 1060 1652 Festis

319 1670 431 1704 diebus
455 1670 541 1704 domi
565 1681 597 1704 se
622 1671 818 1712 contineant,
844 1671 903 1704 nisi
935 1672 1060 1715 quando

319 1724 358 1757 ad
381 1729 469 1758 actus
493 1724 673 1766 littei-arios,
690 1725 799 1758 autad
820 1725 1004 1759 concionem
1021 1726 1061 1759 le-

319 1778 494 1812 ctionemve
518 1789 640 1812 sacram
661 1778 799 1812 eundum
824 1779 873 1820 sit,
891 1789 984 1823 quam
1004 1790 1059 1812 au-

318 1831 405 1865 diant
425 1842 497 1865 cum
522 1832 700 1873 habebitur,
717 1831 778 1865 nisi
800 1831 978 1865 divinorum
995 1833 1060 1866 ofli—

318 1885 441 1919 ciorum
465 1890 519 1918 aut
538 1885 765 1919 litterariarum
783 1885 1057 1920 exercitationum¹

318 1939 484 1983 occupatio
507 1938 666 1983 impediat.

361 1992 487 2026 Missam
519 2003 555 2026 ac
584 2003 731 2037 vesperas
765 1993 875 2026 diebus
911 1993 1058 2026 omnihus

318 2045 496 2087 dominicis,
512 2046 599 2079 sestis
616 2046 762 2080 omnibus
781 2046 892 2080 Beatae
910 2046 1057 2090 Virginis,

318 2104 348 2132 et
363 2100 576 2144 Angelorum,
601 2104 782 2134 sanctorum
806 2100 975 2142 Athanasii,
1000 2101 1057 2134 Ba-

317 2153 395 2194 silii,
420 2153 565 2197 Gregorii
589 2153 790 2195 Nazianzeni,
818 2154 941 2188 Ioannis
965 2154 1059 2200 Chry-

318 2207 466 2250 sostomi,
491 2207 628 2249 Nicolai,
656 2207 842 2242 Catharinae
872 2208 1003 2252 virginis
1028 2215 1058 2243 et

318 2261 479 2305 martyris,
504 2261 591 2294 sestis
616 2261 762 2295 omnibus
787 2261 956 2303 Paschafis,
981 2263 1057 2297 Pen-

318 2318 460 2355 tecostes,
484 2315 600 2348 Natalis
625 2315 766 2356 Domini,
790 2315 1056 2359 Circumcisionis,

318 2367 519 2412 Epiphaniae,
539 2369 847 2412 Transfiguraffionis,
866 2370 1057 2404 Inventionis

316 2425 346 2455 et
369 2421 572 2455 Exaltationis
597 2427 722 2456 sanctae
746 2423 853 2457 Crucis
872 2423 904 2456 in
925 2424 1057 2456 ecclesia

316 2475 497 2509 decantent:
523 2474 633 2509 diebus
657 2475 732 2509 item
757 2476 904 2510 omnibus
928 2477 1057 2510 maioris

316 2528 542 2570 hebdomadae,
561 2527 593 2560 in
616 2528 723 2572 vigilia
747 2529 864 2564 Natalis
884 2530 1007 2563 Domini
1028 2535 1057 2563 et

318 2582 525 2627 Epiphaniae:
544 2592 579 2614 ac
595 2587 766 2625 praeterea,
784 2583 874 2626 siqui
893 2588 961 2616 sunt
981 2583 1056 2624 dies,

352 2645 365 2672 1
385 2645 455 2672 Edit.
472 2644 551 2672 Mainr
567 2644 651 2671 habet
665 2645 901 2673 exercitationem
917 2646 955 2679 (n.
972 2645 1020 2678 τ.).

421 2698 498 2726 Bull.
519 2698 599 2726 Rom.
615 2712 650 2717 —-
669 2697 727 2724 Vol.
749 2697 830 2724 XIII.
976 2697 1010 2724 3⁹3

1100 241 1156 265 vm
1181 241 1228 265 pr.
1747 229 1812 262 249

1102 290 1154 332 qui
1171 289 1202 322 in
1218 289 1357 322 Ecclesia
1374 288 1492 321 Graeca
1510 286 1619 332 populi
1638 286 1774 319 universi
1792 287 1842 320 de-

1103 342 1226 375 votione
1237 341 1445 382 celebrentur,
1455 340 1548 373 etiam
1557 340 1616 384 ipsi
1627 339 1768 372 divinum
1779 340 1843 373 offi-

1102 395 1185 427 cium
1204 395 1369 428 Orientalis
1386 394 1545 428 Ecclesiae
1564 404 1653 427 more
1671 394 1840 427 celebrent.

1145 448 1222 481 Toto
1242 448 1370 491 quidem
1395 447 1467 479 anni
1493 452 1646 491 tempore,
1671 446 1724 479 sed
1751 456 1842 490 prae-

1102 500 1210 533 sertim
1230 510 1301 532 cum
1326 500 1551 544 pomeridianis
1572 500 1658 533 horis
1682 504 1810 533 vacatur
1825 510 1842 531 a

1102 552 1288 585 lectionibus
1313 557 1343 585 et
1367 563 1423 596 per
1448 553 1643 585 autumnales
1668 552 1761 585 serias
1793 563 1843 586 ex-

1101 610 1267 638 erceantur
1280 606 1311 638 in
1329 604 1442 638 divinis
1459 604 1569 637 officiis
1585 610 1615 638 et
1635 605 1841 639 caeremoniis

1100 659 1273 692 secundum
1299 659 1378 691 ritus
1392 658 1559 691 Orientalis
1576 659 1732 691 Ecclesiae
1750 670 1840 703 pera-

1100 713 1221 756 gendis,
1238 718 1272 746 ut
1288 713 1365 746 haec
1381 717 1543 757 praestare
1568 712 1680 745 deinde
1700 723 1771 745 eum
1791 713 1841 746 de-

1099 777 1172 799 core
1190 771 1219 799 et
1236 766 1454 799 aedificatione
1470 765 1606 810 possint:
1626 765 1657 798 in
1673 777 1747 809 quo,
1767 766 1840 810 quia

1099 819 1204 862 magni
1228 819 1379 852 momenti
1397 823 1453 858 est,
1470 828 1509 851 ne
1529 818 1692 851 remissius
1715 824 1769 851 aut
1785 828 1840 851 ne-

1098 872 1268 915 gligentius
1292 877 1421 915 agatur,
1454 871 1587 905 rectoris
1618 871 1840 904 conscientiam

1098 936 1276 958 oneramus.
1302 926 1368 965 Quo
1399 925 1474 958 item
1505 930 1669 969 tempore,
1698 928 1750 959 aut
1781 925 1841 958 alia

1098 990 1168 1012 cum
1187 978 1289 1012 studia
1305 978 1566 1019 intermittuntur,
1583 978 1719 1012 maiores
1736 988 1773 1012 ea
1789 978 1841 1013 do-

1097 1036 1237 1073 ccantur,
1251 1042 1331 1076 quae
1348 1031 1537 1065 celebrando
1554 1036 1753 1065 sacrosancto
1770 1032 1841 1066 mis·

1097 1095 1149 1117 sac
1169 1084 1323 1118 sacrificio
1348 1084 1521 1118 secundum
1539 1084 1635 1117 ritum
1653 1084 1838 1118 orientalem

1096 1137 1299 1171 accomodata
1310 1142 1390 1179 sunt,
1403 1148 1442 1170 ne
1455 1138 1494 1170 ad
1506 1137 1711 1171 ecclesiarum
1725 1138 1838 1171 deinde

1096 1202 1204 1224 curam
1230 1191 1335 1224 minus
1360 1191 1461 1235 parati
1486 1191 1643 1224 accedant.

1139 1244 1232 1277 Curet
1266 1249 1429 1288 protector
1460 1244 1678 1288 procurationi
1711 1244 1836 1287 collegii

1096 1298 1273 1341 specialiter
1287 1298 1507 1342 deputatus,ut
1523 1298 1660 1331 Graecus
1674 1297 1787 1341 aliquis
1800 1308 1837 1331 ex

1095 1350 1221 1384 Oriente
1238 1351 1302 1384 ritu
1319 1362 1433 1394 graeco
1451 1356 1653 1385 consecratus
1670 1351 1837 1395 episcopus

1095 1406 1213 1438 Romae
1239 1405 1277 1438 sit
1301 1405 1339 1438 ad
1364 1405 1467 1438 divina
1492 1405 1611 1446 officia,
1636 1408 1728 1448 atque
1753 1404 1837 1438 ordi-

1094 1458 1237 1492 nationes
1261 1458 1324 1491 ritu
1348 1469 1463 1502 graeco
1488 1459 1520 1491 in
1545 1459 1676 1492 ecclesia
1696 1458 1724 1491 S.
1745 1458 1838 1491 Atha—

1094 1512 1172 1545 nasii
1197 1512 1393 1556 peragendas
1404 1512 1422 1553 ¹,
1439 1512 1503 1556 qui,
1521 1522 1601 1556 quae
1618 1512 1656 1545 ad
1676 1506 1837 1546 caeremo-

1094 1565 1161 1598 nias
1186 1571 1215 1598 et
1240 1566 1319 1599 ritus
1343 1566 1508 1599 Orientalis
1533 1566 1690 1599 Ecclesiae
1710 1565 1837 1606 faciunt,

1095 1618 1209 1652 docere
1233 1620 1377 1652 alumnos
1394 1620 1502 1663 possit,
1520 1625 1550 1652 et
1569 1619 1637 1663 ipse
1653 1629 1710 1663 per
1731 1619 1837 1652 omnia

1095 1677 1211 1713 servet,
1225 1673 1279 1716 qui
1298 1679 1401 1706 tamen
1418 1674 1541 1706 nullum
1555 1673 1603 1705 ius
1618 1672 1650 1705 in
1667 1673 1836 1716 collegium

1094 1731 1147 1759 aut
1175 1727 1339 1759 ecclesiam
1376 1727 1509 1767 habeat,
1533 1732 1627 1770 atque
1658 1726 1696 1759 ad
1723 1731 1834 1759 nutum

1094 1780 1233 1813 amoveri
1257 1790 1275 1813 a
1299 1785 1480 1824 protectore
1504 1780 1611 1824 possit.

1137 1834 1204 1867 Duo
1228 1839 1392 1878 praeterea
1417 1834 1564 1867 sacellani
1581 1839 1611 1867 et
1631 1838 1774 1867 cantores
1792 1839 1834 1867 to-

1094 1886 1189 1920 tidem
1214 1897 1251 1920 ex
1275 1886 1411 1920 alumnis
1435 1887 1604 1931 imprimis,
1622 1887 1680 1927 vel,
1701 1886 1726 1920 si
1744 1886 1835 1919 aliter

1092 1940 1161 1972 sieri
1174 1950 1236 1973 non
1248 1940 1357 1984 possit,
1372 1940 1518 1973 conducti
1532 1940 1603 1981 sint,
1617 1940 1670 1984 qui
1684 1940 1834 1973 ecelesiae

1092 1993 1289 2034 deserviant,
1314 2004 1349 2026 ac
1373 1994 1484 2026 missas
1515 1999 1547 2026 et
1578 1993 1682 2026 divina
1714 1993 1834 2035 officia,

1092 2047 1214 2091 quoties
1241 2047 1357 2081 rectori
1383 2047 1549 2088 videbitur,
1567 2047 1736 2088 eelebrent,
1761 2058 1833 2081 can-

1091 2105 1141 2133 tus
1158 2105 1188 2133 et
1208 2100 1423 2134 caeremonias
1444 2100 1669 2134 ecclesiasticas
1689 2101 1834 2134 alumnos

1091 2154 1231 2187 doceant.
1261 2154 1388 2188 Alumni
1419 2159 1542 2194 autem,
1573 2153 1626 2198 qui
1659 2153 1832 2187 secundum

1091 2208 1225 2250 gradum
1257 2218 1349 2240 suum
1375 2207 1405 2239 in
1430 2207 1562 2240 ecclesia
1593 2207 1832 2248 ministrabunt,

1091 2261 1157 2294 sine
1181 2261 1246 2294 ullo
1267 2260 1423 2304 stipendio
1444 2266 1497 2293 aut
1513 2260 1711 2304 exemptione
1728 2260 1759 2293 in
1779 2260 1832 2303 illo

1091 2325 1207 2357 genere
1232 2314 1263 2347 id
1287 2319 1463 2358 praestent,
1490 2314 1575 2358 quod
1592 2314 1616 2347 si
1634 2313 1752 2347 alumni
1769 2324 1833 2348 non

1092 2368 1162 2409 sint,
1185 2368 1216 2401 in
1239 2367 1373 2411 collegio
1389 2377 1452 2401 non
1470 2367 1620 2408 habitent,
1637 2377 1739 2411 neque
1760 2378 1831 2401 cum

1091 2422 1225 2455 alumnis
1249 2432 1353 2465 agere,
1378 2421 1438 2454 nisi
1463 2432 1535 2455 cum
1560 2423 1675 2465 magna
1696 2421 1832 2456 circum-

1092 2475 1263 2520 spectione,
1288 2475 1519 2519 permittantur.

1136 2530 1166 2562 Si
1191 2529 1260 2573 quis
1276 2529 1475 2563 alumnorum
1497 2528 1535 2562 ad
1554 2528 1756 2573 perfectionis
1774 2533 1831 2562 sta-

1129 2602 1139 2628 1
1167 2601 1261 2635 Aptius
1284 2600 1343 2635 lege
1366 2600 1545 2635 peraqenda,
1573 2600 1614 2628 vel
1634 2600 1831 2635 perayendum

1093 2646 1127 2679 (fl.
1140 2645 1186 2679 T.).

1859 240 1907 266 An.
1922 239 1950 266 C.
1974 240 2039 267 162⁴

1878 1257 1909 1279 De
1929 1258 2035 1284 episcopo,

1852 1284 1939 1311 etusque
1963 1291 2036 1305 mune-

1851 1316 1880 1331 re.

1876 1842 1906 1862 De
1922 1843 2033 1863 sacellanis

1850 1870 1871 1889 et
1885 1869 2014 1890 cantoribus.

1872 2535 1902 2556 De
1911 2534 1936 2556 iis
1946 2535 1980 2562 qui
1992 2535 2028 2556 Or-

1846 2562 1930 2583 dinibus
1947 2562 2031 2588 religio-
