2269 3235
87 253 138 279 An.
155 252 184 278 C.
204 251 268 278 1024

119 631 274 657 Ezeqnuturum

92 659 209 684 deputati-1.

302 1629 386 1663 modi
402 1629 441 1663 ab
466 1629 622 1669 omnibus,
640 1629 678 1661 ad
695 1639 775 1672 quos
800 1634 915 1672 spectat
934 1634 962 1661 et
981 1639 1040 1672 pro

161 2066 293 2086 Obstantium

109 2093 227 2118 deroganti.

892 248 1034 272 rnnAan

285 308 419 342 cumque
445 297 562 331 iudices
594 297 769 330 ordinarios
792 301 822 329 et
845 296 1038 337 delegatoss

286 351 379 384 etiam
405 362 568 384 cansarum
590 350 693 395 palatii
719 348 880 393 apostolici
906 348 1024 380 andito-

287 415 347 445 res,
368 404 484 448 ubique
503 404 634 437 iudicari
651 409 679 436 et
698 402 821 435 deliniri
842 401 968 441 debere,
989 401 1041 433 ac*

288 458 411 490 irritum
430 463 460 492 ct
476 458 577 498 inane,
595 457 620 490 si
639 467 728 489 secus
745 465 840 499 super
856 455 904 487 his
918 464 935 486 a
952 464 1026 497 quo-

288 522 393 555 quam,
403 511 512 556 quavis
525 510 719 549 auctoritate,
733 509 869 542 scienter
879 508 925 540 vel
939 508 1028 551 igno-

289 571 405 606 ranter,
430 564 598 607 contigerit
621 562 775 597 attentari.

334 619 402 661 §la
433 619 585 657 Quocirca
616 616 848 650 venerabilibus
879 614 1028 648 fratribus

292 671 398 703 loanni
424 671 591 703 Francisco
613 669 804 709 Patracensi,
824 668 977 701 moderno
1000 672 1046 700 et·

291 735 348 767 pro
364 728 503 767 tempore
517 722 659 755 existenti
676 727 786 755 nostro
804 727 834 754 et
849 721 937 755 Sedis
951 721 1030 764 Apo-

292 777 418 810 stolicae
443 777 473 808 in
498 775 631 818 Belgicis
649 775 820 808 ditionibus
844 774 969 810 nuncio,
995 783 1030 805 ac

293 830 481 863 Mecliniensi
506 829 760 873 archiepiscopo,
780 839 838 861 nec
861 838 924 861 non
949 827 1048 871 epis-;

294 894 374 927 copo
395 883 595 923 Tornaeensi,
613 893 670 926 per
686 886 868 926 praesentes
892 881 1033 915 commit—

295 938 388 970 timus
401 942 431 969 et
445 936 639 976 mandamus,
650 940 803 980 quatenus
817 935 887 979 ipsi,
897 935 944 968 rel
959 935 1032 975 duo,

294 996 346 1023 aut
371 1001 451 1023 unns
476 1001 597 1031 eorum>
621 999 678 1032 per
699 1000 749 1029 se,
774 989 822 1021 vel
847 989 953 1028 alium,
978 998 1032 1020 seu

295 1045 382 1086 alios,
396 1050 578 1088 praesentes
593 1045 713 1077 litteras
730 1048 760 1075 et
778 1042 809 1075 in
827 1041 871 1075 eis
889 1046 1034 1075 contenta

295 1108 522 1142 quaecumque,
546 1098 599 1130 ubi
625 1102 655 1130 et
679 1096 804 1140 quando
828 1105 906 1139 opus
931 1095 1034 1134 suerit,

297 1158 324 1184 ct
352 1151 474 1195 quoties
503 1162 561 1195 pro
591 1156 679 1195 parte
713 1149 901 1183 venerahilis
931 1148 1036 1182 fratris

298 1205 467 1237 Ilermanni
503 1204 645 1237 moderni
670 1209 700 1236 et
722 1214 780 1247 pro
806 1208 947 1246 tempore
977 1202 1037 1234 exi-

298 1258 407 1290 stentis
439 1257 576 1300 episcopi
608 1255 821 1289 Atrebatensis
848 1254 963 1287 fuerint
987 1265 1053 1295 re-¹

298 1310 414 1353 (plisni,
439 1309 621 1342 solemniter
644 1308 849 1352 publicanteS,
875 1307 981 1351 eisque
1007 1307 1036 1339 in

299 1363 481 1407 praemissis
505 1362 640 1395 efficacis
665 1362 855 1394 defensionis
878 1361 1037 1405 praesidio

299 1416 487 1456 assistentes,
502 1415 611 1450 saciant
631 1415 816 1448 auctoritate
837 1416 945 1448 nostra
968 1415 1038 1447 illos

299 1470 545 1514 praemissorum
570 1469 711 1501 omnium
733 1473 763 1500 ct
782 1468 981 1511 singulorum
1000 1468 1056 1500 ‹ef-¹

301 1525 382 1556 fectu
406 1523 535 1567 pacifice
560 1523 621 1555 frui
640 1527 666 1554 et
686 1522 834 1565 gaudere,
852 1522 1039 1565 easdemque
1055 1550 1057 1556 ,

300 1581 480 1620 praesentes
493 1576 613 1608 litteras
627 1580 657 1608 et
670 1575 700 1607 in
715 1575 759 1607 eis
773 1580 919 1608 contenta
936 1575 1041 1607 huius-

303 1689 443 1727 tempore
467 1682 705 1726 quomodolibet
729 1682 891 1726 spectabit,
916 1682 1042 1716 inviola-

302 1737 407 1770 biliter
424 1737 599 1777 obse1·vari;
621 1736 868 1770 contradictores
886 1736 1040 1780 quoslibet

304 1796 331 1823 et
348 1791 483 1823 rebelles
495 1800 552 1834 per
565 1789 744 1830 sententias,
762 1799 911 1822 censuras
929 1794 959 1822 et
971 1800 1043 1833 poe-

303 1854 360 1876 nas
376 1843 612 1883 ecclesiasticas,
630 1843 752 1886 aliaque
772 1848 949 1887 opportuna
966 1844 1044 1877 iuris

306 1902 335 1931 ct
359 1897 430 1930 sacti
453 1896 603 1937 remedia,
627 1897 835 1940 appellatione
859 1897 1044 1941 postposita,

308 1950 551 1994 compescendo,
577 1950 719 1982 invocato
744 1950 836 1982 etiam
862 1950 899 1982 ad
925 1951 995 1991 hoc,
1020 1951 1045 1983 si

308 2015 387 2048 opus
411 2003 514 2043 suerit,
539 2003 654 2036 auxilio
677 2003 799 2036 brachii
824 2004 983 2037 secularis.

353 2058 368 2101 ξ
384 2058 413 2090 5.
427 2058 494 2090 Non
507 2057 713 2097 obstantibus,
731 2060 884 2100 quatenus
901 2068 980 2101 opus
998 2058 1046 2101 sit,

309 2111 407 2144 felicis
431 2110 658 2143 recordationis
683 2110 844 2143 Bonifiaeii
865 2111 965 2154 Papae
982 2112 1046 2144 VIII

309 2164 560 2208 praedecessoris
573 2164 672 2197 nostri
686 2163 723 2196 de
738 2166 809 2205 una,
822 2170 852 2197 et
865 2165 896 2197 in
913 2166 1047 2199 concilio

310 2217 447 2260 generali
468 2217 550 2250 edita
567 2217 605 2250 de
621 2217 742 2250 duabus
756 2217 857 2257 dietis,
875 2218 1048 2252 dummodo

310 2272 391 2305 ultra
407 2276 470 2304 tres
487 2271 585 2304 dietas
610 2271 722 2314 aliquis
747 2272 932 2306 auctoritate
956 2283 1048 2316 prae-

310 2324 445 2356 sentium
470 2325 508 2357 ad
528 2325 678 2357 iudicium
703 2335 766 2358 non
791 2325 944 2366 trabatur,
970 2327 1050 2359 aliis-

311 2388 371 2422 que
385 2378 657 2412 constitutionibus
671 2384 699 2411 et
717 2378 967 2412 ordinationibus
980 2391 1051 2424 apo-

312 2432 446 2471 stolicis,
470 2442 505 2464 ac
529 2431 628 2464 dictae
658 2432 808 2465 ccclesiae
838 2432 1050 2467 Atrebatensis

313 2486 418 2529 (etiam
437 2485 623 2525 iuramento,
643 2485 882 2519 confirmatione
903 2474 1068 2531 apostoli-¹

314 2541 361 2580 ea,
378 2539 426 2572 rel
445 2539 555 2583 quavis
570 2539 630 2571 alia
643 2539 790 2572 firmitate
804 2539 975 2585 roboratis)
996 2545 1053 2575 sta—

315 2593 388 2626 tutis
396 2598 426 2625 et
434 2591 722 2633 consuetudinibus,
731 2593 904 2636 privilegiis
914 2605 1052 2638 qnoque,

315 2646 443 2679 indultis
468 2651 497 2678 et
520 2645 633 2679 litteris
662 2646 840 2690 apostolicis
865 2647 896 2679 in
920 2653 1049 2680 contra-

1060 248 1113 270 vui
1139 248 1185 271 rr.
1704 235 1763 267 10¹)

1056 295 1136 327 rium
1155 294 1400 338 praemissorum
1418 292 1651 337 quomodolilwt
1672 304 1795 325 conces-

1058 348 1109 387 sis,
1127 348 1320 381 contirmatis
1335 353 1363 379 et,
1381 346 1542 379 innovatis.
1561 346 1679 385 Quibus
1699 346 1795 378 omni-

1058 401 1117 433 bus
1142 407 1171 433 ct.
1196 402 1344 444 singulis,
1370 412 1479 434 corum
1506 400 1646 433 omnium
1673 406 1797 433 tenores⁴

1061 454 1277 497 praesentibus
1302 465 1358 497 pro
1378 455 1468 497 plene
1494 459 1520 485 et
1544 453 1733 487 sufficienter
1750 464 1798 485 cx-

1061 506 1178 550 pressis
1191 511 1221 537 et
1234 506 1270 538 ad
1286 506 1415 538 verbum
1431 507 1554 539 insertis
1569 507 1728 545 babentes,
1739 506 1799 538 illis

1062 559 1137 591 alias
1156 558 1186 591 in
1207 569 1263 591 suo
1281 559 1396 591 robore
1417 559 1642 602 permansuris,
1661 560 1716 591 hac
1735 559 1800 591 vice

1063 612 1225 645 dumtaxat
1248 612 1425 655 specialiter
1450 618 1477 643 ct
1504 607 1652 655 expresse
1673 613 1802 655 deroga-

1065 676 1144 706 muS‚
1163 665 1338 707 ceterisque
1355 665 1520 697 contrariis
1541 666 1801 708 ‹pliliuscuinqne

1108 719 1218 752 Datum
1234 719 1362 757 Romae,
1379 717 1461 760 apud
1479 718 1507 749 S
1522 718 1659 757 Petrum,
1676 718 1733 749 snb
1749 728 1802 749 an-

1812 246 1856 270 Anv

1065 772 1139 804 nulo
1153 771 1329 812 piscatoris⁷
1348 771 1398 803 die
1419 781 1480 803 xxx
1503 771 1633 802 ianuarii
1653 781 1804 809 nncxxrv,
1837 788 1840 793 -

1065 826 1266 869 pontificatus
1290 825 1388 857 nostri
1415 835 1495 857 anno
1521 835 1538 856 1.

1102 887 1158 915 Dat..
1181 887 1225 914 die
1245 887 1278 913 30
1295 887 1407 913 ianuarii
1429 887 1503 918 1624,
1521 886 1615 921 pontif.
1634 894 1677 912 an.
1696 892 1711 912 1.

1395 1030 1484 1063 XXX.

1071 1110 1280 1152 Confirmatio
1295 1110 1431 1143 ulterius
1445 1110 1563 1143 clem-vti
1575 1112 1715 1144 eiusdem
1734 1112 1810 1145 Con-

1113 1165 1323 1207 qreqationis,
1337 1175 1399 1207 quo
1414 1164 1609 1202 declaratur,
1626 1166 1809 1207 facultatem

1114 1217 1315 1261 approbandi
1328 1218 1536 1260 confessarius
1549 1218 1591 1249 ad
1603 1220 1811 1261 consessiones

1115 1270 1307 1307 audiendas,
1331 1275 1427 1313 atquc
1442 1270 1605 1303 It'centiam
1621 1272 1812 1304 conredo-idi

1116 1323 1334 1365 reqularilucs,
1362 1323 1421 1365 qui
1438 1323 1470 1355 in
1498 1324 1636 1355 eccles-iis
1661 1335 1722 1356 non
1745 1335 1814 1356 suo-

1117 1387 1188 1408 rum
1218 1376 1378 1409 Ortlsmun
1407 1388 1515 1409 sacrus
1544 1378 1707 1410 conciones
1737 1383 1813 1410 sunt

1118 1431 1284 1466 habitztrt',
1313 1441 1369 1462 ner
1393 1442 1456 1463 non
1484 1432 1730 1464 bencdictionenz
1758 1433 1810 1470 iis,

1117 1484 1222 1527 quiin
1240 1494 1371 1515 suorum
1390 1484 1550 1517 Orslt'nuni
1568 1485 1706 1517 ecelesiis
1722 1496 1815 1528 prue—
1855 1487 1858 1491 '

1118 1537 1226 1568 ‹It'care
1253 1537 1422 1572 valuerim,
1445 1537 1507 1569 soli
1524 1538 1667 1580 episeopo
1693 1548 1815 1581 compe—

1120 1595 1182 1623 tere
1206 1591 1239 1623 in
1267 1591 1401 1622 dioecesi
1425 1591 1637 1623 Ali-elauensi.

1288 1667 1424 1694 Urbanus
1440 1668 1518 1700 Papa
1530 1669 1608 1699 VIII,

1205 1722 1241 1748 ad
1256 1726 1429 1755 perpetuam
1445 1722 1489 1748 rei
1504 1722 1684 1749 memoriam.

1123 1793 1136 1835 ξ
1160 1793 1190 1825 ’1.
1215 1793 1313 1829 Cum,
1340 1793 1417 1825 sicut
1452 1794 1646 1837 accepimus,
1678 1805 1779 1838 nuper
1803 1806 1820 1827 a

1059 1873 1061 1878 .
1078 1845 1311 1878 venerabilibus
1326 1846 1475 1878 fratribus
1489 1846 1605 1879 nostris
1620 1853 1744 1880 sanctae
1766 1849 1821 1881 Ro-

1080 1908 1190 1931 manae
1216 1898 1373 1930 Ecclesiae
1399 1898 1611 1931 cardinalibus
1636 1900 1715 1933 sacri
1746 1901 1823 1933 Con-

1080 1952 1142 1985 cilii
1174 1952 1348 1984 Tridentini
1381 1952 1606 1996 interpretibus
1631 1954 1821 1986 emanaverit

1080 2006 1261 2042 declaratio,
1286 2006 1350 2038 sive
1383 2006 1545 2038 decretum
1571 2008 1688 2039 tenoris
1714 2008 1820 2040 subse-

1081 2059 1214 2103 quentis,
1241 2059 1401 2091 videlicet:

1127 2113 1328 2157 Supplicatur
1364 2113 1402 2145 ab
1438 2113 1497 2145 liac
1527 2115 1614 2145 sacra
1646 2114 1824 2157 Congrcga-

1082 2167 1165 2199 tione
1190 2166 1358 2199 declarari:
1389 2167 1434 2198 An
1465 2166 1625 2210 episcopo,
1651 2178 1725 2199 num
1751 2178 1825 2200 iero

1082 2219 1218 2263 capitulo
1243 2219 1437 2251 Atrebatensi
1463 2225 1621 2262 competat
1647 2220 1693 2251 ius
1725 2226 1755 2252 et
1788 2222 1827 2252 t'a-

1082 2274 1181 2306 cultas
1204 2272 1400 2316 approbandi
1424 2273 1632 2305 confessarios
1650 2274 1687 2305 ad
1705 2276 1825 2306 conses-

1083 2327 1185 2360 siones
1220 2325 1405 2365 audiendas,
1437 2331 1530 2368 atque
1560 2326 1716 2358 licentiam
1750 2337 1826 2359 con-

1084 2379 1212 2413 cedendi
1240 2378 1448 2421 regularibus,
1466 2379 1518 2422 qui
1544 2379 1574 2410 in
1600 2379 1740 2411 ecclesiis
1765 2390 1827 2412 non

1066 2443 1215 2469 ,suornm
1241 2431 1392 2465 Ordinnm
1424 2442 1528 2464 sacras
1555 2432 1721 2464 conciones
1754 2438 1827 2464 sunt

1085 2486 1243 2525 habituri,
1269 2495 1390 2517 necnon
1415 2485 1664 2518 benedictionem
1690 2486 1748 2526 iis,
1773 2487 1826 2531 qui

1086 2540 1116 2572 in
1142 2549 1272 2572 suorum
1297 2538 1449 2570 Ordinum
1475 2538 1614 2571 ecclesiis
1644 2539 1827 2582 praedicare

1086 2593 1251 2627 voluerint.

1125 2658 1134 2682 1
1154 2655 1191 2682 Ex
1207 2655 1314 2691 Regest.
1331 2655 1358 2682 in
1377 2655 1477 2682 Secret.
1495 2654 1633 2683 Brevium.

1864 1802 1902 1820 thr

1879 246 1905 271 tt.
1928 247 1992 273 1624

1907 1802 1979 1820 retum.
