2269 3235
95 237 144 265 An.
165 235 194 264 C.
212 235 279 263 1625

129 1624 166 1645 Cui
181 1625 280 1646 salarium

98 1654 197 1677 assignat.

132 2104 158 2126 Et
172 2106 282 2131 privileeia

100 2131 134 2152 hic
178 2133 282 2154 recensita

102 2158 203 2180 decernit.

898 234 1040 258 URBANUS
1065 233 1121 257 VIII
1144 234 1192 258 PP.

291 286 321 315 et
348 281 544 323 amovendo,
569 292 642 316 cum
671 281 882 326 infrascriptis
907 287 937 314 et
961 281 1031 314 aliis

291 335 439 368 omnibus
464 340 493 368 et
518 335 649 379 singulis
673 334 857 379 privilegiis,
880 334 1032 367 facultati-

294 389 364 429 bus,
388 388 573 430 honoribus,
598 388 852 433 praeeminentiis
876 392 907 420 et
931 387 1032 421 oneri-

292 442 361 483 bus,
379 442 410 474 in
431 442 575 486 capitulis
599 453 657 486 per
682 442 830 475 dilectum
855 441 954 473 filium
978 451 1033 473 no-

292 500 392 528 strum
418 496 586 529 Antonium
604 495 704 530 dictae
724 499 849 528 sanctae
873 495 1032 528 Romanae

292 548 449 581 Ecclesiae
475 548 693 592 presbyterum
719 547 909 581 cardinalem
934 547 1031 580 sancti

292 601 471 645 llonupln·ii
496 606 711 645 nuncupatum
740 600 778 633 de
805 600 952 634 mandato
980 610 1033 633 no-

292 658 357 688 stro
382 654 568 698 subscriptis
593 654 764 698 expressis,
789 658 819 687 et
843 653 911 686 aliis
938 654 1031 687 etiam

292 717 350 750 per
373 717 432 751 pro
456 712 600 751 tempore
625 707 810 740 existentem
835 707 966 740 archivii
983 717 1034 750 ge-

291 760 406 793 neralis
430 760 609 794 huiusmodi
635 760 946 805 superintendentem
963 771 1032 794 car-

292 813 428 847 dinalem
453 813 717 858 quandocumque
742 814 940 858 ampliandis,
964 825 1033 848 mo-

292 866 439 900 derandis
456 870 486 901 et
501 866 707 908 declarandis,
728 867 902 912 apostolica
925 874 1032 902 aueto-

291 920 393 962 ritate,
413 925 522 954 tenore
546 921 778 965 praesentium,
794 925 947 966 perpetuo
971 922 1033 955 eri-

292 974 395 1016 gimus
425 979 455 1008 et
486 975 678 1009 instituimus
693 987 700 1016 ;
726 976 835 1019 illique
858 976 902 1009 sic
928 981 1033 1009 erecto

292 1032 322 1060 et
352 1027 493 1062 instituto
508 1056 515 1070 ,
539 1040 598 1073 pro
623 1029 689 1062 eius
714 1029 786 1063 dote
810 1040 846 1063 ac
870 1029 947 1063 illud
974 1040 1033 1074 pro

292 1086 435 1126 tempore
459 1082 629 1116 obtinentis
654 1083 894 1126 sustentatione,
919 1082 1033 1116 salario

293 1139 323 1167 et
348 1135 578 1177 emolumento,
610 1146 767 1169 summam
796 1136 827 1169 in
851 1136 1034 1180 particulari

293 1187 515 1232 chirographo,
525 1189 618 1221 etiam
630 1189 724 1223 hodie
737 1199 833 1223 manu
844 1191 952 1222 nostra
964 1190 1036 1223 sub-

293 1241 421 1285 scripto,
440 1251 477 1274 ex
497 1242 576 1275 taxis
600 1253 636 1275 ac
660 1242 808 1276 omnibus
832 1243 964 1284 iuribus,
982 1243 1035 1277 ob-

293 1295 502 1336 ventionibus,
512 1296 733 1329 emolumentis
747 1302 777 1330 et
789 1296 858 1329 aliis
875 1297 1035 1340 regalibus

295 1347 327 1380 in
343 1347 434 1381 dictis
453 1348 597 1392 capitulis
623 1349 777 1383 contentis
801 1353 831 1384 et
847 1350 1035 1395 specificatis

294 1401 529 1445 designandam,
552 1403 635 1436 dicta
655 1403 840 1438 auctoritate
857 1404 951 1437 etiam
968 1415 1036 1449 per-

294 1461 390 1500 petuo
414 1456 608 1500 applicamus
626 1462 656 1490 et
675 1457 928 1502 appropriamus,
946 1468 982 1492 ac
998 1469 1035 1493 cx

294 1520 377 1543 nunc
402 1510 592 1554 applicatam
615 1516 644 1544 et
667 1512 900 1556 appropriatam
922 1512 989 1546 sore
1007 1516 1037 1547 et

295 1574 364 1597 esse
389 1564 533 1597 volumus
558 1570 588 1597 et
612 1564 818 1599 declaramus.

340 1617 356 1660 ἓ
372 1616 401 1650 3.
418 1617 464 1650 Ita
480 1622 514 1650 ut
526 1617 618 1651 liceat
631 1618 732 1651 eidem
747 1619 961 1652 conservatori
976 1629 1035 1663 pro

296 1676 440 1715 tempore
464 1671 617 1712 existenti,
634 1682 691 1716 per
710 1682 752 1714 se,
770 1672 817 1705 vel
835 1672 932 1705 alium
950 1672 988 1706 ad
1005 1673 1036 1706 id

295 1724 334 1757 ab
360 1735 397 1758 eo
421 1724 645 1769 deputandum,
670 1736 826 1758 summam
843 1726 887 1759 sic
904 1727 1038 1770 applica-

295 1782 359 1810 tam
383 1783 414 1811 et
437 1779 673 1823 appropriatam
696 1779 734 1812 ab
755 1779 803 1821 iis,
821 1779 860 1812 ad
883 1790 962 1824 quos
979 1791 1037 1825 pro

296 1836 438 1876 tempore
455 1832 619 1876 spectabit,
637 1832 773 1876 exigere,
790 1833 932 1877 recipere
946 1839 976 1867 et
992 1845 1039 1868 re-

294 1885 405 1926 tinere,
422 1886 507 1918 acin
531 1896 604 1919 suos
628 1897 703 1920 usus
728 1893 758 1920 ct
782 1887 949 1921 utilitatem
966 1899 1039 1922 con-

296 1942 429 1980 vertere,
447 1942 558 1973 nostra
574 1940 622 1973 vel
646 1940 779 1973 Romani
804 1941 963 1975 Pontificis
979 1953 1038 1987 pro

295 1997 439 2036 tempore
463 1993 623 2027 existentis
652 1993 779 2028 licentia
811 1994 947 2040 desuper
978 1997 1038 2029 mi-

296 2055 381 2079 nime
405 2046 566 2090 requisita.

341 2099 356 2143 5
371 2099 401 2133 4.
418 2100 462 2133 Ac
476 2100 523 2144 (ut
538 2100 735 2145 praedictum
752 2101 890 2136 officium
908 2103 953 2137 sic
970 2114 1037 2137 ere-

298 2157 383 2186 ctum
401 2156 431 2187 et
454 2153 641 2196 institutum,
658 2155 798 2199 illudque
817 2167 875 2199 pro
893 2161 1039 2201 tempore

299 2206 441 2240 obtinens
461 2208 669 2251 amplioribus
685 2219 742 2252 per
758 2219 815 2243 nos
831 2210 992 2244 favoribus
1009 2218 1039 2246 et

300 2260 407 2301 gratiis
430 2261 611 2305 decoretur)
635 2263 720 2306 quod
739 2274 797 2306 pro
815 2268 958 2308 ternpore
975 2266 1039 2298 exi-

301 2315 384 2345 stens
408 2320 610 2348 conservator
627 2315 701 2349 dicti
722 2316 853 2349 archivii
876 2322 984 2351 noster
1004 2329 1039 2352 ac

299 2375 357 2408 pro
382 2370 522 2410 tempore
546 2369 704 2403 existentis
729 2370 860 2404 Romani
880 2371 1039 2406 Pontificis

301 2426 402 2458 verus,
427 2418 619 2454 indubitatus
636 2426 666 2455 et
682 2432 746 2456 non
765 2422 857 2456 fictus
876 2423 1040 2457 familiaris

300 2470 467 2505 continuus
491 2476 720 2517 commensalis,
734 2476 932 2521 aliorumque
948 2477 1039 2510 sami-

300 2524 425 2558 liarium
457 2531 487 2559 et
519 2528 739 2562 continuorum
780 2531 1039 2564 commensalium

299 2588 434 2613 numero
451 2585 482 2613 et
497 2581 656 2616 consortio
680 2582 857 2628 adscriptus
878 2589 908 2617 et
931 2594 1041 2628 aggre-

301 2638 391 2677 gatus
415 2644 452 2669 co
476 2634 546 2679 ipso
576 2635 706 2679 existat;
731 2642 761 2672 et
784 2644 884 2673 vestes
908 2638 1038 2674 violacei

1067 282 1183 315 coloris
1200 281 1238 314 ad
1258 281 1356 314 instar
1380 285 1562 314 nostrorum
1587 281 1802 315 cubiculario-

1066 345 1136 367 rum
1150 334 1279 368 honoris
1293 340 1544 378 nuncupatorum
1559 339 1668 377 gestet,
1683 334 1804 378 illisque

1066 387 1196 420 arbitrio
1222 399 1278 421 suo
1303 393 1423 428 utatur,
1444 400 1489 429 ac,
1508 388 1539 420 in
1563 387 1688 431 signum
1714 399 1805 421 verae

1066 444 1097 472 ct
1117 440 1310 473 indubitatae
1330 452 1366 474 ac
1391 451 1453 474 non
1474 442 1564 474 lictae
1588 440 1806 473 familiaritatis·

1065 492 1259 534 huiusmodi,
1276 494 1407 536 singulis
1424 494 1535 527 diebus
1552 505 1588 527 ex
1603 494 1717 538 palatio
1735 505 1806 538 apo-

1066 545 1176 578 stolico
1193 556 1305 589 panem
1327 546 1465 579 eiusdem
1488 547 1667 590 ‹piantitatis
1685 553 1715 580 et
1731 558 1807 591 qua—

1066 598 1171 639 litatis,
1196 602 1290 642 prout
1314 599 1434 632 dilectis
1459 600 1532 633 filiis
1557 601 1588 632 in
1613 603 1745 645 utraque
1769 601 1807 633 si-

1066 653 1199 694 gnatura
1216 653 1325 685 nostra
1342 652 1563 686 referendariis
1583 653 1648 686 dari
1675 664 1807 688 consuc—

1066 705 1118 745 vit,
1136 703 1259 746 habeat,
1284 705 1493 746 decernimus,
1519 711 1549 738 et
1572 717 1684 750 panem
1706 707 1809 739 huius-

1066 758 1152 792 modi
1184 759 1292 793 dietim
1323 758 1382 792 sibi
1411 769 1449 792 ex
1482 759 1565 793 dicto
1596 760 1711 804 palatio
1741 761 1807 793 dari

1066 812 1263 846 mandamus.

1111 867 1126 910 ἓ
1145 866 1174 899 5.
1189 866 1235 900 Ad
1247 866 1422 900 archivium
1436 871 1540 900 autem
1555 867 1702 910 gencrale
1720 878 1809 911 prae-

1066 919 1186 953 dictum
1210 920 1315 954 onmia
1340 924 1533 963 testamenta,
1554 920 1808 963 fideicommissa,

1066 974 1179 1017 legata,
1193 974 1364 1017 codicillos,
1381 974 1565 1008 donationes
1589 977 1681 1008 causa
1698 976 1809 1009 mortis
1832 972 1835 983 '

1067 1032 1097 1060 ct
1113 1028 1189 1061 alias
1206 1029 1331 1062 ultimas
1347 1028 1532 1069 voluntates,
1546 1039 1563 1061 a
1578 1028 1741 1072 quibusvis
1758 1039 1809 1062 no-

1067 1081 1154 1114 tariis
1177 1081 1312 1125 publicis
1337 1081 1438 1123 Urbis,
1461 1082 1555 1115 etiam
1580 1092 1690 1115 eorum
1707 1082 1810 1116 officia

1067 1133 1157 1167 titulo
1182 1144 1316 1168 oneroso
1340 1145 1358 1167 a
1381 1134 1472 1168 nobis
1494 1140 1525 1168 et
1548 1135 1627 1168 Sede
1649 1135 1809 1179 praedicta

1067 1198 1103 1221 ac
1127 1189 1252 1221 camera
1276 1188 1449 1232 apostolica
1472 1188 1671 1230 habentibus,
1688 1199 1809 1222 necnon

1067 1242 1214 1285 parochis
1231 1242 1371 1275 eiusdem
1389 1242 1491 1283 Urbis,
1513 1247 1576 1275 tam
1594 1243 1625 1275 in
1642 1243 1709 1287 ipsa
1727 1242 1809 1276 Urbe

1068 1305 1163 1338 quam
1181 1300 1267 1328 extra
1284 1306 1364 1337 eam,
1381 1296 1619 1339 quomodolibet
1639 1301 1764 1340 recepta
1781 1302 1810 1329 ct

1068 1352 1188 1391 rogata,
1209 1359 1244 1382 ac
1268 1359 1363 1392 super
1387 1349 1628 1392 venditionibus,
1649 1354 1679 1382 et
1704 1349 1809 1383 vendi-

1068 1402 1189 1435 tionum
1222 1403 1468 1436 resolutionibus
1493 1408 1523 1436 et
1548 1403 1810 1445 rescissionibus,

1069 1456 1274 1497 cessionibus,
1299 1457 1599 1499 renunciationibus,
1625 1457 1811 1490 transactio-

1069 1510 1172 1552 nibus,
1191 1510 1407 1551 divisionibus,
1422 1510 1453 1543 in
1469 1511 1606 1544 solutum
1622 1510 1811 1550 dationibus,

1069 1564 1353 1607 permutationibus
1373 1564 1411 1597 de
1434 1570 1465 1597 ct
1489 1575 1585 1608 super
1608 1564 1698 1598 bonis
1716 1568 1745 1599 et
1762 1575 1812 1597 re-

1069 1617 1128 1650 bus
1153 1617 1370 1651 immobilibus
1395 1618 1495 1659 sactis,
1518 1618 1641 1652 necnon
1666 1619 1812 1651 censibus

1070 1675 1225 1704 eteorum
1239 1671 1495 1713 extinctionibus,
1513 1672 1621 1714 feudis,
1640 1672 1811 1712 subscudiS,

1070 1735 1106 1757 ac
1126 1724 1158 1757 in
1182 1725 1423 1770 emphyteusim,
1448 1725 1598 1767 livellum,
1616 1731 1668 1758 aut
1686 1725 1743 1758 sub
1764 1736 1813 1758 an-

1070 1789 1133 1811 nuo
1158 1789 1264 1819 censu,
1290 1789 1423 1821 canone,
1450 1779 1497 1811 vel
1522 1779 1583 1812 alia
1608 1779 1813 1823 responsione

1071 1832 1345 1874 concessionibus,
1370 1832 1451 1866 inter
1475 1833 1561 1866 vivos
1581 1832 1813 1873 donationibus,

1072 1885 1356 1928 insinuationibus,
1382 1886 1507 1920 dotibus
1532 1891 1562 1919 et
1585 1887 1684 1930 pactis
1708 1887 1815 1920 dotali-

1071 1939 1140 1980 bus,
1157 1939 1386 1973 haereditatum
1404 1940 1605 1983 aditionibus,
1623 1940 1812 1984 repudiatio-

1071 1993 1183 2035 nibus,
1212 1999 1243 2027 et
1271 1994 1470 2035 inventariis,
1496 1994 1813 2039 emancipationibus,

1072 2047 1309 2092 adoptionibus,
1335 2048 1599 2091 arrogationibus,
1622 2048 1810 2091 iurispatro—

1071 2102 1196 2135 natibus
1220 2102 1492 2143 irrevocabilibus,
1510 2108 1540 2135 ct
1557 2102 1596 2135 ad
1616 2102 1813 2135 vendendum

1073 2160 1103 2188 et
1132 2155 1313 2188 donandum
1345 2156 1605 2200 procurationum
1637 2155 1812 2198 mandatis⁷

1072 2209 1328 2243 fideiussionibus
1358 2210 1522 2254 perpetuis
1546 2220 1581 2243 ac
1606 2210 1666 2242 alia
1691 2210 1811 2242 instru—

1074 2269 1177 2296 menta
1193 2263 1225 2295 in
1240 2263 1384 2307 capitulis
1401 2263 1569 2308 praedictis
1586 2263 1679 2296 latius
1700 2263 1815 2296 deseri«

1073 2322 1126 2361 pta
1151 2322 1181 2349 et
1205 2317 1362 2358 adnotata,
1387 2322 1417 2350 et
1441 2328 1498 2361 per
1522 2317 1650 2360 quosvis
1674 2317 1814 2350 notarios

1074 2370 1166 2404 Urbis
1185 2370 1373 2414 praedictos
1388 2375 1450 2404 tam
1468 2371 1500 2403 in
1517 2370 1599 2403 Urbe
1617 2381 1709 2413 quam
1727 2375 1814 2403 extra

1073 2435 1153 2465 eam,
1173 2424 1419 2468 quomodolibet,
1435 2430 1468 2457 ut
1483 2425 1669 2468 praefertur,
1688 2429 1814 2468 recepta

1073 2483 1103 2511 et
1127 2482 1246 2521 rogata,
1273 2478 1330 2511 sub
1355 2478 1450 2511 modo
1470 2483 1500 2511 et
1523 2478 1624 2511 forma
1643 2478 1674 2511 in
1695 2477 1813 2511 eisdem

1073 2531 1216 2576 capitulis
1240 2532 1443 2576 praescriptis
1460 2536 1490 2565 et
1506 2531 1667 2574 ordinatis,
1687 2531 1812 2573 deferri,

1073 2591 1103 2618 et
1133 2586 1165 2618 in
1196 2595 1233 2619 eo
1264 2586 1436 2630 respective
1467 2586 1585 2630 recipi,
1610 2586 1753 2620 annotari
1777 2595 1813 2619 ac

1073 2640 1241 2684 diligenter
1264 2646 1293 2675 et
1323 2646 1476 2686 perpetuo
1507 2641 1685 2675 conservari
1712 2646 1740 2674 et
1764 2652 1813 2674 cu-

1709 224 1774 258 389
1821 235 1868 261 An.
1890 234 1917 261 c.
1936 236 2003 263 1095

1851 884 1923 904 Omnia
1943 890 1988 903 nunu
2003 895 2007 898 ·

1824 917 1849 930 nu
1874 911 1957 935 publi-*a
1979 917 2007 930 in<

1824 940 1938 956 struinenta
1981 945 1998 956 dt

1839 972 1862 982 <tt
1892 977 1897 983 ι
1908 970 1915 982 Γ
1925 971 1927 973 “
1939 972 1942 982 Ι

1825 991 1880 1010 nibet
1898 991 1982 1010 deterri,
