2269 3235
120 259 172 286 An.
188 258 216 285 C.
240 257 306 285 1626

146 958 288 981 Prooemium.

138 1706 189 1726 Oria
204 1706 309 1732 quaestio·

124 1738 150 1753 ne
166 1735 220 1753 iuter
234 1738 309 1752 mona-

125 1759 177 1779 chos
197 1760 263 1780 veteri
283 1766 308 1780 ne

126 1791 152 1805 au
168 1791 221 1806 novo
240 1787 309 1812 potius

125 1812 231 1833 breviario
238 1814 310 1834 ermis-

127 1840 165 1860 sali
184 1841 309 1862 uterentur-‘t

926 256 1066 279 ttulimus

362 305 474 338 Datum
500 305 627 345 Itomae,
653 304 735 348 apud
761 304 790 338 S.
815 305 943 337 Mariam
968 303 1057 336 Maio-

316 368 395 399 rem,
409 357 466 391 sub
480 358 595 391 annulo
609 358 785 397 piscatoris,
802 357 851 390 die
869 367 933 389 xxn
950 357 1057 400 aprilis

317 420 470 453 Mncxxw,
496 410 697 455 pontificatus
717 410 815 443 nostri
841 419 922 442 anno
948 419 989 442 111.

354 473 411 502 Dat.
433 474 476 502 die
495 474 529 502 22
549 473 640 510 aprilis
662 472 740 507 1626,
761 472 855 508 pontif.
877 480 946 499 anno
966 479 1003 499 111.

651 587 717 622 CCI.

318 661 528 704 praecipitur
551 659 697 692 omnibus
730 658 898 691 monachis
925 657 1059 692 Ordinis

362 714 394 748 S.
422 712 607 753 Benedicti,
634 716 671 745 ut
696 712 856 745 breviario
880 716 908 744 et
931 712 1061 744 missali

362 776 383 799 a
406 766 514 800 Paulo
537 766 634 809 Papa
658 764 684 797 V
698 764 886 808 approbatis
910 768 1057 797 utantur.

522 835 657 863 Urbanus
678 836 757 870 Papa
776 835 854 868 VIII,

441 881 476 907 ad
495 883 673 914 perpetuam
692 880 736 907 rei
756 879 938 907 memoriam.

363 943 396 976 In
414 942 563 977 cathedra
580 941 734 986 Principis
750 942 978 986 apostolorum,
996 942 1061 975 nul-

320 997 358 1030 lis
389 996 462 1030 licet
492 996 609 1030 nostris
642 995 887 1039 suffragantibus
919 995 1039 1028 meritis
1053 1023 1060 1036 ‚

321 1051 425 1084 divina
438 1050 635 1095 providentia
652 1050 822 1091 constituti,
837 1050 1060 1093 religiosorum

321 1104 474 1138 Ordinum
491 1113 765 1148 quorumcumque
790 1103 821 1135 in
841 1103 980 1136 Ecclesia
997 1103 1061 1144 Dei,

322 1157 509 1202 praesertim
523 1157 581 1190 sub
594 1157 724 1200 gloriosi
738 1157 965 1189 monachorum
979 1157 1062 1200 prin·

322 1211 399 1256 cipis
417 1210 514 1244 sancti
533 1210 690 1244 Benedicti
716 1210 830 1243 illustri
855 1210 968 1244 vexillo
985 1211 1062 1243 mili-

322 1265 465 1305 tantium,
479 1274 666 1309 prosperum
682 1268 807 1304 statum,
821 1263 1006 1307 felicemque
1021 1264 1062 1296 di-

322 1317 494 1352 rectionem
509 1316 640 1350 sinceris
657 1316 870 1350 desiderantes
888 1316 1062 1358 affectibus,

322 1371 353 1404 in
377 1370 435 1411 his,
451 1381 508 1414 per
525 1380 605 1414 quae
623 1370 763 1413 religiosi
788 1370 848 1414 ipsi
865 1371 984 1403 debitas
1002 1372 1063 1403 lau-

322 1424 376 1457 des
399 1424 560 1457 Altissimo
586 1434 657 1457 cum
682 1434 837 1457 consensu
861 1430 890 1457 et
913 1424 1063 1457 uniformi

322 1478 384 1511 ritu
400 1478 582 1522 persolvere
599 1478 719 1510 valeant
740 1478 849 1511 sedulo
863 1478 1063 1519 intendimus,

322 1542 358 1565 ac
382 1531 518 1575 desuper
541 1531 707 1575 pastoralis
725 1531 819 1564 officii
843 1531 942 1564 nostri
960 1536 1064 1575 partes

323 1585 570 1629 interponimus,
591 1590 686 1629 prout
711 1585 924 1628 conspicimus
949 1584 979 1617 in
1004 1585 1063 1617 Do-

323 1638 409 1672 mino
433 1638 602 1671 salubriter
626 1637 783 1682 expedire.

368 1693 383 1736 ἕ
406 1693 436 1725 ’1.
461 1693 537 1727 Cum
562 1692 676 1736 itaque,
698 1692 777 1726 sicut
794 1692 983 1736 accepimus
1003 1692 1065 1725 edi-

325 1800 362 1833 de
382 1799 529 1833 mandato
546 1799 644 1832 felicis
661 1799 890 1833 recordationis
910 1799 997 1832 Pauli
1014 1799 1066 1831 Pa-

324 1864 382 1898 pae
397 1854 418 1887 V
435 1853 689 1897 praedecessoris
702 1852 801 1886 nostri
815 1853 993 1886 reformatis
1007 1864 1065 1897 pro

325 1908 472 1941 omnibus
486 1907 649 1941 monachis
665 1907 722 1939 sub
738 1907 847 1950 regula
861 1907 958 1939 sancti
973 1907 1067 1940 Bene·
1082 1923 1083 1933 π

325 1962 398 1995 dicti
416 1961 632 2002 militantibus,
649 1960 846 2005 praesidente
863 1960 974 1993 adhoc
988 1971 1066 2004 opus
1082 1974 1083 1977 ¹

325 2016 426 2049 bonae
453 2014 625 2048 memoriae
650 2014 788 2047 Roberto
813 2014 841 2046 S.
860 2014 893 2047 R.
915 2015 948 2047 E.
969 2014 1068 2047 cardi-

325 2068 388 2102 nali
398 2068 588 2102 Bellarmino
601 2072 792 2112 nuncupato,
806 2078 876 2101 cum
891 2067 1066 2101 assistentia

326 2123 419 2156 etiam
444 2122 631 2155 dilectorum
659 2121 797 2154 filiorum
823 2127 1084 2165 procuratorum³

327 2175 521 2219 generalium
540 2175 634 2208 totius
651 2174 776 2208 Ordinis
793 2175 890 2209 sancti
908 2175 1066 2208 Benedicti

328 2229 518 2271 huiusmodi,
539 2229 646 2272 eisque
665 2239 722 2272 per
745 2228 919 2261 monachos
937 2233 966 2261 et
986 2229 1067 2272 capi-

330 2283 430 2316 tulum
455 2283 600 2325 generale
617 2282 691 2315 dicti
708 2281 833 2315 Ordinis
847 2283 1065 2325 congregatio-

330 2336 378 2368 nis
393 2335 612 2379 Hispaniarum
630 2346 694 2369 non
717 2336 819 2370 solum
844 2336 988 2380 receptis,
1013 2336 1066 2369 sed

330 2390 424 2424 etiam
447 2390 529 2422 ultra
552 2399 667 2422 annum
688 2389 720 2422 in
745 2390 851 2423 multis
868 2390 1067 2423 monasteriis

331 2444 362 2476 in
386 2453 445 2476 usu
469 2442 605 2483 habitis3
630 2443 817 2477 succedente
850 2454 931 2478 novo
956 2444 1067 2478 abbate

331 2496 487 2541 generali,
512 2496 565 2540 qui
594 2506 710 2529 novum
740 2497 865 2530 missale
889 2498 1068 2531 huiusmodi

331 2550 447 2584 dimitti
467 2554 497 2583 et
520 2554 607 2583 vetus
625 2550 800 2584 continuari
822 2551 879 2584 sub
900 2557 1068 2595 praecepto

331 2610 361 2638 et
385 2603 527 2638 censuris
558 2603 774 2648 ordinaverat,
799 2615 850 2639 res
875 2605 906 2638 in
931 2606 1068 2650 capitulo

368 2668 378 2695 1
397 2667 434 2695 Ex
449 2667 556 2704 Regest.
573 2666 600 2694 in
615 2667 715 2695 Secret.
737 2668 870 2696 Brevium.

1093 256 1147 278 vui
1173 255 1219 277 rr.
1744 242 1802 274 tar»
1849 252 1896 278 Λιι.
1913 250 1938 275 C.
1963 250 2028 277 16⁹2ss

1093 302 1231 345 generali
1257 301 1329 335 dicti
1358 300 1482 333 Ordinis
1505 300 1543 333 dc
1566 310 1647 332 noro
1672 299 1833 343 proposita

1092 356 1201 395 suerit;
1219 361 1258 396 ct,
1273 356 1344 388 licet
1361 365 1459 387 novus
1473 355 1571 387 abbas
1585 353 1763 386 huiusmodi
1775 365 1833 397 pro

1093 411 1149 441 sua
1173 409 1320 452 opinione
1345 419 1362 440 a
1385 408 1495 441 maiori
1514 413 1603 452 parte
1623 405 1764 450 capituli¹
1783 407 1835 440 ob-

1093 461 1230 501 tinuerit,
1251 461 1456 494 nihilominus
1481 461 1518 493 ab
1543 460 1681 493 eiusdem
1707 460 1833 504 capituli

1093 515 1219 547 decreto
1237 514 1331 558 aliqui
1356 515 1592 558 appellaverint,
1609 514 1778 557 habitoque
1796 513 1833 545 ad

1094 566 1288 599 venerabiles
1313 567 1424 599 fratres
1450 572 1574 600 nostros
1598 568 1626 601 S.
1653 568 1686 600 R.
1713 567 1744 600 E.
1771 577 1835 600 car—

1093 620 1213 653 dinales
1230 620 1327 653 sacris
1352 620 1464 653 ritibus
1483 622 1677 665 praepositos
1692 632 1833 661 recursu,

1093 684 1128 706 ac
1153 674 1250 706 multa
1274 673 1457 707 deducendo
1477 685 1534 717 pro
1555 674 1685 707 huiusce
1710 675 1754 707 rei
1779 674 1834 706 dis-

1093 727 1234 761 finitione
1258 727 1449 760 insteterint:

1138 782 1152 824 ἓ
1176 782 1205 814 ΞΖ.
1232 782 1310 821 Nos,
1335 792 1393 824 pro
1425 781 1522 814 nostri
1551 781 1716 824 pastoralis
1741 781 1833 813 officii
1864 792 2034 818 innamma-

1093 835 1200 869 debito
1218 845 1342 869 omnem
1362 835 1392 867 in
1409 834 1589 879 praemissis
1606 833 1833 867 discordiarum
1850 819 2034 881 i3'·¹'¹²1'.-..ij·¹.‚r.‘i‘.i1'{

1095 888 1260 921 materiam
1277 899 1293 921 e
1311 889 1415 921 medio
1440 888 1638 928 submovere,
1655 887 1787 931 pacique
1807 872 1910 919 ‹:ti1ii-'.''¹
1935 872 1943 890 Χ
1973 874 2033 891 ‘'w''

1094 942 1191 986 quieti
1216 943 1444 976 monachorum
1470 942 1715 986 praedictorum,
1743 951 1837 985 quan-

1095 1001 1161 1029 tum
1178 1007 1249 1029 cuin
1263 996 1396 1030 Domino
1413 1006 1591 1040 possumus,
1606 995 1771 1028 consulere
1789 1006 1838 1027 vo-

1095 1051 1204 1091 lentes,
1218 1050 1255 1083 de
1273 1050 1457 1083 eorumdem
1472 1049 1677 1082 cardinalium
1696 1048 1836 1089 consilio,

1096 1109 1182 1136 motu
1207 1104 1352 1147 proprio,
1372 1108 1401 1137 et
1418 1114 1454 1136 ex
1472 1105 1557 1136 certa
1574 1103 1703 1136 scientia
1724 1113 1760 1135 ac
1777 1112 1838 1134 ma-

1096 1158 1167 1189 tura
1191 1157 1416 1190 deliberatione
1440 1156 1564 1196 nostris,
1591 1155 1783 1189 breviarium
1808 1161 1837 1187 et

1097 1211 1221 1243 missale
1245 1210 1405 1254 praedicta
1421 1210 1458 1243 de
1485 1210 1630 1242 mandato
1649 1209 1734 1242 Pauli
1751 1220 1838 1252 prae-

1096 1263 1270 1296 decessoris
1287 1263 1478 1303 huiusmodi,
1495 1268 1528 1295 ut
1541 1263 1728 1306 praefertur,
1746 1262 1837 1302 edita,

1096 1328 1133 1349 ex
1157 1328 1220 1360 quo
1252 1317 1348 1349 semel
1378 1317 1416 1349 ab
1440 1316 1528 1349 initio
1561 1321 1720 1360 acceptata
1751 1322 1838 1355 sunt,

1097 1370 1134 1402 de
1165 1375 1270 1403 cetero
1302 1370 1463 1414 perpetuis
1495 1369 1608 1403 suturis
1643 1369 1839 1413 temporibus

1097 1424 1226 1457 omnino
1244 1424 1431 1465 continuari,
1451 1428 1544 1466 atque
1569 1423 1611 1455 ita
1634 1423 1673 1455 ab
1692 1423 1839 1456 omnibus

1098 1480 1127 1510 et
1149 1477 1281 1520 singulis
1306 1477 1468 1510 monachis
1493 1476 1662 1521 praedictis
1679 1476 1840 1509 inviolabi-

1080 1565 1082 1578 ,Δ
1098 1530 1168 1563 liter
1193 1530 1356 1563 observari
1368 1542 1374 1570 3

1144 1585 1158 1627 g
1181 1583 1210 1616 3.
1237 1584 1348 1627 Sicque
1373 1594 1429 1627 per
1458 1594 1676 1627 quoscumque
1701 1583 1841 1616 iudices²

1101 1637 1278 1673 ordinarios
1303 1643 1332 1670 et
1356 1638 1529 1680 delegatos,
1554 1637 1647 1669 etiam
1673 1647 1839 1670 causarum

1891 1594 1914 1615 Et
1932 1596 1951 1614 ut
1968 1600 1997 1614 sic
2013 1598 2039 1614 ab

1856 1621 1952 1641 erunibus
1970 1628 2040 1641 serie-

1858 1651 1888 1668 tur
1898 1651 1917 1667 ot
1928 1649 2040 1668 iudicetur.

1081 1726 1082 1735 ἵ
1099 1691 1204 1735 palatii
1221 1691 1383 1735 apostolici
1404 1691 1575 1731 auditores,
1593 1690 1724 1723 iudicari
1745 1696 1773 1724 et
1791 1691 1841 1724 de-

325 1747 363 1780 tis
387 1746 463 1779 alias
486 1746 644 1779 breviario
676 1751 706 1778 et
730 1745 848 1778 missali
873 1742 1082 1788 monasticis,l

1099 1745 1182 1778 finiri
1208 1745 1333 1787 debere,
1352 1756 1387 1778 ac
1414 1745 1538 1778 irritum
1564 1749 1594 1777 et
1619 1745 1719 1785 inane,
1744 1745 1769 1776 si
1794 1756 1842 1777 se-

1081 1811 1155 1832 ,cus
1179 1810 1274 1844 super
1299 1799 1346 1831 his
1371 1810 1388 1832 a
1412 1809 1584 1844 quoquam,
1601 1799 1711 1842 quavis
1735 1804 1840 1832 aucto-

1100 1854 1202 1895 ritate,
1228 1853 1364 1887 scienter
1389 1854 1436 1885 rel
1461 1853 1654 1896 ignoranter,
1675 1852 1843 1895 eontigerit

1100 1907 1265 1947 attentari,
1294 1907 1466 1951 apostolica
1499 1906 1703 1947 auctoritate,
1732 1911 1842 1939 tenore

1100 1961 1330 2005 praesentium,
1356 1960 1556 1993 decernimus
1581 1965 1610 1992 et
1635 1960 1840 1992 declaramus.

1145 2016 1159 2058 g
1180 2015 1208 2047 st.
1226 2014 1405 2047 Mandantes
1420 2018 1588 2058 propterea
1602 2014 1632 2046 in
1650 2014 1763 2046 virtute
1777 2024 1842 2046 san-

1100 2072 1167 2102 ctae
1191 2068 1396 2110 obedientiae,
1414 2078 1448 2100 ac
1473 2067 1531 2100 sub
1548 2066 1732 2111 privationis
1756 2067 1841 2100 vocis

1101 2123 1218 2155 activae
1236 2127 1265 2154 et,
1285 2122 1435 2166 passivae,
1453 2131 1575 2153 necnon
1593 2120 1768 2153 officiorum
1785 2131 1842 2164 per

1883 2022 2004 2042 Mandatum
2015 2023 2041 2043 de

1857 2050 1959 2075 parendo.

1082 2214 1084 2222 .,
1100 2188 1154 2210 eos
1172 2177 1384 2217 obtentorum,
1403 2175 1668 2218 inhabilitatisque
1686 2175 1723 2207 ad
1741 2174 1792 2207 illa
1812 2180 1842 2207 et

1100 2232 1159 2264 alia
1184 2232 1391 2275 imposterum
1414 2230 1591 2269 obtinenda,
1612 2229 1743 2273 aliisque
1764 2229 1843 2262 arbi-

1100 2286 1151 2318 trii
1175 2285 1274 2317 nostri
1299 2284 1419 2328 poenis,
1444 2283 1565 2316 dilectis
1590 2282 1661 2315 filiis
1686 2283 1841 2325 generali,

1100 2349 1135 2371 ae
1155 2338 1223 2370 aliis
1247 2338 1417 2381 prioribus,
1443 2336 1618 2376 abbatibus,
1639 2335 1843 2379 praesidenti-

1101 2392 1169 2432 bus,
1190 2391 1365 2434 ceterisque
1386 2390 1510 2424 Ordinis
1535 2394 1562 2422 et
1588 2389 1842 2432 congregationis

1101 2444 1281 2478 huiusmodi
1307 2443 1537 2488 superioribus,
1563 2453 1765 2487 quocumque
1790 2454 1843 2476 no-

1102 2500 1185 2533 mine
1210 2498 1416 2542 nuncupatis,
1449 2503 1602 2542 quatenus
1634 2497 1666 2530 in
1697 2497 1843 2531 omnibus

1102 2559 1132 2586 et
1156 2552 1288 2595 singulis
1317 2552 1482 2595 utriusque
1507 2561 1600 2584 sexus
1624 2551 1842 2593 monasteriis,

1140 2626 1150 2652 1
1174 2624 1274 2651 Forsan
1295 2623 1371 2650 deest
1390 2625 1453 2651 vola
1473 2625 1519 2649 aut
1538 2623 1680 2658 suffragata
1697 2624 1787 2658 (R.T.).

1137 2669 1154 2696 2
1173 2668 1243 2696 Edit.
1260 2667 1340 2696 Main.
1357 2667 1422 2703 legit
1439 2667 1545 2696 iudicis
1559 2669 1597 2703 (a.
1615 2668 1665 2703 T.).
