<?xml version="1.0" encoding="UTF-8"?>
<!DOCTYPE html PUBLIC "-//W3C//DTD XHTML 1.0 Transitional//EN"
    "http://www.w3.org/TR/xhtml1/DTD/xhtml1-transitional.dtd">
<html xmlns="http://www.w3.org/1999/xhtml" xml:lang="en" lang="en">
 <head>
  <title>
</title>
<meta http-equiv="Content-Type" content="text/html;charset=utf-8" />
  <meta name='ocr-system' content='tesseract 3.04.00' />
  <meta name='ocr-capabilities' content='ocr_page ocr_carea ocr_par ocr_line ocrx_word'/>
</head>
<body>
  <div class='ocr_page' id='page_1' title='image "./bullarumdiplomat13cath_0386.png"; bbox 0 0 2269 3235; ppageno 0'>
   <div class='ocr_carea' id='block_1_1' title="bbox 229 231 407 258">
    <p class='ocr_par' dir='ltr' id='par_1_1' title="bbox 229 231 407 258">
     <span class='ocr_line' id='line_1_1' title="bbox 229 231 407 258; baseline 0 0"><span class='ocrx_word' id='word_1_1' title='bbox 229 232 275 258; x_wconf 77' lang='lat' dir='ltr'><strong>An.</strong></span> <span class='ocrx_word' id='word_1_2' title='bbox 289 231 316 258; x_wconf 91' lang='lat' dir='ltr'><strong>C.</strong></span> <span class='ocrx_word' id='word_1_3' title='bbox 341 231 407 258; x_wconf 68' lang='lat'><strong>¹025</strong></span> 
     </span>
    </p>
   </div>
   <div class='ocr_carea' id='block_1_2' title="bbox 420 222 1166 2665">
    <p class='ocr_par' dir='ltr' id='par_1_2' title="bbox 425 222 1163 365">
     <span class='ocr_line' id='line_1_2' title="bbox 453 222 516 254; baseline 0 -1"><span class='ocrx_word' id='word_1_4' title='bbox 453 222 516 254; x_wconf 63' lang='lat' dir='ltr'><strong>:tis</strong></span> 
     </span>
     <span class='ocr_line' id='line_1_3' title="bbox 425 276 1163 321; baseline -0.005 -9"><span class='ocrx_word' id='word_1_5' title='bbox 425 279 597 312; x_wconf 67' lang='lat' dir='ltr'><strong>audientias</strong></span> <span class='ocrx_word' id='word_1_6' title='bbox 623 279 726 321; x_wconf 67' lang='lat' dir='ltr'><strong>regias</strong></span> <span class='ocrx_word' id='word_1_7' title='bbox 750 288 806 321; x_wconf 82' lang='lat' dir='ltr'><strong>per</strong></span> <span class='ocrx_word' id='word_1_8' title='bbox 831 277 903 318; x_wconf 80' lang='lat' dir='ltr'><strong>vim,</strong></span> <span class='ocrx_word' id='word_1_9' title='bbox 923 287 1024 320; x_wconf 70' lang='lat' dir='ltr'><strong>neque</strong></span> <span class='ocrx_word' id='word_1_10' title='bbox 1045 277 1076 309; x_wconf 87' lang='lat' dir='ltr'><strong>in</strong></span> <span class='ocrx_word' id='word_1_11' title='bbox 1103 276 1163 309; x_wconf 82' lang='lat' dir='ltr'><strong>illis</strong></span> 
     </span>
     <span class='ocr_line' id='line_1_4' title="bbox 426 331 709 365; baseline -0.007 0"><span class='ocrx_word' id='word_1_12' title='bbox 426 344 458 365; x_wconf 89' lang='lat' dir='ltr'><strong>sc</strong></span> <span class='ocrx_word' id='word_1_13' title='bbox 484 331 709 364; x_wconf 82' lang='lat' dir='ltr'><strong>intromittant:</strong></span> 
     </span>
    </p>

    <p class='ocr_par' dir='ltr' id='par_1_3' title="bbox 423 383 1164 841">
     <span class='ocr_line' id='line_1_5' title="bbox 468 383 1163 427; baseline 0 -12"><span class='ocrx_word' id='word_1_14' title='bbox 468 385 619 427; x_wconf 76' lang='lat' dir='ltr'><strong>Quodque</strong></span> <span class='ocrx_word' id='word_1_15' title='bbox 651 384 718 415; x_wconf 78' lang='lat' dir='ltr'><strong>lites</strong></span> <span class='ocrx_word' id='word_1_16' title='bbox 748 383 1050 426; x_wconf 82' lang='lat' dir='ltr'><strong>competentiarum,</strong></span> <span class='ocrx_word' id='word_1_17' title='bbox 1083 392 1163 426; x_wconf 89' lang='lat' dir='ltr'><strong>quae</strong></span> 
     </span>
     <span class='ocr_line' id='line_1_6' title="bbox 426 435 1164 479; baseline -0.003 -8"><span class='ocrx_word' id='word_1_18' title='bbox 426 438 638 471; x_wconf 76' lang='lat' dir='ltr'><strong>causabuntur</strong></span> <span class='ocrx_word' id='word_1_19' title='bbox 663 448 758 479; x_wconf 78' lang='lat' dir='ltr'><strong>super</strong></span> <span class='ocrx_word' id='word_1_20' title='bbox 782 437 938 470; x_wconf 85' lang='lat' dir='ltr'><strong>solutione</strong></span> <span class='ocrx_word' id='word_1_21' title='bbox 960 435 1106 477; x_wconf 84' lang='lat' dir='ltr'><strong>subsidii,</strong></span> <span class='ocrx_word' id='word_1_22' title='bbox 1131 440 1164 470; x_wconf 85' lang='lat' dir='ltr'><strong>ul</strong></span> 
     </span>
     <span class='ocr_line' id='line_1_7' title="bbox 425 489 1162 534; baseline 0.003 -14"><span class='ocrx_word' id='word_1_23' title='bbox 425 492 614 534; x_wconf 73' lang='lat' dir='ltr'><strong>praefertur,</strong></span> <span class='ocrx_word' id='word_1_24' title='bbox 639 490 816 533; x_wconf 78' lang='lat' dir='ltr'><strong>prorogati,</strong></span> <span class='ocrx_word' id='word_1_25' title='bbox 841 500 903 523; x_wconf 91' lang='lat' dir='ltr'><strong>non</strong></span> <span class='ocrx_word' id='word_1_26' title='bbox 927 489 1047 533; x_wconf 88' lang='lat' dir='ltr'><strong>possint</strong></span> <span class='ocrx_word' id='word_1_27' title='bbox 1070 489 1162 530; x_wconf 86' lang='lat' dir='ltr'><strong>trahi,</strong></span> 
     </span>
     <span class='ocr_line' id='line_1_8' title="bbox 424 543 1162 586; baseline -0.001 -11"><span class='ocrx_word' id='word_1_28' title='bbox 424 555 524 585; x_wconf 68' lang='lat' dir='ltr'><strong>neque</strong></span> <span class='ocrx_word' id='word_1_29' title='bbox 535 543 696 575; x_wconf 83' lang='lat' dir='ltr'><strong>trahantur</strong></span> <span class='ocrx_word' id='word_1_30' title='bbox 705 543 742 575; x_wconf 86' lang='lat' dir='ltr'><strong>ad</strong></span> <span class='ocrx_word' id='word_1_31' title='bbox 755 544 857 575; x_wconf 90' lang='lat' dir='ltr'><strong>aulam</strong></span> <span class='ocrx_word' id='word_1_32' title='bbox 868 543 1162 586; x_wconf 86' lang='lat' dir='ltr'><strong>competentiarum,</strong></span> 
     </span>
     <span class='ocr_line' id='line_1_9' title="bbox 424 595 1162 639; baseline -0.001 -10"><span class='ocrx_word' id='word_1_33' title='bbox 424 607 524 639; x_wconf 74' lang='lat' dir='ltr'><strong>neque</strong></span> <span class='ocrx_word' id='word_1_34' title='bbox 549 596 587 628; x_wconf 86' lang='lat' dir='ltr'><strong>ad</strong></span> <span class='ocrx_word' id='word_1_35' title='bbox 612 596 792 636; x_wconf 66' lang='lat' dir='ltr'><strong>concilium,</strong></span> <span class='ocrx_word' id='word_1_36' title='bbox 816 606 918 639; x_wconf 78' lang='lat' dir='ltr'><strong>neque</strong></span> <span class='ocrx_word' id='word_1_37' title='bbox 942 595 981 628; x_wconf 86' lang='lat' dir='ltr'><strong>ad</strong></span> <span class='ocrx_word' id='word_1_38' title='bbox 1004 595 1089 628; x_wconf 90' lang='lat' dir='ltr'><strong>aliud</strong></span> <span class='ocrx_word' id='word_1_39' title='bbox 1106 595 1162 628; x_wconf 82' lang='lat' dir='ltr'><strong>tri-</strong></span> 
     </span>
     <span class='ocr_line' id='line_1_10' title="bbox 423 649 1163 692; baseline 0 -11"><span class='ocrx_word' id='word_1_40' title='bbox 423 649 538 689; x_wconf 85' lang='lat' dir='ltr'><strong>bunal,</strong></span> <span class='ocrx_word' id='word_1_41' title='bbox 563 649 622 681; x_wconf 88' lang='lat' dir='ltr'><strong>nisi</strong></span> <span class='ocrx_word' id='word_1_42' title='bbox 647 649 685 681; x_wconf 88' lang='lat' dir='ltr'><strong>ad</strong></span> <span class='ocrx_word' id='word_1_43' title='bbox 711 649 927 692; x_wconf 70' lang='lat' dir='ltr'><strong>infrascriptos</strong></span> <span class='ocrx_word' id='word_1_44' title='bbox 954 654 1163 692; x_wconf 78' lang='lat' dir='ltr'>exequutores</span> 
     </span>
     <span class='ocr_line' id='line_1_11' title="bbox 423 702 1163 746; baseline 0.001 -13"><span class='ocrx_word' id='word_1_45' title='bbox 423 708 449 734; x_wconf 67' lang='lat' dir='ltr'><strong>et</strong></span> <span class='ocrx_word' id='word_1_46' title='bbox 478 702 722 742; x_wconf 81' lang='lat' dir='ltr'><strong>commissarios,</strong></span> <span class='ocrx_word' id='word_1_47' title='bbox 740 709 770 735; x_wconf 89' lang='lat' dir='ltr'><strong>et</strong></span> <span class='ocrx_word' id='word_1_48' title='bbox 786 703 869 746; x_wconf 89' lang='lat' dir='ltr'><strong>quod</strong></span> <span class='ocrx_word' id='word_1_49' title='bbox 886 703 924 735; x_wconf 91' lang='lat' dir='ltr'><strong>ab</strong></span> <span class='ocrx_word' id='word_1_50' title='bbox 941 702 985 735; x_wconf 90' lang='lat' dir='ltr'><strong>eis</strong></span> <span class='ocrx_word' id='word_1_51' title='bbox 999 703 1163 736; x_wconf 88' lang='lat' dir='ltr'><strong>videantur</strong></span> 
     </span>
     <span class='ocr_line' id='line_1_12' title="bbox 423 756 1164 800; baseline 0.003 -14"><span class='ocrx_word' id='word_1_52' title='bbox 423 762 453 787; x_wconf 75' lang='lat' dir='ltr'><strong>et</strong></span> <span class='ocrx_word' id='word_1_53' title='bbox 477 756 736 797; x_wconf 81' lang='lat' dir='ltr'><strong>determinentur,</strong></span> <span class='ocrx_word' id='word_1_54' title='bbox 761 756 901 800; x_wconf 84' lang='lat' dir='ltr'><strong>alioquin</strong></span> <span class='ocrx_word' id='word_1_55' title='bbox 926 766 1076 799; x_wconf 76' lang='lat' dir='ltr'>praesens</span> <span class='ocrx_word' id='word_1_56' title='bbox 1093 765 1164 789; x_wconf 92' lang='lat' dir='ltr'><strong>con-</strong></span> 
     </span>
     <span class='ocr_line' id='line_1_13' title="bbox 423 809 719 841; baseline 0 0"><span class='ocrx_word' id='word_1_57' title='bbox 423 809 529 841; x_wconf 84' lang='lat' dir='ltr'><strong>cordia</strong></span> <span class='ocrx_word' id='word_1_58' title='bbox 554 809 638 841; x_wconf 90' lang='lat' dir='ltr'><strong>nulla</strong></span> <span class='ocrx_word' id='word_1_59' title='bbox 663 809 719 841; x_wconf 85' lang='lat' dir='ltr'><strong>sit:</strong></span> 
     </span>
    </p>

    <p class='ocr_par' dir='ltr' id='par_1_4' title="bbox 420 860 1166 1754">
     <span class='ocr_line' id='line_1_14' title="bbox 465 860 1163 906; baseline -0.003 -12"><span class='ocrx_word' id='word_1_60' title='bbox 465 862 616 905; x_wconf 76' lang='lat' dir='ltr'>Quodque</span> <span class='ocrx_word' id='word_1_61' title='bbox 648 873 707 906; x_wconf 91' lang='lat' dir='ltr'><strong>pro</strong></span> <span class='ocrx_word' id='word_1_62' title='bbox 739 862 914 901; x_wconf 88' lang='lat' dir='ltr'><strong>iudicibus,</strong></span> <span class='ocrx_word' id='word_1_63' title='bbox 939 860 1163 894; x_wconf 87' lang='lat' dir='ltr'><strong>commissariis</strong></span> 
     </span>
     <span class='ocr_line' id='line_1_15' title="bbox 422 913 1163 958; baseline -0.001 -12"><span class='ocrx_word' id='word_1_64' title='bbox 422 915 601 958; x_wconf 83' lang='lat' dir='ltr'><strong>apostolicis</strong></span> <span class='ocrx_word' id='word_1_65' title='bbox 631 920 661 947; x_wconf 87' lang='lat' dir='ltr'><strong>et.</strong></span> <span class='ocrx_word' id='word_1_66' title='bbox 690 913 936 957; x_wconf 77' lang='lat' dir='ltr'><strong>exequutoribus</strong></span> <span class='ocrx_word' id='word_1_67' title='bbox 964 913 1163 956; x_wconf 78' lang='lat' dir='ltr'>generalibus</span> 
     </span>
     <span class='ocr_line' id='line_1_16' title="bbox 422 966 1166 1010; baseline -0.001 -11"><span class='ocrx_word' id='word_1_68' title='bbox 422 968 521 1000; x_wconf 82' lang='lat' dir='ltr'><strong>dietae</strong></span> <span class='ocrx_word' id='word_1_69' title='bbox 535 968 745 1001; x_wconf 72' lang='lat' dir='ltr'><strong>concessionis</strong></span> <span class='ocrx_word' id='word_1_70' title='bbox 759 971 788 1001; x_wconf 82' lang='lat' dir='ltr'><strong>et</strong></span> <span class='ocrx_word' id='word_1_71' title='bbox 803 966 1036 1010; x_wconf 76' lang='lat' dir='ltr'><strong>prorogationis</strong></span> <span class='ocrx_word' id='word_1_72' title='bbox 1050 966 1166 998; x_wconf 61' lang='lat' dir='ltr'><strong>dentur</strong></span> 
     </span>
     <span class='ocr_line' id='line_1_17' title="bbox 421 1019 1159 1064; baseline -0.003 -11"><span class='ocrx_word' id='word_1_73' title='bbox 421 1026 451 1053; x_wconf 88' lang='lat' dir='ltr'><strong>et</strong></span> <span class='ocrx_word' id='word_1_74' title='bbox 475 1021 607 1053; x_wconf 85' lang='lat' dir='ltr'><strong>debeant</strong></span> <span class='ocrx_word' id='word_1_75' title='bbox 631 1021 698 1053; x_wconf 87' lang='lat' dir='ltr'><strong>dari</strong></span> <span class='ocrx_word' id='word_1_76' title='bbox 724 1020 919 1064; x_wconf 83' lang='lat' dir='ltr'><strong>provisiones</strong></span> <span class='ocrx_word' id='word_1_77' title='bbox 949 1024 979 1052; x_wconf 91' lang='lat' dir='ltr'><strong>et</strong></span> <span class='ocrx_word' id='word_1_78' title='bbox 1010 1019 1159 1052; x_wconf 90' lang='lat' dir='ltr'><strong>subdele-</strong></span> 
     </span>
     <span class='ocr_line' id='line_1_18' title="bbox 421 1073 1163 1116; baseline -0.001 -11"><span class='ocrx_word' id='word_1_79' title='bbox 421 1074 562 1116; x_wconf 83' lang='lat' dir='ltr'><strong>gationes</strong></span> <span class='ocrx_word' id='word_1_80' title='bbox 588 1073 736 1115; x_wconf 88' lang='lat' dir='ltr'><strong>iudicum,</strong></span> <span class='ocrx_word' id='word_1_81' title='bbox 762 1078 792 1106; x_wconf 88' lang='lat' dir='ltr'><strong>et</strong></span> <span class='ocrx_word' id='word_1_82' title='bbox 816 1073 921 1106; x_wconf 88' lang='lat' dir='ltr'><strong>onmia</strong></span> <span class='ocrx_word' id='word_1_83' title='bbox 946 1073 1084 1116; x_wconf 85' lang='lat' dir='ltr'><strong>recapita</strong></span> <span class='ocrx_word' id='word_1_84' title='bbox 1109 1082 1163 1105; x_wconf 86' lang='lat' dir='ltr'><strong>ne-</strong></span> 
     </span>
     <span class='ocr_line' id='line_1_19' title="bbox 422 1125 1162 1170; baseline -0.001 -11"><span class='ocrx_word' id='word_1_85' title='bbox 422 1128 557 1159; x_wconf 86' lang='lat' dir='ltr'><strong>cessaria</strong></span> <span class='ocrx_word' id='word_1_86' title='bbox 581 1138 639 1170; x_wconf 91' lang='lat' dir='ltr'><strong>pro</strong></span> <span class='ocrx_word' id='word_1_87' title='bbox 665 1127 820 1160; x_wconf 88' lang='lat' dir='ltr'><strong>solutione</strong></span> <span class='ocrx_word' id='word_1_88' title='bbox 845 1126 975 1159; x_wconf 82' lang='lat' dir='ltr'><strong>subsidii</strong></span> <span class='ocrx_word' id='word_1_89' title='bbox 999 1125 1162 1169; x_wconf 83' lang='lat' dir='ltr'><strong>prorogati</strong></span> 
     </span>
     <span class='ocr_line' id='line_1_20' title="bbox 421 1179 1162 1223; baseline -0.001 -11"><span class='ocrx_word' id='word_1_90' title='bbox 421 1180 611 1222; x_wconf 82' lang='lat' dir='ltr'><strong>huiusmodi,</strong></span> <span class='ocrx_word' id='word_1_91' title='bbox 637 1185 665 1213; x_wconf 85' lang='lat' dir='ltr'><strong>et</strong></span> <span class='ocrx_word' id='word_1_92' title='bbox 691 1190 917 1223; x_wconf 85' lang='lat' dir='ltr'><strong>expensarum:</strong></span> <span class='ocrx_word' id='word_1_93' title='bbox 944 1179 1091 1223; x_wconf 87' lang='lat' dir='ltr'><strong>quodque</strong></span> <span class='ocrx_word' id='word_1_94' title='bbox 1116 1188 1162 1218; x_wconf 87' lang='lat' dir='ltr'><strong>ea,</strong></span> 
     </span>
     <span class='ocr_line' id='line_1_21' title="bbox 420 1232 1163 1276; baseline 0 -12"><span class='ocrx_word' id='word_1_95' title='bbox 420 1243 500 1275; x_wconf 87' lang='lat' dir='ltr'><strong>quae</strong></span> <span class='ocrx_word' id='word_1_96' title='bbox 527 1233 681 1266; x_wconf 85' lang='lat' dir='ltr'><strong>debentur</strong></span> <span class='ocrx_word' id='word_1_97' title='bbox 706 1233 843 1276; x_wconf 86' lang='lat' dir='ltr'><strong>capitulo</strong></span> <span class='ocrx_word' id='word_1_98' title='bbox 867 1243 921 1265; x_wconf 88' lang='lat' dir='ltr'><strong>seu</strong></span> <span class='ocrx_word' id='word_1_99' title='bbox 947 1232 1090 1275; x_wconf 76' lang='lat' dir='ltr'><strong>dignitati</strong></span> <span class='ocrx_word' id='word_1_100' title='bbox 1114 1232 1163 1264; x_wconf 81' lang='lat' dir='ltr'><strong>vel</strong></span> 
     </span>
     <span class='ocr_line' id='line_1_22' title="bbox 421 1284 1163 1329; baseline -0.001 -11"><span class='ocrx_word' id='word_1_101' title='bbox 421 1286 589 1325; x_wconf 87' lang='lat' dir='ltr'><strong>canonico,</strong></span> <span class='ocrx_word' id='word_1_102' title='bbox 613 1286 734 1329; x_wconf 81' lang='lat' dir='ltr'><strong>possint</strong></span> <span class='ocrx_word' id='word_1_103' title='bbox 756 1285 938 1329; x_wconf 88' lang='lat' dir='ltr'><strong>recuperari</strong></span> <span class='ocrx_word' id='word_1_104' title='bbox 963 1295 1020 1329; x_wconf 89' lang='lat' dir='ltr'><strong>per</strong></span> <span class='ocrx_word' id='word_1_105' title='bbox 1043 1284 1163 1317; x_wconf 88' lang='lat' dir='ltr'><strong>iudices</strong></span> 
     </span>
     <span class='ocr_line' id='line_1_23' title="bbox 420 1338 1164 1382; baseline -0.001 -11"><span class='ocrx_word' id='word_1_106' title='bbox 420 1339 649 1382; x_wconf 76' lang='lat' dir='ltr'><strong>subdelegatos,</strong></span> <span class='ocrx_word' id='word_1_107' title='bbox 675 1339 797 1371; x_wconf 87' lang='lat' dir='ltr'><strong>etiamsi</strong></span> <span class='ocrx_word' id='word_1_108' title='bbox 821 1339 958 1382; x_wconf 79' lang='lat' dir='ltr'><strong>aliquam</strong></span> <span class='ocrx_word' id='word_1_109' title='bbox 984 1338 1015 1370; x_wconf 87' lang='lat' dir='ltr'><strong>in</strong></span> <span class='ocrx_word' id='word_1_110' title='bbox 1035 1338 1095 1371; x_wconf 90' lang='lat' dir='ltr'><strong>hoc</strong></span> <span class='ocrx_word' id='word_1_111' title='bbox 1116 1348 1164 1371; x_wconf 84' lang='lat' dir='ltr'><strong>ex-</strong></span> 
     </span>
     <span class='ocr_line' id='line_1_24' title="bbox 420 1391 1162 1435; baseline -0.001 -11"><span class='ocrx_word' id='word_1_112' title='bbox 420 1393 584 1435; x_wconf 87' lang='lat' dir='ltr'><strong>periantur</strong></span> <span class='ocrx_word' id='word_1_113' title='bbox 608 1392 834 1432; x_wconf 81' lang='lat' dir='ltr'><strong>difficultatem,</strong></span> <span class='ocrx_word' id='word_1_114' title='bbox 860 1391 1032 1425; x_wconf 88' lang='lat' dir='ltr'><strong>dummodo</strong></span> <span class='ocrx_word' id='word_1_115' title='bbox 1057 1396 1162 1424; x_wconf 91' lang='lat' dir='ltr'><strong>tamen</strong></span> 
     </span>
     <span class='ocr_line' id='line_1_25' title="bbox 421 1445 1163 1479; baseline -0.001 -1"><span class='ocrx_word' id='word_1_116' title='bbox 421 1446 602 1479; x_wconf 80' lang='lat' dir='ltr'><strong>huiusmodi</strong></span> <span class='ocrx_word' id='word_1_117' title='bbox 627 1445 768 1478; x_wconf 89' lang='lat' dir='ltr'><strong>debitum</strong></span> <span class='ocrx_word' id='word_1_118' title='bbox 794 1445 833 1478; x_wconf 87' lang='lat' dir='ltr'><strong>sit</strong></span> <span class='ocrx_word' id='word_1_119' title='bbox 857 1445 895 1478; x_wconf 91' lang='lat' dir='ltr'><strong>de</strong></span> <span class='ocrx_word' id='word_1_120' title='bbox 925 1445 1079 1478; x_wconf 84' lang='lat' dir='ltr'><strong>fructibus</strong></span> <span class='ocrx_word' id='word_1_121' title='bbox 1108 1454 1163 1477; x_wconf 90' lang='lat' dir='ltr'><strong>seu</strong></span> 
     </span>
     <span class='ocr_line' id='line_1_26' title="bbox 421 1499 1163 1544; baseline -0.003 -12"><span class='ocrx_word' id='word_1_122' title='bbox 421 1499 622 1540; x_wconf 87' lang='lat' dir='ltr'><strong>redditibus¹‚</strong></span> <span class='ocrx_word' id='word_1_123' title='bbox 631 1499 715 1544; x_wconf 89' lang='lat' dir='ltr'><strong>quod</strong></span> <span class='ocrx_word' id='word_1_124' title='bbox 729 1499 820 1532; x_wconf 89' lang='lat' dir='ltr'><strong>debet</strong></span> <span class='ocrx_word' id='word_1_125' title='bbox 832 1505 861 1532; x_wconf 88' lang='lat' dir='ltr'><strong>et</strong></span> <span class='ocrx_word' id='word_1_126' title='bbox 874 1499 965 1533; x_wconf 76' lang='lat' dir='ltr'><strong>solvit,</strong></span> <span class='ocrx_word' id='word_1_127' title='bbox 977 1499 1163 1539; x_wconf 83' lang='lat' dir='ltr'><strong>subsidium,</strong></span> 
     </span>
     <span class='ocr_line' id='line_1_27' title="bbox 420 1551 1163 1596; baseline -0.003 -11"><span class='ocrx_word' id='word_1_128' title='bbox 420 1563 522 1595; x_wconf 88' lang='lat' dir='ltr'><strong>neque</strong></span> <span class='ocrx_word' id='word_1_129' title='bbox 536 1552 664 1585; x_wconf 81' lang='lat' dir='ltr'><strong>excedat</strong></span> <span class='ocrx_word' id='word_1_130' title='bbox 677 1552 893 1596; x_wconf 79' lang='lat' dir='ltr'><strong>quantitatem,</strong></span> <span class='ocrx_word' id='word_1_131' title='bbox 902 1562 982 1595; x_wconf 90' lang='lat' dir='ltr'><strong>quae</strong></span> <span class='ocrx_word' id='word_1_132' title='bbox 992 1551 1163 1594; x_wconf 88' lang='lat' dir='ltr'><strong>unicuique</strong></span> 
     </span>
     <span class='ocr_line' id='line_1_28' title="bbox 420 1604 1164 1649; baseline 0 -13"><span class='ocrx_word' id='word_1_133' title='bbox 420 1604 514 1637; x_wconf 88' lang='lat' dir='ltr'><strong>suerit</strong></span> <span class='ocrx_word' id='word_1_134' title='bbox 538 1605 699 1649; x_wconf 87' lang='lat' dir='ltr'><strong>repartita,</strong></span> <span class='ocrx_word' id='word_1_135' title='bbox 724 1610 754 1638; x_wconf 92' lang='lat' dir='ltr'><strong>et</strong></span> <span class='ocrx_word' id='word_1_136' title='bbox 774 1605 859 1645; x_wconf 76' lang='lat' dir='ltr'><strong>alias,</strong></span> <span class='ocrx_word' id='word_1_137' title='bbox 875 1610 970 1648; x_wconf 89' lang='lat' dir='ltr'><strong>prout</strong></span> <span class='ocrx_word' id='word_1_138' title='bbox 987 1605 1164 1638; x_wconf 79' lang='lat' dir='ltr'><strong>continetur</strong></span> 
     </span>
     <span class='ocr_line' id='line_1_29' title="bbox 422 1657 1164 1702; baseline 0 -12"><span class='ocrx_word' id='word_1_139' title='bbox 422 1658 451 1690; x_wconf 93' lang='lat' dir='ltr'><strong>in</strong></span> <span class='ocrx_word' id='word_1_140' title='bbox 470 1658 727 1699; x_wconf 81' lang='lat' dir='ltr'><strong>institutionibus,</strong></span> <span class='ocrx_word' id='word_1_141' title='bbox 748 1669 783 1691; x_wconf 89' lang='lat' dir='ltr'><strong>ac</strong></span> <span class='ocrx_word' id='word_1_142' title='bbox 800 1658 1035 1702; x_wconf 72' lang='lat' dir='ltr'><strong>provisionibus</strong></span> <span class='ocrx_word' id='word_1_143' title='bbox 1049 1663 1076 1691; x_wconf 86' lang='lat' dir='ltr'><strong>et</strong></span> <span class='ocrx_word' id='word_1_144' title='bbox 1091 1657 1164 1691; x_wconf 87' lang='lat' dir='ltr'><strong>scri-</strong></span> 
     </span>
     <span class='ocr_line' id='line_1_30' title="bbox 421 1711 852 1754; baseline 0.002 -11"><span class='ocrx_word' id='word_1_145' title='bbox 421 1712 522 1754; x_wconf 91' lang='lat' dir='ltr'><strong>pturis</strong></span> <span class='ocrx_word' id='word_1_146' title='bbox 547 1712 630 1744; x_wconf 88' lang='lat' dir='ltr'><strong>eirca</strong></span> <span class='ocrx_word' id='word_1_147' title='bbox 654 1711 731 1744; x_wconf 91' lang='lat' dir='ltr'><strong>illud</strong></span> <span class='ocrx_word' id='word_1_148' title='bbox 755 1712 852 1744; x_wconf 86' lang='lat' dir='ltr'><strong>datis:</strong></span> 
     </span>
    </p>

    <p class='ocr_par' dir='ltr' id='par_1_5' title="bbox 421 1763 1166 2609">
     <span class='ocr_line' id='line_1_31' title="bbox 465 1763 1163 1808; baseline -0.001 -11"><span class='ocrx_word' id='word_1_149' title='bbox 465 1764 617 1807; x_wconf 83' lang='lat' dir='ltr'><strong>Quodque</strong></span> <span class='ocrx_word' id='word_1_150' title='bbox 633 1775 689 1808; x_wconf 90' lang='lat' dir='ltr'><strong>per</strong></span> <span class='ocrx_word' id='word_1_151' title='bbox 706 1764 934 1808; x_wconf 80' lang='lat' dir='ltr'><strong>pragmaticam</strong></span> <span class='ocrx_word' id='word_1_152' title='bbox 951 1774 968 1796; x_wconf 94' lang='lat' dir='ltr'><strong>a</strong></span> <span class='ocrx_word' id='word_1_153' title='bbox 985 1763 1067 1796; x_wconf 89' lang='lat' dir='ltr'><strong>dicto</strong></span> <span class='ocrx_word' id='word_1_154' title='bbox 1093 1763 1163 1796; x_wconf 86' lang='lat' dir='ltr'><strong>Phi-</strong></span> 
     </span>
     <span class='ocr_line' id='line_1_32' title="bbox 421 1817 1162 1861; baseline -0.003 -11"><span class='ocrx_word' id='word_1_155' title='bbox 421 1818 507 1861; x_wconf 89' lang='lat' dir='ltr'><strong>lippo</strong></span> <span class='ocrx_word' id='word_1_156' title='bbox 536 1829 611 1861; x_wconf 85' lang='lat' dir='ltr'><strong>rege</strong></span> <span class='ocrx_word' id='word_1_157' title='bbox 639 1818 677 1851; x_wconf 86' lang='lat' dir='ltr'><strong>de</strong></span> <span class='ocrx_word' id='word_1_158' title='bbox 704 1828 785 1851; x_wconf 89' lang='lat' dir='ltr'><strong>anno</strong></span> <span class='ocrx_word' id='word_1_159' title='bbox 802 1828 936 1851; x_wconf 79' lang='lat' dir='ltr'><strong>Mncxxn</strong></span> <span class='ocrx_word' id='word_1_160' title='bbox 960 1817 1162 1861; x_wconf 85' lang='lat' dir='ltr'><strong>publicatam,</strong></span> 
     </span>
     <span class='ocr_line' id='line_1_33' title="bbox 422 1870 1163 1914; baseline -0.001 -11"><span class='ocrx_word' id='word_1_161' title='bbox 422 1872 503 1904; x_wconf 88' lang='lat' dir='ltr'><strong>inter</strong></span> <span class='ocrx_word' id='word_1_162' title='bbox 527 1871 587 1903; x_wconf 86' lang='lat' dir='ltr'><strong>alia</strong></span> <span class='ocrx_word' id='word_1_163' title='bbox 610 1871 850 1914; x_wconf 80' lang='lat' dir='ltr'><strong>prohibentem,</strong></span> <span class='ocrx_word' id='word_1_164' title='bbox 876 1880 915 1903; x_wconf 93' lang='lat' dir='ltr'><strong>ne</strong></span> <span class='ocrx_word' id='word_1_165' title='bbox 940 1870 971 1902; x_wconf 90' lang='lat' dir='ltr'><strong>in</strong></span> <span class='ocrx_word' id='word_1_166' title='bbox 996 1870 1163 1913; x_wconf 87' lang='lat' dir='ltr'><strong>scripturis</strong></span> 
     </span>
     <span class='ocr_line' id='line_1_34' title="bbox 422 1922 1164 1966; baseline -0.003 -9"><span class='ocrx_word' id='word_1_167' title='bbox 422 1924 670 1966; x_wconf 76' lang='lat' dir='ltr'><strong>concessionum,</strong></span> <span class='ocrx_word' id='word_1_168' title='bbox 681 1924 746 1957; x_wconf 86' lang='lat' dir='ltr'><strong>sive</strong></span> <span class='ocrx_word' id='word_1_169' title='bbox 759 1923 1086 1963; x_wconf 84' lang='lat' dir='ltr'><strong>arrendamentorum‚</strong></span> <span class='ocrx_word' id='word_1_170' title='bbox 1095 1922 1164 1956; x_wconf 90' lang='lat' dir='ltr'><strong>red-</strong></span> 
     </span>
     <span class='ocr_line' id='line_1_35' title="bbox 421 1976 1165 2012; baseline -0.001 -2"><span class='ocrx_word' id='word_1_171' title='bbox 421 1978 542 2012; x_wconf 90' lang='lat' dir='ltr'><strong>dituum</strong></span> <span class='ocrx_word' id='word_1_172' title='bbox 567 1983 596 2011; x_wconf 88' lang='lat' dir='ltr'><strong>et</strong></span> <span class='ocrx_word' id='word_1_173' title='bbox 619 1978 799 2011; x_wconf 86' lang='lat' dir='ltr'><strong>debitorum</strong></span> <span class='ocrx_word' id='word_1_174' title='bbox 824 1977 1062 2010; x_wconf 86' lang='lat' dir='ltr'><strong>summissiones</strong></span> <span class='ocrx_word' id='word_1_175' title='bbox 1080 1976 1165 2009; x_wconf 79' lang='lat' dir='ltr'><strong>iusti-</strong></span> 
     </span>
     <span class='ocr_line' id='line_1_36' title="bbox 423 2030 1163 2075; baseline -0.001 -12"><span class='ocrx_word' id='word_1_176' title='bbox 423 2031 493 2071; x_wconf 87' lang='lat' dir='ltr'><strong>tiis,</strong></span> <span class='ocrx_word' id='word_1_177' title='bbox 518 2041 620 2075; x_wconf 89' lang='lat' dir='ltr'><strong>neque</strong></span> <span class='ocrx_word' id='word_1_178' title='bbox 643 2031 756 2064; x_wconf 89' lang='lat' dir='ltr'><strong>salaria</strong></span> <span class='ocrx_word' id='word_1_179' title='bbox 786 2030 952 2074; x_wconf 88' lang='lat' dir='ltr'><strong>personis,</strong></span> <span class='ocrx_word' id='word_1_180' title='bbox 985 2040 1066 2074; x_wconf 89' lang='lat' dir='ltr'><strong>quae</strong></span> <span class='ocrx_word' id='word_1_181' title='bbox 1094 2030 1163 2062; x_wconf 89' lang='lat' dir='ltr'><strong>illas</strong></span> 
     </span>
     <span class='ocr_line' id='line_1_37' title="bbox 423 2082 1164 2128; baseline -0.003 -12"><span class='ocrx_word' id='word_1_182' title='bbox 423 2090 629 2127; x_wconf 84' lang='lat' dir='ltr'><strong>exequuntur,</strong></span> <span class='ocrx_word' id='word_1_183' title='bbox 647 2084 721 2128; x_wconf 89' lang='lat' dir='ltr'><strong>poni</strong></span> <span class='ocrx_word' id='word_1_184' title='bbox 738 2084 869 2128; x_wconf 80' lang='lat' dir='ltr'><strong>possint,</strong></span> <span class='ocrx_word' id='word_1_185' title='bbox 887 2093 951 2116; x_wconf 92' lang='lat' dir='ltr'><strong>non</strong></span> <span class='ocrx_word' id='word_1_186' title='bbox 970 2082 1164 2125; x_wconf 79' lang='lat' dir='ltr'><strong>intelligatur</strong></span> 
     </span>
     <span class='ocr_line' id='line_1_38' title="bbox 422 2137 1164 2181; baseline 0.001 -14"><span class='ocrx_word' id='word_1_187' title='bbox 422 2137 596 2181; x_wconf 82' lang='lat' dir='ltr'><strong>prohibitas</strong></span> <span class='ocrx_word' id='word_1_188' title='bbox 627 2137 722 2170; x_wconf 77' lang='lat' dir='ltr'><strong>fuisse</strong></span> <span class='ocrx_word' id='word_1_189' title='bbox 746 2137 844 2170; x_wconf 84' lang='lat' dir='ltr'><strong>dictas</strong></span> <span class='ocrx_word' id='word_1_190' title='bbox 873 2137 1110 2170; x_wconf 85' lang='lat' dir='ltr'><strong>summissiones</strong></span> <span class='ocrx_word' id='word_1_191' title='bbox 1135 2140 1164 2169; x_wconf 90' lang='lat' dir='ltr'><strong>et</strong></span> 
     </span>
     <span class='ocr_line' id='line_1_39' title="bbox 423 2189 1164 2233; baseline -0.001 -10"><span class='ocrx_word' id='word_1_192' title='bbox 423 2191 535 2223; x_wconf 86' lang='lat' dir='ltr'><strong>salaria</strong></span> <span class='ocrx_word' id='word_1_193' title='bbox 560 2190 591 2223; x_wconf 90' lang='lat' dir='ltr'><strong>in</strong></span> <span class='ocrx_word' id='word_1_194' title='bbox 608 2190 781 2223; x_wconf 82' lang='lat' dir='ltr'><strong>redditibus</strong></span> <span class='ocrx_word' id='word_1_195' title='bbox 802 2189 1030 2231; x_wconf 88' lang='lat' dir='ltr'><strong>ecclesiasticis,</strong></span> <span class='ocrx_word' id='word_1_196' title='bbox 1049 2189 1087 2222; x_wconf 91' lang='lat' dir='ltr'><strong>de</strong></span> <span class='ocrx_word' id='word_1_197' title='bbox 1100 2189 1164 2233; x_wconf 89' lang='lat' dir='ltr'><strong>qui-</strong></span> 
     </span>
     <span class='ocr_line' id='line_1_40' title="bbox 423 2243 1164 2284; baseline -0.001 -8"><span class='ocrx_word' id='word_1_198' title='bbox 423 2244 482 2277; x_wconf 89' lang='lat' dir='ltr'><strong>bus</strong></span> <span class='ocrx_word' id='word_1_199' title='bbox 507 2245 638 2277; x_wconf 86' lang='lat' dir='ltr'><strong>solvitur</strong></span> <span class='ocrx_word' id='word_1_200' title='bbox 658 2244 834 2277; x_wconf 89' lang='lat' dir='ltr'><strong>subsidium</strong></span> <span class='ocrx_word' id='word_1_201' title='bbox 852 2248 881 2278; x_wconf 89' lang='lat' dir='ltr'><strong>et</strong></span> <span class='ocrx_word' id='word_1_202' title='bbox 899 2248 1092 2284; x_wconf 85' lang='lat' dir='ltr'><strong>excusatum,</strong></span> <span class='ocrx_word' id='word_1_203' title='bbox 1111 2243 1164 2276; x_wconf 89' lang='lat' dir='ltr'><strong>sed</strong></span> 
     </span>
     <span class='ocr_line' id='line_1_41' title="bbox 423 2297 1163 2341; baseline 0 -12"><span class='ocrx_word' id='word_1_204' title='bbox 423 2297 455 2330; x_wconf 92' lang='lat' dir='ltr'><strong>in</strong></span> <span class='ocrx_word' id='word_1_205' title='bbox 479 2298 645 2341; x_wconf 89' lang='lat' dir='ltr'><strong>scripturis</strong></span> <span class='ocrx_word' id='word_1_206' title='bbox 669 2298 826 2331; x_wconf 89' lang='lat' dir='ltr'><strong>dictorum</strong></span> <span class='ocrx_word' id='word_1_207' title='bbox 857 2297 1038 2332; x_wconf 83' lang='lat' dir='ltr'><strong>reddituum</strong></span> <span class='ocrx_word' id='word_1_208' title='bbox 1063 2297 1163 2330; x_wconf 86' lang='lat' dir='ltr'><strong>eccle-</strong></span> 
     </span>
     <span class='ocr_line' id='line_1_42' title="bbox 423 2350 1165 2395; baseline -0.001 -11"><span class='ocrx_word' id='word_1_209' title='bbox 423 2351 630 2393; x_wconf 73' lang='lat' dir='ltr'><strong>siasticorum,</strong></span> <span class='ocrx_word' id='word_1_210' title='bbox 657 2362 753 2395; x_wconf 89' lang='lat' dir='ltr'><strong>super</strong></span> <span class='ocrx_word' id='word_1_211' title='bbox 777 2351 893 2395; x_wconf 87' lang='lat' dir='ltr'><strong>quibus</strong></span> <span class='ocrx_word' id='word_1_212' title='bbox 909 2350 1074 2394; x_wconf 85' lang='lat' dir='ltr'><strong>impositae</strong></span> <span class='ocrx_word' id='word_1_213' title='bbox 1093 2355 1165 2383; x_wconf 91' lang='lat' dir='ltr'><strong>sunt</strong></span> 
     </span>
     <span class='ocr_line' id='line_1_43' title="bbox 424 2403 1166 2448; baseline -0.001 -11"><span class='ocrx_word' id='word_1_214' title='bbox 424 2405 541 2447; x_wconf 84' lang='lat' dir='ltr'><strong>gratiae</strong></span> <span class='ocrx_word' id='word_1_215' title='bbox 567 2405 758 2446; x_wconf 81' lang='lat' dir='ltr'><strong>huiusmodi,</strong></span> <span class='ocrx_word' id='word_1_216' title='bbox 783 2405 906 2448; x_wconf 88' lang='lat' dir='ltr'><strong>possint</strong></span> <span class='ocrx_word' id='word_1_217' title='bbox 929 2404 1003 2448; x_wconf 89' lang='lat' dir='ltr'><strong>poni</strong></span> <span class='ocrx_word' id='word_1_218' title='bbox 1020 2403 1166 2437; x_wconf 86' lang='lat' dir='ltr'><strong>summis-</strong></span> 
     </span>
     <span class='ocr_line' id='line_1_44' title="bbox 424 2457 1165 2501; baseline -0.001 -11"><span class='ocrx_word' id='word_1_219' title='bbox 424 2458 527 2491; x_wconf 79' lang='lat' dir='ltr'><strong>siones</strong></span> <span class='ocrx_word' id='word_1_220' title='bbox 547 2464 578 2491; x_wconf 86' lang='lat' dir='ltr'><strong>et</strong></span> <span class='ocrx_word' id='word_1_221' title='bbox 601 2458 713 2490; x_wconf 89' lang='lat' dir='ltr'><strong>salaria</strong></span> <span class='ocrx_word' id='word_1_222' title='bbox 738 2457 848 2490; x_wconf 88' lang='lat' dir='ltr'><strong>iisdem</strong></span> <span class='ocrx_word' id='word_1_223' title='bbox 872 2468 1003 2501; x_wconf 90' lang='lat' dir='ltr'><strong>prorsus</strong></span> <span class='ocrx_word' id='word_1_224' title='bbox 1021 2457 1115 2490; x_wconf 89' lang='lat' dir='ltr'><strong>modo</strong></span> <span class='ocrx_word' id='word_1_225' title='bbox 1135 2461 1165 2490; x_wconf 89' lang='lat' dir='ltr'><strong>et</strong></span> 
     </span>
     <span class='ocr_line' id='line_1_45' title="bbox 424 2511 1164 2555; baseline -0.003 -11"><span class='ocrx_word' id='word_1_226' title='bbox 424 2512 536 2551; x_wconf 69' lang='lat' dir='ltr'><strong>soi-nia,</strong></span> <span class='ocrx_word' id='word_1_227' title='bbox 557 2512 671 2555; x_wconf 90' lang='lat' dir='ltr'><strong>quibus</strong></span> <span class='ocrx_word' id='word_1_228' title='bbox 683 2511 752 2544; x_wconf 88' lang='lat' dir='ltr'><strong>fieri</strong></span> <span class='ocrx_word' id='word_1_229' title='bbox 767 2516 981 2552; x_wconf 87' lang='lat' dir='ltr'><strong>consueverat,</strong></span> <span class='ocrx_word' id='word_1_230' title='bbox 997 2515 1164 2554; x_wconf 86' lang='lat' dir='ltr'><strong>antequam</strong></span> 
     </span>
     <span class='ocr_line' id='line_1_46' title="bbox 424 2563 1165 2609; baseline 0 -13"><span class='ocrx_word' id='word_1_231' title='bbox 424 2565 618 2609; x_wconf 69' lang='lat' dir='ltr'><strong>pragmatica</strong></span> <span class='ocrx_word' id='word_1_232' title='bbox 628 2564 806 2598; x_wconf 88' lang='lat' dir='ltr'><strong>huiusmodi</strong></span> <span class='ocrx_word' id='word_1_233' title='bbox 816 2565 1082 2609; x_wconf 85' lang='lat' dir='ltr'><strong>promulgaretur,</strong></span> <span class='ocrx_word' id='word_1_234' title='bbox 1092 2563 1165 2597; x_wconf 93' lang='lat' dir='ltr'><strong>alio-</strong></span> 
     </span>
    </p>

    <p class='ocr_par' dir='ltr' id='par_1_6' title="bbox 461 2626 890 2665">
     <span class='ocr_line' id='line_1_47' title="bbox 461 2626 890 2665; baseline 0.002 -11"><span class='ocrx_word' id='word_1_235' title='bbox 461 2629 473 2654; x_wconf 82' lang='lat'><strong>1</strong></span> <span class='ocrx_word' id='word_1_236' title='bbox 491 2626 592 2656; x_wconf 83' lang='lat' dir='ltr'><strong>Forsan</strong></span> <span class='ocrx_word' id='word_1_237' title='bbox 608 2627 683 2657; x_wconf 83' lang='lat' dir='ltr'><strong>deest</strong></span> <span class='ocrx_word' id='word_1_238' title='bbox 699 2629 777 2657; x_wconf 72' lang='lat' dir='ltr'><strong>illius</strong></span> <span class='ocrx_word' id='word_1_239' title='bbox 793 2628 828 2665; x_wconf 81' lang='lat' dir='ltr'><strong>(a.</strong></span> <span class='ocrx_word' id='word_1_240' title='bbox 842 2629 890 2663; x_wconf 83' lang='grc' dir='ltr'>τ,).</span> 
     </span>
    </p>
   </div>
   <div class='ocr_carea' id='block_1_3' title="bbox 1178 406 1182 1691">
    <p class='ocr_par' dir='ltr' id='par_1_7' title="bbox 1178 406 1182 1691">
     <span class='ocr_line' id='line_1_48' title="bbox 1178 406 1182 1691; baseline 0 0"><span class='ocrx_word' id='word_1_241' title='bbox 1178 406 1182 1691; x_wconf 95' lang='lat' dir='ltr'><strong> </strong></span> 
     </span>
    </p>
   </div>
   <div class='ocr_carea' id='block_1_4' title="bbox 1179 1823 1182 2468">
    <p class='ocr_par' dir='ltr' id='par_1_8' title="bbox 1179 1823 1182 2468">
     <span class='ocr_line' id='line_1_49' title="bbox 1179 1823 1182 2468; baseline 0 0"><span class='ocrx_word' id='word_1_242' title='bbox 1179 1823 1182 2468; x_wconf 95' lang='lat' dir='ltr'><strong> </strong></span> 
     </span>
    </p>
   </div>
   <div class='ocr_carea' id='block_1_5' title="bbox 1006 227 1937 320">
    <p class='ocr_par' dir='ltr' id='par_1_9' title="bbox 1006 227 1937 320">
     <span class='ocr_line' id='line_1_50' title="bbox 1006 227 1361 252; baseline 0 0"><span class='ocrx_word' id='word_1_243' title='bbox 1006 227 1183 252; x_wconf 55' lang='lat' dir='ltr'><strong>cinnamum</strong></span> <span class='ocrx_word' id='word_1_244' title='bbox 1208 227 1361 252; x_wconf 71' lang='lat' dir='ltr'><strong>ROMANUM</strong></span> 
     </span>
     <span class='ocr_line' id='line_1_51' title="bbox 1180 273 1937 320; baseline 0.001 -13"><span class='ocrx_word' id='word_1_245' title='bbox 1180 277 1182 297; x_wconf 70' lang='lat' dir='ltr'><strong>t</strong></span> <span class='ocrx_word' id='word_1_246' title='bbox 1199 275 1272 318; x_wconf 75' lang='lat' dir='ltr'><strong>quin</strong></span> <span class='ocrx_word' id='word_1_247' title='bbox 1286 285 1435 320; x_wconf 83' lang='lat' dir='ltr'><strong>praesens</strong></span> <span class='ocrx_word' id='word_1_248' title='bbox 1447 274 1617 309; x_wconf 88' lang='lat' dir='ltr'><strong>concordia</strong></span> <span class='ocrx_word' id='word_1_249' title='bbox 1631 274 1774 310; x_wconf 86' lang='lat' dir='ltr'><strong>similiter</strong></span> <span class='ocrx_word' id='word_1_250' title='bbox 1796 274 1883 308; x_wconf 89' lang='lat' dir='ltr'><strong>nulla</strong></span> <span class='ocrx_word' id='word_1_251' title='bbox 1898 273 1937 308; x_wconf 89' lang='lat' dir='ltr'><strong>sit</strong></span> 
     </span>
    </p>
   </div>
   <div class='ocr_carea' id='block_1_6' title="bbox 1196 339 1940 2661">
    <p class='ocr_par' dir='ltr' id='par_1_10' title="bbox 1197 339 1344 372">
     <span class='ocr_line' id='line_1_52' title="bbox 1197 339 1344 372; baseline -0.007 -11"><span class='ocrx_word' id='word_1_252' title='bbox 1197 339 1234 362; x_wconf 92' lang='lat' dir='ltr'><strong>eo</strong></span> <span class='ocrx_word' id='word_1_253' title='bbox 1259 339 1344 372; x_wconf 82' lang='lat' dir='ltr'><strong>ipso:</strong></span> 
     </span>
    </p>

    <p class='ocr_par' dir='ltr' id='par_1_11' title="bbox 1196 380 1939 955">
     <span class='ocr_line' id='line_1_53' title="bbox 1241 380 1933 425; baseline -0.001 -11"><span class='ocrx_word' id='word_1_254' title='bbox 1241 382 1414 424; x_wconf 84' lang='lat' dir='ltr'><strong>Praeterea,</strong></span> <span class='ocrx_word' id='word_1_255' title='bbox 1432 386 1465 414; x_wconf 92' lang='lat' dir='ltr'><strong>ut</strong></span> <span class='ocrx_word' id='word_1_256' title='bbox 1485 391 1544 425; x_wconf 89' lang='lat' dir='ltr'><strong>pro</strong></span> <span class='ocrx_word' id='word_1_257' title='bbox 1564 384 1652 424; x_wconf 89' lang='lat' dir='ltr'><strong>parte</strong></span> <span class='ocrx_word' id='word_1_258' title='bbox 1676 380 1832 414; x_wconf 90' lang='lat' dir='ltr'><strong>dictorum</strong></span> <span class='ocrx_word' id='word_1_259' title='bbox 1857 380 1933 413; x_wconf 83' lang='lat' dir='ltr'><strong>Plii-</strong></span> 
     </span>
     <span class='ocr_line' id='line_1_54' title="bbox 1197 434 1938 479; baseline -0.001 -12"><span class='ocrx_word' id='word_1_260' title='bbox 1197 435 1274 479; x_wconf 91' lang='lat' dir='ltr'><strong>lippi</strong></span> <span class='ocrx_word' id='word_1_261' title='bbox 1291 436 1374 478; x_wconf 85' lang='lat' dir='ltr'><strong>regis</strong></span> <span class='ocrx_word' id='word_1_262' title='bbox 1390 440 1420 468; x_wconf 89' lang='lat' dir='ltr'><strong>et</strong></span> <span class='ocrx_word' id='word_1_263' title='bbox 1437 439 1535 468; x_wconf 86' lang='lat' dir='ltr'><strong>slatus</strong></span> <span class='ocrx_word' id='word_1_264' title='bbox 1549 434 1747 467; x_wconf 86' lang='lat' dir='ltr'><strong>ecclesiastici</strong></span> <span class='ocrx_word' id='word_1_265' title='bbox 1766 434 1938 477; x_wconf 89' lang='lat' dir='ltr'><strong>praedicto-</strong></span> 
     </span>
     <span class='ocr_line' id='line_1_55' title="bbox 1197 485 1937 531; baseline -0.001 -11"><span class='ocrx_word' id='word_1_266' title='bbox 1197 499 1266 521; x_wconf 91' lang='lat' dir='ltr'><strong>rum</strong></span> <span class='ocrx_word' id='word_1_267' title='bbox 1292 498 1464 531; x_wconf 87' lang='lat' dir='ltr'><strong>regnorum</strong></span> <span class='ocrx_word' id='word_1_268' title='bbox 1495 487 1691 531; x_wconf 82' lang='lat' dir='ltr'><strong>supplicetur</strong></span> <span class='ocrx_word' id='word_1_269' title='bbox 1715 487 1824 527; x_wconf 86' lang='lat' dir='ltr'><strong>nobis,</strong></span> <span class='ocrx_word' id='word_1_270' title='bbox 1852 485 1937 530; x_wconf 89' lang='lat' dir='ltr'><strong>quod</strong></span> 
     </span>
     <span class='ocr_line' id='line_1_56' title="bbox 1197 536 1937 584; baseline -0.005 -9"><span class='ocrx_word' id='word_1_271' title='bbox 1197 542 1443 575; x_wconf 80' lang='lat' dir='ltr'><strong>concederemus</strong></span> <span class='ocrx_word' id='word_1_272' title='bbox 1463 541 1569 582; x_wconf 87' lang='lat' dir='ltr'><strong>Breve,</strong></span> <span class='ocrx_word' id='word_1_273' title='bbox 1587 551 1650 584; x_wconf 88' lang='lat' dir='ltr'><strong>quo</strong></span> <span class='ocrx_word' id='word_1_274' title='bbox 1675 536 1937 573; x_wconf 81' lang='lat' dir='ltr'><strong>confirmaremus</strong></span> 
     </span>
     <span class='ocr_line' id='line_1_57' title="bbox 1197 593 1937 639; baseline -0.004 -12"><span class='ocrx_word' id='word_1_275' title='bbox 1197 600 1226 627; x_wconf 91' lang='lat' dir='ltr'><strong>et</strong></span> <span class='ocrx_word' id='word_1_276' title='bbox 1234 595 1487 639; x_wconf 85' lang='lat' dir='ltr'><strong>approbaremus</strong></span> <span class='ocrx_word' id='word_1_277' title='bbox 1496 594 1611 627; x_wconf 89' lang='lat' dir='ltr'><strong>dictam</strong></span> <span class='ocrx_word' id='word_1_278' title='bbox 1622 593 1835 633; x_wconf 87' lang='lat' dir='ltr'><strong>concordiam,</strong></span> <span class='ocrx_word' id='word_1_279' title='bbox 1842 602 1937 635; x_wconf 86' lang='lat' dir='ltr'><strong>quam</strong></span> 
     </span>
     <span class='ocr_line' id='line_1_58' title="bbox 1198 644 1934 691; baseline -0.005 -11"><span class='ocrx_word' id='word_1_280' title='bbox 1198 653 1361 680; x_wconf 86' lang='lat' dir='ltr'><strong>teneantur</strong></span> <span class='ocrx_word' id='word_1_281' title='bbox 1385 647 1560 691; x_wconf 85' lang='lat' dir='ltr'><strong>adimplere</strong></span> <span class='ocrx_word' id='word_1_282' title='bbox 1577 656 1686 679; x_wconf 86' lang='lat' dir='ltr'><strong>omnes</strong></span> <span class='ocrx_word' id='word_1_283' title='bbox 1710 645 1860 678; x_wconf 88' lang='lat' dir='ltr'><strong>ccclesiae</strong></span> <span class='ocrx_word' id='word_1_284' title='bbox 1884 644 1934 677; x_wconf 93' lang='lat' dir='ltr'><strong>di-</strong></span> 
     </span>
     <span class='ocr_line' id='line_1_59' title="bbox 1197 699 1938 743; baseline -0.005 -10"><span class='ocrx_word' id='word_1_285' title='bbox 1197 706 1320 733; x_wconf 86' lang='lat' dir='ltr'><strong>ctorum</strong></span> <span class='ocrx_word' id='word_1_286' title='bbox 1345 711 1527 743; x_wconf 88' lang='lat' dir='ltr'><strong>regnorum,</strong></span> <span class='ocrx_word' id='word_1_287' title='bbox 1549 704 1611 734; x_wconf 90' lang='lat' dir='ltr'><strong>tam</strong></span> <span class='ocrx_word' id='word_1_288' title='bbox 1629 699 1700 731; x_wconf 92' lang='lat' dir='ltr'><strong>illae</strong></span> <span class='ocrx_word' id='word_1_289' title='bbox 1716 709 1850 742; x_wconf 87' lang='lat' dir='ltr'><strong>quarum</strong></span> <span class='ocrx_word' id='word_1_290' title='bbox 1866 708 1938 741; x_wconf 86' lang='lat' dir='ltr'><strong>pro-</strong></span> 
     </span>
     <span class='ocr_line' id='line_1_60' title="bbox 1197 751 1936 796; baseline -0.005 -10"><span class='ocrx_word' id='word_1_291' title='bbox 1197 759 1357 786; x_wconf 87' lang='lat' dir='ltr'><strong>curatores</strong></span> <span class='ocrx_word' id='word_1_292' title='bbox 1391 753 1433 786; x_wconf 91' lang='lat' dir='ltr'><strong>ibi</strong></span> <span class='ocrx_word' id='word_1_293' title='bbox 1468 753 1617 795; x_wconf 86' lang='lat' dir='ltr'><strong>aderant,</strong></span> <span class='ocrx_word' id='word_1_294' title='bbox 1654 762 1734 796; x_wconf 90' lang='lat' dir='ltr'><strong>quae</strong></span> <span class='ocrx_word' id='word_1_295' title='bbox 1769 751 1936 784; x_wconf 82' lang='lat' dir='ltr'><strong>maximam</strong></span> 
     </span>
     <span class='ocr_line' id='line_1_61' title="bbox 1196 806 1939 850; baseline -0.001 -12"><span class='ocrx_word' id='word_1_296' title='bbox 1196 812 1317 850; x_wconf 86' lang='lat' dir='ltr'><strong>partem</strong></span> <span class='ocrx_word' id='word_1_297' title='bbox 1332 806 1535 847; x_wconf 85' lang='lat' dir='ltr'><strong>constituunt,</strong></span> <span class='ocrx_word' id='word_1_298' title='bbox 1555 816 1649 850; x_wconf 90' lang='lat' dir='ltr'><strong>quam</strong></span> <span class='ocrx_word' id='word_1_299' title='bbox 1671 806 1741 838; x_wconf 90' lang='lat' dir='ltr'><strong>illae</strong></span> <span class='ocrx_word' id='word_1_300' title='bbox 1765 815 1845 849; x_wconf 90' lang='lat' dir='ltr'><strong>quae</strong></span> <span class='ocrx_word' id='word_1_301' title='bbox 1868 815 1939 848; x_wconf 90' lang='lat' dir='ltr'><strong>pro-</strong></span> 
     </span>
     <span class='ocr_line' id='line_1_62' title="bbox 1197 858 1938 902; baseline -0.001 -11"><span class='ocrx_word' id='word_1_302' title='bbox 1197 863 1359 891; x_wconf 86' lang='lat' dir='ltr'><strong>curatores</strong></span> <span class='ocrx_word' id='word_1_303' title='bbox 1384 868 1447 891; x_wconf 92' lang='lat' dir='ltr'><strong>non</strong></span> <span class='ocrx_word' id='word_1_304' title='bbox 1466 859 1639 901; x_wconf 87' lang='lat' dir='ltr'><strong>habebant,</strong></span> <span class='ocrx_word' id='word_1_305' title='bbox 1665 858 1690 891; x_wconf 92' lang='lat' dir='ltr'><strong>si</strong></span> <span class='ocrx_word' id='word_1_306' title='bbox 1715 868 1795 902; x_wconf 87' lang='lat' dir='ltr'><strong>quae</strong></span> <span class='ocrx_word' id='word_1_307' title='bbox 1819 867 1882 891; x_wconf 91' lang='lat' dir='ltr'><strong>non</strong></span> <span class='ocrx_word' id='word_1_308' title='bbox 1906 867 1938 890; x_wconf 89' lang='lat' dir='ltr'><strong>se</strong></span> 
     </span>
     <span class='ocr_line' id='line_1_63' title="bbox 1198 911 1473 955; baseline 0.004 -12"><span class='ocrx_word' id='word_1_309' title='bbox 1198 911 1453 955; x_wconf 86' lang='lat' dir='ltr'><strong>subscripserunt</strong></span> <span class='ocrx_word' id='word_1_310' title='bbox 1467 922 1473 944; x_wconf 66' lang='grc' dir='ltr'><strong><em>ς</em></strong></span> 
     </span>
    </p>

    <p class='ocr_par' dir='ltr' id='par_1_12' title="bbox 1197 963 1940 2060">
     <span class='ocr_line' id='line_1_64' title="bbox 1242 963 1939 1008; baseline 0 -12"><span class='ocrx_word' id='word_1_311' title='bbox 1242 964 1372 1005; x_wconf 82' lang='lat' dir='ltr'><strong>Rursus,</strong></span> <span class='ocrx_word' id='word_1_312' title='bbox 1390 964 1474 1008; x_wconf 90' lang='lat' dir='ltr'><strong>quod</strong></span> <span class='ocrx_word' id='word_1_313' title='bbox 1491 964 1610 997; x_wconf 87' lang='lat' dir='ltr'><strong>iudices</strong></span> <span class='ocrx_word' id='word_1_314' title='bbox 1631 963 1841 998; x_wconf 87' lang='lat' dir='ltr'><strong>commissarii</strong></span> <span class='ocrx_word' id='word_1_315' title='bbox 1865 974 1939 1008; x_wconf 90' lang='lat' dir='ltr'><strong>apo-</strong></span> 
     </span>
     <span class='ocr_line' id='line_1_65' title="bbox 1197 1017 1939 1061; baseline 0 -12"><span class='ocrx_word' id='word_1_316' title='bbox 1197 1017 1298 1050; x_wconf 88' lang='lat' dir='ltr'><strong>stolici</strong></span> <span class='ocrx_word' id='word_1_317' title='bbox 1324 1022 1533 1061; x_wconf 85' lang='lat' dir='ltr'><strong>exequutores</strong></span> <span class='ocrx_word' id='word_1_318' title='bbox 1558 1018 1721 1061; x_wconf 83' lang='lat' dir='ltr'><strong>generales</strong></span> <span class='ocrx_word' id='word_1_319' title='bbox 1745 1017 1846 1050; x_wconf 90' lang='lat' dir='ltr'><strong>dictae</strong></span> <span class='ocrx_word' id='word_1_320' title='bbox 1866 1027 1939 1050; x_wconf 88' lang='lat' dir='ltr'><strong>con-</strong></span> 
     </span>
     <span class='ocr_line' id='line_1_66' title="bbox 1197 1069 1939 1114; baseline -0.003 -11"><span class='ocrx_word' id='word_1_321' title='bbox 1197 1070 1348 1103; x_wconf 84' lang='lat' dir='ltr'><strong>cessionis</strong></span> <span class='ocrx_word' id='word_1_322' title='bbox 1381 1075 1412 1102; x_wconf 85' lang='lat' dir='ltr'><strong>et</strong></span> <span class='ocrx_word' id='word_1_323' title='bbox 1442 1070 1678 1114; x_wconf 87' lang='lat' dir='ltr'><strong>prorogationis</strong></span> <span class='ocrx_word' id='word_1_324' title='bbox 1706 1069 1779 1102; x_wconf 90' lang='lat' dir='ltr'><strong>dent</strong></span> <span class='ocrx_word' id='word_1_325' title='bbox 1804 1074 1834 1102; x_wconf 90' lang='lat' dir='ltr'><strong>et</strong></span> <span class='ocrx_word' id='word_1_326' title='bbox 1863 1069 1939 1102; x_wconf 86' lang='lat' dir='ltr'><strong>dare</strong></span> 
     </span>
     <span class='ocr_line' id='line_1_67' title="bbox 1197 1122 1940 1167; baseline -0.001 -12"><span class='ocrx_word' id='word_1_327' title='bbox 1197 1123 1330 1157; x_wconf 86' lang='lat' dir='ltr'><strong>debeant</strong></span> <span class='ocrx_word' id='word_1_328' title='bbox 1346 1123 1543 1167; x_wconf 88' lang='lat' dir='ltr'><strong>provisiones</strong></span> <span class='ocrx_word' id='word_1_329' title='bbox 1559 1128 1590 1156; x_wconf 89' lang='lat' dir='ltr'><strong>et</strong></span> <span class='ocrx_word' id='word_1_330' title='bbox 1607 1123 1879 1166; x_wconf 84' lang='lat' dir='ltr'><strong>subdelegationes</strong></span> <span class='ocrx_word' id='word_1_331' title='bbox 1895 1122 1940 1154; x_wconf 89' lang='lat' dir='ltr'><strong>iu-</strong></span> 
     </span>
     <span class='ocr_line' id='line_1_68' title="bbox 1197 1175 1939 1220; baseline -0.001 -12"><span class='ocrx_word' id='word_1_332' title='bbox 1197 1175 1301 1208; x_wconf 88' lang='lat' dir='ltr'><strong>dicum</strong></span> <span class='ocrx_word' id='word_1_333' title='bbox 1319 1176 1604 1218; x_wconf 83' lang='lat' dir='ltr'><strong>subdelegatorum,</strong></span> <span class='ocrx_word' id='word_1_334' title='bbox 1622 1181 1652 1209; x_wconf 89' lang='lat' dir='ltr'><strong>et</strong></span> <span class='ocrx_word' id='word_1_335' title='bbox 1668 1176 1752 1220; x_wconf 90' lang='lat' dir='ltr'><strong>quod</strong></span> <span class='ocrx_word' id='word_1_336' title='bbox 1776 1175 1850 1208; x_wconf 88' lang='lat' dir='ltr'><strong>dicti</strong></span> <span class='ocrx_word' id='word_1_337' title='bbox 1866 1175 1939 1207; x_wconf 83' lang='lat' dir='ltr'><strong>sul)-</strong></span> 
     </span>
     <span class='ocr_line' id='line_1_69' title="bbox 1197 1228 1940 1272; baseline 0 -12"><span class='ocrx_word' id='word_1_338' title='bbox 1197 1228 1330 1272; x_wconf 87' lang='lat' dir='ltr'><strong>delegati</strong></span> <span class='ocrx_word' id='word_1_339' title='bbox 1355 1228 1416 1261; x_wconf 89' lang='lat' dir='ltr'><strong>sint</strong></span> <span class='ocrx_word' id='word_1_340' title='bbox 1439 1228 1477 1261; x_wconf 90' lang='lat' dir='ltr'><strong>de</strong></span> <span class='ocrx_word' id='word_1_341' title='bbox 1497 1228 1655 1272; x_wconf 88' lang='lat' dir='ltr'><strong>capitulis,</strong></span> <span class='ocrx_word' id='word_1_342' title='bbox 1680 1228 1884 1271; x_wconf 86' lang='lat' dir='ltr'><strong>dignitatibus</strong></span> <span class='ocrx_word' id='word_1_343' title='bbox 1909 1232 1940 1261; x_wconf 90' lang='lat' dir='ltr'><strong>et</strong></span> 
     </span>
     <span class='ocr_line' id='line_1_70' title="bbox 1197 1281 1938 1325; baseline -0.001 -11"><span class='ocrx_word' id='word_1_344' title='bbox 1197 1281 1365 1322; x_wconf 90' lang='lat' dir='ltr'><strong>canonicis,</strong></span> <span class='ocrx_word' id='word_1_345' title='bbox 1383 1286 1413 1314; x_wconf 91' lang='lat' dir='ltr'><strong>et</strong></span> <span class='ocrx_word' id='word_1_346' title='bbox 1436 1291 1499 1315; x_wconf 89' lang='lat' dir='ltr'><strong>non</strong></span> <span class='ocrx_word' id='word_1_347' title='bbox 1524 1281 1595 1323; x_wconf 90' lang='lat' dir='ltr'><strong>alii,</strong></span> <span class='ocrx_word' id='word_1_348' title='bbox 1623 1286 1657 1315; x_wconf 89' lang='lat' dir='ltr'><strong>ut</strong></span> <span class='ocrx_word' id='word_1_349' title='bbox 1681 1281 1780 1314; x_wconf 88' lang='lat' dir='ltr'><strong>moris</strong></span> <span class='ocrx_word' id='word_1_350' title='bbox 1804 1286 1851 1314; x_wconf 87' lang='lat' dir='ltr'><strong>est</strong></span> <span class='ocrx_word' id='word_1_351' title='bbox 1880 1291 1938 1325; x_wconf 91' lang='lat' dir='ltr'><strong>pro</strong></span> 
     </span>
     <span class='ocr_line' id='line_1_71' title="bbox 1197 1334 1939 1379; baseline 0 -13"><span class='ocrx_word' id='word_1_352' title='bbox 1197 1334 1280 1367; x_wconf 82' lang='lat' dir='ltr'><strong>dicta</strong></span> <span class='ocrx_word' id='word_1_353' title='bbox 1306 1335 1557 1379; x_wconf 84' lang='lat' dir='ltr'><strong>recuperatione;</strong></span> <span class='ocrx_word' id='word_1_354' title='bbox 1577 1340 1608 1368; x_wconf 89' lang='lat' dir='ltr'><strong>et</strong></span> <span class='ocrx_word' id='word_1_355' title='bbox 1624 1334 1747 1378; x_wconf 90' lang='lat' dir='ltr'><strong>quoties</strong></span> <span class='ocrx_word' id='word_1_356' title='bbox 1765 1334 1803 1367; x_wconf 90' lang='lat' dir='ltr'><strong>ad</strong></span> <span class='ocrx_word' id='word_1_357' title='bbox 1821 1334 1939 1368; x_wconf 89' lang='lat' dir='ltr'><strong>dictum</strong></span> 
     </span>
     <span class='ocr_line' id='line_1_72' title="bbox 1197 1387 1936 1432; baseline 0 -12"><span class='ocrx_word' id='word_1_358' title='bbox 1197 1387 1448 1420; x_wconf 83' lang='lat' dir='ltr'><strong>commissarium</strong></span> <span class='ocrx_word' id='word_1_359' title='bbox 1474 1388 1655 1431; x_wconf 86' lang='lat' dir='ltr'><strong>generalem</strong></span> <span class='ocrx_word' id='word_1_360' title='bbox 1680 1387 1776 1420; x_wconf 87' lang='lat' dir='ltr'><strong>suerit</strong></span> <span class='ocrx_word' id='word_1_361' title='bbox 1794 1387 1936 1432; x_wconf 88' lang='lat' dir='ltr'><strong>appella-</strong></span> 
     </span>
     <span class='ocr_line' id='line_1_73' title="bbox 1197 1440 1939 1485; baseline 0 -12"><span class='ocrx_word' id='word_1_362' title='bbox 1197 1445 1262 1473; x_wconf 89' lang='lat' dir='ltr'><strong>tum</strong></span> <span class='ocrx_word' id='word_1_363' title='bbox 1301 1451 1357 1484; x_wconf 90' lang='lat' dir='ltr'><strong>per</strong></span> <span class='ocrx_word' id='word_1_364' title='bbox 1389 1441 1470 1473; x_wconf 90' lang='lat' dir='ltr'><strong>viam</strong></span> <span class='ocrx_word' id='word_1_365' title='bbox 1506 1441 1696 1484; x_wconf 84' lang='lat' dir='ltr'><strong>gravaminis</strong></span> <span class='ocrx_word' id='word_1_366' title='bbox 1733 1451 1796 1485; x_wconf 86' lang='lat' dir='ltr'><strong>quo</strong></span> <span class='ocrx_word' id='word_1_367' title='bbox 1826 1440 1939 1484; x_wconf 88' lang='lat' dir='ltr'><strong>aliquis</strong></span> 
     </span>
     <span class='ocr_line' id='line_1_74' title="bbox 1198 1493 1939 1538; baseline 0 -12"><span class='ocrx_word' id='word_1_368' title='bbox 1198 1504 1230 1527; x_wconf 89' lang='lat' dir='ltr'><strong>se</strong></span> <span class='ocrx_word' id='word_1_369' title='bbox 1254 1494 1374 1526; x_wconf 88' lang='lat' dir='ltr'><strong>laesum</strong></span> <span class='ocrx_word' id='word_1_370' title='bbox 1394 1494 1577 1538; x_wconf 88' lang='lat' dir='ltr'><strong>praetendat</strong></span> <span class='ocrx_word' id='word_1_371' title='bbox 1592 1504 1628 1527; x_wconf 89' lang='lat' dir='ltr'><strong>ex</strong></span> <span class='ocrx_word' id='word_1_372' title='bbox 1643 1494 1725 1527; x_wconf 76' lang='lat' dir='ltr'><strong>dieta</strong></span> <span class='ocrx_word' id='word_1_373' title='bbox 1741 1493 1893 1527; x_wconf 90' lang='lat' dir='ltr'><strong>divisione</strong></span> <span class='ocrx_word' id='word_1_374' title='bbox 1909 1499 1939 1526; x_wconf 88' lang='lat' dir='ltr'><strong>et</strong></span> 
     </span>
     <span class='ocr_line' id='line_1_75' title="bbox 1197 1546 1940 1591; baseline -0.001 -11"><span class='ocrx_word' id='word_1_375' title='bbox 1197 1547 1411 1591; x_wconf 84' lang='lat' dir='ltr'><strong>repartitione,</strong></span> <span class='ocrx_word' id='word_1_376' title='bbox 1437 1547 1462 1580; x_wconf 89' lang='lat' dir='ltr'><strong>si</strong></span> <span class='ocrx_word' id='word_1_377' title='bbox 1486 1547 1622 1591; x_wconf 87' lang='lat' dir='ltr'><strong>desuper</strong></span> <span class='ocrx_word' id='word_1_378' title='bbox 1639 1546 1755 1590; x_wconf 89' lang='lat' dir='ltr'><strong>aliquid</strong></span> <span class='ocrx_word' id='word_1_379' title='bbox 1780 1546 1940 1580; x_wconf 89' lang='lat' dir='ltr'><strong>ordinave-</strong></span> 
     </span>
     <span class='ocr_line' id='line_1_76' title="bbox 1197 1600 1939 1644; baseline 0.001 -12"><span class='ocrx_word' id='word_1_380' title='bbox 1197 1600 1254 1641; x_wconf 86' lang='lat' dir='ltr'><strong>rit,</strong></span> <span class='ocrx_word' id='word_1_381' title='bbox 1274 1600 1480 1633; x_wconf 88' lang='lat' dir='ltr'><strong>nihilominus</strong></span> <span class='ocrx_word' id='word_1_382' title='bbox 1498 1600 1612 1633; x_wconf 89' lang='lat' dir='ltr'><strong>iterum</strong></span> <span class='ocrx_word' id='word_1_383' title='bbox 1629 1610 1692 1634; x_wconf 90' lang='lat' dir='ltr'><strong>non</strong></span> <span class='ocrx_word' id='word_1_384' title='bbox 1709 1600 1879 1644; x_wconf 88' lang='lat' dir='ltr'><strong>suspendet</strong></span> <span class='ocrx_word' id='word_1_385' title='bbox 1893 1610 1939 1633; x_wconf 91' lang='lat' dir='ltr'><strong>so-</strong></span> 
     </span>
     <span class='ocr_line' id='line_1_77' title="bbox 1197 1652 1937 1697; baseline 0 -11"><span class='ocrx_word' id='word_1_386' title='bbox 1197 1654 1370 1696; x_wconf 87' lang='lat' dir='ltr'><strong>lutionem,</strong></span> <span class='ocrx_word' id='word_1_387' title='bbox 1396 1664 1498 1697; x_wconf 89' lang='lat' dir='ltr'><strong>neque</strong></span> <span class='ocrx_word' id='word_1_388' title='bbox 1526 1653 1676 1697; x_wconf 86' lang='lat' dir='ltr'><strong>impediet</strong></span> <span class='ocrx_word' id='word_1_389' title='bbox 1700 1653 1908 1696; x_wconf 86' lang='lat' dir='ltr'><strong>subdelegans</strong></span> <span class='ocrx_word' id='word_1_390' title='bbox 1918 1652 1937 1695; x_wconf 89' lang='lat'><strong>¹,</strong></span> 
     </span>
     <span class='ocr_line' id='line_1_78' title="bbox 1197 1706 1940 1751; baseline 0 -12"><span class='ocrx_word' id='word_1_391' title='bbox 1197 1707 1437 1751; x_wconf 80' lang='lat' dir='ltr'><strong>exequutionem</strong></span> <span class='ocrx_word' id='word_1_392' title='bbox 1456 1707 1626 1740; x_wconf 85' lang='lat' dir='ltr'><strong>exactionis</strong></span> <span class='ocrx_word' id='word_1_393' title='bbox 1643 1712 1673 1740; x_wconf 87' lang='lat' dir='ltr'><strong>et</strong></span> <span class='ocrx_word' id='word_1_394' title='bbox 1689 1707 1825 1750; x_wconf 88' lang='lat' dir='ltr'><strong>desuper</strong></span> <span class='ocrx_word' id='word_1_395' title='bbox 1841 1706 1940 1740; x_wconf 90' lang='lat' dir='ltr'><strong>omni-</strong></span> 
     </span>
     <span class='ocr_line' id='line_1_79' title="bbox 1197 1760 1940 1804; baseline 0 -11"><span class='ocrx_word' id='word_1_396' title='bbox 1197 1761 1257 1794; x_wconf 89' lang='lat' dir='ltr'><strong>bus</strong></span> <span class='ocrx_word' id='word_1_397' title='bbox 1281 1760 1432 1793; x_wconf 89' lang='lat' dir='ltr'><strong>iustitiam</strong></span> <span class='ocrx_word' id='word_1_398' title='bbox 1451 1761 1686 1794; x_wconf 87' lang='lat' dir='ltr'><strong>administrent:</strong></span> <span class='ocrx_word' id='word_1_399' title='bbox 1704 1765 1735 1794; x_wconf 90' lang='lat' dir='ltr'><strong>et</strong></span> <span class='ocrx_word' id='word_1_400' title='bbox 1751 1761 1826 1794; x_wconf 76' lang='lat' dir='ltr'><strong>alias</strong></span> <span class='ocrx_word' id='word_1_401' title='bbox 1845 1765 1940 1804; x_wconf 87' lang='lat' dir='ltr'><strong>prout</strong></span> 
     </span>
     <span class='ocr_line' id='line_1_80' title="bbox 1198 1813 1938 1858; baseline -0.001 -12"><span class='ocrx_word' id='word_1_402' title='bbox 1198 1814 1229 1846; x_wconf 91' lang='lat' dir='ltr'><strong>in</strong></span> <span class='ocrx_word' id='word_1_403' title='bbox 1252 1813 1379 1858; x_wconf 89' lang='lat' dir='ltr'><strong>publico</strong></span> <span class='ocrx_word' id='word_1_404' title='bbox 1404 1813 1539 1857; x_wconf 90' lang='lat' dir='ltr'><strong>desuper</strong></span> <span class='ocrx_word' id='word_1_405' title='bbox 1563 1824 1580 1846; x_wconf 88' lang='lat' dir='ltr'><strong>a</strong></span> <span class='ocrx_word' id='word_1_406' title='bbox 1605 1813 1719 1847; x_wconf 87' lang='lat' dir='ltr'><strong>dilecto</strong></span> <span class='ocrx_word' id='word_1_407' title='bbox 1744 1813 1810 1846; x_wconf 83' lang='lat' dir='ltr'><strong>filio</strong></span> <span class='ocrx_word' id='word_1_408' title='bbox 1823 1814 1938 1846; x_wconf 84' lang='lat' dir='ltr'><strong>Ioanne</strong></span> 
     </span>
     <span class='ocr_line' id='line_1_81' title="bbox 1197 1866 1940 1910; baseline 0.001 -11"><span class='ocrx_word' id='word_1_409' title='bbox 1197 1866 1235 1899; x_wconf 90' lang='lat' dir='ltr'><strong>de</strong></span> <span class='ocrx_word' id='word_1_410' title='bbox 1258 1867 1416 1908; x_wconf 88' lang='lat' dir='ltr'><strong>Talavera,</strong></span> <span class='ocrx_word' id='word_1_411' title='bbox 1441 1867 1544 1900; x_wconf 88' lang='lat' dir='ltr'><strong>scriba</strong></span> <span class='ocrx_word' id='word_1_412' title='bbox 1568 1867 1657 1910; x_wconf 89' lang='lat' dir='ltr'><strong>regio</strong></span> <span class='ocrx_word' id='word_1_413' title='bbox 1681 1871 1711 1899; x_wconf 88' lang='lat' dir='ltr'><strong>et</strong></span> <span class='ocrx_word' id='word_1_414' title='bbox 1734 1866 1860 1910; x_wconf 87' lang='lat' dir='ltr'><strong>publico</strong></span> <span class='ocrx_word' id='word_1_415' title='bbox 1884 1876 1940 1900; x_wconf 94' lang='lat' dir='ltr'><strong>no-</strong></span> 
     </span>
     <span class='ocr_line' id='line_1_82' title="bbox 1197 1919 1940 1964; baseline 0 -11"><span class='ocrx_word' id='word_1_416' title='bbox 1197 1919 1287 1963; x_wconf 89' lang='lat' dir='ltr'><strong>tario,</strong></span> <span class='ocrx_word' id='word_1_417' title='bbox 1312 1920 1370 1953; x_wconf 87' lang='lat' dir='ltr'><strong>sub</strong></span> <span class='ocrx_word' id='word_1_418' title='bbox 1395 1920 1444 1953; x_wconf 90' lang='lat' dir='ltr'><strong>die</strong></span> <span class='ocrx_word' id='word_1_419' title='bbox 1460 1930 1531 1953; x_wconf 82' lang='lat' dir='ltr'><strong>xxn</strong></span> <span class='ocrx_word' id='word_1_420' title='bbox 1552 1920 1668 1953; x_wconf 84' lang='lat' dir='ltr'><strong>mensis</strong></span> <span class='ocrx_word' id='word_1_421' title='bbox 1685 1920 1763 1953; x_wconf 88' lang='lat' dir='ltr'><strong>iunii</strong></span> <span class='ocrx_word' id='word_1_422' title='bbox 1780 1919 1853 1952; x_wconf 89' lang='lat' dir='ltr'><strong>anni</strong></span> <span class='ocrx_word' id='word_1_423' title='bbox 1869 1930 1940 1964; x_wconf 90' lang='lat' dir='ltr'><strong>pro-</strong></span> 
     </span>
     <span class='ocr_line' id='line_1_83' title="bbox 1198 1973 1940 2018; baseline 0 -12"><span class='ocrx_word' id='word_1_424' title='bbox 1198 1973 1281 2007; x_wconf 88' lang='lat' dir='ltr'><strong>xime</strong></span> <span class='ocrx_word' id='word_1_425' title='bbox 1304 1973 1467 2017; x_wconf 88' lang='lat' dir='ltr'><strong>praeteriti</strong></span> <span class='ocrx_word' id='word_1_426' title='bbox 1492 1974 1633 2007; x_wconf 87' lang='lat' dir='ltr'><strong>confecto</strong></span> <span class='ocrx_word' id='word_1_427' title='bbox 1651 1973 1861 2007; x_wconf 89' lang='lat' dir='ltr'><strong>instrumento</strong></span> <span class='ocrx_word' id='word_1_428' title='bbox 1877 1973 1940 2018; x_wconf 90' lang='lat' dir='ltr'><strong>ple-</strong></span> 
     </span>
     <span class='ocr_line' id='line_1_84' title="bbox 1197 2027 1597 2060; baseline 0 0"><span class='ocrx_word' id='word_1_429' title='bbox 1197 2027 1268 2060; x_wconf 90' lang='lat' dir='ltr'><strong>nius</strong></span> <span class='ocrx_word' id='word_1_430' title='bbox 1292 2027 1408 2060; x_wconf 88' lang='lat' dir='ltr'><strong>dicitur</strong></span> <span class='ocrx_word' id='word_1_431' title='bbox 1432 2027 1597 2060; x_wconf 85' lang='lat' dir='ltr'><strong>contineri.</strong></span> 
     </span>
    </p>

    <p class='ocr_par' dir='ltr' id='par_1_13' title="bbox 1197 2081 1940 2551">
     <span class='ocr_line' id='line_1_85' title="bbox 1242 2081 1939 2125; baseline 0 -12"><span class='ocrx_word' id='word_1_432' title='bbox 1242 2081 1256 2124; x_wconf 63' lang='grc' dir='ltr'><strong>ἓ</strong></span> <span class='ocrx_word' id='word_1_433' title='bbox 1270 2081 1298 2113; x_wconf 63' lang='grc' dir='ltr'><strong>Ξ.</strong></span> <span class='ocrx_word' id='word_1_434' title='bbox 1310 2081 1386 2114; x_wconf 91' lang='lat' dir='ltr'><strong>Cum</strong></span> <span class='ocrx_word' id='word_1_435' title='bbox 1401 2084 1505 2114; x_wconf 89' lang='lat' dir='ltr'><strong>autem</strong></span> <span class='ocrx_word' id='word_1_436' title='bbox 1523 2085 1586 2113; x_wconf 89' lang='lat' dir='ltr'><strong>tam</strong></span> <span class='ocrx_word' id='word_1_437' title='bbox 1601 2081 1762 2125; x_wconf 83' lang='lat' dir='ltr'><strong>Philippus</strong></span> <span class='ocrx_word' id='word_1_438' title='bbox 1775 2090 1830 2114; x_wconf 88' lang='lat' dir='ltr'><strong>rex</strong></span> <span class='ocrx_word' id='word_1_439' title='bbox 1845 2090 1939 2125; x_wconf 88' lang='lat' dir='ltr'><strong>quam</strong></span> 
     </span>
     <span class='ocr_line' id='line_1_86' title="bbox 1198 2127 1938 2177; baseline -0.001 -11"><span class='ocrx_word' id='word_1_440' title='bbox 1198 2127 1331 2177; x_wconf 84' lang='lat' dir='ltr'><strong>capitula</strong></span> <span class='ocrx_word' id='word_1_441' title='bbox 1349 2138 1379 2167; x_wconf 91' lang='lat' dir='ltr'><strong>et</strong></span> <span class='ocrx_word' id='word_1_442' title='bbox 1402 2138 1499 2166; x_wconf 87' lang='lat' dir='ltr'><strong>status</strong></span> <span class='ocrx_word' id='word_1_443' title='bbox 1517 2133 1746 2166; x_wconf 85' lang='lat' dir='ltr'><strong>ecclesiasticus</strong></span> <span class='ocrx_word' id='word_1_444' title='bbox 1766 2143 1938 2176; x_wconf 87' lang='lat' dir='ltr'><strong>regnorum</strong></span> 
     </span>
     <span class='ocr_line' id='line_1_87' title="bbox 1197 2186 1939 2230; baseline -0.003 -10"><span class='ocrx_word' id='word_1_445' title='bbox 1197 2187 1347 2220; x_wconf 87' lang='lat' dir='ltr'><strong>Castellae</strong></span> <span class='ocrx_word' id='word_1_446' title='bbox 1372 2192 1402 2220; x_wconf 90' lang='lat' dir='ltr'><strong>ct</strong></span> <span class='ocrx_word' id='word_1_447' title='bbox 1425 2187 1570 2230; x_wconf 87' lang='lat' dir='ltr'><strong>Legionis</strong></span> <span class='ocrx_word' id='word_1_448' title='bbox 1600 2186 1781 2220; x_wconf 87' lang='lat' dir='ltr'><strong>huiusmodi</strong></span> <span class='ocrx_word' id='word_1_449' title='bbox 1813 2187 1939 2230; x_wconf 86' lang='lat' dir='ltr'><strong>cupiant</strong></span> 
     </span>
     <span class='ocr_line' id='line_1_88' title="bbox 1198 2239 1939 2284; baseline -0.001 -11"><span class='ocrx_word' id='word_1_450' title='bbox 1198 2240 1399 2273; x_wconf 87' lang='lat' dir='ltr'><strong>concordiam</strong></span> <span class='ocrx_word' id='word_1_451' title='bbox 1423 2240 1615 2284; x_wconf 86' lang='lat' dir='ltr'><strong>praedictam</strong></span> <span class='ocrx_word' id='word_1_452' title='bbox 1641 2251 1700 2284; x_wconf 90' lang='lat' dir='ltr'><strong>pro</strong></span> <span class='ocrx_word' id='word_1_453' title='bbox 1722 2239 1805 2272; x_wconf 89' lang='lat' dir='ltr'><strong>illius</strong></span> <span class='ocrx_word' id='word_1_454' title='bbox 1827 2239 1939 2272; x_wconf 90' lang='lat' dir='ltr'><strong>maiori</strong></span> 
     </span>
     <span class='ocr_line' id='line_1_89' title="bbox 1198 2292 1940 2336; baseline -0.001 -11"><span class='ocrx_word' id='word_1_455' title='bbox 1198 2293 1355 2325; x_wconf 87' lang='lat' dir='ltr'><strong>validitate</strong></span> <span class='ocrx_word' id='word_1_456' title='bbox 1364 2292 1552 2336; x_wconf 89' lang='lat' dir='ltr'><strong>apostolicae</strong></span> <span class='ocrx_word' id='word_1_457' title='bbox 1562 2292 1810 2326; x_wconf 79' lang='lat' dir='ltr'><strong>confirmationis</strong></span> <span class='ocrx_word' id='word_1_458' title='bbox 1824 2292 1940 2325; x_wconf 88' lang='lat' dir='ltr'><strong>robore</strong></span> 
     </span>
     <span class='ocr_line' id='line_1_90' title="bbox 1198 2345 1940 2390; baseline -0.003 -10"><span class='ocrx_word' id='word_1_459' title='bbox 1198 2346 1396 2388; x_wconf 86' lang='lat' dir='ltr'><strong>communiri⁷</strong></span> <span class='ocrx_word' id='word_1_460' title='bbox 1411 2346 1502 2379; x_wconf 86' lang='lat' dir='ltr'><strong>nobis</strong></span> <span class='ocrx_word' id='word_1_461' title='bbox 1512 2351 1684 2390; x_wconf 88' lang='lat' dir='ltr'><strong>propterea</strong></span> <span class='ocrx_word' id='word_1_462' title='bbox 1693 2345 1856 2379; x_wconf 88' lang='lat' dir='ltr'><strong>humiliter</strong></span> <span class='ocrx_word' id='word_1_463' title='bbox 1868 2356 1940 2389; x_wconf 89' lang='lat' dir='ltr'><strong>sup-</strong></span> 
     </span>
     <span class='ocr_line' id='line_1_91' title="bbox 1198 2399 1939 2444; baseline -0.001 -11"><span class='ocrx_word' id='word_1_464' title='bbox 1198 2400 1308 2444; x_wconf 89' lang='lat' dir='ltr'><strong>plicari</strong></span> <span class='ocrx_word' id='word_1_465' title='bbox 1324 2400 1481 2440; x_wconf 84' lang='lat' dir='ltr'><strong>fecerunt,</strong></span> <span class='ocrx_word' id='word_1_466' title='bbox 1506 2405 1540 2433; x_wconf 91' lang='lat' dir='ltr'><strong>ut</strong></span> <span class='ocrx_word' id='word_1_467' title='bbox 1564 2400 1595 2432; x_wconf 92' lang='lat' dir='ltr'><strong>in</strong></span> <span class='ocrx_word' id='word_1_468' title='bbox 1619 2399 1801 2443; x_wconf 90' lang='lat' dir='ltr'><strong>praemissis</strong></span> <span class='ocrx_word' id='word_1_469' title='bbox 1822 2409 1939 2443; x_wconf 90' lang='lat' dir='ltr'><strong>oppor-</strong></span> 
     </span>
     <span class='ocr_line' id='line_1_92' title="bbox 1199 2453 1938 2498; baseline -0.001 -11"><span class='ocrx_word' id='word_1_470' title='bbox 1199 2459 1272 2487; x_wconf 88' lang='lat' dir='ltr'><strong>tune</strong></span> <span class='ocrx_word' id='word_1_471' title='bbox 1300 2453 1467 2498; x_wconf 84' lang='lat' dir='ltr'><strong>providere</strong></span> <span class='ocrx_word' id='word_1_472' title='bbox 1489 2453 1528 2487; x_wconf 89' lang='lat' dir='ltr'><strong>de</strong></span> <span class='ocrx_word' id='word_1_473' title='bbox 1549 2453 1743 2496; x_wconf 86' lang='lat' dir='ltr'><strong>benignitate</strong></span> <span class='ocrx_word' id='word_1_474' title='bbox 1766 2453 1938 2497; x_wconf 76' lang='lat' dir='ltr'><strong>apostolica</strong></span> 
     </span>
     <span class='ocr_line' id='line_1_93' title="bbox 1198 2507 1412 2551; baseline 0 -11"><span class='ocrx_word' id='word_1_475' title='bbox 1198 2507 1412 2551; x_wconf 83' lang='lat' dir='ltr'><strong>dignaremur.</strong></span> 
     </span>
    </p>

    <p class='ocr_par' dir='ltr' id='par_1_14' title="bbox 1196 2578 1938 2661">
     <span class='ocr_line' id='line_1_94' title="bbox 1233 2578 1938 2615; baseline 0.001 -9"><span class='ocrx_word' id='word_1_476' title='bbox 1233 2580 1245 2606; x_wconf 85' lang='lat'><strong>1</strong></span> <span class='ocrx_word' id='word_1_477' title='bbox 1265 2578 1368 2607; x_wconf 82' lang='lat' dir='ltr'><strong>Potius:</strong></span> <span class='ocrx_word' id='word_1_478' title='bbox 1386 2586 1478 2615; x_wconf 73' lang='lat' dir='ltr'><strong>neque</strong></span> <span class='ocrx_word' id='word_1_479' title='bbox 1493 2579 1630 2615; x_wconf 81' lang='lat' dir='ltr'><strong>impediet</strong></span> <span class='ocrx_word' id='word_1_480' title='bbox 1645 2579 1798 2615; x_wconf 76' lang='lat' dir='ltr'><strong>quominus</strong></span> <span class='ocrx_word' id='word_1_481' title='bbox 1810 2579 1938 2608; x_wconf 80' lang='lat' dir='ltr'><strong>subdele-</strong></span> 
     </span>
     <span class='ocr_line' id='line_1_95' title="bbox 1196 2623 1373 2661; baseline -0.006 -8"><span class='ocrx_word' id='word_1_482' title='bbox 1196 2625 1258 2661; x_wconf 77' lang='lat' dir='ltr'><strong>9ati</strong></span> <span class='ocrx_word' id='word_1_483' title='bbox 1273 2624 1308 2660; x_wconf 78' lang='lat' dir='ltr'><strong>(a.</strong></span> <span class='ocrx_word' id='word_1_484' title='bbox 1325 2623 1373 2660; x_wconf 86' lang='lat' dir='ltr'><strong>T.).</strong></span> 
     </span>
    </p>
   </div>
   <div class='ocr_carea' id='block_1_7' title="bbox 1951 225 2132 255">
    <p class='ocr_par' dir='ltr' id='par_1_15' title="bbox 1951 225 2132 255">
     <span class='ocr_line' id='line_1_96' title="bbox 1951 225 2132 255; baseline 0.017 -3"><span class='ocrx_word' id='word_1_485' title='bbox 1951 225 2001 253; x_wconf 72' lang='lat' dir='ltr'><strong>Aa.</strong></span> <span class='ocrx_word' id='word_1_486' title='bbox 2014 225 2042 253; x_wconf 87' lang='lat' dir='ltr'><strong>C.</strong></span> <span class='ocrx_word' id='word_1_487' title='bbox 2064 225 2132 255; x_wconf 78' lang='lat'>¹625</span> 
     </span>
    </p>
   </div>
   <div class='ocr_carea' id='block_1_8' title="bbox 1954 2087 2139 2161">
    <p class='ocr_par' dir='ltr' id='par_1_16' title="bbox 1954 2087 2139 2161">
     <span class='ocr_line' id='line_1_97' title="bbox 1981 2087 2139 2113; baseline 0.006 -6"><span class='ocrx_word' id='word_1_488' title='bbox 1981 2087 2024 2108; x_wconf 77' lang='lat' dir='ltr'><strong>Rex</strong></span> <span class='ocrx_word' id='word_1_489' title='bbox 2040 2089 2061 2108; x_wconf 83' lang='lat' dir='ltr'><strong>et</strong></span> <span class='ocrx_word' id='word_1_490' title='bbox 2079 2087 2139 2113; x_wconf 77' lang='lat' dir='ltr'><strong>capi·</strong></span> 
     </span>
     <span class='ocr_line' id='line_1_98' title="bbox 1955 2114 2138 2140; baseline 0.005 -6"><span class='ocrx_word' id='word_1_491' title='bbox 1955 2114 1997 2134; x_wconf 83' lang='lat' dir='ltr'><strong>tula</strong></span> <span class='ocrx_word' id='word_1_492' title='bbox 2008 2119 2053 2134; x_wconf 70' lang='lat' dir='ltr'><strong>eam</strong></span> <span class='ocrx_word' id='word_1_493' title='bbox 2065 2116 2138 2140; x_wconf 75' lang='lat' dir='ltr'><strong>petunt</strong></span> 
     </span>
     <span class='ocr_line' id='line_1_99' title="bbox 1954 2140 2079 2161; baseline 0 0"><span class='ocrx_word' id='word_1_494' title='bbox 1954 2140 2079 2161; x_wconf 78' lang='lat' dir='ltr'><strong>confirmari.</strong></span> 
     </span>
    </p>
   </div>
  </div>
 </body>
</html>
