2269 3235
220 268 267 295 An.
278 266 305 294 c.
331 267 397 294 nial
443 258 508 291 9613

250 1177 286 1197 Cui
306 1176 406 1197 mandato

223 1208 270 1232 cum
281 1209 320 1223 nou
332 1209 405 1228 parue-

223 1232 250 1249 rit
265 1235 387 1256 episcopus,

241 1419 328 1453 '‘ww“
341 1432 359 1451 '·
379 1418 409 1462 1¹1?
425 1442 603 1471 occurrere,
620 1436 649 1464 ct
673 1430 757 1473 quod
776 1430 876 1463 dictae
896 1428 1076 1461 inhibitioni
1094 1439 1165 1461 cum

284 1511 288 1518 .
315 1476 407 1516 nnn-³⁴⁸5*
425 1484 537 1517 effectu
555 1494 677 1528 parcas,
695 1488 872 1526 statumque
887 1487 916 1515 et
929 1482 1041 1515 merita
1054 1492 1165 1515 causae

265 1390 295 1419 M.
312 1390 334 1409 Ui
342 1390 408 1409 inlinis

417 316 530 360 stylum
556 315 712 348 Romanae
737 314 842 346 curiae
867 311 1028 356 expeditas
1045 315 1075 343 et
1092 321 1158 344 suc—

998 263 1173 287 nttLLAlilttM
1203 262 1352 284 tioiiANlttt

1235 310 1345 343 Datum
1359 309 1489 348 Romae,
1507 307 1587 352 apud
1612 307 1640 341 S.
1655 307 1792 348 Petrum,
1810 307 1867 341 sub
1880 317 1930 339 an-

418 369 535 401 cessivc
560 368 613 400 tibi
638 368 805 408 intimatas,
831 365 1015 398 auctoritate
1039 368 1159 407 aposto·
1191 364 1265 396 nulo
1279 361 1517 402 Piscatoris,(lie
1530 371 1572 394 xx
1586 360 1763 394 decembris
1779 370 1930 401 tnncxxw,

417 422 477 456 lica
503 427 533 455 ct
558 423 587 455 in
612 422 726 454 virtute
751 424 875 453 sanctae
899 418 1106 458 obedientiae,
1123 428 1159 451 ae

418 476 475 508 sub
500 475 593 508 certis
619 480 692 507 tunc
717 473 871 517 impositis
894 472 1014 516 poenis,
1037 471 1092 504 tibi
1116 472 1160 504 in-

418 529 554 561 iunxcrit
566 532 596 560 et
610 527 791 568 inhibuerit,
806 538 843 559 nc
858 526 889 559 in
903 527 997 559 causa
1011 530 1041 557 et
1057 525 1159 558 causis

419 581 499 614 inter
525 586 552 613 tc
576 584 606 614 et
629 580 760 613 dilectos
784 579 866 612 filios
899 578 1102 611 beneficiatos
1130 582 1160 610 et

420 633 600 666 universum
626 633 745 666 elerum
773 638 843 665 tuae
867 631 1001 665 civitatis
1025 634 1055 664 et
1078 630 1161 663 dioe-

420 686 508 726 cesis
525 687 563 719 de
583 692 613 719 et
637 697 731 730 super
755 685 915 719 nonnullis
943 684 1065 717 statutis
1089 694 1107 716 a
1130 688 1160 716 te

420 740 451 772 in
469 740 587 784 synodo
603 740 787 772 dioecesana
808 738 879 771 anni
898 747 1004 771 itincxx
1023 737 1161 780 promul-

421 793 500 835 gatis
524 793 587 826 sive
608 793 735 826 illorum
760 791 979 835 exequutione,
1000 800 1106 823 coram
1124 800 1161 822 eo

419 846 629 890 pendentibus
653 845 770 889 aliquid
801 845 987 885 innovares,
1012 843 1161 886 nulloque

420 899 645 943 impedimento
675 909 759 931 esses
784 897 842 941 ipsi
872 898 967 938 clero,
992 896 1162 939 quominus

421 956 602 992 conventus,
627 951 925 993 congregationesvc
945 949 1075 981 haberet
1100 952 1161 980 tam

420 1016 478 1049 pro
503 1005 646 1048 expensis
671 1004 716 1036 liti
742 1001 1037 1043 subministrandis,
1068 1011 1162 1044 quam

420 1069 479 1102 pro
503 1058 571 1091 aliis
594 1058 688 1090 rebus
719 1057 757 1090 ad
783 1066 909 1089 causam
934 1054 1163 1099 pertinentibus

421 1110 634 1144 deliberandis
653 1113 683 1144 et
701 1108 940 1143 constituendis:

466 1165 481 1207 ἓ
505 1164 533 1196 2.
552 1163 762 1197 Nihilominus
782 1167 815 1195 tu
839 1166 911 1206 post
935 1160 1163 1194 intimationem

422 1217 523 1250 dictae
537 1216 730 1249 inhibitionis
746 1216 799 1249 tibi
816 1216 929 1248 factam
946 1214 1114 1248 nonnullos
1128 1224 1164 1247 cx

422 1270 505 1304 dicto
530 1271 614 1303 clero
632 1281 667 1303 ac
684 1270 722 1302 ab
750 1280 786 1302 eo
804 1269 967 1312 deputatos
986 1268 1164 1310 camerasti,

424 1324 594 1368 poenisque
612 1329 641 1356 et
658 1323 764 1356 multis
781 1322 921 1355 affecisti.

469 1377 525 1420 §3
541 1377 709 1421 Propterea
725 1387 792 1418 nos,
807 1375 968 1419 cupientes
984 1374 1164 1419 praemissis

425 1542 455 1569 ct
471 1548 636 1570 causarum
662 1536 843 1569 huiusmodi
868 1535 1088 1579 praesentibus
1107 1546 1166 1578 pro

425 1591 617 1624 sufficienter
637 1590 791 1634 expressis
809 1594 839 1622 et
864 1589 989 1622 insertis
1005 1589 1166 1632 habentes,

425 1644 611 1678 fraternitati
628 1649 698 1676 tuae
716 1643 774 1675 sub
798 1642 1021 1685 indignationis
1041 1648 1166 1676 nostrae

426 1703 455 1729 et
479 1697 547 1729 aliis
571 1696 702 1729 arbitrio
726 1701 835 1729 nostro
856 1696 1032 1738 infligendis
1056 1696 1167 1740 poenis

426 1750 566 1783 districte
584 1749 807 1793 praecipiendo
824 1749 1019 1789 mandamus,
1033 1754 1066 1781 ut
1083 1760 1168 1792 prae-

428 1803 521 1836 missa
545 1803 649 1836 omnia
667 1808 696 1835 et
712 1803 834 1845 singula
850 1807 921 1846 post
937 1802 1165 1835 intimationem

428 1857 529 1890 dictae
553 1856 747 1889 inhibitionis
772 1863 858 1899 gesta
883 1867 1099 1900 quaecumque
1122 1867 1168 1889 re-

428 1921 529 1951 voces,
554 1915 584 1943 et
609 1910 728 1943 clerum
753 1910 950 1954 praedictum
975 1910 1007 1942 in
1036 1915 1166 1953 statum,

428 1965 460 1997 in
484 1975 546 2008 quo
571 1968 637 1997 erat
661 1968 804 2007 tempore
829 1963 929 1996 dictae
958 1963 1167 2006 inhibitionis,

428 2027 573 2061 reponas,
598 2027 633 2049 ac
657 2016 816 2057 defendas,
841 2015 1024 2060 reponique,
1049 2026 1084 2049 ac
1108 2016 1165 2049 de-

429 2070 511 2103 fendi
535 2069 640 2111 facias,
666 2070 876 2113 eumdemque
901 2070 1035 2111 clerum,
1061 2075 1113 2102 aut
1137 2070 1170 2103 il-

430 2124 489 2157 lius
503 2124 678 2167 singulares
693 2133 855 2168 personas‘,
873 2123 905 2156 in
922 2124 1170 2167 congregationi-

428 2179 496 2220 bus,
525 2177 816 2220 distributionibus,
846 2182 899 2210 aut
926 2178 995 2211 aliis
1023 2178 1061 2210 ad
1089 2179 1169 2212 hanc

429 2232 514 2265 litem
526 2231 755 2276 pertinentibus
768 2231 1006 2275 pertractandis,
1020 2231 1169 2265 faciendis

431 2291 459 2319 et
473 2285 661 2330 exequendis
674 2285 858 2329 (dummodo
872 2286 1016 2319 collectas
1030 2296 1046 2318 a
1061 2291 1170 2330 sponte

431 2340 630 2373 contribuere
655 2339 833 2373 volentibus
854 2339 1024 2382 dumtaxat,
1042 2351 1105 2374 non
1122 2351 1173 2373 au—

434 2400 491 2426 tem
513 2394 551 2426 ab
568 2393 681 2435 invitis,
707 2393 823 2437 exigat)
848 2394 934 2426 nullo
960 2394 1054 2427 modo
1078 2394 1173 2438 impe-

433 2448 505 2480 dias.
525 2452 553 2478 et
574 2447 599 2479 si
624 2458 702 2491 quos
727 2452 904 2481 carceratos
928 2447 1057 2490 detines,
1076 2458 1092 2481 a
1109 2459 1173 2481 car-

434 2502 556 2533 ‹·¹:=·il›ns
573 2501 703 2541 relaxes,
720 2500 912 2544 praemissis,
929 2511 965 2534 ae
982 2501 1174 2536 constitutio-

434 2555 525 2586 nibus
550 2559 579 2587 et
602 2555 850 2588 ordinationibus
874 2555 1069 2599 apostolicis,
1094 2556 1172 2600 stylo

435 2608 560 2652 palatii,
585 2609 758 2652 ceterisque
783 2609 949 2643 contrariis
974 2610 1175 2653 quibuscum-

435 2671 496 2704 que
519 2670 581 2694 non
599 2661 802 2694 obstantibus,

1192 416 1390 461 pontificatus
1407 414 1505 448 nostri
1525 424 1607 447 anno
1628 423 1659 447 11.

1228 479 1286 507 Dat.
1303 480 1347 507 die
1363 480 1397 507 20
1412 477 1565 506 decembris
1582 477 1660 510 1624,
1677 476 1774 512 pontis.
1791 484 1860 503 anno
1876 483 1904 504 n.

1526 592 1596 626 ClV.

1194 665 1318 699 Erectio
1350 663 1479 707 colleqii
1509 663 1729 696 Hibernorum
1755 663 1793 695 in
1816 662 1933 706 oppido

1239 717 1378 750 Lovam'i
1398 715 1642 749 Mecliliniensis
1662 714 1845 748 dioecesis'.

1402 787 1539 814 Urbanus
1559 786 1637 820 Papa
1656 786 1733 820 VIII,

1318 832 1354 859 ad
1375 835 1549 866 perpetuam
1568 832 1614 858 rei
1629 830 1810 858 memoriam.

1239 893 1273 927 10
1287 894 1549 937 supereminentis
1558 893 1646 927 Sedis
1656 893 1854 937 Apostolicae
1868 904 1934 937 spe-

1196 947 1289 987 cula,
1314 946 1435 979 meritis
1458 946 1531 979 licet
1555 946 1740 989 imparibus,
1765 957 1782 979 a
1802 947 1935 981 Domino

1197 999 1368 1040 constituti,
1386 1003 1416 1031 et
1439 999 1520 1031 intra
1544 999 1657 1032 mentis
1680 1004 1806 1032 nostrae
1823 1010 1936 1033 arcana

1197 1053 1404 1093 revolventes,
1418 1056 1570 1096 quantum
1584 1062 1620 1084 ex
1633 1052 1809 1086 litterarum
1827 1052 1937 1086 studiis

1197 1106 1351 1139 catholica
1384 1105 1461 1138 fides
1485 1110 1655 1148 augeatur,
1680 1104 1776 1137 divini
1801 1105 1938 1138 nominis

1198 1159 1300 1193 cultus
1324 1158 1540 1203 protendatur,
1558 1157 1672 1191 veritas
1695 1162 1894 1201 agnoscatur,
1909 1163 1939 1192 et

1198 1212 1315 1247 iustitia
1332 1212 1462 1253 colatur,
1476 1212 1514 1244 ad
1533 1222 1578 1252 ea,
1591 1222 1648 1256 per
1663 1221 1743 1255 quae
1761 1211 1938 1245 litterarum

1199 1266 1300 1300 studia
1312 1266 1493 1300 huiusmodi
1507 1265 1650 1308 ubilibet,
1663 1265 1850 1309 prae-sertim
1864 1276 1938 1298 vero

1199 1320 1230 1352 in
1250 1320 1433 1363 regionibus
1459 1319 1513 1351 ubi
1531 1319 1631 1352 maior
1647 1319 1817 1352 necessitas
1834 1325 1935 1362 urget,

1199 1374 1383 1414 excitentur,
1401 1372 1536 1405 libenter
1560 1372 1761 1413 intendimus,
1780 1375 1872 1416 atque
1892 1373 1940 1406 his

1199 1426 1419 1460 sollicitudinis
1431 1430 1557 1460 nostrae
1570 1431 1674 1469 partes
1685 1425 1872 1469 propensius
1886 1426 1941 1458 im-

1199 1480 1363 1525 partimur,
1380 1484 1484 1523 prout,
1504 1479 1647 1513 locorum
1669 1479 1817 1523 qualitate
1836 1479 1940 1512 debite

1199 1536 1338 1579 pensata,
1350 1534 1560 1578 conspicimus
1573 1534 1605 1566 in
1619 1533 1753 1567 Domino
1771 1533 1941 1566 salubriter

1201 1587 1357 1632 expedire.

1245 1642 1260 1685 g
1284 1641 1313 1674 t,
1339 1642 1415 1676 Cum
1433 1642 1548 1685 itaque,
1566 1640 1646 1673 sicut
1662 1640 1851 1684 accepimus,
1865 1641 1940 1674 alias

1200 1706 1217 1728 a
1233 1695 1333 1729 bonae
1352 1695 1522 1729 memoriae
1536 1693 1686 1737 Eugenio,
1702 1694 1940 1739 archiepiscopo

1200 1749 1392 1790 Dublinensi,
1404 1749 1478 1782 dum
1490 1748 1576 1789 vixit,
1590 1747 1798 1781 ducentorum
1814 1753 1843 1781 et
1854 1748 1941 1792 quin-

1201 1814 1270 1846 que,
1281 1813 1298 1835 a
1309 1802 1498 1847 quibusdam
1515 1811 1591 1835 vero
1605 1801 1673 1834 aliis
1687 1800 1897 1834 ducentorum
1911 1807 1941 1835 et

1201 1857 1408 1901 quadraginta
1425 1856 1619 1889 florenorum
1636 1865 1812 1889 annuorum
1832 1865 1941 1888 mone-

1202 1915 1250 1943 tae
1266 1910 1451 1943 Brabantiae
1468 1920 1609 1943 summae
1626 1919 1684 1953 pro
1700 1909 1793 1942 unius
1818 1909 1942 1952 collegii

1202 1963 1415 1997 lIibernorum
1445 1962 1647 2007 nuncupandi
1678 1961 1710 1995 in
1742 1961 1861 2007 oppido
1887 1962 1942 1995 Lo-

1202 2017 1284 2050 vanii
1304 2016 1533 2050 Mechliniensis
1557 2016 1709 2050 dioecesis
1734 2016 1890 2050 erectione
1912 2020 1943 2050 et

1203 2070 1395 2105 institutione
1419 2070 1593 2115 respective
1617 2069 1744 2102 relictae
1762 2073 1791 2103 et
1807 2069 1943 2113 assigna-

1203 2130 1251 2158 tae
1271 2125 1396 2165 suerint3
1410 2135 1478 2166 nos,
1498 2124 1733 2158 considerantes
1751 2124 1942 2157 erectionem

1203 2183 1233 2212 et
1257 2178 1484 2212 institutionem
1501 2178 1626 2221 collegii
1644 2177 1834 2218 huiusmodi,
1857 2178 1941 2210 tam¹

1203 2232 1275 2265 fidei
1300 2232 1471 2266 catholicae
1489 2232 1520 2265 in
1537 2231 1598 2264 illis
1614 2231 1755 2275 partibus
1780 2242 1945 2265 conserva-

1205 2286 1279 2320 tioni
1304 2290 1334 2320 et
1358 2285 1594 2330 propagationi,
1621 2290 1687 2318 tum
1712 2285 1806 2319 etiam
1833 2286 1942 2319 adole-

1204 2346 1345 2374 scentum
1368 2340 1503 2374 nationis
1527 2339 1694 2373 Hiberniae
1720 2339 1750 2372 in
1775 2340 1946 2374 christiana

1204 2395 1327 2440 pietate,
1352 2405 1388 2427 ac
1412 2394 1473 2427 fide
1498 2393 1621 2427 sincera
1645 2393 1832 2428 institutioni
1858 2394 1946 2427 valde

1205 2449 1306 2490 utiles,
1321 2447 1512 2493 maximique
1525 2447 1697 2481 adiumenti
1714 2448 1795 2489 sore,
1817 2447 1945 2491 idcirco,

1205 2502 1243 2535 de
1268 2502 1493 2535 venerabilium
1518 2502 1650 2535 fratrum
1675 2506 1859 2535 nostrorum
1880 2512 1946 2536 san-

1206 2560 1273 2589 ctae
1296 2556 1454 2589 Romanae
1478 2555 1634 2589 Ecclesiae
1659 2555 1866 2590 cardinalium
1890 2566 1945 2590 ne-

1243 2629 1254 2654 1
1273 2627 1310 2653 Ex
1328 2627 1434 2661 Regest.
1451 2626 1478 2653 in
1493 2626 1594 2654 Secret.
1615 2627 1697 2655 Brev.

1241 2671 1257 2698 ⁶2
1274 2671 1370 2707 Aptius
1385 2670 1521 2706 legeretur
1537 2674 1596 2699 {um
1615 2673 1649 2707 (a.
1667 2672 1714 2707 τ.).

1950 258 1998 284 An.
2011 258 2038 284 C.
2059 257 2128 284 1624

1977 904 2097 925 Exordium.

1983 1649 2066 1669 Erectio
2077 1648 2141 1668 culle-

1956 1681 1997 1701 gn„
2013 1676 2038 1695 do
2061 1680 2102 1700 quo
2119 1675 2139 1694 in

1956 1702 2047 1723 rubrica.
