2269 3235
105 268 154 295 An.
169 267 198 295 C.
220 266 291 294 1626

127 541 156 560 An
166 545 219 566 quae
231 545 287 560 anio-

106 567 172 587 venda
191 567 286 586 dererni-

105 596 137 613 tur
152 596 213 619 prout
224 594 243 614 in
254 600 286 614 ru·

104 621 172 641 bru-a.

131 1550 250 1572 ctausutao.

176 1977 289 2002 θεῖος-’1110

106 2005 267 2025 contrariorum.

916 264 1057 288 URBANUS
1082 263 1139 287 VIII
1162 265 1208 288 PP.

301 312 469 347 refectorio
493 323 564 346 cum
589 312 657 345 aliis
677 312 837 351 intersint;
856 321 892 345 ex
910 312 970 344 hoc
987 322 1042 344 au-

301 370 365 399 tem
386 365 570 408 gravissima
588 365 837 398 inconvenientia
854 369 884 397 et
898 364 1041 397 scandala

302 419 333 452 in
350 429 413 452 non
433 419 591 452 modicum
609 419 764 462 regularis
778 417 993 451 observantiae
1013 422 1042 450 ct

302 472 486 516 disciplinae
510 472 731 505 detrimentum
756 471 953 504 exoriantur:

347 526 362 569 g
378 526 406 558 2.
432 527 504 566 Nos,
522 525 713 569 praemissis,
731 528 881 585 qtffntuin
896 534 967 556 cum
982 523 1042 556 Do-

303 579 389 612 mino
414 588 599 623 possumus,
624 577 752 611 obviare
775 577 930 619 volentes,
956 580 1042 610 motu

303 633 434 676 proprio
465 636 495 666 et
525 642 561 664 ex
593 631 679 663 certa
703 630 833 663 scientia
859 641 894 663 ac
919 631 1041 662 matura

303 685 528 719 deliberatione
546 683 671 725 nostris,
689 683 794 716 omnia
812 688 841 715 et
857 683 989 726 singula,
1007 694 1042 716 ac

303 748 520 783 quaecumque
534 737 714 770 huiusmodi
730 737 904 781 privilegia,
918 748 1043 781 praero-

304 792 431 835 gativas,
448 790 661 823 immunitates
683 795 711 823 et
731 790 947 834 exemptiones
968 801 1044 833 quo-

304 854 513 887 rumcumque
537 843 684 876 ordinum
699 871 706 884 ,
740 844 1021 887 congregationum
1035 871 1042 884 ,

302 897 516 930 institutorum
550 897 726 940 religiosis,
753 903 814 930 tam
846 908 902 941 per
932 897 1043 930 Sedem

302 950 527 994 apostolicam,
562 951 708 994 illiusque
733 951 764 984 in
789 951 905 983 eisdem
939 951 1044 994 regnis

302 1003 438 1045 nuntios,
454 1015 546 1048 quam
565 1004 693 1037 illorum
711 1004 901 1048 superiores,
916 1015 952 1037 ex
970 1016 1045 1048 qua-

303 1068 438 1100 cumque
457 1059 560 1099 causa,
577 1068 612 1090 ae
630 1057 688 1091 sub
704 1058 955 1102 quilmscumque
981 1069 1045 1091 ver—

302 1110 418 1144 borum
442 1111 553 1144 formis
578 1116 608 1144 et
633 1111 887 1155 expressionibus
913 1123 1045 1155 quomo-

302 1163 420 1197 dolibet
443 1174 610 1205 concessa,
640 1164 814 1208 apostolica
838 1165 1044 1207 auctoritate,

304 1223 411 1250 tenore
435 1218 659 1261 praesentium,
677 1223 829 1262 perpetuo
849 1229 1044 1261 revocamus,

303 1280 461 1304 cassamus
486 1276 516 1304 et
536 1271 735 1314 abrogamus3
753 1282 788 1304 ac
810 1277 965 1313 revocata,
983 1284 1046 1306 cas-

302 1329 368 1358 sata
393 1330 423 1358 et
446 1325 607 1368 abrogata,
626 1325 808 1369 viribusque
825 1330 855 1358 et
872 1326 985 1359 effectu
998 1337 1046 1359 va-

303 1390 361 1413 cua
386 1389 453 1412 esse
478 1383 508 1411 et
531 1379 619 1419 sore,
651 1388 709 1411 nec
734 1378 787 1411 illa
811 1379 958 1423 cuiquam
983 1381 1045 1413 sus-

302 1433 439 1476 sragari,
463 1442 566 1475 neque
591 1431 629 1464 de
654 1436 769 1473 cetero,
795 1432 913 1476 absque
937 1435 1045 1466 nostra

303 1491 331 1519 et
341 1485 633 1529 SedisApostolicae
648 1485 784 1526 licentia,
799 1486 928 1519 concedi
942 1497 1045 1530 posse3

348 1540 363 1583 ἓ
387 1539 417 1572 3.
439 1539 570 1582 Sicque,
596 1544 626 1571 et
649 1549 712 1572 non
737 1539 840 1580 aliter,
865 1550 922 1583 per
945 1551 1042 1583 quos-

304 1603 440 1636 cumque
464 1592 584 1625 iudices
608 1592 786 1625 ordinarios
811 1598 841 1625 et
865 1592 1044 1636 delegatos,

303 1646 397 1680 etiam
407 1656 573 1679 causarum
586 1646 693 1690 palatii
703 1646 866 1689 apostolici
877 1646 1045 1688 auditores,

303 1700 422 1744 ubique
442 1699 575 1733 iudicari
601 1704 630 1732 et
654 1699 779 1732 definiri
804 1699 929 1740 debere,
950 1711 986 1733 ac
1006 1701 1047 1733 ir-

303 1753 399 1787 ritum
423 1757 453 1787 et
477 1753 568 1785 inane
593 1752 743 1796 quicquid
768 1763 858 1786 secus
878 1764 973 1797 super
997 1754 1046 1787 his

304 1816 321 1839 a
345 1816 520 1850 quoquam,
545 1806 654 1849 quavis
679 1806 886 1847 auctoritate,
911 1806 1046 1840 scienter

305 1860 354 1892 vel
367 1859 559 1903 ignoranter,
577 1859 745 1902 contigerit
761 1861 916 1903 attentari,
937 1861 1046 1895 decer-

308 1913 412 1946 nimus
437 1917 466 1946 et
486 1913 691 1946 declaramus.

349 1967 364 2011 ἓ
393 1967 423 2000 4.
455 1968 524 2001 Νο11
555 1967 749 2001 obstantibus
777 1968 979 2012 praemissis,
1010 1979 1046 2002 ac

304 2020 579 2054 constitutionibus
603 2025 633 2053 et
656 2021 906 2055 ordinationibus
926 2028 1047 2066 aposto-

303 2075 382 2117 licis,
399 2084 523 2107 necnon
540 2075 707 2118 (quatenus
721 2086 798 2119 opus
816 2076 867 2119 sit)
887 2076 1044 2117 ordinum,

304 2128 1044 2171 congregationumetinstitutorumhuiusmodi,

304 2187 334 2215 et
351 2182 513 2226 quibusvis
540 2182 617 2225 aliis,
647 2183 741 2215 etiam
762 2183 949 2224 iuramento,
971 2194 1045 2217 con-

305 2236 481 2269 firmatione
505 2236 675 2280 apostolica
700 2237 748 2269 vel
765 2238 874 2281 quavis
895 2238 1044 2271 firmitate

305 2289 367 2322 alia
390 2289 555 2331 roboratis,
570 2291 690 2324 statutis
708 2294 737 2324 et
755 2291 1044 2334 consuetudinibus,

304 2343 478 2387 privilegiis
501 2354 636 2395 quoque,
654 2344 781 2377 indultis
799 2350 828 2377 et
846 2345 956 2378 litteris
975 2357 1046 2390 apo-

304 2396 432 2436 stolicis,
450 2396 567 2429 eisdem
587 2397 742 2440 religiosis
767 2398 825 2431 sub
845 2399 1045 2442 quibuscum-

304 2460 366 2494 que
389 2449 552 2483 tenoribus
569 2455 598 2483 et
614 2452 733 2493 formis,
747 2463 782 2485 ac
797 2464 867 2485 cum
883 2453 1044 2496 quibusvis

304 2503 399 2537 etiam
422 2503 692 2546 derogatoriarum
717 2505 935 2548 derogatoriis,
961 2506 1043 2539 aliis-

304 2568 366 2602 que
389 2557 617 2590 effieaeioribus
651 2563 681 2591 ot
712 2558 844 2592 insolitis
874 2560 1043 2603 clausulis,

304 2622 427 2645 necnon
440 2611 635 2644 irritantibus
649 2616 679 2644 et
691 2612 759 2645 aliis
772 2613 916 2653 decretis,
929 2613 960 2645 in
974 2625 1045 2647 con-

304 2665 437 2698 trarium
455 2664 702 2709 praemissorum
720 2667 956 2709 quomodolibet
973 2678 1045 2700 con-

414 2727 493 2757 Bull.
507 2728 592 2757 Rom.
605 2743 638 2748 —-
656 2728 717 2758 Vol.
735 2728 817 2757 XIII.
979 2729 1014 2756 60

1721 250 1785 283 «173

1076 312 1190 354 cessiS‚
1217 310 1411 345 confirmatis
1442 314 1472 343 et
1503 308 1665 342 innovatis.
1698 308 1816 347 Quibus

1076 365 1224 397 omnibus
1249 369 1275 396 ct
1303 364 1444 407 singulis,
1462 363 1583 397 etiamsi
1610 362 1648 395 dc
1673 361 1733 394 illis
1751 372 1817 405 spe-

1076 417 1182 458 cialis,
1217 417 1383 460 specifica,
1415 427 1562 460 expressa
1595 419 1624 449 et
1657 415 1816 447 individua

1077 469 1192 501 mentio
1206 469 1348 501 habenda
1358 474 1447 509 esset,
1458 470 1583 501 illorum
1595 472 1717 502 tenores
1730 479 1818 512 prae-

1076 522 1215 554 sentibus
1228 532 1286 565 pro
1304 523 1394 565 plene
1409 527 1438 553 et
1455 522 1647 554 sufficienter
1662 521 1816 565 expressis

1076 575 1235 616 babentes,
1254 575 1312 607 bac
1329 575 1394 607 vice
1420 574 1579 608 dumtaxat
1597 574 1773 618 specialitm·
1788 580 1818 607 et

1077 639 1223 672 expresse
1237 628 1437 671 derogamus,
1456 629 1632 671 ceterisque
1650 628 1816 661 contrariis

1076 682 1336 726 quibuscumsple.

1121 736 1135 778 ἓ
1160 734 1188 767 5.
1214 735 1366 768 Volumus
1399 739 1521 774 autem,
1546 739 1581 766 ut
1604 734 1816 777 praesentium

1077 788 1294 832 transumptis,
1309 788 1403 821 ctiam
1421 787 1593 831 impressis,
1607 798 1642 819 ac
1656 798 1749 819 manu
1767 788 1818 820 ali-

1078 843 1165 875 cuius
1190 843 1302 876 notarii
1321 842 1438 886 publici
1456 841 1651 885 subscriptis,
1669 845 1697 874 et
1715 841 1817 883 sigillo

1078 906 1230 940 personae
1254 896 1285 928 in
1310 895 1459 938 dignitate
1478 894 1687 928 ecclesiastica
1708 895 1819 927 consti-

1078 955 1162 982 tutae
1187 949 1325 992 munitis,
1351 949 1460 981 eadem
1485 959 1617 992 prorsus
1633 948 1710 981 [ides
1730 948 1819 980 adbi-

1077 1004 1210 1044 beatur,
1241 1014 1320 1047 quae
1345 1003 1461 1035 eisdem
1487 1002 1705 1046 praesentibus
1729 1001 1817 1034 adhi-

1078 1058 1215 1099 beretur,
1241 1057 1266 1089 si
1292 1057 1393 1090 forent
1417 1056 1572 1089 exhibitae
1593 1056 1640 1088 vel
1665 1059 1817 1089 ostensae.

1124 1112 1233 1144 Datum
1258 1111 1393 1151 Romae,
1418 1110 1500 1153 apud
1521 1110 1549 1142 S.
1572 1109 1699 1142 Mariam
1714 1110 1818 1157 'Maio-

1079 1175 1156 1207 rem,
1178 1164 1235 1197 sub
1256 1164 1372 1197 annulo
1395 1163 1572 1203 Piscatoris,
1591 1163 1640 1195 dic
1666 1173 1729 1196 xxx
1752 1163 1818 1195 iulii

1080 1229 1229 1260 ilncxxvl,
1248 1218 1451 1263 pontificatus
1468 1217 1568 1250 nostri
1588 1228 1670 1250 anno
1686 1227 1729 1250 111.

1115 1281 1172 1309 Dat.
1195 1281 1238 1308 die
1259 1280 1292 1308 30
1312 1279 1370 1307 iulii
1393 1279 1469 1313 1626,
1491 1279 1586 1314 pontif.
1607 1288 1679 1306 anno
1700 1286 1737 1306 111.

1404 1422 1496 1456 CCIV.

1084 1504 1318 1538 Tribunaltum
1341 1502 1432 1536 Urbis
1449 1502 1614 1535 iudicibus
1631 1502 1820 1545 facultatem

1124 1558 1286 1601 clamitat·
1319 1567 1405 1597 reos,
1433 1557 1492 1599 qui
1520 1556 1655 1600 aliquod
1687 1557 1821 1599 confessi

1123 1611 1247 1655 suerint
1267 1611 1404 1653 furtum,
1421 1609 1458 1641 de
1478 1609 1555 1641 aliis
1569 1609 1679 1649 etiam,
1696 1609 1733 1642 (le
1746 1610 1819 1653 qui-

1125 1666 1183 1698 bus
1207 1664 1351 1697 accusati
1375 1673 1440 1696 non·
1459 1667 1547 1704 sunt,
1577 1663 1612 1696 in
1636 1673 1750 1706 qenerc
1775 1664 1822 1696 in-

1127 1717 1315 1762 terroycmclt'
1328 1715 1347 1749 ¹.

1282 1798 1417 1825 Urbanus
1439 1797 1517 1831 Papa
1536 1797 1615 1831 VIII,

1223 1843 1259 1871 ad
1279 1843 1413 1870 futuram
1432 1842 1477 1870 rei
1498 1841 1677 1870 memoriam.

1124 1915 1217 1949 Decet.
1237 1915 1411 1948 Romanum
1437 1912 1621 1946 Pontificem
1645 1913 1737 1958 aequi
1765 1913 1821 1947 bo—

1080 1969 1175 2013 nique
1192 1978 1375 2012 supremum
1393 1972 1593 2008 assertorem,
1611 1967 1692 2000 inter
1706 1967 1821 2010 gravis-

1080 2023 1184 2063 simas,
1203 2021 1457 2065 multiplicesque
1481 2021 1670 2065 apostolicae
1688 2021 1820 2053 servitu-

1081 2077 1118 2110 tis
1129 2087 1231 2117 curas,
1243 2076 1273 2108 in
1284 2086 1352 2108 eam
1366 2075 1519 2119 peculiari
1533 2075 1636 2107 studio
1647 2075 1819 2116 intendere,

1079 2135 1113 2162 ut
1129 2140 1208 2173 quae
1225 2140 1260 2161 ex
1277 2128 1374 2161 veteri
1392 2128 1559 2160 maledicto
1579 2127 1718 2171 quotidie
1735 2127 1767 2160 in
1784 2139 1820 2161 eo

1080 2183 1188 2227 spinae
1216 2183 1420 2215 innascuntur
1446 2186 1476 2213 et
1501 2181 1618 2221 tribuli,
1643 2181 1820 2223 vigilantiae

1080 2247 1152 2270 suae
1170 2235 1345 2269 ministerio
1364 2235 1567 2279 extirpentur,
1589 2239 1618 2267 ct
1635 2234 1666 2266 in
1683 2235 1819 2278 proximi

1080 2290 1280 2330 charitatem,
1302 2289 1449 2329 salutem,
1472 2288 1671 2321 securitatem
1696 2298 1732 2321 ac
1757 2289 1820 2321 for-

1080 2350 1170 2378 tunas
1199 2343 1327 2376 nefariis
1359 2343 1485 2375 ausibus
1516 2342 1731 2385 delinquentes
1762 2353 1820 2386 per

1079 2399 1213 2432 iustitiae
1231 2397 1370 2441 gladium
1391 2396 1577 2441 opportunis
1603 2396 1752 2429 remediis
1771 2407 1820 2430 eo-

1079 2457 1254 2487 erceantur.

1123 2508 1138 2551 §
1162 2507 1191 2539 1.
1217 2506 1301 2539 Motu
1324 2506 1429 2549 itaque
1452 2504 1593 2548 proprio,
1619 2509 1650 2537 et
1674 2515 1709 2537 ex
1734 2505 1818 2538 certa

1831 260 1879 287 An.
1897 259 1924 287 C.
1947 258 2013 287 1626

1873 747 2017 772 Trauaumpus

1833 774 1903 794 «tanda
1919 774 1976 794 tides.

1863 1924 1983 1945 Exordium,

1870 2513 1973 2536 facultas.
1990 2514 2016 2534 de

1783 2559 1788 2564 ,
1834 2546 1876 2566 qua
1891 2547 1911 2561 111
1925 2541 2016 2562 rubrica.

1079 2560 1209 2595 scientia
1233 2570 1268 2593 ac
1292 2560 1416 2593 matura
1442 2558 1666 2592 deliberatione
1690 2564 1817 2600 nostris,

1114 2678 1126 2704 1
1148 2675 1186 2704 Ex
1201 2674 1310 2711 Regest.
1334 2674 1361 2702 in
1376 2674 1477 2702 Secret.
1494 2673 1573 2703 Brev.
