2269 3235
83 273 132 299 An.
149 272 178 299 C.
197 272 268 299 1624

112 1398 220 1422 t'liiliqvpus
234 1397 269 1419 IV,

85 1431 119 1444 rex
155 1424 269 1449 Hispania-

85 1458 143 1474 rum,
171 1451 268 1470 civitates

85 1477 194 1497 nonnullas

85 1507 145 1524 catus
166 1503 268 1524 Medi-vla-

84 1530 269 1550 nens-isthrtatuilz

84 1557 164 1577 munire
179 1559 259 1577 statuit..

126 2088 232 2117 Petitque.
249 2092 272 2110 ut

87 2115 137 2137 huie
156 2118 185 2137 rei
203 2117 271 2137 eccle-

87 2143 166 2163 siastici
187 2150 271 2170 quoque

88 2170 228 2191 contribuant.

892 272 1035 297 Unnanus
1060 273 1118 296 vm
1141 273 1187 296 ΙΨ.

282 319 494 363 principatum
514 320 681 353 humilitati
699 325 833 361 nostrae,
847 320 933 353 nullo
950 320 1021 353 licet

282 373 468 406 meritorum
494 373 661 417 suffragio,
686 374 837 414 credidit,
863 373 919 406 etsi
944 374 1020 405 nihil

281 425 440 469 antiquius
457 427 671 467 habuerimus,
689 438 782 470 quam
796 426 1022 459 ecclesiasticas

282 489 434 522 personas
456 507 462 520 ,
496 491 573 524 quas
612 480 641 513 in
678 479 850 512 visceribus
882 479 1022 522 gerimus

282 532 461 574 charitatis,
485 544 502 566 a
538 533 700 577 quibusvis
735 532 970 575 gravaminibus
993 536 1024 566 et

282 586 432 619 oneribus
457 587 613 619 immunes
630 596 849 630 praeservare;
867 586 1024 619 nihilomi—

281 648 351 680 nus,
362 639 438 672 dum
451 650 497 680 ea,
510 649 590 683 quae
603 639 747 683 publicae
761 639 921 673 securitati
938 644 1024 672 tuen-

281 691 339 725 dae
356 698 533 737 opportuna
545 698 626 734 sunt,
643 698 824 727 nostrorum
843 698 1022 737 temporum

281 746 505 787 conditionem,
530 746 652 790 aliaque
676 747 834 790 permulta
857 746 1024 780 accuratis-

281 798 362 832 sima
371 799 586 833 aestimatione
596 800 834 843 perpendimus,
844 801 946 833 facere
960 809 1022 832 non

281 862 458 895 possumus,
468 853 545 896 quin
554 853 658 886 divino
672 853 841 897 implorato
853 853 1022 897 praesidio,

281 910 400 939 rectam
414 917 577 940 sacrorum
591 917 747 940 canonum
762 917 906 940 normam
918 907 1022 951 aliqua

281 960 521 993 mansuetudine
553 960 711 994 interdum
743 961 962 1001 deflectamus,
986 972 1022 993 ac

281 1014 431 1047 nonnulla
450 1014 593 1058 quamvis
613 1015 752 1048 difficilia
776 1015 948 1059 apostolica
965 1015 1022 1047 lar-

282 1067 377 1110 gitate
408 1067 544 1111 benigne
578 1069 807 1112 indulgeamus.
840 1070 906 1103 Iloc
937 1069 1020 1102 euim

282 1126 372 1164 pacto
386 1121 530 1163 efficitur,
547 1128 590 1164 ut,
608 1128 638 1156 et
654 1123 826 1156 christiana
843 1123 1022 1167 respublica

284 1174 455 1208 maioribus
472 1175 628 1208 eximatur
648 1176 865 1217 incommodis,
883 1182 922 1218 et,
943 1186 1022 1219 quos

282 1228 371 1261 novis
383 1239 536 1271 augemus
553 1229 725 1269 beneficiis,
738 1230 777 1262 ad
791 1230 930 1262 debitum
944 1231 1023 1272 Apo-

283 1281 410 1314 stolicae
422 1281 509 1315 Sedi¹
526 1282 748 1325 praestandum
764 1282 949 1325 obsequium
964 1283 1022 1314 ala-

284 1334 403 1367 criores
420 1334 600 1368 reddantur.

328 1388 343 1429 g
356 1387 384 1419 1.
400 1387 480 1420 Sane
493 1388 676 1421 carissimus
693 1388 724 1421 in
736 1388 859 1422 Christo
874 1389 957 1421 silius
971 1399 1023 1421 no-

284 1445 349 1472 ster
363 1440 524 1485 Philippus
537 1442 757 1486 Hispaniarum
771 1453 825 1475 rex
839 1442 1022 1482 catholicus7

284 1494 338 1537 qui
363 1495 456 1527 etiam
481 1495 612 1528 ducatus
632 1495 869 1528 Mediolanensis
894 1496 923 1527 in
944 1501 1023 1528 teni-

285 1547 444 1590 poralibus
461 1548 608 1582 dominus
625 1549 739 1589 existit,
751 1549 841 1582 nobis
858 1559 960 1592 nuper
976 1560 1024 1581 ex-

284 1601 358 1644 poni
375 1601 456 1643 secit,
474 1602 558 1645 quod
575 1602 650 1645 ipse,
664 1602 794 1646 provide
810 1602 1023 1642 considerans,

284 1653 431 1688 ducatum
456 1655 637 1688 huiusmodi
654 1656 748 1688 nullis
772 1656 852 1689 forte
870 1655 1025 1689 fortalitiis

284 1708 348 1741 sive
365 1709 611 1752 propugnaculis
627 1709 780 1743 numitum
802 1710 945 1749 existere,
962 1720 1025 1752 quo

284 1767 386 1794 autem
412 1763 559 1795 eumdem
579 1762 699 1796 Statum
726 1763 860 1796 tenuiori
889 1765 1023 1806 expensa

283 1819 313 1849 et
337 1815 451 1848 minori
472 1816 608 1849 militum
631 1816 789 1860 praesidio
818 1822 952 1857 tueatur,
982 1817 1025 1849 ci-

284 1868 392 1902 vitates
419 1869 653 1911 Novariensem,
678 1870 929 1910 Alexandrinam,
957 1870 1026 1903 Cre-

284 1932 483 1963 monensem,
511 1928 541 1956 et
567 1923 777 1966 Laudensem,
802 1933 926 1956 necnon
957 1923 1025 1956 loca

286 1975 452 2017 Valentiae,
469 1976 543 2009 Padi
559 1982 588 2009 et
603 1977 756 2010 Mortarae
770 1977 800 2009 in
815 1977 929 2009 tinibus
943 1976 1025 2009 eius-

285 2029 356 2062 dem
377 2030 481 2063 Status
496 2030 659 2063 existentia
677 2031 801 2064 munire
825 2031 971 2065 decrevit.

330 2083 345 2126 ξ
369 2083 398 2116 02.
417 2083 494 2117 Cum
514 2089 630 2125 autem,
648 2084 728 2118 sicut
744 2084 855 2118 eadem
873 2083 1026 2128 expositio

287 2136 512 2180 subiungebat,
537 2137 568 2170 in
594 2138 771 2171 muniendis
796 2138 973 2171 civitatibus
997 2143 1027 2170 et.

287 2191 364 2224 locis
373 2191 541 2235 praedictis
550 2192 669 2235 ingenti
679 2192 886 2236 pecuniarum
899 2192 926 2225 vi
936 2203 1026 2236 opus,

287 2245 508 2288 aerariumque
538 2245 635 2289 ipsius
660 2245 797 2289 Philippi
826 2246 910 2289 regis
939 2246 1025 2278 valde

288 2298 475 2331 exhaustum
500 2304 530 2331 et
550 2300 691 2332 attritum
712 2299 762 2340 sit,
779 2310 815 2332 ex
839 2299 1027 2332 munitione-

287 2362 347 2395 que
364 2351 546 2385 huiusmodi
563 2352 658 2386 totius
675 2353 789 2393 Status,
806 2363 842 2385 ac
859 2357 922 2384 tam
939 2352 1025 2392 cleri,

286 2414 380 2448 quam
398 2405 508 2448 populi
527 2405 688 2439 securitati
704 2406 928 2450 prospiciatur,
945 2417 1027 2439 com-

285 2457 474 2490 munitatum
500 2469 585 2500 vero,
603 2470 639 2491 ae
655 2459 905 2499 universitatum,
923 2464 953 2492 et
969 2460 1026 2493 lio-

286 2511 406 2544 minum
430 2511 570 2545 eiusdem
602 2512 704 2545 Status
718 2540 725 2556 ,
758 2518 889 2557 propter
914 2524 1024 2546 eorum

285 2565 422 2610 inopiam
454 2566 642 2610 praesertim
665 2577 701 2600 ex
730 2567 822 2600 bellis
846 2567 1025 2611 praeteritis

324 2684 333 2708 1
352 2681 423 2709 Edit.
439 2681 518 2710 Maia.
536 2681 599 2717 tegit
616 2682 696 2710 Sedis
711 2683 746 2716 (R.
764 2683 809 2716 T.).

1054 325 1256 361 contractam,
1273 320 1311 353 ad
1337 325 1431 353 totam
1457 319 1630 363 impensam
1656 328 1795 352 necessa-

1055 373 1133 406 riam
1158 373 1404 417 supportandam
1430 373 1591 406 facultates
1605 383 1665 405 non
1681 383 1795 416 suppe-

1055 431 1140 467 tant,
1165 427 1224 459 nisi
1249 427 1352 459 clerus
1376 432 1406 459 et
1430 426 1634 460 ecclesiastici
1659 436 1794 469 quoque,

1055 480 1108 523 qui
1126 480 1164 511 ab
1182 480 1267 512 omni
1292 491 1409 522 genere
1433 491 1565 514 onerum
1591 479 1796 512 cumei-alium

1055 532 1149 564 etiam
1175 533 1311 575 exempti
1331 534 1477 573 existunt,
1493 544 1531 566 eo
1555 533 1673 576 aliquid
1694 534 1798 566 conse-

1057 590 1143 617 rant:
1161 585 1252 618 nobis
1269 590 1438 628 propterea
1459 586 1540 619 idem
1563 586 1724 630 Philippus
1742 596 1795 619 rex

1057 649 1114 681 per
1137 638 1286 671 dilectum
1312 639 1411 670 tilium
1437 639 1565 671 Paulum
1600 639 1796 672 [laudensem

1056 691 1124 724 sisci
1148 692 1227 735 regii
1249 685 1389 725 eiusdem
1407 692 1538 725 ducatus
1558 692 1797 726 Mediolanensis

1056 742 1262 783 advocatum,
1287 754 1304 775 a
1328 743 1442 776 dilecto
1467 743 1586 787 pariter
1610 744 1674 777 tilio
1698 744 1796 777 nobili

1057 796 1125 829 viro
1142 796 1289 830 Gomesio
1306 796 1422 830 Suarez
1446 797 1484 830 de
1508 797 1664 840 Figueroa
1681 803 1711 830 et
1727 798 1798 831 Cor-

1056 849 1139 882 duba
1155 850 1263 883 Feriae
1281 851 1359 884 duce
1373 851 1477 884 Status
1490 850 1728 884 Mediolanensis
1744 862 1798 894 gu-

1056 904 1223 938 bernatore
1250 905 1289 937 ad
1312 916 1369 938 nos
1392 905 1450 938 hae
1474 905 1513 938 de
1537 908 1630 938 causa
1655 905 1797 947 missum,

1056 957 1218 991 humiliter
1248 959 1417 1002 supplicari
1446 959 1535 999 fecit,
1560 965 1594 992 ut
1625 959 1673 992 his
1703 960 1798 993 rebus

1056 1017 1234 1055 opportune
1257 1012 1425 1056 providere
1449 1013 1487 1046 de
1511 1013 1705 1056 benignitate
1725 1023 1798 1057 apo—

1056 1064 1165 1098 stolica
1183 1065 1398 1108 dignaremur.

1100 1119 1115 1161 ξ
1138 1118 1168 1151 3.
1193 1119 1256 1153 Nos
1280 1119 1396 1162 igitur,
1420 1119 1615 1153 attendentes
1639 1131 1674 1153 ex
1700 1131 1794 1164 prae-

1056 1171 1158 1203 missis
1175 1182 1237 1205 non
1262 1174 1363 1205 solum
1389 1174 1662 1214 communitatum,
1679 1185 1714 1207 ac
1732 1174 1798 1207 uni-
1813 1188 1878 1202 <0010

1814 1216 1891 1229 uniens!
1919 1217 1985 1231 vous:

1814 1236 1919 1257 bulionem
1948 1245 1997 1258 rvu-

1813 1265 1855 1282 tum
1894 1264 1996 1290 quinquu-

1815 1295 1817 1302 ¹
1911 1293 1996 1311 inunum

1814 1317 1938 1337 auratorum
1968 1326 1985 1337 ιιι

1814 1345 1878 1367 ponat
1898 1345 1997 1365 ecclesia-

1813 1370 1872 1388 sui-1<
1904 1378 1910 1389 ι
1942 1378 1997 1391 mua

1056 1396 1116 1427 que
1140 1385 1298 1418 bonorum
1323 1386 1524 1419 securitatem
1549 1386 1738 1430 provenire,
1763 1398 1798 1419 ac
1816 1402 1874 1441 „¹¹:¹⁵

1058 1224 1256 1267 versitatum,
1283 1231 1313 1258 et
1346 1227 1510 1259 hominum
1543 1227 1797 1270 praedictorum,

1055 1277 1109 1310 sed
1134 1278 1229 1310 etiam
1253 1289 1462 1322 personarum
1493 1280 1774 1313 ecclesiasticarum
1791 1308 1797 1320 ‚
1814 1295 1871 1312 mna

1056 1331 1262 1375 locorumque
1286 1332 1412 1376 piorum
1436 1333 1510 1365 dicti
1534 1333 1648 1374 Status,
1672 1344 1798 1367 eorum-

1056 1439 1129 1471 dicti
1161 1440 1298 1483 Philippi
1325 1440 1408 1483 regis
1440 1440 1661 1484 petitionibus,
1685 1441 1744 1474 liae
1769 1441 1799 1473 iu

1057 1498 1144 1535 parte
1159 1521 1166 1534 ‚
1191 1499 1343 1536 quantum
1368 1505 1439 1527 eum
1469 1495 1602 1528 Domino
1633 1506 1800 1539 possumus

1058 1546 1258 1579 annuendum
1274 1558 1342 1580 esse
1355 1553 1527 1589 censentes,
1540 1548 1721 1582 huiusmodi
1731 1560 1801 1593 sup-

1058 1600 1278 1643 plicationibus
1311 1600 1472 1642 inclinati,
1504 1601 1542 1634 de
1574 1602 1801 1635 nonnullorum

1061 1654 1286 1687 venerabilium
1312 1654 1443 1687 sratrum
1469 1660 1652 1688 nostrorum
1668 1655 1696 1688 S.
1716 1656 1749 1688 R.
1767 1656 1799 1688 lv).

1057 1707 1275 1750 cardinalium,
1301 1708 1417 1751 quibus
1442 1708 1603 1751 negotium
1619 1709 1801 1741 huiusmodi

1060 1767 1181 1794 mature
1198 1761 1440 1794 examinandum
1454 1766 1484 1794 et
1496 1761 1588 1794 nobis
1601 1762 1801 1794 referendum

1059 1815 1285 1857 commisimus,
1299 1815 1442 1855 consilio,
1454 1815 1641 1847 fraternitati
1658 1820 1729 1848 tuae
1746 1826 1802 1859 per

1058 1873 1239 1910 praesentes
1256 1868 1483 1902 committimus
1497 1873 1527 1901 et
1544 1868 1739 1909 mandamus,
1757 1875 1801 1908 ut,

1059 1922 1212 1955 stantibus
1235 1922 1439 1966 praemissis,
1463 1933 1499 1955 ae
1524 1927 1634 1956 vocato
1659 1923 1744 1956 clero
1772 1929 1802 1955 et

1059 1976 1202 2020 personis
1233 1972 1453 2009 ecelesiastic‘is
1472 2004 1479 2018 ,
1510 1982 1573 2009 tam
1608 1976 1802 2009 secularibus

1059 2040 1153 2073 quam
1168 2029 1305 2063 cuiusvis
1319 2029 1443 2063 Ordinis
1457 2030 1666 2072 regularibus
1684 2030 1801 2062 eisdem

1060 2083 1145 2116 clero
1170 2088 1201 2116 et
1224 2083 1369 2127 personis
1394 2083 1614 2116 ecclesiasticis
1633 2088 1696 2115 tam
1717 2094 1802 2116 secu-

1061 2136 1178 2169 laribus
1203 2136 1265 2180 (iis,
1289 2136 1391 2180 quoad
1416 2143 1535 2177 curata,
1552 2147 1688 2180 quorum
1706 2136 1801 2169 annui

1060 2190 1200 2223 redditus
1217 2200 1373 2223 summam
1391 2189 1598 2233 quadraginta
1615 2189 1801 2223 ducatorum

1060 2244 1128 2277 auri
1162 2244 1201 2277 de
1233 2246 1359 2277 camera
1395 2244 1568 2277 secundum
1600 2254 1800 2277 communem

1060 2297 1308 2331 aestimationem
1333 2308 1396 2330 non
1421 2297 1582 2339 excedant,
1606 2307 1729 2330 necnon
1754 2297 1800 2338 iis,

1060 2362 1195 2395 quorum
1213 2351 1439 2384 beneficiorum
1457 2351 1576 2384 fructus
1598 2351 1629 2383 in
1647 2350 1801 2394 quotidia—

1059 2406 1107 2437 nis
1132 2404 1406 2438 distributionibus
1438 2404 1629 2444 consistunt‚
1656 2404 1709 2448 qui
1742 2414 1801 2447 pro

1061 2458 1152 2491 tertia
1178 2458 1303 2490 illarum
1328 2462 1418 2501 parte
1442 2462 1563 2490 tantum
1589 2458 1732 2490 conferre
1753 2457 1802 2490 de-

1060 2512 1170 2552 beant,
1196 2512 1357 2544 dumtaxat
1388 2511 1546 2555 exceptis)
1572 2521 1665 2554 quam
1696 2511 1801 2545 cuius-

1060 2576 1210 2609 cumque,
1242 2565 1334 2597 etiam
1363 2565 1622 2606 Mendicanuum,
1655 2564 1801 2606 Ordinis,

1060 2618 1313 2661 congregationis
1339 2628 1374 2650 ac
1399 2617 1566 2659 societatis,
1584 2618 1677 2651 etiarn
1697 2629 1802 2652 neees-

1059 2672 1142 2705 sario
1163 2671 1450 2715 exprimendorum,
1465 2682 1498 2705 ac
1524 2671 1615 2705 etiam
1634 2671 1801 2706 duodecim

1696 261 1760 295 ‘149
1807 272 1855 298 An.
1872 271 1900 297 e.
1923 271 1992 298 102⁴

1903 1129 1997 1151 Pontifex

1813 1157 1925 1177 committit
1951 1163 1997 1183 epi-

1917 1184 1985 1204 lutera
1991 1196 1996 1199 ·
