2269 3235
207 273 255 298 Λιι.
272 272 300 298 e..
327 271 393 299 1023
439 262 481 295 92

232 810 352 830 Clausulas.

404 319 554 363 dignitate
580 319 789 353 ecclesiastica
815 318 1001 351 constitutae
1017 317 1145 350 munitis

405 378 431 405 et
459 373 654 416 subscriptis,
670 372 778 405 eadem
798 371 874 404 tides
900 376 962 404 tam
981 371 1010 403 in
1030 370 1145 403 iudicio

403 437 496 469 «ptam
522 432 607 459 extra
632 426 706 458 illud
732 425 927 465 adhibeatur,
952 434 1032 468 quac
1052 423 1146 466 origi-

404 479 526 511 nalibus
545 479 655 511 litteris
671 478 885 519 adhiberetur,
905 478 930 510 si
944 478 1044 511 forent
1062 477 1146 510 exhi-

404 532 484 566 bitae
499 532 544 564 vel
561 537 712 565 ostensae.

453 585 586 618 Nomina
618 590 721 617 autem
758 584 955 627 singulorum
988 584 1145 628 dapifero-

404 648 492 677 rum,
517 638 570 681 qui
594 637 702 680 nobis,
728 643 759 670 et
782 637 899 671 eisdem
925 637 1145 677 cardinalibus,

405 691 435 722 iu
460 691 598 723 conclavi
616 691 818 724 existentibus
836 691 1055 730 inservierunt,
1076 696 1147 723 sunt.

405 744 490 780 haec,
517 743 592 777 etc.¹

449 798 463 841 ξ
487 797 538 830 ⁹22).
565 797 648 830 Nulli
668 808 745 841 ergo
770 798 900 831 omnino
924 797 1088 830 hominum
1114 796 1147 828 li-

405 854 471 884 ceat
498 851 577 883 hane
602 851 747 895 paginam
773 855 898 885 nostrae
923 850 1145 889 absolutionis,

406 905 605 948 receptionis,
630 905 807 945 creationis,
833 903 1078 943 constitutionis,
1102 913 1147 934 as—

405 957 610 1000 signationis,
644 958 899 1000 aggregationis,
930 956 1145 995 liberationis,

405 1011 630 1054 exemptionis,
657 1011 871 1051 remissionis,
897 1009 1146 1050 condonationis,

406 1063 660 1105 legitimationis,
685 1063 909 1103 abstensionis‚
933 1062 1146 1106 dispensatio-

406 1126 501 1156 num,
526 1116 745 1158 decretorum,
770 1115 1031 1157 concessionum,
1055 1125 1147 1159 prae-

405 1173 580 1213 ceptorum,
605 1170 836 1210 mandatorum,
861 1169 1073 1209 indultorum,
1098 1169 1148 1202 de-

408 1223 580 1266 rogationis
604 1229 634 1256 et
658 1224 852 1257 voluntatum
884 1223 1074 1266 infringere,
1099 1223 1147 1255 vel

406 1277 433 1309 ei
451 1287 529 1310 ausu
543 1277 710 1311 temerario
723 1277 889 1311 contraire.
908 1277 939 1310 Si
956 1277 1026 1320 quis
1042 1282 1147 1309 autem
1163 1287 1164 1300 ³

407 1330 466 1363 hoc
490 1334 642 1364 attentare
674 1331 939 1374 praesumpserit,
964 1329 1148 1372 indignatio-

406 1394 477 1416 nem
503 1385 728 1429 omnipotentis
757 1385 811 1417 Dei
845 1395 879 1417 ae
904 1384 986 1417 beati
1011 1383 1093 1417 Petri
1118 1389 1148 1416 et

407 1437 493 1470 Pauli
517 1439 734 1482 apostolorum
753 1438 821 1471 eius
846 1448 877 1470 se
902 1437 1023 1470 noverit
1047 1437 1148 1470 incur-

407 1502 524 1524 surum.

450 1544 563 1577 Datum
587 1545 715 1585 Romae,
740 1545 823 1589 apud
848 1545 877 1578 S.
903 1545 1042 1585 Petrum,
1067 1554 1148 1577 anno

408 1598 632 1633 Inoni-nationis
664 1599 845 1632 Dominicae
871 1607 1028 1640 nncxxul,
1053 1609 1074 1632 x
1097 1598 1150 1631 ka-

408 1653 514 1686 lendas
530 1653 674 1693 ianuarii,
692 1653 894 1697 pontificatus
910 1652 1009 1686 nostri
1030 1662 1111 1685 anno
1128 1662 1147 1685 1.

442 1715 503 1743 Dat.
520 1715 563 1742 die
579 1715 612 1743 23
627 1714 779 1743 decembris
796 1715 873 1750 1623,
895 1715 990 1750 pontif.
1007 1723 1050 1742 an.
1069 1722 1088 1742 ι.

748 1886 809 1918 XX.

410 1976 534 2009 Erectio
545 1975 745 2008 continendae
755 1974 970 2008 Bononiensis
979 1973 1150 2017 hospitalis

454 2030 486 2063 S.
506 2030 642 2063 Ioannis
660 2028 956 2071 Hierosolymi'tani
972 2028 1009 2060 in
1029 2028 1151 2060 baiuli-

454 2088 565 2116 mtnm
583 2083 768 2127 prioratum
784 2081 1045 2125 nuncupandum
1058 2081 1075 2113 ¹.

615 2162 852 2196 Urbanusffapa
866 2163 944 2195 vm,

531 2210 567 2235 ad
588 2211 764 2242 perpetuam
783 2209 828 2235 rei
847 2207 1030 2234 memoriam.

455 2288 613 2321 Militantis
639 2288 795 2322 Ecclesiae
824 2287 971 2331 regimini
1002 2287 1152 2320 inscruta-

300 2360 333 2372 ιη
368 2334 395 2371 ’.ἶῖ
411 2342 465 2374 bili
490 2342 613 2375 divinae
638 2342 807 2385 sapientiae
832 2340 1040 2385 providentia,
1065 2340 1151 2373 nullo

413 2396 482 2428 licet
501 2396 687 2428 meritorum
704 2395 865 2438 suffragio,
882 2394 1106 2439 praesidentes,
1123 2398 1152 2428 et

412 2454 528 2483 attenta
554 2450 666 2483 inentis
691 2450 757 2482 acic
781 2449 1025 2490 considerantes,
1050 2449 1153 2492 hospi-

413 2506 472 2536 tale
490 2507 518 2535 S.
538 2504 660 2537 'ioannis
677 2503 952 2547 Hierosolymitani
970 2503 1001 2536 in
1019 2503 1153 2547 primor-

412 2558 470 2589 diis
494 2558 649 2590 nascentis
674 2557 829 2590 Ecclesiae
848 2557 877 2589 in
897 2557 1020 2590 civitate
1045 2557 1152 2589 saneta

450 2632 459 2657 t
480 2630 594 2656 Nomina
605 2629 703 2656 omissa
717 2629 824 2656 suerunt
839 2629 865 2655 in
881 2628 945 2656 edit.
957 2628 1037 2655 lllain.
1054 2629 1089 2663 (n.
1102 2629 1149 2663 Τ.).

447 2675 463 2701 2
483 2674 520 2701 Ex
540 2674 647 2709 Pie-gest.
669 2674 694 2700 iu
714 2674 816 2701 Secret.
838 2673 914 2701 Brev.

1165 1983 1167 1996 l

996 269 1176 294 BULLARIUM
1199 268 1354 294 nontANUM

1180 316 1382 362 Hycrusalcin
1409 315 1604 355 institutum,
1624 319 1654 348 et
1677 314 1789 348 deinde
1809 314 1849 349 ob
1873 324 1920 348 re-

1179 381 1248 403 rum
1263 369 1510 403 vicissitudinem
1525 368 1609 401 varia
1622 367 1655 400 in
1671 367 1748 410 loca,
1758 373 1919 412 postremo

1178 429 1282 456 autem
1298 423 1327 455 in
1343 423 1473 455 insulam
1489 421 1620 461 Melitae,
1635 420 1666 453 B.
1681 420 1767 452 Pauli
1784 420 1919 464 apostoli

1179 476 1285 509 multis
1309 476 1497 509 celebratam
1522 473 1698 513 miraculis,
1724 473 1919 512 translatum,

1180 529 1413 569 firmissimum,
1439 528 1695 570 tutissimumque
1728 526 1919 570 reipublicae

1180 582 1368 615 christianae
1393 582 1545 615 adversus
1572 579 1791 613 immanissimi
1823 583 1921 613 turca-

1181 646 1252 668 rum
1284 636 1406 679 tyranni
1438 634 1614 668 invasiones
1646 633 1921 677 propugnaculum

1180 688 1324 728 existere,
1342 688 1545 732 eiusdemque
1562 686 1726 730 hospitalis
1741 686 1854 718 fratres
1867 685 1922 718 mi-

1180 741 1250 774 lites
1265 746 1425 785 tamquam
1439 752 1531 774 veros
1545 740 1658 774 Christi
1672 739 1813 779 athletas,
1826 738 1921 772 nullis

1180 794 1360 836 laboribus,
1391 795 1525 828 nullisve
1561 803 1734 838 corporum
1771 792 1922 837 periculis

1180 848 1359 890 parcendo,
1384 858 1442 891 pro
1465 847 1539 880 fidei
1567 847 1740 880 catholicae
1771 845 1922 878 adversus

1180 901 1343 935 christiani
1375 902 1511 935 nominis
1544 902 1649 935 hostes
1684 900 1864 934 defensione
1893 904 1923 932 et

1181 954 1410 996 propagatione
1441 954 1556 996 iugiter
1586 954 1748 994 laborare,
1773 952 1921 996 dignum,

1181 1005 1257 1048 quin
1275 1006 1380 1049 potius
1399 1006 1541 1039 debitum
1566 1012 1757 1050 reputamus,
1777 1011 1811 1039 ut
1827 1005 1923 1039 Sedes

1181 1060 1360 1103 Apostoliea
1373 1070 1470 1093 novas
1484 1060 1673 1105 quandoque
1686 1059 1853 1102 dignitates
1864 1071 1923 1103 pro

1181 1112 1257 1156 ipsis
1273 1113 1424 1146 fratribus
1437 1113 1589 1146 militibus
1603 1113 1642 1145 ad
1658 1113 1813 1146 maiorem
1826 1112 1924 1156 ipsius

1182 1165 1345 1209 hospitalis
1361 1166 1511 1199 decorem
1528 1166 1629 1209 erigat
1646 1171 1676 1199 et
1693 1166 1843 1206 instituat,
1860 1176 1924 1210 quo

1181 1220 1295 1253 fratres
1307 1220 1421 1252 milites
1434 1219 1597 1263 praedicti,
1615 1219 1787 1253 maioribus
1800 1230 1924 1263 semper

1181 1273 1269 1306 Sedis
1287 1274 1466 1317 praedictae
1482 1273 1643 1307 beneficiis
1656 1273 1801 1314 devincti,
1815 1273 1847 1306 in
1861 1279 1922 1306 tam

1182 1326 1329 1359 laudabili
1344 1337 1454 1360 eorum
1472 1326 1633 1360 vocatione
1647 1332 1678 1359 et
1694 1326 1835 1360 instituto
1848 1337 1923 1360 con-

1182 1380 1314 1412 stantius
1338 1386 1551 1424 perseverent.

1227 1434 1242 1477 ἓ
1266 1434 1295 1466 Ἰ.
1313 1434 1388 1467 Cum
1404 1434 1518 1478 itaque,
1533 1435 1614 1467 sieut
1626 1434 1818 1478 accepimus,
1835 1445 1926 1479 prae-

1182 1487 1322 1531 ceptoria
1341 1498 1397 1520 seu
1417 1488 1604 1521 commenda
1624 1488 1662 1521 de
1679 1488 1818 1522 Bononia
1837 1488 1924 1532 prio-

1182 1546 1269 1573 ratus
1300 1540 1500 1574 Venetiarum
1532 1541 1698 1585 hospitalis
1734 1542 1762 1575 S.
1799 1541 1924 1574 Ioannis

1184 1594 1457 1638 llierosolymitani
1482 1605 1540 1638 per
1557 1594 1678 1627 obitum
1699 1594 1856 1638 quondam
1871 1594 1923 1627 At-

1182 1648 1296 1692 phonsi
1314 1648 1352 1681 de
1368 1648 1449 1689 Este,
1464 1648 1558 1688 illius,
1579 1648 1654 1681 dum
1675 1648 1804 1689 viveret,
1822 1648 1924 1681 ultimi

1183 1702 1384 1745 possessoris,
1410 1707 1498 1735 extra
1522 1702 1695 1735 Romanam
1720 1702 1840 1735 curiam
1865 1702 1921 1735 de-

1184 1754 1291 1795 functi,
1305 1755 1353 1787 vel
1376 1754 1450 1787 alias
1470 1760 1557 1788 certo
1574 1755 1635 1788 alio
1656 1755 1751 1788 modo
1769 1755 1926 1788 vacaverit

1184 1811 1214 1841 et
1233 1812 1321 1840 vacet
1337 1807 1375 1840 ad
1395 1818 1562 1851 praesens,
1587 1818 1645 1841 nos
1673 1807 1924 1852 praeceptosiam

1184 1871 1239 1893 seu
1253 1860 1472 1894 commendam
1489 1861 1671 1894 huiusmodi
1688 1861 1720 1893 in
1737 1861 1861 1895 civitate
1874 1872 1927 1894 no-

1184 1915 1248 1946 stra
1273 1914 1461 1948 Bononiensi
1487 1915 1587 1958 (quae
1608 1915 1785 1949 studiorum
1807 1920 1925 1956 mater,

1184 1971 1213 2001 ct
1229 1968 1319 2012 quasi
1339 1969 1437 2001 altera
1458 1969 1558 2002 Roma
1582 1969 1710 2013 dicitur)
1729 1969 1925 2006 existentem,

1183 2031 1219 2053 ac
1245 2021 1471 2054 sufficientibus
1496 2022 1534 2055 ad
1558 2023 1771 2055 sustinendam
1797 2022 1925 2055 baiulivi

1184 2074 1383 2118 dignitatem,
1405 2075 1573 2119 omniaque
1597 2076 1779 2108 baiulivatui
1804 2075 1925 2108 incum-

1185 2128 1290 2160 bentia
1317 2139 1414 2161 onera
1438 2129 1603 2162 commode
1628 2129 1840 2172 supportanda
1859 2128 1926 2161 red-

1185 2180 1300 2213 ditibus
1317 2181 1455 2214 dotatam
1469 2180 1488 2222 ⁴,
1508 2182 1662 2225 dignioris
1679 2181 1816 2215 nominis
1835 2182 1925 2214 titulo

1185 2233 1336 2267 decorare
1360 2235 1509 2276 volentes,
1534 2245 1570 2268 ac-
1595 2240 1757 2279 sperantes
1782 2236 1866 2276 sore,
1892 2241 1925 2268 ut

1185 2288 1325 2320 eiusdem
1351 2288 1516 2332 hospitalis
1542 2294 1572 2321 et
1588 2289 1726 2331 Linguae
1744 2289 1849 2322 ltaliae
1867 2290 1927 2321 sra-

1186 2347 1259 2381 tres‚
1285 2352 1339 2385 spe
1361 2342 1599 2385 consequendae
1623 2342 1783 2385 dignitatis
1811 2343 1923 2376 huius-

1185 2395 1270 2428 modi
1295 2396 1414 2437 allecti,
1439 2395 1559 2429 maiora
1583 2396 1684 2429 eidem
1710 2396 1855 2440 hospitali
1876 2397 1928 2430 ob-

1186 2450 1293 2493 sequia
1318 2453 1478 2493 praestare
1504 2456 1666 2492 conentur,
1682 2455 1768 2483 motu
1793 2451 1926 2494 proprio

1186 2508 1216 2535 et
1239 2513 1275 2535 ex
1301 2504 1387 2536 certa
1413 2503 1543 2537 scientia
1567 2514 1603 2537 ae
1628 2505 1752 2536 matura
1777 2503 1927 2537 delibera-

1186 2557 1270 2590 tione
1294 2557 1421 2598 nostris,
1437 2557 1536 2600 deque
1554 2557 1745 2601 apostolieae
1765 2557 1926 2601 potestatis

1168 2669 1169 2676 ¹
1220 2673 1232 2699 1
1253 2672 1372 2700 Erronee
1387 2672 1452 2700 edit.
1468 2672 1547 2701 Maiu.
1563 2673 1627 2709 legit
1641 2673 1739 2702 dolata
1753 2674 1793 2708 (n.
1810 2673 1858 2704 T.l.

1935 265 1985 293 An.
2005 265 2033 293 C.
2050 264 2120 294 «623

1995 1441 2123 1463 Commenda

1939 1469 2086 1491 Bononiensis.
