2269 3235
100 298 148 326 An.
169 298 199 326 Γ..
216 297 285 326 11ἰῖ3

139 465 170 487 Do
190 466 282 487 clausula

100 492 198 519 ponenda
212 493 232 513 in
251 493 283 513 tit-

100 519 152 540 teris
179 521 283 546 permuta-

101 545 181 575 tionum
206 545 283 566 beneti-

101 578 189 593 elutum-

123 837 152 859 Do
162 837 283 864 supplendis

102 864 225 885 nesscimus.

105 1104 142 1134 *De*
147 1104 284 1130 derogatione

103 1133 285 1157 iurispatrouatus.

111 2113 140 2135 De
149 2114 282 2135 commodis.

130 2431 158 2451 Do
186 2432 284 2452 reforma-

103 2458 200 2478 tionibus.

921 296 1061 321 t'nmNUS
1089 296 1142 322 vtlt
1168 296 1214 321 ΙΨ.

295 355 358 379 non
382 345 480 390 possit
503 346 652 387 amoveri,
679 345 725 379 vel
749 344 788 378 ad
810 350 933 389 partem
958 346 1057 378 clau-'

298 399 397 432 sulam
422 399 522 443 ipsam
547 399 709 433 concedat.

342 451 393 485 40.
419 453 511 493 Item,
537 453 562 486 si
586 452 799 486 committatur
829 451 922 484 alicui
947 451 1038 484 bene-

299 505 371 538 ficio
391 505 612 549 resignationis
632 504 783 548 receptio,
799 507 935 548 ponatur
954 505 1037 537 clau-

300 558 367 591 sula
387 560 507 593 Attente
531 569 656 603 quoque
679 557 855 602 provideas,
870 562 937 598 etc„
958 561 988 591 et
1011 557 1036 590 si

300 622 337 645 ex
350 614 443 645 causa
458 611 697 656 permutationis
711 611 938 653 resignationcs
952 611 1036 651 liant,

300 671 433 708 ponatur
453 665 590 698 clausula
621 664 708 703 Quod
728 670 838 697 neuter
861 669 1038 707 permutan-

301 719 377 752 tium
391 719 439 752 ius
451 718 672 763 acquirat,nisi
685 718 817 762 quilibet
834 718 975 762 ipsorum
989 718 1037 751 ius
1053 722 1055 729 ’

301 772 444 806 habuerit
460 773 492 805 in
508 772 662 806 beneficio
675 783 732 816 per
750 772 853 816 ipsum
868 772 1036 815 resignato.

342 826 394 858 41.
413 826 525 866 Voluit,
539 826 622 870 quod
641 826 665 858 si
682 830 807 869 petatur
825 825 966 869 suppleri
983 825 1037 858 dc-

299 880 397 913 sectus
417 879 445 912 in
464 890 590 922 genere,
607 880 784 912 nullatenus
803 879 925 912 litterae
945 879 1037 912 desu-
1054 888 1055 906 t

299 944 355 977 per
371 933 592 974 concedantur,
606 933 665 966 nisi
685 933 716 965 in
734 933 884 977 petitione
901 933 1038 977 desuper
1054 950 1055 963 ι

300 987 478 1020 huiusmodi
503 987 642 1020 desectus
666 986 893 1030 exprimantur,
914 987 961 1019 vel
981 997 1038 1030 per

300 1040 367 1073 Fiat
383 1046 416 1073 ut
434 1040 562 1084 petitur,
579 1040 764 1084 supplicatio
782 1040 902 1082 signata
919 1040 1020 1072 suerit.

343 1093 395 1126 42.
421 1094 497 1126 Item
518 1093 624 1135 voluit,
641 1093 726 1137 quod
749 1104 843 1136 super
860 1093 970 1137 quovis
988 1093 1039 1126 be-

301 1146 412 1180 neficio
435 1146 646 1180 ecclesiastico
663 1147 701 1179 de
718 1146 970 1190 iurepatronatus
988 1147 1039 1179 lai-

302 1210 411 1234 corum
428 1210 491 1233 non
514 1199 718 1243 expediantur
743 1199 875 1239 litterae,
893 1199 950 1231 nisi
980 1210 1037 1243 po-

302 1259 392 1287 natur
406 1264 564 1298 expresse,
578 1253 661 1296 quod
679 1253 738 1285 tale
750 1253 938 1285 beneficium
954 1257 1037 1286 tanto

302 1313 442 1351 tempore
459 1306 587 1346 vacavit,
605 1305 688 1350 quod
707 1305 773 1338 eius
789 1306 914 1339 collatio
933 1304 971 1338 ad
988 1306 1037 1338 Se-

301 1360 371 1393 dem
396 1359 607 1404 Apostolicam
638 1359 778 1402 legitime
803 1364 849 1392 est
873 1359 1036 1400 devoluta,

301 1412 346 1445 vel
370 1412 443 1456 quia
468 1418 591 1456 tempus
615 1413 757 1456 patronis
781 1412 868 1445 laicis
888 1413 926 1445 ad
951 1423 1054 1457 prae-¹

300 1465 484 1498 sentandum
505 1476 522 1498 a
547 1466 615 1499 iure
637 1466 812 1509 praefixum
832 1467 956 1510 lapsum
977 1453 1055 1499 exi-⁵

300 1522 367 1560 stat,
377 1524 430 1551 aut
443 1519 481 1551 ad
494 1519 522 1551 id
537 1524 742 1563 patronorum
758 1519 897 1563 ipsorum
911 1520 1038 1553 accedat

299 1583 454 1606 assensus.
471 1573 507 1605 Et
532 1573 556 1605 si
581 1584 637 1616 per
662 1573 763 1617 ipsum
789 1573 1037 1617 iuripatronatus

300 1627 479 1660 huiusmodi
495 1626 641 1670 derogari
664 1627 842 1670 contigerit,
856 1627 1037 1672 iurispatro-

300 1684 389 1715 natus
419 1680 600 1714 huiusmodi
631 1681 749 1714 mentio
778 1681 975 1725 dispositive,
1001 1692 1036 1714 ac

300 1733 444 1778 specifice
457 1739 487 1767 et
501 1734 716 1775 determinate,
734 1745 797 1767 non
814 1740 918 1768 autem
933 1735 1037 1768 condi-

300 1787 466 1828 tionaliter,
479 1787 543 1828 fiat,
560 1788 585 1820 si
606 1788 683 1821 illud
704 1788 742 1821 ad
762 1788 897 1831 aliquem
917 1782 1054 1832 regem,l

299 1840 421 1883 ducem,
439 1841 664 1881 marchionem,
683 1841 730 1873 vel
747 1841 842 1874 alium
860 1842 1036 1886 principem

298 1894 466 1937 pertineat,
484 1899 523 1935 et,
541 1894 583 1927 si'
606 1894 643 1927 de
668 1895 728 1927 hoc
753 1894 783 1927 in
800 1895 912 1928 litteris
929 1896 1036 1939 provi-

298 1947 404 1987 sionis,
418 1948 465 1980 vel
483 1948 628 1981 mandato
642 1947 679 1980 de
693 1948 887 1992 providendo
901 1948 938 1982 de
952 1949 1036 1982 dicto

299 2001 460 2043 beneficio,
485 2001 596 2034 similis
620 2002 737 2035 mentio
758 2002 836 2035 faeta
853 2013 915 2036 non
932 2003 1035 2044 suerit,
1052 2021 1053 2026 =

298 2064 358 2087 non
383 2059 547 2087 censeatur
567 2055 804 2098 quomodolibet
823 2055 1019 2099 derogatum.

332 2107 392 2140 43.
418 2108 494 2140 Item
519 2108 626 2149 voluit,
643 2109 726 2152 quod
743 2109 821 2141 nulli
845 2110 980 2143 seculari
998 2110 1035 2143 de

299 2162 449 2205 regulari,
472 2172 529 2195 nec
553 2162 701 2205 religioso
726 2163 764 2196 de
789 2163 921 2196 seculari
944 2164 1036 2197 bene-

299 2214 376 2248 ficiis
399 2216 585 2249 commenda
608 2216 709 2258 detur,
730 2216 788 2249 nisi
816 2217 846 2249 in
875 2218 1035 2260 signatura

300 2279 356 2311 per
371 2270 540 2303 clausulam
559 2270 604 2303 Ad
624 2276 756 2314 partem,
775 2281 869 2315 super
885 2271 1035 2315 petitione

301 2323 500 2356 commendae
517 2324 708 2364 huiusmodi,
718 2324 755 2357 de
765 2325 953 2357 commenda
968 2325 1034 2369 ipsa

301 2375 417 2408 mentio
441 2376 503 2409 fiat.

344 2428 394 2460 44.
425 2429 502 2462 Item
528 2431 640 2471 voluit,
670 2432 775 2464 statuit
799 2437 830 2464 et
861 2431 1034 2473 ordinavit,

299 2481 382 2525 quod
410 2493 504 2526 super
531 2484 779 2528 quibuscumque
808 2485 1035 2518 reformationi-

299 2535 357 2568 bus
390 2535 519 2578 signatis
543 2547 637 2580 super
661 2538 933 2581 impetrationibus
957 2550 1033 2583 quo-

300 2597 506 2630 rumcumque
529 2587 753 2621 beneficiorum
778 2589 963 2629 vacantium,
985 2590 1031 2623 vel

299 2645 385 2673 certo
406 2640 499 2674 modo
522 2646 751 2683 vacaturorum,
771 2643 802 2674 in
822 2643 937 2686 quihus
954 2644 1033 2687 peti-

335 2706 345 2730 1
365 2703 522 2731 particulam
539 2706 565 2732 si
579 2705 728 2731 addendam
743 2707 896 2732 censuimus
909 2707 946 2741 (R.
965 2712 1013 2742 12).

1735 281 1779 319 67
1826 297 1873 321 sn.
1895 295 1922 321 ιτ.
1942 292 2012 321 «aaz

1073 350 1140 386 tur,
1165 345 1249 389 quod
1274 344 1395 378 litterae
1419 354 1513 388 super
1536 341 1638 388 prima
1663 344 1735 376 data
1759 354 1798 376 ex

1071 398 1170 442 pedii-i
1185 398 1314 442 possint,
1328 398 1353 431 si
1369 409 1406 431 ex
1420 396 1601 431 huiusmodi
1614 396 1811 441 expeditione

1071 452 1128 484 sub
1146 452 1198 484 tali
1216 452 1287 484 data
1310 452 1457 495 cuiquam
1474 451 1616 484 videatur
1633 461 1724 495 posse
1741 449 1810 483 fieri

1070 504 1310 548 praeiudicium,
1335 505 1456 537 litterae
1473 503 1652 538 huiusmodi
1670 503 1728 537 sub
1746 503 1810 547 ipsa

1071 558 1173 601 prima
1198 557 1268 590 data
1292 558 1470 590 nullatcnus
1503 557 1727 602 expediantur,
1751 556 1811 589 nisi

1071 611 1310 644 reformationes
1327 610 1505 643 huiusmodi
1520 622 1576 654 per
1588 611 1666 644 Fiat
1680 610 1737 643 sub
1751 611 1812 655 pri-

1071 667 1122 697 ma
1147 665 1218 698 data
1243 665 1381 707 signatae
1406 665 1529 698 suerint.

1116 719 1167 751 45.
1194 719 1270 751 Item
1297 719 1394 751 voluit
1419 724 1448 750 et
1472 717 1637 758 ordinavit,
1655 718 1737 761 quod
1763 729 1812 751 su-
1861 727 2010 749 paeonum

1828 755 1847 774 in
1865 755 2011 780 resignationi-

1054 782 1129 815 ‘per
1160 772 1371 815 resignatione
1406 772 1632 815 cuiuscumque
1667 771 1811 804 beneficii
1827 781 2010 808 busutpoustoni-

1072 823 1286 864 ecclesiastici,
1297 834 1350 856 seu
1365 823 1504 856 cessione
1518 822 1595 855 iuris
1607 823 1638 855 in
1652 833 1700 863 eo,
1716 833 1811 866 quam
1826 808 1872 828 Μ’

1074 878 1103 910 in
1129 878 1275 910 manibus
1299 877 1363 910 suis
1395 878 1441 909 vel
1475 877 1505 909 in
1530 876 1717 909 cancellaria
1741 887 1812 920 apo-

1073 932 1181 964 stolica
1207 931 1276 964 sieri
1302 931 1484 973 contigerit,
1510 930 1701 974 apostolicae
1729 929 1811 963 litte-

1072 996 1126 1018 rae
1142 985 1320 1018 nullatenus
1337 984 1552 1028 expediantur,
1563 984 1622 1016 nisi
1636 983 1810 1026 resignans,

1074 1039 1120 1071 vel
1141 1038 1264 1078 cedens,
1281 1038 1306 1070 si
1331 1048 1480 1082 praesens
1505 1037 1537 1069 in
1561 1037 1701 1070 Romana
1723 1037 1810 1070 curia

1072 1092 1176 1132 fuerit,
1197 1091 1415 1135 personaliter,
1432 1090 1571 1134 alioquin
1589 1101 1646 1134 per
1662 1101 1812 1134 procura-

1074 1150 1172 1178 torem
1190 1155 1282 1178 suum
1299 1144 1338 1177 ad
1354 1145 1413 1177 hoc
1430 1144 1468 1176 ab
1486 1154 1524 1177 eo
1546 1144 1722 1188 specialiter
1741 1154 1812 1178 con-

1073 1198 1225 1238 stitutum,
1243 1197 1433 1241 expeditioni
1455 1197 1634 1230 huiusmodi
1653 1197 1683 1229 in
1701 1197 1811 1231 eadem

1072 1251 1258 1284 cancellaria
1283 1261 1430 1293 expresse
1456 1250 1664 1291 consenserit,
1683 1255 1710 1283 et
1732 1250 1812 1283 iura-

1053 1299 1055 1311 *
1073 1304 1160 1344 verit,
1179 1309 1212 1336 ut
1229 1304 1327 1336 moris
1344 1309 1399 1336 est.
1418 1304 1455 1336 Et
1472 1303 1514 1336 si¹
1532 1304 1636 1347 ipsum
1655 1303 1812 1347 resignan-

1071 1362 1145 1398 tem,
1170 1368 1224 1390 seu
1245 1357 1418 1396 cedentem,
1440 1357 1559 1400 pluries
1579 1367 1676 1400 super
1696 1367 1758 1390 uno
1783 1364 1811 1390 et

1071 1412 1182 1445 eodem
1207 1411 1371 1451 beneficio,
1393 1412 1424 1443 in
1448 1411 1588 1444 favorem
1613 1411 1810 1444 diversarum

1071 1475 1279 1509 personarum
1305 1464 1479 1498 successive
1509 1465 1687 1498 consentire
1713 1465 1811 1498 conti*

1071 1519 1162 1561 gerit,
1188 1518 1285 1551 voluit
1307 1518 1461 1551 Sanctitas
1485 1517 1556 1559 Sua,
1579 1517 1664 1562 quod
1689 1518 1812 1562 primus

1071 1582 1240 1605 consensus
1265 1577 1371 1604 tenere
1396 1571 1516 1613 debeat,
1535 1576 1565 1604 et
1581 1571 1634 1603 alii
1659 1571 1811 1615 posterio-

1070 1636 1121 1658 res
1145 1636 1327 1666 consensus,
1351 1636 1386 1658 ac
1414 1625 1538 1658 litterae
1566 1625 1693 1658 illorum
1720 1636 1811 1669 prae⁴

1072 1684 1155 1712 textu
1172 1679 1266 1712 etiam
1283 1679 1342 1711 sub
1360 1678 1460 1722 priori
1484 1678 1556 1711 data
1573 1678 1737 1722 expeditae
1753 1689 1811 1723 pro

1071 1737 1224 1776 tempore,
1237 1732 1354 1765 nullius
1368 1733 1429 1766 sint
1444 1733 1570 1766 roboris
1586 1733 1634 1765 vel
1648 1734 1810 1766 momenti.

1071 1787 1133 1819 Nec
1156 1786 1278 1819 litterae
1303 1786 1535 1827 reservationis,
1556 1787 1604 1819 vel
1629 1786 1812 1829 assignatio<

1070 1840 1173 1881 tionis,
1192 1840 1284 1873 etiam
1309 1845 1397 1873 motu
1420 1840 1563 1884 proprio,
1583 1840 1720 1873 cuiusvis
1739 1851 1811 1884 pen-

1070 1894 1167 1927 sionis
1180 1904 1301 1927 annuae
1319 1904 1414 1938 super
1427 1894 1558 1927 alicuius
1571 1893 1715 1927 beneficii
1732 1894 1812 1927 fruc-

1070 1948 1154 1980 tibus
1178 1947 1320 1992 expediri
1344 1948 1484 1992 possint,
1508 1947 1568 1980 nisi
1593 1947 1631 1980 de
1656 1958 1810 1981 consensu

1071 2001 1153 2034 illius
1173 2001 1226 2045 qui
1247 2001 1433 2045 pensionem
1458 2002 1638 2046 persolvere
1663 2006 1737 2035 tunc
1758 2002 1810 2034 ha-

1069 2055 1164 2088 bebit.

1114 2109 1165 2143 46.
1190 2109 1267 2143 Item
1285 2119 1347 2142 non
1368 2109 1480 2142 dentur
1504 2109 1625 2142 litterae
1643 2119 1738 2153 super
1755 2109 1808 2142 be-

1069 2162 1189 2195 neficiis
1218 2162 1373 2195 vacaturis
1398 2173 1454 2206 per
1478 2162 1656 2205 ingressum
1681 2162 1807 2205 religio—

1069 2217 1125 2256 nis,
1151 2216 1211 2248 nisi
1236 2217 1286 2249 ille
1312 2216 1518 2260 praecesserit
1544 2216 1646 2249 datam
1672 2216 1808 2260 desuper

1068 2270 1236 2313 petitionis.

1113 2323 1163 2355 47.
1179 2324 1255 2357 Item
1274 2323 1380 2364 voluit,
1395 2323 1479 2367 quod
1497 2323 1521 2356 si
1540 2329 1664 2368 petatur
1681 2324 1806 2368 aliquod

1861 2117 1890 2138 De
1915 2118 2007 2144 ingres-‘u

1825 2145 1939 2170 roligionis.

1876 2331 1920 2352 Non
1938 2332 2006 2352 utem

1824 2358 2007 2384 impetrationem

1050 2371 1255 2410 {heneficium
1282 2388 1394 2411 vacans
1414 2388 1471 2422 per
1493 2378 1620 2411 modum
1641 2378 1671 2410 in
1690 2378 1808 2411 cancel-
1823 2391 1861 2410 per
1879 2385 1963 2406 modum
1987 2392 2006 2405 m

1823 2412 1950 2432 caucelleria
1974 2418 2007 2431 ex*

1067 2431 1145 2463 laria
1167 2431 1339 2475 apostolica
1357 2431 1607 2475 exprimendum,
1626 2431 1695 2464 talis
1712 2431 1808 2475 impe·
1823 2438 1962 2463 mummium.

1069 2485 1160 2517 tratio
1178 2496 1240 2518 non
1258 2486 1367 2525 valeat,
1385 2496 1441 2518 nec
1459 2485 1580 2517 litterae
1606 2485 1741 2529 desuper
1757 2496 1807 2518 ex-

1067 2539 1242 2583 pediantur.
1353 2579 1357 2582 η

1111 2591 1162 2625 48.
1188 2592 1264 2625 Item
1297 2591 1415 2633 voluit,
1444 2592 1550 2625 statuit
1581 2596 1609 2626 et
1633 2592 1806 2632 ordinavit,
1823 2597 2005 2645 ssssigssfifflffifflf‘

1066 2645 1149 2688 quod
1160 2646 1420 2689 quotiescumque
1432 2656 1488 2689 per
1501 2646 1695 2689 signaturam
1707 2656 1806 2679 suam.

1104 2709 1111 2733 l
1133 2707 1294 2733 Particulam
1310 2708 1336 2734 si
1350 2716 1399 2735 nos
1415 2708 1538 2735 addimus
1554 2711 1588 2741 (a.
1607 2709 1653 2741 τ.),
