2269 3235
266 266 314 293 Αιι.
332 267 359 294 c.
385 268 451 296 1025
497 260 561 294 35⁹2

293 1229 433 1251 Pruoennum.

299 2565 410 2585 Decretum
420 2569 455 2584 ca·

271 2591 331 2616 pituli
345 2591 448 2615 generalis

272 2623 314 2643 <1¹10
328 2618 402 2638 statuit
419 2623 455 2638 uo·
471 2610 601 2643 dilectus
626 2610 708 2642 tilius
731 2615 920 2653 procurator
948 2610 1104 2653 generalis
1128 2620 1205 2643 eon-

509 319 619 351 Ilatuin
645 320 770 356 Itomae,
798 321 881 364 apud
906 321 934 353 S.
961 321 1088 354 Mariam
1114 323 1204 357 Maio-

464 382 541 413 rem,
566 374 624 405 suli
649 374 763 406 annulo
782 374 958 415 Piscatoris,
975 375 1024 407 die
1038 385 1102 410 xxx
1127 376 1202 410 iunii

464 435 602 466 nxncxxv,
628 427 826 469 pontificatus
846 428 944 460 nostri
970 438 1051 461 anno
1069 439 1100 462 11.

500 485 556 512 Dat.
573 486 614 513 die
630 487 664 513 30
679 487 744 514 iunii
758 488 837 522 1625,
854 488 946 523 pontis.
963 497 1033 517 anno
1049 497 1079 517 11.

757 577 907 611 CXLVIII.

466 637 676 680 Confirmatio
714 639 832 673 decreti
868 641 1008 684 capituli
1042 642 1204 685 syencralis

507 692 651 733 fratrum
667 692 800 726 Ordinis
814 693 869 727 SS.
886 694 1061 728 Trinitatis
1074 695 1205 728 Redem-

504 745 628 787 ple'om's
652 747 864 789 captivorum,
885 758 945 791 quo
970 749 1139 789 statuitur,
1163 749 1206 781 ad

507 798 613 830 solum
633 798 866 841 clrffim'lorium
890 805 1031 843 spectare
1055 801 1206 834 nomina-

510 851 628 884 tionem
654 852 880 895 relt'yiosorum
902 853 944 885 ad
959 853 1143 895 faciendam
1161 864 1206 886 re-

508 903 744 947 demptionem‚·
771 909 901 937 caretur
926 909 1045 946 nectem,
1066 916 1106 938 ne
1123 906 1205 939 bona

508 957 551 989 acl
576 957 663 990 hunc
687 957 829 1000 effectum
860 957 999 998 donata,
1028 959 1106 991 aliis
1129 958 1206 991 reli-

507 1010 617 1053 9iosis,
638 1021 739 1054 quam
758 1015 795 1043 ut
812 1012 999 1055 praefertur
1018 1013 1205 1053 nominate'3‚

511 1063 713 1097 tradantur¹.

671 1126 807 1154 Urbanus
827 1127 906 1161 Papa
925 1127 1003 1159 vul,

585 1170 621 1197 ad
640 1174 818 1204 perpetuam
837 1172 881 1198 rei
901 1171 1083 1199 memoriam.

509 1223 662 1256 Dominici
677 1223 782 1266 gregis
792 1234 877 1266 cura,
887 1224 1056 1257 humilitati
1070 1230 1206 1265 nostrae,

466 1276 586 1309 meritis
610 1276 683 1310 licet
707 1277 978 1318 insufficientibus,
995 1288 1052 1321 per
1069 1277 1208 1310 ineffabi-

465 1331 527 1363 lem
552 1330 673 1363 divinae
693 1330 862 1374 sapientiae
878 1331 1107 1375 providentiam
1127 1342 1208 1365 com-

465 1383 569 1425 missa,
591 1394 626 1416 ac
650 1389 781 1427 paterna
801 1394 877 1426 erga
894 1394 1003 1417 omnes
1023 1384 1208 1417 christifide-

466 1437 510 1469 les
534 1437 667 1469 charitas
685 1443 714 1469 et.
731 1438 878 1470 continua
898 1437 936 1470 de
956 1438 1083 1471 illorum
1109 1438 1207 1470 salute

466 1491 644 1525 sollicitudo
669 1491 785 1534 iugiter
808 1492 956 1535 postulat,
970 1497 1013 1534 ut,
1039 1492 1120 1524 inter
1139 1502 1208 1534 gra-

465 1544 617 1585 vissimas,
643 1544 897 1588 multiplicesque
922 1545 1111 1588 apostolicae
1136 1555 1204 1577 ser-

466 1597 572 1631 vitutis
597 1608 698 1639 curas,
724 1608 792 1630 eam
819 1597 971 1642 peculiari
997 1597 1208 1631 sollicitudine

466 1652 703 1695 amplectamur,
718 1662 788 1695 qua,
814 1661 877 1684 non
898 1651 1000 1684 solum
1025 1651 1207 1684 eorumdem

467 1704 719 1738 christifidelium
744 1705 775 1737 in
800 1705 915 1737 miser-a
940 1704 1089 1737 servitute
1109 1710 1139 1737 et
1163 1715 1209 1738 ca-

467 1758 608 1802 ptivitate
625 1768 681 1801 per
698 1757 829 1801 impium
850 1763 1011 1790 turcarum
1029 1762 1207 1802 tyramnum

467 1816 496 1844 et
520 1811 597 1844 alios
615 1811 785 1844 catholicae
799 1811 871 1843 fidei
889 1811 994 1844 hostes
1010 1811 1207 1844 detentorum

466 1863 699 1908 redemptioni,
731 1863 785 1897 sed
816 1863 910 1895 etiam
942 1863 1059 1896 salubri
1083 1863 1207 1907 piarum

466 1917 631 1950 hominum
656 1917 938 1960 congregationum
964 1917 1002 1949 ad
1027 1917 1110 1950 hunc
1135 1917 1209 1950 elle-

467 1975 551 2003 ctum
575 1969 717 2014 provide,
743 1975 911 2013 sancteque
928 1969 1142 2003 institutarum
1156 1979 1210 2012 gu-

465 2023 577 2056 bernio
607 2028 701 2067 atque
733 2023 897 2056 directioni
927 2022 1209 2066 opportunioribus

467 2077 497 2110 in
530 2077 596 2110 dies
629 2077 804 2110 rationibus
833 2076 1024 2110 consulitur:
1045 2076 1128 2109 unde
1153 2086 1208 2117 ea,

467 2141 546 2174 quae
571 2136 741 2174 propterea
757 2130 943 2174 praesertim
961 2130 992 2162 in
1008 2129 1209 2173 generalibus

467 2184 649 2216 earumdem
667 2183 948 2226 congregationum
969 2182 1114 2227 capitulis
1130 2183 1209 2216 sacta

467 2237 563 2270 fuisse
587 2236 744 2277 dicuntur,
769 2241 803 2269 ut
827 2236 919 2268 firma
943 2240 973 2269 et
997 2235 1117 2270 illibata
1142 2246 1210 2280 per-

467 2295 563 2334 petuo
587 2294 788 2329 remaneant,
812 2289 956 2330 libenter,
982 2299 1054 2322 curn
1078 2299 1096 2321 a
1119 2289 1209 2322 nobis

467 2343 594 2387 petitur,
619 2343 808 2386 apostolicae
833 2342 1082 2376 confirmationis
1095 2342 1210 2375 robore

469 2396 711 2438 comnnmimus,
738 2396 876 2439 aliasque
900 2395 1064 2429 statuimus
1082 2400 1112 2428 et
1129 2394 1210 2428 ordi-

468 2460 590 2491 namus,
614 2454 709 2493 prout
732 2449 942 2493 conspicimus
967 2449 999 2482 in
1019 2448 1151 2482 Domino
1166 2458 1210 2482 sa-

469 2502 602 2536 lubriter
627 2503 785 2547 expedire.

515 2559 530 2599 ,ξ
554 2556 582 2589 l.
607 2556 727 2600 Exponi
744 2556 900 2600 siquidem
915 2556 1006 2590 nobis
1019 2566 1121 2600 nuper
1137 2556 1210 2590 fecit

507 2672 518 2700 1
540 2670 578 2699 Ex
597 2670 703 2707 aegest.
723 2671 750 2699 in
769 2672 872 2700 Secret.
893 2672 970 2700 BreV.

1049 276 1227 301 BULLAIIIUM
1251 277 1405 302 ROMANUM

1237 325 1428 367 greg-ationis
1452 325 1584 359 fratrum
1610 326 1871 362 Discalceatorum
1890 338 1971 361 nun—

1237 383 1421 422 cupatorum
1447 378 1642 413 Ordinis-SS.
1669 380 1826 415 Trinitatis
1846 382 1976 415 Redem-

1237 431 1352 474 ptionis
1370 432 1565 475 captivorum
1580 432 1610 464 in
1624 433 1729 476 regnis
1742 433 1975 478 Hispaniarum,

1239 484 1332 526 quod,
1358 485 1430 517 licet,
1454 485 1654 528 regularibus
1678 486 1819 519 eiusdem
1844 497 1977 531 congre-

1238 537 1373 578 gationis
1408 537 1556 571 institutis
1588 538 1762 582 apostolica
1793 539 1978 573 auctoritate

1239 590 1444 633 confirmatis,
1469 591 1533 624 sive
1558 592 1832 625 constitutionibus
1856 598 1980 637 aposto-

1239 643 1306 676 licis
1331 643 1467 688 desuper
1480 645 1642 685 emanatis,
1660 645 1741 678 inter
1758 645 1818 678 alia
1834 651 1979 678 caveatur

1238 705 1396 739 expresse,
1420 702 1451 729 ut
1477 707 1535 741 pro
1561 697 1751 730 redimendis
1775 698 1904 742 captivis
1921 698 1980 731 hu-

1239 746 1374 780 iusmodi
1389 747 1479 781 tertia
1496 758 1569 791 pars
1589 748 1729 781 omnium
1746 748 1913 791 bonorum,
1932 759 1980 782 re-

1239 797 1401 839 gularibus
1426 798 1527 831 dictae
1553 800 1807 842 congregationis
1836 800 1980 833 domibus

1239 854 1268 881 et
1292 850 1369 882 loeis
1393 861 1451 894 pro
1476 851 1672 896 eleemosyna
1699 863 1752 885 seu
1781 863 1980 897 quocumque

1239 903 1299 936 alio
1324 904 1419 937 modo
1444 915 1667 938 concessorum
1692 910 1722 940 et
1738 906 1979 949 assignatorum,

1239 965 1274 987 ac
1298 955 1336 988 de
1361 960 1466 989 cetero
1484 957 1759 991 concedendorum
1775 964 1806 991 et
1823 959 1981 1002 assignan-

1239 1007 1363 1049 dorum,
1388 1019 1424 1042 ac
1448 1009 1525 1042 alias
1550 1009 1588 1042 ad
1612 1010 1723 1043 domos
1741 1016 1770 1043 et
1793 1011 1862 1044 loca
1877 1012 1982 1045 huius-

1240 1061 1323 1094 modi
1348 1061 1432 1094 lieite
1456 1062 1663 1105 spectantium
1694 1067 1725 1095 et
1748 1064 1981 1107 pertinentium,

1239 1124 1256 1146 a
1290 1114 1436 1148 domibus
1461 1121 1491 1148 et
1515 1115 1592 1149 locis
1617 1121 1791 1160 separetur,
1816 1117 1932 1162 illaque
1951 1117 1983 1150 in

1240 1167 1492 1212 redemptionem
1518 1169 1704 1202 eorumdem
1726 1170 1923 1213 captivorum
1940 1176 1984 1204 to-

1240 1222 1342 1254 taliter
1366 1227 1583 1263 convertatur3
1609 1223 1813 1257 nihilominus
1841 1224 1982 1257 eiusdem

1240 1276 1494 1318 congregationis
1519 1276 1642 1317 fratres,
1667 1281 1700 1309 ut
1717 1277 1891 1320 redemptio
1915 1278 1982 1321 ipsa

1241 1328 1351 1361 maiori
1377 1339 1447 1361 enm
1473 1330 1577 1362 fructu
1594 1330 1655 1372 siat,
1682 1335 1712 1363 et
1737 1330 1774 1363 ad
1799 1331 1885 1374 pium
1904 1342 1982 1375 opus

1241 1381 1420 1415 huiusmodi
1445 1382 1545 1415 dictae
1579 1383 1832 1427 congregationis
1855 1385 1979 1428 profes-

1241 1445 1328 1467 sores
1344 1436 1381 1468 ea
1398 1435 1575 1479 prudentia,
1600 1436 1777 1479 integritate
1795 1442 1825 1469 et
1841 1437 1983 1471 doctrina

1242 1487 1406 1530 eligantur,
1432 1488 1484 1531 qui
1502 1498 1565 1521 non
1582 1489 1683 1522 solum
1702 1489 1828 1522 eosdem
1842 1489 1982 1534 captivos

1242 1541 1406 1582 redimant,
1425 1541 1478 1573 sed
1501 1552 1572 1574 cum
1590 1542 1634 1574 eis
1654 1543 1867 1586 permanendo
1887 1544 1983 1577 velint

1242 1599 1272 1626 ct
1295 1594 1414 1638 possint
1439 1594 1508 1627 illos
1532 1594 1563 1627 in
1581 1595 1698 1628 unitate
1714 1595 1787 1628 fidei
1805 1595 1981 1638 confovere,

1242 1647 1365 1691 illisque
1390 1651 1584 1682 sacramenta
1616 1648 1827 1681 ecclesiastica
1850 1649 1983 1682 admini-

1242 1705 1352 1741 strare,
1365 1700 1397 1733 in
1410 1701 1548 1743 generali
1566 1700 1707 1734 eiusdem
1728 1702 1982 1745 congregationis

1242 1753 1379 1797 capitulo
1404 1754 1628 1796 decreverunt,
1652 1760 1686 1787 ut
1710 1754 1748 1787 de
1773 1760 1878 1788 cetero
1902 1755 1983 1788 diffi-

1241 1806 1391 1839 nitorium
1422 1807 1568 1849 generale
1592 1807 1693 1840 dietae
1717 1808 1982 1851 congregationis,

1242 1865 1272 1892 et
1295 1870 1358 1893 non
1374 1860 1453 1893 alius
1470 1863 1638 1904 praelatus,
1656 1861 1823 1904 religiosos
1840 1861 1878 1893 ad
1895 1862 1983 1905 pium

1242 1913 1467 1957 redemptionis
1478 1914 1658 1947 huiusmodi
1669 1924 1746 1957 opus
1754 1915 1982 1958 exequendum,

1243 1971 1272 1999 et
1295 1966 1377 1999 bona
1401 1971 1552 2010 separata,
1577 1971 1612 2000 ut
1635 1967 1823 2010 praefertur,
1848 1967 1887 2000 ad
1910 1967 1984 2001 effe-

1242 2024 1327 2052 ctum
1340 2020 1537 2063 praedictum
1551 2020 1807 2062 administranda,
1820 2021 1984 2054 nominare

1242 2072 1373 2114 debeat,
1398 2078 1493 2116 prout
1516 2073 1547 2106 in
1578 2073 1705 2107 decreto
1736 2074 1872 2117 desuper
1903 2074 1983 2108 facto

1242 2126 1364 2169 plenius
1389 2126 1503 2159 dicitur
1528 2126 1692 2159 contineri.

1287 2180 1301 2223 ἓ
1325 2180 1354 2213 02.
1380 2180 1456 2213 Cum
1475 2184 1588 2221 autem,
1605 2180 1684 2213 sicut
1702 2179 1810 2213 eadem
1830 2180 1983 2224 expositio

1243 2233 1474 2277 subiungebat,
1495 2239 1682 2278 procurator
1705 2234 1884 2278 praedictus
1907 2235 1980 2278 plu-

1243 2287 1360 2319 rimum
1385 2287 1499 2331 cupiat,
1524 2287 1685 2320 decretum
1711 2287 1901 2330 huiusmodi,
1920 2298 1983 2331 quo

1243 2340 1365 2373 firmius
1388 2340 1582 2383 observetur,
1601 2340 1823 2384 nunnullisque
1843 2340 1985 2374 inconve-

1242 2393 1399 2427 nientibus
1424 2394 1577 2436 obvietur,
1603 2394 1791 2438 apostolicae
1816 2393 1983 2427 confirma-

1243 2447 1335 2481 tionis
1360 2447 1536 2491 patroeinio
1556 2447 1758 2488 communiri,
1779 2447 1917 2491 aliasque
1934 2447 1983 2480 de-

1243 2511 1338 2544 super
1363 2506 1539 2544 opportune
1563 2500 1739 2544 provideri:

1288 2554 1302 2597 g
1327 2552 1356 2586 3.
1382 2554 1454 2595 Nos,
1475 2553 1593 2587 dictum
1617 2557 1854 2598 procuratorem
1868 2554 1983 2598 specia-

1244 2607 1324 2639 libus
1348 2607 1507 2640 favorihus
1536 2612 1565 2640 et
1587 2607 1696 2651 gratiis
1715 2607 1863 2651 prosequi
1880 2607 1983 2641 volen-

1242 2665 1299 2702 tes,
1324 2665 1353 2694 et
1376 2671 1394 2694 a
1426 2660 1587 2706 quibusvis
1622 2660 1978 2703 excommunicationiS‚

1987 281 2036 309 An.
2053 280 2081 309 C.
2103 282 2171 310 1625

1991 343 2125 364 minationem
2143 349 2175 364 rc-

1991 369 2111 394 ligiusornm
2137 376 2175 395 pro

1992 395 2136 421 redemptione
2146 396 2176 416 l'a-

1992 422 2067 442 uit-uda
2092 422 2119 442 ad
2143 428 2176 442 so-

1993 449 2033 468 lum
2079 448 2176 468 ‹Infinitu-

1993 475 2045 494 1-111111
2078 475 2176 499 generate

1993 501 2106 527 pertinere.

2034 2204 2094 2228 Quod
2105 2204 2182 2234 ,confir-

1999 2232 2052 2252 mari
2066 2233 2153 2258 pentus.

2072 2575 2183 2597 Confirmat

1998 2601 2104 2624 Urbanus.
