2269 3235
219 278 270 304 An.
285 277 315 305 C.
335 278 401 305 ¹625

243 1346 323 1367 Causae
333 1346 398 1366 fercn-

216 1374 236 1393 ὼ
252 1373 339 1394 decreti.

445 267 510 301 304

416 334 645 367 etsufficienter
659 332 816 376 expressis
830 330 990 369 habentes,
1005 328 1064 362 illis
1078 328 1153 361 alias

416 387 447 419 in
464 397 520 420 suo
537 386 651 420 robore
668 382 894 428 permansuris,
911 382 970 415 liae
987 381 1053 415 vice
1066 381 1154 414 dum-

418 445 498 473 taxat
521 438 696 483 specialiter
721 441 750 469 et
774 446 919 480 expresse
942 434 1132 477 derogamus
1146 461 1154 476 ,

416 492 590 534 ceterisque
614 489 780 523 contrariis
803 488 1064 533 quibuscumque.

459 545 570 578 Datum
594 544 729 584 Romae,
753 541 836 587 apud
860 542 889 575 S.
916 541 1064 581 Petrum,
1097 540 1154 574 sub

416 598 531 631 annulo
556 595 733 635 piscatoris,
750 595 800 628 dic
824 605 866 628 xx
891 594 995 627 martii
1013 603 1153 634 MDCXXV,

417 649 617 694 pontificatus
640 648 740 682 nostri
765 658 847 681 anno
871 658 902 681 11.

451 712 511 740 Dat.
527 712 571 740 die
585 712 620 740 ’ΞΟ
633 711 721 740 martii
743 711 820 744 1625,
842 710 936 746 pontif.
953 719 1023 738 anno
1038 717 1065 738 u.

714 853 850 889 CXXVII.

414 936 465 969 Em
483 939 553 967 volo
577 933 844 977 Οοηῃνεραίτόηίε
876 932 1016 966 Concilii
1047 931 1154 967 decla-

458 992 563 1027 ratur,
581 988 617 1020 in
632 985 903 1019 translationibus
921 985 1154 1029 episcoporum,

458 1041 606 1074 ecelesiae
637 1041 838 1072 vacationem
866 1039 907 1071 ab
940 1039 974 1071 eat
1009 1038 1061 1071 die
1092 1048 1156 1070 esse

458 1092 722 1136 computandam,
744 1103 811 1136 qua
835 1093 1000 1135 episcopus
1021 1091 1061 1124 ab
1086 1091 1155 1124 eius

458 1145 587 1179 vinculo
604 1145 784 1178 absolvitur
801 1145 838 1178 iu
853 1144 1041 1178 consistorio
1053 1144 1073 1176 ¹.

623 1225 758 1253 Urbanus
779 1223 857 1259 Papa
871 1225 949 1258 vm,

535 1271 571 1298 ad
591 1272 767 1305 perpetuam
787 1269 831 1297 rei
851 1269 1033 1297 memoriam.

458 1332 473 1376 ἓ
498 1332 527 1366 ’1.
551 1331 647 1366 Nobis
666 1341 768 1375 nuper
785 1342 845 1375 pro
862 1336 950 1376 parte
967 1331 1154 1364 dilectorum

414 1386 550 1419 liliorum
568 1385 644 1418 cleri
658 1385 880 1429 Hispaniarum
898 1385 1075 1429 expositum
1086 1384 1153 1427 fuit,

414 1439 507 1483 quod,
521 1438 763 1473 occurrentibus
788 1438 819 1471 in
844 1438 904 1471 illis
928 1439 1034 1481 regnis
1058 1438 1156 1471 eccle-

414 1493 530 1526 siarum
548 1491 773 1525 cathedralium
791 1501 847 1535 per
860 1491 1076 1524 dimissionem
1090 1491 1154 1524 sive

415 1547 648 1580 translationem
662 1545 887 1588 vacationibus,
902 1556 953 1578 eas
969 1555 1033 1579 non
1046 1545 1153 1578 induci

413 1600 637 1644 praetenditur,
655 1610 819 1644 quousque
840 1599 1009 1643 episcopus
1026 1600 1155 1632 transla-

414 1661 462 1687 tus
477 1654 626 1687 ecclesiae
639 1654 762 1687 noviter
775 1653 930 1694 obtentae,
944 1663 979 1686 ac
989 1663 1154 1686 successor

413 1707 596 1741 dimittentis
606 1707 754 1740 ecclesiae
765 1706 911 1740 dimissae
923 1706 1153 1750 possessionem

413 1761 517 1805 adepti
540 1771 603 1794 non
619 1760 745 1793 suerint:
763 1760 897 1804 ideoque
914 1765 976 1793 tarn
994 1760 1078 1804 ipsos
1094 1760 1155 1804 epi-

413 1824 525 1859 scopos
548 1824 644 1858 quam
668 1824 779 1847 eorum
804 1814 937 1847 vicarios
961 1814 1089 1847 interim
1105 1825 1155 1847 or-

413 1867 567 1901 dinariam
592 1866 842 1900 iurisdictionem
868 1867 1014 1909 retinere,
1033 1866 1154 1911 eoque²

413 1921 470 1954 sub
490 1925 664 1965 praetextu,
681 1919 776 1965 quod,
795 1931 867 1954 cum
885 1920 1106 1954 translationes
1124 1926 1154 1954 et

412 1974 611 2008 dimissiones
628 1974 808 2007 huiusmodi
826 1973 865 2007 de
880 1974 1103 2008 translatorum
1124 1980 1152 2008 et

413 2028 635 2064 dimittentium
661 2038 816 2062 consensu
840 2028 931 2071 fiant,
956 2038 1020 2062 non
1043 2028 1154 2062 intelli-

413 2089 505 2126 gatar
521 2082 653 2116 ecclesia
670 2081 807 2123 dimissa,
824 2092 927 2126 neque
941 2082 1106 2126 episcopus
1115 2082 1153 2114 ab

412 2137 495 2170 illius
512 2136 637 2170 vinculo
661 2136 831 2177 absolutus,
849 2146 1013 2180 quousque
1033 2135 1071 2169 de
1088 2136 1150 2169 hu-

412 2190 547 2224 iusmodi
563 2199 718 2224 consensu
734 2199 798 2223 non
818 2189 1009 2229 constiterit,
1028 2188 1066 2221 de
1090 2199 1153 2232 quo

413 2244 541 2277 minime
556 2246 700 2277 constare
719 2245 830 2286 potest,
848 2252 919 2275 cum
937 2251 954 2274 a
970 2246 1060 2285 tergo
1074 2241 1152 2275 litte-

413 2308 519 2331 rarum
533 2296 778 2341 apostolicarum
794 2305 858 2329 non
871 2295 1048 2338 adnotetur,
1058 2301 1153 2340 prout

413 2352 482 2386 sieri
499 2351 579 2386 solet
598 2351 629 2384 in
649 2349 900 2394 expeditionibus
924 2349 1152 2383 beneficiorum

414 2405 608 2447 inferiorum,
627 2414 707 2449 quae
724 2403 804 2437 fiunt
816 2413 873 2448 per
890 2406 1152 2456 corwsummec

413 2459 450 2492 tle
474 2459 527 2491 illo
551 2458 587 2491 fit
610 2457 768 2491 adnotatio
795 2456 1004 2502 particularis,
1029 2456 1068 2490 de
1091 2467 1153 2501 qua

414 2511 573 2546 secretarii
598 2511 823 2545 consistorialis
854 2510 1010 2544 attestatio
1041 2510 1152 2544 haberi

414 2570 517 2610 queam
534 2565 615 2598 unde
632 2565 743 2605 oritur,
760 2565 845 2609 quod
863 2564 1039 2599 iurisdictio
1056 2575 1153 2609 penes

449 2639 461 2663 1
479 2635 517 2663 Ex
532 2635 640 2671 aegest.
656 2635 683 2662 in
697 2635 799 2663 Secret.
816 2635 894 2663 Brev.

448 2681 464 2708 ⁶2
478 2681 572 2709 Potius
587 2679 730 2716 legendum
745 2689 776 2707 eo
791 2682 829 2715 (a.
847 2684 892 2711 Μ.

992 271 1171 296 BULLMUUM
1195 270 1349 296 ROMANUM

1189 319 1372 364 episcopum
1384 319 1567 352 translatum
1578 328 1632 352 seu
1641 317 1847 351 dimittentem
1861 326 1929 350 esse

1188 372 1340 414 videatur,
1359 381 1523 416 quousque
1540 371 1579 404 de
1596 371 1648 404 tali
1666 380 1822 404 consensu
1837 380 1929 415 appa-

1188 430 1255 458 reat
1279 435 1336 469 per
1361 425 1497 469 aliquem
1522 428 1626 458 actum
1656 423 1825 468 positivum
1856 424 1929 457 sub-

1189 483 1384 522 sequentem,
1409 478 1463 522 qui
1486 477 1610 511 nonnisi
1635 487 1671 510 ex
1692 477 1783 521 capta
1807 486 1928 520 posses-

1188 531 1275 564 sione
1299 531 1408 574 vigorc
1425 531 1600 564 litterarum
1614 529 1858 574 apostolicarum
1875 529 1931 562 hu-

1188 584 1323 618 iusmodi
1347 584 1500 618 resultare
1524 583 1650 628 poterit.

1232 637 1247 680 g
1263 637 1292 670 ⁶2.
1318 638 1391 678 Nos,
1409 636 1698 670 inconvenientibus
1715 641 1745 669 et
1760 635 1861 669 litium
1879 645 1930 669 an-

1187 690 1349 731 fractibus,
1369 690 1422 734 qui
1439 701 1476 723 ex
1496 689 1679 734 praemissis
1696 689 1772 723 oriri
1788 693 1928 734 possunt,

1187 747 1338 785 quantum
1352 753 1423 776 cum
1438 743 1572 776 Domino
1592 753 1772 787 possumus,
1789 742 1928 784 obviare,

1940 267 1995 294 An.
2011 265 2039 293 C.
2055 265 2125 294 1625

1970 645 2089 669 Decretum,
2100 645 2127 666 do

1943 677 1986 698 quo
2001 672 2021 693 in
2033 672 2126 693 rubrica.

1188 805 1223 828 ac
1240 796 1359 829 clerum
1372 796 1554 830 huiusmodi
1568 796 1757 840 specialibus
1770 795 1930 829 favoribus
1949 813 1951 815 -

1189 853 1219 881 et
1235 848 1344 891 gratiis
1360 849 1510 893 prosequi
1530 850 1680 891 volentes,
1706 854 1736 882 et
1752 849 1928 893 singulares

1189 901 1273 934 illius
1291 912 1443 945 personas
1462 913 1479 935 a
1500 902 1660 946 quibusvis
1677 903 1929 937 excommunica-

1189 954 1292 998 tionis,
1316 956 1531 999 suspensionis
1555 962 1585 990 et
1605 957 1773 998 interdicti,
1797 957 1929 1002 aliisque

1188 1008 1406 1042 ecclesiasticis
1423 1009 1594 1051 sententiis,
1617 1010 1758 1043 censuris
1774 1015 1804 1043 et
1818 1011 1929 1054 poenis

1188 1071 1205 1093 a
1222 1061 1291 1094 iure
1312 1062 1359 1095 vel
1376 1062 1415 1095 ab
1433 1063 1561 1096 homine
1576 1063 1685 1107 quavis
1702 1063 1866 1097 occasione
1882 1065 1930 1097 vel

1189 1117 1283 1148 causa
1306 1115 1386 1158 latis,
1404 1116 1429 1149 si
1447 1116 1560 1160 quibus
1577 1116 1814 1161 quomodolibet
1832 1116 1930 1150 inno-

1189 1168 1278 1202 datae
1303 1169 1458 1212 existunt‚
1483 1169 1521 1202 ad
1546 1169 1693 1203 effectum
1716 1170 1930 1214 praesentium

1188 1221 1349 1256 dumtaxat
1363 1223 1629 1267 consequendum,
1648 1224 1762 1256 harum
1783 1223 1864 1257 serie
1879 1224 1930 1257 ab·

1189 1276 1354 1316 solventes,
1370 1282 1400 1310 et
1417 1277 1575 1310 absolutas
1588 1277 1656 1310 fore
1673 1282 1847 1321 censentes,
1861 1288 1930 1322 sup—

1187 1328 1408 1372 plicationibus
1433 1329 1559 1363 illorum
1580 1329 1708 1363 nomine
1724 1330 1817 1364 nobis
1834 1341 1929 1375 super

1188 1381 1248 1414 hoc
1273 1381 1433 1415 humiliter
1455 1383 1610 1426 porrectis
1635 1383 1783 1426 inclinati,
1808 1383 1846 1417 de
1870 1395 1928 1417 ve-

1188 1435 1374 1468 nerabilium
1392 1436 1526 1469 fratrum
1538 1441 1720 1469 nostrorum
1735 1441 1858 1471 sanctae
1871 1437 1930 1470 Ro-

1188 1499 1298 1522 manae
1322 1489 1478 1522 Ecclesiae
1498 1489 1703 1522 cardinalium
1720 1489 1849 1523 Concilii
1865 1490 1929 1523 Tri-

1188 1542 1305 1575 dentini
1330 1543 1548 1587 interpretum,
1569 1543 1683 1587 quibus
1698 1543 1859 1587 negotium
1872 1544 1928 1577 hu-

1187 1595 1323 1630 iusmodi
1335 1601 1455 1629 mature
1465 1606 1500 1629 ac
1511 1596 1678 1639 diligenter
1686 1596 1927 1630 examinandum

1188 1654 1217 1681 et
1231 1649 1324 1682 nobis
1337 1649 1535 1682 referendum
1550 1649 1775 1691 commisimus,
1786 1650 1926 1693 consilio,

1187 1702 1364 1743 ecelesiam,
1374 1713 1392 1736 a
1402 1713 1463 1747 qua
1472 1702 1640 1747 episcopus
1653 1702 1690 1736 de
1704 1713 1760 1736 suo
1774 1714 1928 1737 consensu

1187 1757 1402 1799 transferetur,
1428 1756 1466 1789 ab
1483 1766 1520 1790 eo
1538 1761 1680 1800 tempore
1704 1755 1840 1800 vacare¹,
1865 1769 1928 1802 quo

1187 1810 1269 1843 idem
1290 1810 1456 1855 episcopus
1473 1810 1511 1843 ab
1527 1809 1609 1843 iilius
1629 1810 1754 1843 vinculo
1771 1810 1803 1843 in
1819 1816 1928 1845 nostro

1187 1867 1216 1898 et
1228 1874 1286 1908 pro
1300 1868 1442 1908 tempore
1452 1863 1612 1896 existentis
1621 1864 1754 1897 Romani
1769 1864 1928 1898 Pontifieis

1188 1917 1374 1951 consistorio
1391 1916 1572 1958 absolvitur,
1589 1917 1683 1950 etiam
1700 1922 1771 1950 ante
1795 1917 1926 1962 expedi-

1187 1970 1303 2004 tionem
1328 1970 1506 2003 litterarum
1529 1965 1784 2014 apostolicarum,
1804 1970 1851 2004 vel
1869 1969 1928 2004 ad⁹

1187 2025 1380 2069 praedictam
1407 2024 1562 2058 secundae
1586 2024 1735 2058 ecclesiae
1759 2025 1929 2069 possessio-

1186 2088 1275 2119 nem,
1299 2083 1472 2122 posteaque
1496 2088 1570 2112 vero
1596 2088 1631 2111 ex
1652 2077 1846 2120 testimonio,
1872 2088 1928 2111 seu

1187 2131 1375 2165 docunoento
1389 2131 1549 2165 secretarii
1566 2131 1646 2164 sacri
1656 2131 1791 2174 collegii,
1804 2131 1852 2164 vel
1865 2131 1927 2165 alio

1186 2186 1281 2220 modo
1294 2185 1476 2220 huiusmodi
1489 2185 1695 2219 absolutionis
1706 2184 1850 2218 notitiam
1865 2186 1928 2230 epi-

1187 2250 1300 2284 seopus
1318 2240 1487 2272 translatus
1510 2239 1666 2280 habuerit,
1684 2238 1767 2272 illico
1792 2249 1864 2272 eum
1889 2239 1927 2272 ab

1187 2293 1335 2327 exercitio
1360 2293 1538 2327 ordinariae
1570 2292 1795 2326 iurisdictionis
1825 2293 1928 2326 absti-

1186 2358 1261 2381 nere
1270 2347 1396 2389 debere,
1406 2357 1537 2391 eamque
1552 2347 1583 2380 in
1597 2346 1768 2391 capitulum
1782 2346 1926 2389 transire,

1188 2401 1229 2434 ita
1240 2406 1273 2434 ut
1285 2401 1389 2434 statim
1402 2401 1573 2445 capitulum
1584 2400 1695 2434 eadem
1709 2400 1927 2435 iurisdictione

1187 2455 1241 2496 uti,
1266 2455 1373 2489 sedem
1398 2460 1559 2489 vacantem
1583 2455 1757 2499 publicare,
1777 2459 1871 2500 atque
1886 2455 1928 2489 os-

1186 2509 1320 2543 ficialem
1352 2520 1407 2542 seu
1437 2508 1591 2542 ricarium
1622 2508 1661 2542 ad
1693 2508 1766 2542 dicti
1803 2508 1926 2542 concilii

1186 2563 1417 2607 praescriptum
1433 2562 1625 2596 constituere
1638 2562 1739 2606 possit
1755 2566 1786 2595 et
1801 2561 1926 2601 debean

1223 2635 1233 2661 1
1251 2633 1428 2669 Subintetlige
1439 2633 1633 2668 decernimus,
1645 2637 1674 2661 ut
1684 2633 1710 2661 in
1722 2632 1800 2668 sine§
1811 2633 1827 2661 3
1835 2631 1925 2668 (lma).

1220 2678 1236 2705 ἓ).
1251 2678 1349 2714 Aptius
1363 2677 1422 2714 lege
1438 2681 1505 2706 aule
1522 2678 1558 2714 (a.
1575 2679 1624 2713 T.).
