2269 3235
964 190 1064 215 mnnx
1088 188 1194 213 nanum
1741 175 1805 209 687

402 248 465 281 sint
488 245 627 290 eligendi
653 249 684 279 et
707 247 800 290 quoto
826 248 968 288 tempore
992 242 1129 276 osticium
1162 249 1274 283 gerere
1312 238 1459 281 debeant,
1485 238 1545 271 661
1577 239 1604 270 b.
1638 237 1727 271 Dicta
1756 238 1849 282 quale

403 301 454 334 ius
475 299 590 334 habeat
613 308 709 342 super
733 298 874 339 abbates,
887 297 950 330 662
971 307 1000 328 a.

315 354 527 398 congregatio
552 352 745 387 Clericorum
770 350 977 394 Regularium
1001 349 1243 382 Ministrantium
1268 347 1420 389 Infirmis,
1448 347 1510 380 1033
1537 358 1564 379 a.
1592 346 1738 386 Proscssi,
1763 349 1851 379 ante-

403 415 498 452 quam
523 405 562 439 ad
587 414 695 439 sacros
720 404 848 438 ordines
873 405 1128 447 promoveantur,
1154 411 1192 434 cx
1218 401 1381 434 domorum
1408 400 1603 441 redditibus,
1634 401 1662 432 in
1692 398 1808 443 quibus
1834 408 1851 432 a

403 461 567 503 superiore
592 457 734 502 generali
760 457 963 497 collocantur,
989 455 1107 489 debent
1131 457 1310 496 sustentari,
1337 456 1399 487 105
1427 455 1453 486 b.
1479 454 1692 497 Congregatio
1717 452 1852 487 Clerico-

405 524 475 547 rum
508 512 702 556 regularium
734 511 978 544 ministrantium
1005 510 1138 542 infirmis
1163 511 1193 541 in
1220 510 1361 553 quinque
1393 509 1570 551 provincias
1596 508 1708 549 disisa,
1735 507 1798 540 660
1823 517 1852 539 a.

406 567 589 601 Praefectus
621 564 779 609 generalis
812 567 843 597 et
873 563 1071 596 consultores
1102 562 1260 605 quomodo
1295 564 1357 594 sint
1381 561 1531 603 eligendi,
1558 560 1634 592 ibid.

315 620 526 665 congregatio
543 620 737 654 Clericorum
761 616 965 660 Regularium
986 615 1141 649 Minorum
1162 615 1193 647 in
1219 614 1298 647 duas
1315 614 1467 647 dlviditur
1492 615 1680 656 provincias,
1699 614 1761 647 522
1780 614 1807 646 b.

314 672 524 718 congregatio
549 672 742 706 Clericorum
767 669 976 713 Regularium
1001 668 1236 708 Theatinomm,
1257 667 1320 699 332
1345 678 1373 699 α.
1399 666 1475 699 Eius
1501 666 1695 710 presbyteris
1725 676 1853 701 conces-

404 737 474 761 sum
498 725 656 760 indultum
681 726 811 758 missam
836 723 874 756 de
900 723 932 756 B.
951 722 1079 756 Andrea
1104 721 1250 756 Avellino
1275 719 1477 761 celebrandi7
1507 723 1536 752 ct
1569 720 1723 753 recitandi
1750 721 1788 753 de
1815 731 1851 754 eo

404 779 554 820 officium,
581 777 658 810 ibid.
684 777 710 810 b.

315 833 526 877 congregatio
550 831 682 865 fratrum
706 831 833 865 loannis
857 830 927 871 Dei,
944 829 1006 863 142
1020 829 1046 863 b.
1071 828 1155 862 Nihil
1172 827 1361 862 solvendum
1379 836 1450 860 csse
1468 827 1627 870 episcopis
1652 836 1707 869 pro
1733 828 1852 861 ratione

403 885 586 920 exbibenda
610 885 786 926 bonorum⁷
821 884 1113 927 eleemosynarum,
1143 885 1202 915 etc.
1241 881 1385 914 decrerit
1416 881 1445 913 S.
1478 879 1688 922 Congregatio
1721 879 1854 914 Concilii

402 949 485 974 anno
509 949 661 981 niocxxiv,
688 939 749 972 143
775 949 803 972 α.
825 938 998 981 Privilegia
1023 938 1128 970 omnia
1153 936 1258 969 eidem
1284 935 1520 974 confirmantur,
1546 934 1605 966 169
1624 936 1653 966 et
1677 944 1738 977 seq.
1754 933 1853 966 Pres-

402 992 508 1038 byteri
526 1002 587 1026 non
605 996 736 1037 possunt
761 993 929 1025 missarum
953 991 1175 1033 eleemosynas
1201 991 1358 1032 accipere,
1384 992 1436 1021 aut
1461 988 1499 1021 ad
1525 987 1656 1022 Ordinis
1681 987 1853 1030 dignitates

404 1047 596 1091 promoveri,
623 1046 685 1080 324
711 1057 747 1085 ιι;
774 1046 905 1079 Nonnisi
923 1048 993 1088 post
1011 1044 1170 1077 decimum
1196 1042 1234 1076 ab
1261 1043 1376 1075 emissa
1395 1042 1591 1085 professione
1607 1050 1736 1082 annum,
1756 1050 1854 1084 prae-

406 1102 532 1145 viisque
558 1103 678 1133 tantum
703 1100 956 1132 examinatorum
985 1098 1097 1131 litteris
1124 1095 1390 1131 testimonialibus
1419 1097 1518 1128 sacris
1544 1094 1709 1127 ordinibus
1737 1096 1853 1128 initiari

404 1157 545 1199 possunt,
563 1153 626 1186 325
644 1163 663 1185 α
681 1156 710 1186 et
735 1153 797 1185 659
813 1162 842 1184 α.
859 1151 986 1184 Decisio
1007 1151 1242 1184 controversiae
1268 1158 1362 1191 supra
1380 1148 1607 1192 praecedentia
1628 1149 1710 1181 inter
1727 1148 1854 1181 contra-

406 1211 471 1242 tres
495 1206 622 1240 Ioannis
646 1206 705 1239 Dei
731 1210 760 1239 et
786 1206 897 1238 fratres
922 1204 1080 1239 Ordinum
1112 1203 1378 1244 Mendicantium‚
1405 1203 1466 1235 617
1493 1213 1511 1234 a
1536 1205 1566 1235 ct
1596 1202 1622 1234 b.
1655 1201 1854 1245 Presbyteris

408 1269 489 1305 quae
515 1260 620 1293 officia
645 1261 797 1293 committi
818 1261 944 1303 queant,
970 1259 1032 1291 059
1057 1268 1087 1290 a.

314 1314 526 1359 Congregatio
549 1314 774 1348 Monacborum
799 1313 930 1348 Ordinis
955 1312 984 1345 S.
1003 1310 1168 1344 Benedicti
1191 1309 1410 1343 Helvetiorum
1435 1307 1475 1342 ab
1500 1307 1744 1343 Ordinariorum
1762 1310 1855 1343 iuris-

404 1368 546 1402 dictione
572 1372 732 1411 exempta,
759 1367 821 1400 138
846 1377 876 1399 α.

315 1420 528 1465 Congregatio
553 1420 691 1456 Oratorii
717 1421 875 1465 Aquensis
900 1421 931 1453 111
949 1419 1124 1461 Provincia,
1146 1419 1254 1452 unitur
1270 1416 1508 1460 congregationi
1529 1414 1668 1450 Oratorii
1685 1416 1854 1450 Parisiensi

407 1475 467 1509 461
495 1474 521 1508 b.
832 1515 835 1521 ἡ

316 1529 528 1572 Congregatio
541 1526 679 1562 Oratorii
700 1526 829 1560 PariSiis
850 1529 964 1566 erecta,
981 1527 1020 1560 46
1035 1536 1063 1559 a.
1081 1525 1118 1559 Ei
1136 1526 1244 1559 unitur
1260 1525 1486 1558 monasterium
1501 1523 1533 1557 B.
1548 1523 1663 1557 Mariae
1682 1524 1721 1557 de
1738 1524 1856 1558 Castel-

406 1582 493 1615 lariis
525 1570 655 1616 Ordinis
680 1579 919 1619 Cisterciensis⁷
947 1579 1024 1611 ibid.
1050 1579 1084 1612 Et
1111 1580 1384 1611 communicantur
1415 1579 1582 1621 prixilegia
1612 1577 1854 1621 Congregationi

402 1634 564 1669 Romanae
583 1643 742 1674 concessa,
762 1634 823 1666 273
846 1634 873 1665 b.
892 1633 1003 1666 Eidem
1022 1634 1128 1665 unitur
1146 1632 1357 1674 Congregatio
1378 1630 1517 1665 Orator-ii
1545 1632 1714 1675 Aquensis,
1741 1632 1799 1664 461
1828 1631 1854 1664 b.

315 1688 526 1732 Congregatio
551 1697 648 1732 super
673 1686 851 1720 confinibus
876 1686 981 1720 Status
1006 1686 1221 1719 Ecclesiastici
1245 1684 1284 1718 ab
1309 1684 1436 1718 Urbano
1462 1683 1530 1717 Vltl
1555 1687 1712 1726 instituta,
1738 1685 1802 1718 660
1826 1695 1855 1718 α.

407 1741 529 1776 Causae
555 1741 593 1775 ab
619 1750 656 1774 ea
681 1740 934 1784 cognoscendae,
961 1740 1023 1773 600
1049 1739 1074 1771 b.

317 1796 528 1839 congregatio
547 1795 604 1838 (S.)
626 1794 758 1828 Concilii
773 1793 919 1827 decernit
940 1794 1089 1833 elericos,
1108 1793 1161 1836 qui
1177 1793 1327 1826 incedunt
1345 1793 1375 1825 in
1393 1791 1502 1826 babitu
1520 1796 1549 1826 et
1571 1795 1697 1825 tonsura
1715 1792 1856 1835 gaudere

402 1849 570 1895 privilegio
588 1850 656 1890 fori,
673 1849 747 1882 licet
763 1850 894 1882 servitio
913 1847 1082 1891 peculiaris
1099 1847 1253 1880 ecelesiae
1275 1856 1336 1879 non
1355 1848 1417 1879 sint
1441 1846 1570 1886 addicti,
1597 1846 1659 1879 104
1676 1856 1704 1879 a.
1723 1845 1857 1880 Decreta

405 1905 505 1948 ipsius
530 1914 586 1947 pro
610 1902 834 1936 reformatione
860 1901 1076 1944 Regularium,
1096 1900 1165 1933 risle
1188 1900 1248 1933 201
1275 1911 1295 1932 a
1320 1904 1350 1933 et
1373 1910 1454 1943 seqq.
1478 1899 1612 1932 Decreta
1640 1901 1733 1933 etiam
1759 1910 1857 1943 super

405 1957 620 1992 celebratione
646 1958 826 1997 missarum7
853 1964 1027 1999 earumque
1052 1953 1205 1988 oneribus
1236 1953 1480 1994 satisfaciendis,
1506 1952 1577 1985 ride
1601 1953 1664 1986 336
1691 1953 1708 1984 b
1729 1956 1758 1986 et
1774 1964 1855 1997 seqq.

406 2012 590 2056 Sequuntur
615 2009 713 2044 dubia
738 2014 769 2043 et
793 2009 1026 2042 declarationes
1051 2009 1134 2041 edita
1159 2017 1256 2050 super
1281 2007 1419 2039 decretis
1437 2006 1580 2039 eiusdem
1601 2007 1856 2049 congregationis

407 2064 447 2097 de
464 2063 678 2098 celebratione
695 2065 874 2103 missarum⁷
893 2062 955 2095 340
972 2073 1053 2106 seqq.
1068 2061 1218 2094 Decernit
1231 2061 1307 2094 sede
1323 2060 1498 2104 episcopali
1516 2064 1647 2092 vacante
1668 2060 1748 2092 duos
1772 2061 1857 2093 xica-

405 2119 469 2152 rios
492 2118 684 2161 capitulares
701 2116 776 2160 eligi
794 2126 855 2149 non
877 2125 981 2159 posse,
996 2115 1058 2148 363
1077 2114 1102 2147 b.
1128 2114 1274 2147 Declarat
1299 2116 1483 2157 episcopum
1506 2122 1597 2156 posse
1623 2115 1653 2146 in
1679 2113 1855 2156 regulares,

406 2172 461 2216 qui
485 2180 594 2204 curam
619 2172 798 2203 animarum
822 2169 1013 2203 secularium
1039 2172 1190 2202 exercent
1216 2169 1245 2200 in
1273 2177 1329 2201 sua
1354 2168 1505 2206 dioecesi,
1534 2167 1645 2199 eadem
1671 2169 1856 2201 auctoritate

404 2225 450 2258 uti
474 2233 536 2268 qua
561 2225 593 2256 in
619 2223 772 2267 parochos
790 2222 951 2257 seculares
972 2223 1076 2267 quoad
1098 2232 1134 2255 ea
1157 2232 1237 2267 quac
1256 2223 1372 2256 dictam
1393 2231 1500 2255 euram
1524 2225 1728 2263 concernunt,
1748 2222 1809 2255 458
1827 2233 1855 2265 α,

407 2286 524 2322 eosque
549 2276 742 2320 compellere
767 2278 910 2310 censuris
936 2280 965 2309 et
989 2278 1101 2320 poenis
1127 2286 1143 2309 a
1169 2276 1284 2321 quibus
1309 2275 1430 2308 absolvi
1457 2285 1517 2307 non
1537 2279 1666 2317 possunt
1686 2284 1702 2307 a
1722 2277 1788 2308 suis
1808 2286 1857 2309 su-

406 2328 586 2373 perioribus
612 2330 674 2363 458
700 2329 733 2368 b;
761 2333 791 2363 et
815 2329 979 2373 regulares
1004 2331 1096 2363 etiam
1116 2332 1146 2362 in
1165 2330 1263 2363 indiis
1280 2329 1412 2362 subesse
1430 2330 1600 2361 visitationi
1621 2332 1652 2361 et
1668 2330 1856 2363 correctioni

408 2383 549 2426 episcopi
573 2384 605 2416 in
641 2382 691 2416 his
723 2392 804 2427 quae
830 2382 869 2416 ad
895 2383 1012 2416 dictam
1037 2393 1147 2416 euram
1173 2386 1332 2427 pertinent
1349 2384 1411 2421 53]
1436 2383 1462 2415 b.
1488 2383 1591 2426 ipsius
1618 2382 1746 2416 decreta
1771 2384 1856 2416 circa

407 2438 642 2470 matrimonium
667 2437 891 2470 contrahentes
918 2440 948 2470 et
971 2436 1167 2470 domicilium
1194 2441 1360 2477 mutantes,
1387 2436 1447 2469 591
1475 2435 1501 2468 b.

319 2489 482 2524 Conradus
507 2489 564 2534 (S.)
590 2490 688 2524 Tertii
712 2490 844 2525 Ordinis
869 2490 898 2523 S.
923 2490 1093 2531 Francisci‚
1119 2491 1182 2523 370
1207 2501 1236 2522 a.
1544 2490 1547 2492 ’

320 2543 501 2578 Conventus
526 2545 600 2578 novi
624 2555 686 2578 non
712 2545 859 2589 erigendi
883 2546 952 2578 sine
968 2544 1097 2579 licentia
1121 2544 1293 2589 Ordinarii‚
1312 2546 1374 2579 200
1399 2555 1436 2585 α;
1455 2547 1485 2578 et
1505 2544 1652 2578 licentiae
1678 2544 1855 2578 contrariae

407 2600 608 2641 revocantur,
633 2597 711 2632 ibid.
