2269 3235
253 254 300 281 ΛΠ.
317 253 344 281 C.
371 254 434 282 1028

291 1643 370 1663 Petitur
386 1649 432 1663 con-

251 1670 347 1689 firmatio.

271 2069 381 2090 Confirmat
397 2071 432 2090 [³1⁴-

249 2097 322 2116 hauns.

482 246 544 279 ‘1041

493 303 697 336 illustrissimi
718 308 748 336 ct
771 302 1023 336 reverendissimi
1048 303 1186 337 domini¹

450 357 559 390 doctor
578 357 608 389 D.
627 356 769 400 Aloysius
783 356 821 388 dc
835 357 879 388 las
894 357 1026 389 lnsantas
1040 363 1069 390 et
1082 356 1190 391 Saave-

449 410 503 442 dra
513 409 751 442 archidiaconus
762 414 788 441 ct
802 410 970 442 canonicus
980 411 1187 451 tlalacitanae,

449 473 484 495 ae
508 473 604 503 agens
629 462 784 503 generalis
806 462 1009 495 ecclesiarum
1031 463 1189 507 Hispania-

450 526 518 548 rum
540 516 692 559 supplicat
712 516 785 549 huic
809 527 916 549 sacrae
936 517 1187 561 Congregationi,

449 568 594 610 dignetur
611 569 784 602 declarare:
800 570 845 603 An
866 570 998 603 clericus
1016 570 1045 603 in
1062 570 1189 603 minori-

449 621 506 654 bus
519 622 714 663 constitutus,
725 628 794 656 actu
807 623 945 656 serviens
957 624 1106 657 ecclesiae
1115 635 1186 657 cum

449 674 555 707 habitu
567 680 596 707 et
610 677 738 708 tonsura
752 675 782 708 in
796 676 969 710 ministerio
983 677 1130 709 sacristae
1140 678 1187 709 vel

449 727 582 771 simplici
608 729 820 772 cappellaniae
837 729 974 770 servitio,
993 740 1047 763 seu
1067 741 1126 774 pro
1144 730 1188 763 iu-

450 791 525 813 vene
543 781 631 815 cliori
649 793 685 814 ex
702 783 915 816 nominatione
935 783 1044 816 decani
1061 788 1091 816 et
1108 784 1188 827 capi—

450 835 514 875 tuli,
535 835 672 877 gaudere
696 836 806 868 debeat
830 836 994 879 privilegio
1019 836 1078 870 sori
1102 836 1187 869 iuxta

448 888 599 932 disposita
615 900 632 921 a
649 889 787 922 Concilio
804 889 984 922 Tridentino
1004 889 1036 922 in
1053 900 1119 933 cap.
1138 900 1186 930 w,

449 952 522 974 sess.
538 952 625 981 xxm,
640 952 696 985 pro
711 953 910 986 quocumque
928 943 1021 975 etiam
1037 943 1186 976 atrociori

448 994 572 1034 delicto,
597 995 685 1027 cuius
714 995 837 1038 punitio
865 994 904 1027 ad
928 994 1063 1028 iudicem
1087 996 1187 1028 eccle-

449 1047 607 1080 siasticum
645 1048 801 1091 pertinet,
833 1058 896 1081 non
927 1048 1069 1081 obstante
1104 1049 1187 1092 quod

449 1100 628 1133 huiusmodi
652 1101 824 1134 nominatio
843 1106 872 1134 et
892 1101 1051 1145 deputatio
1069 1102 1187 1135 servitii

448 1154 598 1187 ccclesiae
616 1154 694 1187 sacta
714 1165 777 1187 non
801 1154 839 1187 sit
862 1155 900 1187 ab
924 1155 1153 1199 episcopo‚‘sed
1170 1167 1187 1189 a

449 1207 593 1251 capitulo.
621 1208 715 1241 Sacra
743 1208 951 1252 Congregatio
982 1209 1185 1242 cardinalium

448 1261 577 1294 Concilii
594 1261 767 1294 Tridentini
784 1261 1002 1305 interpretum,
1020 1262 1187 1296 inhaerens

449 1314 714 1348 declarationibus
731 1315 805 1348 alias
823 1316 922 1358 editis,
940 1317 1112 1361 respondit,
1130 1318 1188 1350 cle-

448 1368 549 1401 ricum
565 1395 572 1408 ,
601 1369 655 1412 qui
682 1369 823 1402 habitum
848 1375 878 1402 et
902 1374 1064 1403 tonsuram
1089 1370 1187 1404 desert

449 1421 636 1462 clericalem,
654 1428 683 1455 et
707 1422 798 1455 alicui
824 1423 972 1456 ecclesiae
997 1423 1136 1465 inservit,
1153 1424 1188 1456 li-

449 1480 497 1508 cet
519 1485 581 1508 non
606 1475 813 1519 praecesserit
833 1476 1013 1509 mandatum
1038 1477 1187 1521 episcopi,

449 1528 564 1561 debere
596 1532 697 1562 tamen
733 1529 870 1572 gaudere
885 1568 888 1571 Δ
901 1530 961 1563 sori
986 1530 1187 1564 ecclesiastici

449 1581 624 1625 privilegio.
640 1601 682 1606 —
695 1583 858 1616 Amemus
872 1583 955 1616 card.
973 1583 1153 1624 CAETANUs3

493 1637 508 1680 ξ
532 1636 561 1669 2.
586 1637 755 1681 Cupiatque
781 1642 885 1670 autem
909 1637 1009 1671 dictus
1033 1638 1187 1683 Aloysius,

449 1700 507 1732 pro
524 1689 635 1722 maiori
656 1690 772 1723 decreti
790 1690 970 1723 huiusmodi
988 1691 1187 1724 subsistentia

449 1747 479 1775 et
498 1742 662 1783 validitate,
677 1743 754 1775 illud
771 1743 960 1786 apostolicae
976 1749 1101 1777 nostrae
1118 1755 1189 1778 con-

448 1796 636 1828 firmationis
660 1796 775 1829 robore
800 1797 1005 1837 communiri,
1034 1797 1188 1842 nobisque

448 1848 566 1882 idcirco
579 1849 675 1882 totius
688 1849 764 1882 cleri
782 1849 933 1893 praedicti
945 1850 1072 1883 nomine
1089 1851 1189 1884 humi-

448 1902 519 1935 liter
536 1903 704 1946 supplicari
725 1903 841 1943 fecerit,
858 1908 893 1935 ut
917 1904 1051 1951 desuper
1076 1915 1188 1948 oppor-

450 1961 522 1989 tune
546 1956 713 2000 providere
736 1956 774 1990 de
798 1956 990 2000 benignitate
1014 1958 1187 2002 apostolica

448 2009 669 2053 dignaremur:

494 2064 508 2107 ἓ
532 2062 561 2096 3.
580 2064 653 2105 Nos,
671 2063 867 2106 praedictum
888 2064 1047 2108 Alovsium
1073 2065 1188 2109 specia-

449 2117 530 2150 libus
554 2117 713 2150 favoribus
737 2122 767 2150 et
791 2117 900 2160 gratiis
919 2118 1068 2161 prosequi
1086 2119 1189 2152 volen-

449 2175 511 2211 tes,
537 2175 567 2203 et
596 2181 611 2202 a
644 2170 806 2214 quibusvis
837 2171 1187 2213 excommunicationis,

448 2223 661 2267 suspensionis
685 2228 715 2256 et
739 2223 909 2264 interdicti,
935 2224 1066 2268 aliisque
1090 2225 1187 2258 eccle-

448 2277 580 2310 siasticis
591 2277 909 2318 sententiis,censuris
921 2283 949 2311 et
961 2278 1080 2322 poenis,
1093 2290 1109 2311 a
1120 2279 1187 2312 iure

449 2330 493 2363 vel
509 2330 547 2362 ab
564 2330 702 2371 homine,
720 2330 828 2374 quavis
844 2331 1009 2364 occasione
1029 2332 1076 2364 vel
1094 2334 1187 2365 causa

448 2383 535 2422 latis,
561 2384 586 2416 si
616 2384 730 2427 quibus
754 2384 991 2427 quomodolibet
1023 2385 1189 2419 innodatus

449 2437 561 2478 existit,
579 2438 617 2470 ad
634 2438 779 2471 effectum
797 2439 1011 2482 praesentium
1031 2439 1190 2473 dumtaxat

451 2491 716 2533 vonsequendum,
733 2491 846 2524 harum
860 2492 941 2525 serie
954 2492 1150 2526 absolventes
1161 2497 1190 2527 et

450 2544 628 2576 absolutum
647 2545 712 2577 sore
733 2550 904 2586 censentes,
919 2546 1099 2579 huiusmodi
1119 2558 1190 2591 sup-

487 2617 497 2640 1
517 2615 596 2642 Prius
610 2619 636 2643 et
652 2620 742 2651 postea
764 2616 878 2645 habetur
899 2625 1025 2645 numerus
1045 2617 1188 2653 singularis

449 2661 485 2695 (n.
507 2659 555 2695 r).

1030 256 1206 282 BULLARIUM
1232 256 1385 282 ROMANUM

1223 305 1443 349 plicationibus
1468 305 1623 347 inclinati,
1648 305 1809 340 decretum
1835 307 1959 351 praein-

1222 364 1340 392 scrtum
1365 359 1543 392 huiusmodi
1569 359 1741 403 apostolic-'t
1766 360 1960 401 auctoritate,

1223 417 1330 445 tenore
1354 413 1576 456 praesentium,
1597 413 1811 456 approbamus
1836 418 1866 446 et
1890 424 1962 447 con-

1222 466 1402 507 firmamus,
1427 467 1535 510 illique
1560 466 1747 499 inviolabilis
1770 467 1961 510 apostolicae

1222 520 1378 553 firmitatis
1403 521 1501 553 robur
1525 519 1709 559 adiicimus,
1735 530 1772 552 ac
1798 530 1907 553 omnes
1932 525 1961 553 ct

1222 572 1363 616 singulos
1393 578 1454 606 tarn
1486 573 1563 606 iuris
1588 583 1681 616 quam
1707 572 1778 605 facti
1802 572 1959 615 desectus,

1222 626 1246 658 si
1260 625 1313 669 qui
1327 626 1462 669 desuper
1475 625 1712 669 quomodolibet
1724 625 1959 667 intervenerint,

1221 680 1412 723 supplemus.

1265 732 1280 775 ξς
1303 732 1333 765 4.
1355 732 1574 773 Decernentes,
1592 732 1753 765 decretum
1766 731 1958 772 huiusmodi,

1221 795 1256 817 ac
1280 790 1461 828 praesentes
1485 785 1605 817 litteras
1636 784 1773 825 validas,
1797 784 1906 817 firmas
1930 790 1960 817 ct

1221 838 1362 871 efficaces
1386 838 1518 871 existere
1542 843 1572 871 et
1595 838 1671 878 sore,
1697 848 1832 881 suosque
1856 837 1960 881 plena-

1221 891 1285 924 rios
1309 896 1339 924 et
1364 891 1504 934 integros
1528 891 1657 925 effectus
1681 891 1787 924 sortiri
1820 896 1850 923 et
1878 891 1960 925 obti-

1221 953 1313 983 nere,
1342 953 1378 976 ac
1409 944 1571 984 omnibus,
1596 954 1675 987 quos
1707 948 1901 977 concernunt
1931 948 1961 976 et

1221 1001 1411 1029 concernent
1427 997 1663 1039 quomodolibet
1679 997 1710 1029 in
1727 998 1880 1038 futurum,
1893 998 1960 1041 ple-

1221 1049 1349 1082 nissime
1374 1049 1554 1092 suffragari3
1579 1050 1686 1093 sicque
1709 1061 1765 1093 per
1796 1061 1961 1094 quoscum-

1221 1112 1283 1146 que
1301 1101 1419 1135 iudices
1435 1102 1611 1135 ordinarios
1628 1106 1658 1135 et
1677 1102 1847 1146 delegatos,
1867 1104 1960 1137 etiam

1222 1166 1388 1189 causarum
1411 1155 1517 1199 palatii
1542 1155 1705 1199 apostolici
1725 1155 1896 1197 auditores,
1913 1157 1960 1189 iu-

1221 1208 1319 1242 dicari
1348 1213 1378 1242 et
1405 1208 1530 1242 definiri
1554 1209 1686 1249 debere,
1711 1219 1747 1241 ac
1778 1209 1903 1244 irritum
1932 1216 1962 1244 et

1221 1264 1322 1303 inane,
1339 1263 1363 1296 si
1380 1273 1470 1296 secus
1487 1273 1582 1307 super
1598 1263 1647 1296 his
1664 1273 1682 1295 a
1698 1273 1867 1307 quoquam,
1888 1274 1962 1309 qua-

1221 1316 1266 1349 vis
1296 1316 1502 1357 auctoritate,
1532 1316 1666 1349 scienter
1696 1317 1744 1349 vel
1768 1317 1960 1360 ignoranter,

1221 1369 1387 1412 contigerit
1403 1369 1556 1402 attentari.

1265 1423 1280 1466 ἓ
1311 1422 1340 1456 5.
1365 1423 1435 1456 Non
1465 1422 1659 1456 obstantibus
1687 1423 1961 1457 constitutionibus

1221 1480 1251 1510 et
1270 1476 1520 1510 ordinationibus
1537 1476 1727 1520 apostolicis,
1744 1487 1789 1518 ac,
1806 1482 1960 1520 quatenus

1220 1540 1298 1574 opus
1311 1530 1360 1571 sit,
1377 1529 1477 1563 dictae
1491 1530 1639 1563 ecclesiae
1652 1530 1759 1574 (etiarn
1772 1531 1960 1572 iuramento,

1221 1583 1459 1617 confirmatione
1474 1584 1655 1627 apostolica,
1673 1584 1721 1616 vel
1738 1585 1847 1627 quavis
1864 1584 1961 1617 firmi-

1220 1643 1281 1671 tate
1299 1637 1359 1669 alia
1379 1637 1551 1681 roboratis)
1572 1637 1694 1670 statutis
1718 1642 1747 1670 et
1764 1638 1961 1671 consuetudi-

1220 1691 1323 1731 nibus,
1334 1691 1510 1734 ceterisque
1520 1691 1686 1724 contrariis
1696 1691 1959 1736 quibuscumque.

1264 1745 1375 1778 Datum
1393 1745 1521 1783 Romae,
1539 1744 1621 1788 apud
1637 1744 1666 1778 S.
1684 1745 1821 1786 Petrum,
1839 1745 1896 1778 sub
1910 1756 1961 1778 an-

1220 1798 1295 1831 nulo
1313 1797 1491 1838 Piscat01·iS‚
1507 1796 1558 1830 die
1581 1807 1624 1831 xx
1649 1797 1782 1830 ianuarii
1807 1808 1959 1840 nncxxm

1221 1850 1422 1896 pontificatus
1446 1851 1546 1884 nostri
1571 1861 1653 1884 anno
1674 1861 1693 1883 1.

1257 1913 1315 1941 Dat.
1333 1913 1376 1941 die
1396 1913 1430 1940 20
1450 1912 1568 1940 ianuarii
1583 1913 1662 1947 1624,
1684 1913 1780 1949 pontif.
1804 1922 1847 1941 an.
1869 1921 1886 1941 1.

1532 2048 1648 2082 XXVII.

1220 2120 1364 2163 Professi
1377 2120 1413 2152 in
1425 2120 1672 2163 conyreyatione
1685 2119 1882 2153 Clericorum
1901 2120 1960 2154 Re-

1263 2174 1433 2216 qularium
1458 2173 1723 2206 Ministrantium
1749 2173 1903 2215 infirmis,
1924 2175 1961 2206 in

1265 2226 1411 2260 domibus
1432 2226 1664 2267 novitz'acuum,
1680 2226 1730 2259 vel
1749 2227 1827 2260 aliis
1841 2227 1960 2260 distin-

1265 2280 1324 2313 ctis
1344 2278 1500 2319 domibus,
1524 2279 1621 2312 donec
1641 2279 1683 2312 ad
1702 2290 1808 2313 sacros
1832 2279 1961 2313 ordines

1263 2336 1526 2377 promoveantur,
1554 2342 1592 2365 esc
1616 2332 1755 2366 illarum
1780 2332 1961 2366 redditibus

1266 2386 1370 2419 vivere
1391 2385 1555 2430 posszmc¹.

1259 2485 1269 2511 1
1284 2483 1320 2511 De
1331 2486 1453 2518 tempore
1464 2482 1626 2510 emittendae
1637 2483 1812 2518 professionis
1822 2483 1855 2511 ab
1865 2483 1962 2511 utrius-

1221 2537 1273 2565 que
1289 2537 1367 2556 sexus
1386 2528 1556 2563 regularibus
1577 2528 1669 2556 statuit
1684 2528 1832 2556 Concilium
1847 2528 1961 2556 Triden-

1222 2574 1305 2601 tinum
1325 2581 1391 2601 sess.
1409 2579 1480 2608 xxv,
1497 2581 1557 2609 cap.
1577 2580 1621 2600 xv.
1645 2573 1678 2600 Et
1700 2573 1733 2600 de
1758 2573 1808 2601 hae
1831 2573 1961 2608 religione

1222 2618 1305 2645 habes
1326 2618 1444 2645 indicata
1464 2617 1497 2645 ad
1513 2618 1605 2645 Const.
1621 2624 1695 2645 xxxv
1709 2617 1774 2645 Sixti
1787 2617 1818 2653 V,
1834 2617 1882 2645 Ea:
1900 2625 1959 2645 om-

1220 2663 1319 2698 nibus,
1332 2666 1396 2691 tom.
1413 2669 1471 2697 vm,
1488 2670 1549 2698 pag.
1566 2663 1628 2691 669.

1978 259 2026 286 An.
2043 258 2071 287 C.
2090 259 2157 287 16²4

2014 746 2158 774 opportunas·

1975 778 2016 797 que
2070 774 2158 798 apponit

1975 799 2087 819 clausulas.

2012 1433 2038 1454 Et
2053 1433 2159 1454 contraria

1976 1461 2037 1481 tollit.
