2269 3235
112 254 162 292 A‘n.
182 262 210 292 c.
228 262 296 291 1628

126 590 205 610 nonnae
215 589 292 614 degen-

108 617 164 637 tibus
188 618 208 637 et
231 620 291 641 prae-

107 643 186 668 scripta
206 642 239 662 hic
255 647 292 667 pc-

109 669 228 695 tangentibus
244 674 292 688 onc-

108 701 132 716 τα
151 695 245 716 Pontifex
261 700 292 714 in-

109 721 236 745 dulgentiam
249 721 292 746 ple-

108 748 189 769 nariam
216 748 291 772 elargi-

109 777 148 795 tur.

505 216 531 232 θ’·

913 260 1055 284 URBANUS
1079 260 1134 283 vin
1158 260 1205 283 1¹1³.

301 309 390 343 nium
410 309 520 342 matris
544 314 574 342 et
598 310 765 352 magistrae
791 318 888 350 more,
908 308 938 340 in
957 318 1044 352 prae-

304 362 444 396 sentibus
468 362 717 403 necessitatibus,
734 361 873 394 eiusdem
889 361 1043 393 Ecclesiae

305 417 469 450 thesauros
484 443 491 457 ‚
516 427 651 460 quorum
682 415 912 459 dispensatores
936 424 953 445 a
978 414 1040 446 Uo-

306 470 391 504 mino
416 469 575 503 constituti
594 479 712 508 sumus,
730 467 872 511 proferre
889 471 919 499 ct
938 466 1045 509 largis-

307 523 385 556 sime
410 533 542 566 crogare
566 521 770 555 decrevimus.

351 577 366 619 ἓ
391 576 419 608 ’1.
445 577 561 618 ltaque,
578 585 614 607 ex
636 578 724 618 parte
750 571 973 615 omnipotentis
991 571 1043 603 Dei

306 629 406 662 Patris
431 634 461 662 et
484 628 554 661 Filii
579 632 609 660 et
633 626 770 670 Spiritus
791 626 888 658 sancti
903 653 910 666 ,
936 635 1044 657 omnes

307 687 337 715 et
361 682 501 725 singulos
532 680 676 723 utiusque
701 689 792 712 sexus
817 678 1044 717 christifideles,

307 741 370 768 tam
390 735 421 768 in
439 735 521 767 alma
539 733 622 766 Urbe
639 734 757 772 nostra,
774 741 867 775 quam
889 732 964 764 alibi
982 732 1046 764 ubi-

308 799 442 832 cumque
471 788 614 820 locorum
639 785 846 827 constitutos,
872 785 1045 828 apostolica

306 840 490 874 auctoritate
510 843 648 883 paterne,
667 839 818 882 enixeque
844 839 1045 882 requirimus,

305 903 480 935 monemus,
506 897 537 925 et
561 893 594 924 in
618 892 751 925 Domino
777 891 984 924 adhortamur
1008 891 1045 923 ad

306 946 504 989 infrascripta
528 945 638 978 devote
660 944 874 988 peragendum
899 949 928 977 et
952 944 1047 977 adim-

305 998 464 1042 plendum,
481 1009 516 1031 ac
530 998 566 1030 ad
584 999 681 1031 Deum
700 998 886 1031 salvatorem
903 1002 1045 1031 nostrum

306 1051 482 1094 orandum,
507 1056 542 1084 ut
570 1061 628 1095 per
658 1051 778 1084 viscera
811 1050 1046 1083 misericordiae

307 1115 380 1138 suae
406 1104 499 1137 fidem
525 1104 710 1137 catholicam
737 1108 903 1147 protegere
928 1105 966 1136 ab
990 1105 1046 1137 ho-

307 1159 401 1192 stium
420 1158 594 1199 conatibus,
612 1163 641 1191 et
655 1158 774 1190 insidiis
788 1158 964 1200 defendere,
979 1158 1048 1190 hae-

307 1213 403 1245 resim
435 1211 617 1255 extirpare,
645 1211 841 1255 principibus
870 1212 1048 1244 christianis

307 1276 416 1310 pacem
438 1270 468 1298 et
492 1276 598 1298 veram
625 1266 827 1298 concordiam
853 1266 988 1306 donare,
1013 1277 1047 1298 ac

307 1319 477 1363 praecipue
501 1319 721 1362 praesentibus
754 1319 911 1352 Ecclesiae
939 1329 1047 1352 ncces-

308 1373 450 1406 sitatibus
467 1372 633 1406 subvenire
651 1373 806 1415 dignetur.
827 1374 889 1406 Nos
910 1372 992 1405 enim
1010 1372 1048 1405 de

308 1426 531 1470 omnipotentis
555 1426 609 1459 Dei
638 1425 854 1458 misericordia
882 1436 917 1459 ac
944 1426 1049 1459 beato-

308 1490 377 1512 rum
403 1479 486 1513 Petri
511 1484 541 1512 et
565 1479 651 1511 Pauli
676 1479 890 1523 apostolorum
917 1479 982 1511 eius
999 1490 1049 1511 au-

308 1532 449 1565 ctoritate
487 1532 617 1572 confisi,
651 1542 687 1564 ex
723 1532 775 1564 illa
810 1532 927 1575 ligandi
956 1538 1048 1575 atque

308 1585 447 1618 solvendi
466 1590 632 1629 potestate,
659 1596 752 1629 quam
776 1585 866 1618 nobis
887 1585 1048 1626 Dominus,

308 1638 429 1670 meritis
453 1639 583 1671 minime
607 1638 868 1681 suffragantibus,
898 1639 1047 1680 contulit,

309 1691 464 1724 universis
499 1698 529 1725 et
564 1691 695 1735 singulis
731 1692 987 1725 christifidelibus
1018 1693 1048 1725 in

308 1746 390 1778 alma
415 1745 498 1778 Urbe
522 1746 661 1789 praefata
693 1745 878 1788 degentibus
893 1773 900 1786 ,
925 1747 978 1790 qui
1003 1757 1049 1779 so—

309 1798 406 1832 lemni
429 1799 634 1842 processioni,
652 1810 744 1843 quam
770 1810 786 1831 a
810 1800 941 1832 basilica
963 1800 1049 1832 Prin-

310 1851 387 1896 cipis
412 1853 627 1895 apostolorum
652 1853 683 1885 in
707 1853 855 1886 Vaticano
886 1853 924 1885 ad
949 1854 1049 1886 eccle-

310 1905 388 1938 siam
414 1906 665 1949 archihospitalis
690 1906 789 1939 nostri
814 1906 843 1939 S.
861 1906 994 1949 Spiritus
1019 1907 1050 1939 in

310 1958 401 1992 saxia
424 1960 595 2003 nuncupati
619 1959 657 1992 de
681 1959 784 2000 Urbe,
810 1960 888 1993 seria
914 1970 944 1992 1v
969 1971 1046 2003 pro-

309 2012 410 2045 ximae
440 2013 657 2046 hebdomadae
689 2013 863 2053 Passionis,
890 2015 953 2045 una
978 2024 1049 2046 cum

310 2065 540 2099 venerabilibus
557 2066 705 2098 fratribus
721 2066 835 2099 nostris
853 2072 977 2099 sanctae
993 2067 1051 2100 Ro-

310 2129 419 2152 manae
443 2119 601 2152 Ecclesiae
626 2119 846 2162 cardinalibus,
868 2120 1051 2153 christiano-

309 2183 445 2216 rumque
477 2182 589 2215 regum
615 2177 645 2205 et
675 2172 855 2216 principum
886 2173 968 2216 apud
994 2183 1050 2206 nos

312 2230 341 2260 el
365 2226 579 2270 Apostolicam
604 2226 715 2260 Sedem
741 2227 931 2266 oratoribus,
949 2227 1051 2259 omni-

312 2279 433 2322 busque
458 2280 606 2323 praelatis
623 2284 653 2312 et
676 2280 873 2323 proceribus,
890 2280 1052 2314 universo<

313 2343 374 2376 que
398 2332 482 2366 clero
499 2338 529 2365 et
547 2334 663 2376 populo
681 2344 820 2375 agemus,
842 2333 1050 2375 interfuerim,
1068 2356 1069 2363 κ

314 2389 366 2419 aut
390 2385 443 2428 qui
464 2385 623 2428 praedicta
643 2386 691 2418 vel
716 2386 801 2418 illam
819 2386 960 2429 sequenti
978 2387 1052 2420 heb-

314 2438 448 2472 domada
478 2438 601 2471 easdem
630 2438 793 2471 basilicam
826 2443 855 2471 et
886 2440 1050 2472 ecclesiam

315 2492 425 2525 saltem
450 2492 547 2524 semel
570 2492 774 2533 visitaverint,
798 2493 906 2537 ibique
930 2494 1051 2534 devote,

315 2604 345 2632 et
369 2609 421 2641 vl,
446 2610 481 2632 ac
506 2599 634 2633 sabbato
658 2601 796 2633 eiusdem
824 2601 870 2634 vel
895 2602 1053 2644 sequentis

314 2652 529 2686 hebdomadae
553 2652 769 2696 ieiunaverint,
795 2659 825 2688 et
848 2659 974 2698 peccata
999 2665 1073 2688 sua·

1079 307 1210 340 confessi
1237 307 1361 346 fuerint,
1383 311 1474 349 atque
1500 305 1530 338 in
1560 305 1663 349 primo
1688 305 1737 338 die
1762 306 1815 338 do-

1080 361 1194 394 minico
1221 361 1265 393 vel
1293 361 1450 400 secundo,
1476 370 1530 391 scu
1556 360 1662 393 sallem
1689 360 1749 391 alio
1774 360 1815 391 ‹ti-

1079 418 1198 447 clarum
1220 414 1487 447 lirlnlonuulariuu
1507 414 1566 453 die,
1584 413 1814 445 sanctissimum

1078 467 1291 499 Eucharistiae
1305 473 1533 499 sacraiueutuiu
1549 472 1817 499 reverentersum-

1079 519 1207 562 pserint,
1225 525 1254 551 et
1271 521 1483 563 eleemosynas
1509 520 1544 551 :ul
1571 520 1703 559 libitum,
1723 524 1814 563 prout

1079 572 1213 605 charitas
1238 573 1369 614 singulis
1394 573 1594 615 suggesserit,
1614 572 1757 611 fir-cerium

1124 626 1138 668 ξ
1162 626 1190 658 ⁶2.
1216 626 1332 658 Ceteris
1358 637 1431 658 vero
1463 627 1607 659 omnibus
1633 632 1661 658 et
1686 626 1816 669 singulis

1080 679 1223 711 fidelihus
1247 684 1335 711 extra
1356 680 1469 712 Urbem
1489 679 1692 711 existentibus
1710 680 1738 711 in
1753 679 1817 723 qui-

1079 732 1184 765 busvis
1209 731 1396 774 civitatibus,
1415 732 1506 764 terris
1524 737 1553 764 et
1578 732 1663 772 loeis,
1680 733 1732 775 qui
1749 744 1818 776 pro-

1080 785 1212 818 cessioni
1229 785 1267 817 ab
1284 785 1456 817 Ordinariis
1473 785 1628 825 locorum,
1643 786 1688 817 vel
1707 796 1817 818 eorum

1080 838 1226 880 vicariis,
1253 848 1308 870 scu
1340 838 1547 875 officialibus,
1573 839 1620 869 vel
1645 838 1682 870 ‹le
1708 849 1817 871 eorum

1080 892 1237 931 mamiato,
1259 896 1298 932 et,
1324 891 1398 934 ipsis
1422 891 1648 931 deficientibus,
1673 901 1730 934 per
1755 902 1818 931 eos,

1081 945 1132 988 qui
1152 945 1193 977 ibi
1215 955 1322 977 curam
1348 945 1525 977 animarum
1544 949 1700 984 exercent,
1718 945 1819 988 prima

1082 1000 1126 1032 vel
1150 999 1285 1032 secunda
1306 998 1515 1038 hebdomada,
1532 1003 1697 1042 postquam
1716 999 1753 1031 ad
1771 1009 1820 1031 co—

1082 1064 1151 1085 rum
1176 1053 1318 1085 notitiam
1344 1053 1401 1085 hae
1424 1058 1549 1085 nostrae
1583 1053 1704 1086 litterae
1728 1053 1820 1085 deve-

1082 1106 1194 1148 nerint,
1213 1106 1396 1139 indicendae
1413 1111 1442 1138 et
1457 1106 1596 1148 agendae
1614 1106 1819 1148 interfuerint,

1065 1161 1128 1192 ,vel
1157 1160 1321 1193 ecclesiam
1352 1170 1405 1192 seu
1434 1160 1582 1192 ecclesias
1609 1171 1665 1203 per
1694 1161 1820 1193 eosdem

1081 1213 1289 1256 designandas
1306 1214 1415 1246 saltem
1433 1213 1529 1246 semel
1547 1213 1748 1253 visitaverint,
1767 1214 1822 1246 ibi-

1082 1278 1141 1311 que
1165 1272 1199 1299 ut
1228 1278 1322 1310 supra
1345 1267 1443 1299 Deum
1473 1267 1651 1308 oraverint,
1681 1278 1717 1299 ac
1745 1267 1821 1299 feria

1082 1323 1203 1363 quarm,
1218 1323 1302 1353 sexta
1319 1325 1348 1352 et
1363 1320 1491 1353 sabbato
1505 1321 1633 1352 alterius
1651 1331 1686 1353 ex
1701 1320 1822 1353 duabus

1082 1373 1288 1406 hebdomadis
1305 1373 1342 1405 ab
1360 1373 1477 1405 eisdem
1498 1373 1684 1416 deputandis
1709 1373 1822 1405 ieiuna-

1083 1427 1193 1468 verint,
1210 1426 1390 1470 pariterque
1411 1431 1540 1470 peccata
1557 1437 1612 1459 sua
1630 1427 1762 1459 confessi
1787 1437 1822 1459 ac

1082 1480 1276 1513 sanctissima
1302 1480 1524 1512 communione
1554 1480 1661 1513 refecti
1686 1480 1821 1518 suerint,

1083 1539 1113 1566 et
1136 1534 1349 1577 eleemosynas
1375 1533 1519 1565 similiter
1542 1544 1601 1577 pro
1619 1534 1748 1567 arbitrio
1766 1545 1822 1567 suo

1083 1587 1222 1627 fecerint,
1237 1587 1450 1630 plenissimam
1465 1587 1605 1619 omnium
1620 1592 1821 1630 pcccatorum

1083 1651 1213 1673 suorum
1238 1640 1464 1682 indulgentiam
1485 1645 1514 1672 et
1534 1640 1763 1680 remissionem,
1785 1641 1823 1673 si-

1083 1697 1134 1726 eut
1158 1693 1190 1725 in
1219 1703 1300 1725 anno
1333 1692 1461 1725 iubilaei
1495 1692 1691 1725 visitantibus
1723 1698 1823 1725 certas

1083 1746 1229 1779 ecclesias
1244 1746 1324 1778 intra
1338 1751 1367 1778 ct
1382 1751 1469 1778 extra
1482 1746 1595 1778 Urbem
1611 1746 1739 1778 concedi
1754 1756 1824 1778 con-

1083 1799 1193 1839 suevit,
1212 1805 1319 1838 tenore
1345 1799 1560 1842 praesentium
1577 1799 1779 1832 concedimus
1795 1804 1825 1831 et

1083 1854 1265 1896 elargimur.

1129 1908 1143 1951 ξ
1167 1907 1196 1940 3.
1222 1907 1408 1950 Navigantes
1425 1917 1510 1948 vero,
1532 1911 1585 1939 aut
1609 1907 1667 1940 iter
1687 1912 1823 1949 agentes,

1084 1966 1118 1993 ut
1137 1971 1207 1993 cum
1233 1961 1372 2004 primum
1390 1960 1428 1992 ad
1446 1971 1501 1992 sua
1521 1971 1588 1993 sese
1604 1960 1762 1993 domicilia
1778 1971 1826 1993 re-

1085 2014 1233 2057 ceperint,
1259 2013 1481 2056 suprascriptis
1507 2013 1655 2046 omnibus
1678 2013 1824 2056 peractis,

1085 2073 1118 2100 ut
1138 2078 1243 2111 supra,
1266 2067 1406 2099 eamdem
1424 2067 1650 2110 indulgentiam
1676 2067 1824 2110 consequi

1084 2121 1204 2164 possint
1228 2125 1257 2153 et
1281 2121 1418 2160 valeant;

1129 2174 1143 2216 g
1160 2173 1189 2206 lt.
1204 2173 1413 2216 Regularibus
1434 2177 1537 2205 autem
1557 2173 1700 2216 personis
1713 2173 1826 2206 utrius-

1085 2237 1145 2269 que
1171 2237 1272 2267 sexus,
1294 2227 1323 2258 in
1350 2227 1494 2258 claustris
1510 2231 1662 2269 perpetuo
1688 2226 1826 2269 degenti-

1085 2281 1153 2320 bus,
1167 2291 1289 2313 necnon
1303 2280 1371 2312 aliis
1384 2280 1645 2323 quilniscumque‚
1660 2284 1720 2313 tam
1739 2280 1825 2313 laicis

1085 2344 1177 2377 quam
1203 2333 1376 2376 religiosis,
1403 2334 1597 2366 secularibus
1622 2344 1675 2365 scu
1701 2334 1824 2376 regula—

1085 2387 1192 2429 ribus,
1220 2387 1250 2419 in
1276 2397 1401 2420 carcere
1428 2390 1479 2419 aut
1505 2387 1535 2418 in
1559 2387 1736 2430 captivitate
1760 2387 1825 2419 cxi-

1086 2441 1248 2481 stcntibus,
1265 2441 1313 2473 vel
1337 2441 1441 2483 aliqua
1467 2440 1609 2483 corporis
1635 2441 1826 2481 infirmitate,

1069 2506 1141 2543 ¹scu
1166 2495 1226 2528 alio
1251 2504 1453 2538 quocumque
1471 2494 1696 2537 impedimento
1723 2494 1828 2527 deten-

314 2551 349 2579 ut
373 2557 491 2590 supra,
516 2547 614 2580 Deum
648 2547 828 2588 oraverint,
852 2559 887 2581 ac
920 2549 995 2581 seria
1020 2551 1071 2581 1v‘

1087 2548 1135 2590 tis,
1157 2548 1209 2591 qui
1235 2558 1329 2591 supra
1354 2557 1509 2590 expressa,
1528 2548 1575 2580 vel
1592 2558 1703 2580 eorum
1723 2547 1826 2591 aliqua

1087 2606 1249 2645 praestare
1284 2600 1501 2644 nequiverint,
1528 2605 1561 2633 ut
1597 2601 1826 2640 confessarius,

1088 2665 1181 2698 quem
1206 2658 1239 2688 ut
1263 2654 1343 2687 infra
1368 2654 1529 2696 elegerint,
1547 2654 1705 2698 praedicta
1722 2654 1827 2687 omnia

1715 249 1779 281 655
1824 258 1874 285 An.
1897 258 1924 285 C.
1944 257 2011 285 1628

1858 640 1879 660 ln
1894 641 1941 661 :alm>
1952 640 2014 659 ctiam

1832 667 1952 687 civitatibus
1961 672 2015 686 eom·

1833 694 1969 714 iuurautibu‘.

1903 1919 2025 1945 Naviganu-

1840 1946 1886 1968 bus,
1901 1948 1941 1966 etc.

1874 2185 2023 2209 Regularttius.

1841 2214 1937 2237 captuis.
1953 2214 1993 2232 etc.
