2269 3235
105 259 153 286 Αη.
168 258 195 285 C.
219 258 288 285 ¹623

123 2139 191 2165 super
203 2138 277 2160 eadem

97 2166 246 2187 familiarum.

920 255 1059 278 URBANUS
1085 255 1139 277 vnl
1164 255 1210 278 [Ψ.

303 311 374 347 tur,
403 315 439 338 ex
468 314 666 349 quacumque
697 303 789 337 causa
813 301 1043 346 quantumlibet

303 358 479 393 necessaria
503 369 538 391 ac
562 357 701 402 qualibet
720 357 779 390 alia
797 355 849 389 hic
865 356 1042 389 necessario

303 410 506 456 exprimenda
521 410 712 451 absentibus,
721 409 850 442 facultas
863 408 1042 452 praestandi

303 475 490 499 consensum
516 463 695 498 huiusmodi
719 472 784 496 non
804 466 970 506 competat,
989 462 1042 495 sed

302 519 454 553 beneficia
477 517 658 552 huiusmodi
690 516 727 549 ad
756 515 890 549 liberam
921 515 1042 549 Sancti-

302 572 372 606 tatis
396 572 476 606 Suae
500 577 530 605 et
553 570 640 605 Sedis
664 569 861 614 Apostolicae
885 569 1060 613 provisio-1

301 636 372 659 nem
397 630 428 658 et
451 623 688 669 dispositionem
723 622 908 667 pertineant.
934 622 1041 655 Decla-

300 689 374 713 rans
384 678 509 722 regulas
522 682 552 711 et
564 676 801 710 constitutiones
811 686 941 709 suorum
955 686 1042 720 prae-

300 732 501 766 decessorum
525 730 618 764 etiam
642 740 660 762 a
683 729 734 763 die
758 739 867 762 earum
896 728 1041 763 editionis

301 791 330 820 et
346 784 589 831 pubblicationis
606 794 700 828 super
716 794 846 817 assensu
858 783 1040 817 huiusmodi

300 839 488 886 praestando
510 839 554 872 sic
579 838 752 872 intellectas
772 843 802 871 et
821 837 1040 881 intelligendas

299 893 403 934 fuisse,
417 892 616 938 irritumque,
627 897 684 925 etc.
699 891 845 926 attentari
857 891 1038 925 decernens.

299 947 460 992 Quodque,
478 947 503 980 si
524 945 676 991 praedicti
700 945 870 979 familiares
894 956 961 978 esse
986 945 1040 978 de-

299 1000 417 1041 sierint,
435 1010 490 1033 seu
514 999 553 1032 ad
577 999 711 1032 aliorum
736 998 942 1031 cardinalium
955 998 1040 1031 fami-

298 1054 465 1087 liaritatem
482 1054 616 1087 similem
641 1053 840 1093 transierint,
861 1052 965 1097 quoad
984 1052 1038 1086 be-

298 1107 423 1149 neficia,
448 1117 526 1151 quae
550 1106 760 1140 familiaritate
783 1106 882 1150 priori
907 1106 1039 1139 durante

299 1161 510 1203 obtinuerint,
539 1166 570 1194 et
593 1160 624 1194 in
655 1160 769 1204 quibus
803 1160 851 1193 vel
876 1160 914 1193 ad
938 1171 1037 1204 quae,

298 1215 398 1259 priori
423 1215 491 1259 ipsa
512 1214 720 1247 familiaritate
744 1213 898 1254 durante,
922 1215 970 1246 ius
994 1215 1038 1247 eis

299 1268 511 1312 competierit,
527 1266 710 1308 cardinales,
728 1277 863 1311 quorum
883 1267 972 1310 prius
992 1267 1037 1299 fa-

299 1321 437 1355 miliares
460 1319 586 1360 fuerint,
611 1330 701 1352 suum
726 1320 861 1353 habeant
885 1320 1037 1354 adhibere

298 1384 493 1407 consensum.
524 1373 692 1406 Declarans
720 1379 899 1417 presentem
925 1375 1037 1407 consti-

296 1426 447 1461 tutionem
478 1426 582 1460 locum
612 1437 674 1460 non
700 1427 817 1460 habere
841 1427 873 1460 in
896 1427 957 1460 illis
980 1428 1035 1461 be-

295 1479 436 1522 neficiis,
462 1490 543 1525 quae
578 1480 747 1514 familiares
782 1481 863 1525 ipsi,
894 1486 1035 1525 tempore

295 1534 398 1569 obitus
422 1544 554 1576 eorum,
579 1534 611 1567 in
642 1534 725 1567 dicta
751 1535 838 1568 curia
869 1535 916 1568 vel
948 1541 1035 1569 extra

295 1598 362 1622 eam
387 1588 574 1629 obtinerent,
595 1592 647 1622 aut
663 1593 754 1622 antea
771 1588 987 1631 obtinuissent,
1005 1595 1034 1623 et

294 1643 415 1676 ratione
445 1642 621 1676 officiorum
652 1652 711 1687 per
746 1653 800 1676 eos
831 1643 1032 1677 obtentorum

294 1695 395 1730 dictae
423 1695 621 1740 dispositioni
652 1696 843 1739 generaliter
875 1703 1034 1731 reservata

294 1750 341 1784 vel
358 1749 467 1784 affecta
479 1750 574 1783 fuisse
590 1755 790 1795 apparerent.
808 1751 937 1785 Necnon
952 1751 1033 1793 illos,

293 1804 396 1848 quoad
412 1804 559 1838 effectum
576 1804 676 1839 dictae
693 1805 935 1848 constitutionis,
949 1807 1034 1840 sami-

293 1858 387 1892 liares
402 1858 586 1893 eorumdem
605 1858 812 1893 cardinalium
830 1860 962 1902 censeri,
979 1861 1033 1906 qui
1048 1843 1052 1876 ¹

293 1912 436 1957 ipsorum
460 1912 665 1946 cardinalium
700 1913 870 1948 familiares
893 1915 1033 1949 continui

294 1966 522 2000 commensales
545 1966 585 2000 ad
603 1967 708 2001 minus
725 1978 781 2012 per
797 1972 932 2012 quatuor
945 1979 1033 2002 men-

293 2030 342 2054 ses
361 2020 454 2054 etiam
475 2026 545 2055 ante
565 2021 791 2056 cardinalatum
811 2022 906 2057 fuisse
922 2023 1035 2068 proba-

293 2079 410 2108 rentur.
436 2075 613 2109 Decernens
637 2075 772 2118 irritum,
798 2082 854 2110 etc,

337 2127 388 2162 33.
414 2129 490 2162 Item
508 2129 591 2163 idem
607 2130 640 2164 D.
659 2130 705 2171 N,
722 2130 761 2163 ad
781 2131 939 2165 evitandas
964 2132 1033 2165 lites

293 2187 324 2215 et
347 2183 579 2225 contentiones,
605 2195 685 2230 quae
710 2195 747 2219 ex
771 2185 951 2230 p1ecedenti
976 2188 1052 2228 sua5

1748 245 1790 279 65
1836 256 1883 282 An.
1901 255 1928 282 c.
1952 256 2018 283 1623

1077 302 1236 336 stitutione
1272 312 1334 335 non
1375 301 1681 345 comprehendantur
1717 303 1818 345 quoad

1077 356 1146 397 hoc,
1168 361 1201 389 ut
1218 356 1248 388 in
1273 355 1506 399 provisionibus
1526 354 1635 387 talium
1652 355 1819 389 beneficio-

1077 420 1158 450 rum,
1180 418 1276 452 super
1301 408 1499 452 expeditione
1523 408 1711 449 litterarum,
1736 408 1819 442 illius

1077 462 1254 503 cardinalis,
1280 462 1369 495 cuius
1392 462 1556 495 familiaris
1579 461 1743 495 defunctus
1768 463 1820 496 ille

1077 514 1186 555 extitit,
1201 524 1371 548 consensus
1388 515 1507 558 requiri
1521 515 1641 556 debeat,
1656 515 1709 548 sed
1726 515 1821 550 bene-

1076 567 1147 600 ficia
1165 566 1349 600 huiusmodi
1367 568 1405 600 ad
1422 568 1622 602 collationem
1641 579 1695 602 seu
1712 580 1820 613 quam-

1077 621 1121 653 vis
1146 620 1386 665 dispositionem
1403 621 1570 654 cardinalis
1590 621 1741 655 ordinarii
1759 623 1819 657 col-

1076 675 1195 716 latoris,
1209 678 1243 709 ut
1263 675 1452 719 praefertur,
1469 675 1568 709 libere
1585 682 1726 720 spectare
1744 688 1816 710 cen-

1076 734 1212 762 seantur.
1238 729 1285 769 Et,
1310 728 1335 761 si
1359 728 1444 773 apud
1467 728 1579 763 Sedem
1606 729 1816 773 Apostolicam

1074 781 1227 816 beneficia
1246 781 1428 816 huiusmodi
1448 793 1505 827 per
1518 782 1641 816 obitum
1658 783 1815 817 dictorum

1074 835 1277 869 familiarium
1294 836 1483 878 vacaverint,
1496 839 1570 871 tunc
1586 836 1616 870 in
1636 836 1816 881 provisione

1074 890 1183 923 talium
1214 889 1464 931 beneficiorum,
1494 901 1588 934 super
1619 890 1815 935 expeditione

1074 943 1262 984 litterarum,
1284 944 1367 976 illius
1391 943 1559 977 cardinalis
1584 943 1727 987 exigatur
1745 954 1815 978 con-

1074 1008 1194 1038 sensus,
1215 997 1240 1030 si
1264 997 1296 1030 in
1319 999 1452 1030 romana
1477 998 1564 1031 curia
1588 1008 1736 1042 praesens
1752 998 1815 1032 fue·

1073 1051 1124 1092 rit,
1141 1051 1179 1084 ad
1196 1061 1289 1095 quem
1314 1051 1499 1084 eorumdem
1525 1051 1650 1085 collatio
1667 1055 1697 1086 et
1711 1052 1814 1097 dispo—

1073 1104 1155 1145 sitio,
1175 1110 1209 1137 ut
1228 1105 1414 1149 praefertur,
1431 1105 1590 1149 pertinere
1609 1105 1747 1140 deberet

1116 1158 1167 1191 34.
1193 1159 1270 1191 Item
1294 1159 1391 1193 voluit
1414 1159 1447 1192 D.
1473 1160 1528 1200 N,
1554 1159 1660 1203 quod,
1685 1170 1814 1194 concur·
1848 1173 2012 1200 &gunnam

1072 1211 1213 1246 rentibus
1245 1212 1356 1246 eadem
1388 1212 1456 1254 die,
1486 1223 1581 1257 super
1613 1224 1840 1259 quocumquea
1827 1201 2013 1253 fiissl‘tiss‘tssi‘

1071 1265 1246 1307 beneficio,
1271 1277 1328 1310 per
1354 1266 1415 1310 fiat
1445 1272 1475 1299 et
1506 1277 1688 1301 concessum
1712 1260 1913 1312 signa-‘⁹⁵⁸¹‘m

1070 1319 1170 1360 turis,
1195 1330 1232 1353 ex
1257 1319 1301 1352 eis
1325 1330 1383 1364 per
1406 1320 1483 1363 fiat,
1511 1320 1605 1352 etiam
1629 1325 1666 1354 ut
1686 1322 1814 1365 petitur

1070 1373 1198 1415 habens,
1219 1373 1309 1407 alteri
1326 1384 1383 1418 per
1400 1384 1593 1415 concessum,
1611 1374 1704 1408 etiam
1722 1380 1811 1409 motu

1067 1427 1200 1471 proprio
1210 1427 1348 1467 habenti,
1359 1427 1567 1471 praeferatur,
1578 1427 1699 1461 etiamsi
1713 1428 1744 1461 in
1758 1428 1811 1461 illa

1069 1492 1126 1525 per
1155 1491 1337 1514 concessum
1371 1481 1630 1525 praegnantiores
1659 1487 1689 1515 et
1712 1493 1811 1527 quan-

1051 1535 1211 1569 'tumlibet
1235 1535 1481 1579 privilegiativae
1506 1541 1608 1569 essent
1629 1536 1795 1571 clausulae.

1111 1588 1163 1622 35.
1189 1589 1266 1622 Item
1294 1588 1344 1623 SS.
1370 1589 1403 1622 D.
1430 1590 1483 1631 N.‚
1508 1595 1541 1622 ut
1573 1589 1709 1634 improbi
1741 1591 1810 1625 lites

1067 1642 1301 1688 exquirentium
1325 1648 1429 1676 motus
1453 1643 1677 1687 reprimantur,
1702 1645 1810 1686 voluit,

1068 1697 1174 1730 statuit
1191 1702 1221 1730 et
1237 1696 1404 1738 ordinavit,
1423 1697 1518 1742 quod,
1543 1697 1736 1742 quicumque
1755 1698 1810 1732 be-

1066 1750 1215 1784 neficium
1240 1750 1487 1784 ecclesiasticum
1515 1755 1588 1784 tunc
1611 1762 1668 1796 per
1693 1762 1809 1785 annum

1067 1804 1248 1838 immediate
1269 1804 1511 1848 praecedentem
1535 1804 1666 1850 pacifice
1690 1816 1810 1850 posses—

1068 1870 1158 1900 sum,
1183 1864 1213 1892 et
1237 1858 1322 1904 quod
1346 1863 1432 1894 certo
1458 1858 1553 1893 modo
1583 1870 1694 1894 vacare
1717 1871 1809 1904 prae-

1067 1912 1222 1956 tenditur,
1247 1912 1394 1958 deinceps
1417 1913 1653 1958 impetraverit,
1677 1924 1808 1956 nomen,

1067 1968 1200 2012 gradum
1226 1973 1256 2002 et
1279 1967 1476 2002 nobilitatem
1500 1969 1694 2013 possessoris
1726 1969 1808 2003 eius-

1067 2022 1153 2065 dem,
1179 2028 1208 2056 et
1232 2023 1400 2067 quotannis
1425 2023 1490 2067 ipse
1516 2022 1593 2056 illud
1617 2023 1807 2067 possederit,

1067 2087 1102 2111 ac
1134 2077 1312 2122 specificam
1341 2083 1372 2110 et
1403 2076 1657 2119 determinatam,
1682 2088 1719 2111 ex
1748 2089 1809 2137 qua

1067 2132 1151 2165 clare
1176 2131 1293 2175 poterit
1317 2136 1461 2165 consta1e
1494 2131 1579 2175 quod
1602 2131 1724 2164 nullum
1750 2131 1808 2177 ipsi

1066 2185 1239 2230 possessori
1265 2185 1297 2218 in
1321 2185 1405 2218 dicto
1430 2184 1583 2218 beneficio
1609 2185 1658 2219 ius
1686 2196 1810 2231 compe-

1847 1602 1876 1623 De
1884 1604 1954 1624 annali
1963 1609 2009 1630 pos-

1826 1635 1915 1650 sessore.

294 2237 511 2271 constitutione
522 2238 784 2283 exoriiipossent‚
795 2239 934 2284 iestigus
944 2251 1034 2285 p1ae
1049 2244 1131 2280 ltat
1161 2249 1288 2272 causam
1316 2239 1349 2272 in
1375 2238 1556 2272 huiusmodi
1586 2239 1807 2283 impetratione

295 2289 492 2325 decessorum
517 2302 647 2326 suolum
678 2292 891 2335 inhaerendo,
917 2295 1031 2337 voluit,

295 2343 400 2378 statuit
411 2349 441 2377 et
453 2345 616 2387 ordinant
628 2347 721 2391 quod,
735 2358 760 2381 st
774 2347 937 2389 beneficia
952 2359 1049 2397 quae

294 2408 351 2442 per
365 2397 484 2432 obitum
497 2399 698 2434 familiarium
712 2401 936 2436 continuorum
950 2414 1032 2437 eom·

292 2452 479 2486 mensalium
492 2455 674 2490 eorumdem
701 2457 908 2491 cardinalium
931 2457 962 2491 in
981 2458 1048 2491 su

1048 2293 1256 2350 exprimere,
1273 2298 1301 2327 et
1316 2293 1396 2327 inha
1410 2304 1463 2327 sex
1477 2304 1600 2327 menses
1617 2294 1720 2338 ipsum
1740 2305 1808 2339 pos-

1066 2357 1220 2381 sessorem
1239 2347 1277 2381 ad
1295 2347 1445 2381 iudicium
1461 2348 1585 2381 evocati
1601 2348 1718 2389 faceie,
1733 2359 1806 2382 cau-

1047 2412 1194 2466 samque
1207 2405 1329 2436 extunc
1338 2402 1474 2446 desuper
1486 2402 1548 2434 insi
1551 2412 1568 2434 a
1581 2412 1696 2435 annum
1707 2412 1805 2446 usque

1047 2441 1101 2488 ad
1128 2455 1312 2488 sententiam
1338 2454 1532 2489 definitivam
1557 2454 1708 2489 inclusixe
1731 2466 1805 2500 pro-

292 2509 399 2539 turum
429 2507 601 2550 vacabunt,
625 2511 816 2545 cessantibus
849 2511 1029 2556 apostolicis
1046 2479 1048 2551 i
1064 2510 1152 2555 sequi
1177 2509 1289 2543 debeat
1313 2515 1343 2542 et
1367 2514 1520 2550 teneatur,
1546 2509 1685 2554 alioquin
1710 2510 1807 2555 impe-

292 2560 567 2603 reservationibus,
586 2562 625 2596 ad
641 2564 769 2598 alterius
786 2565 952 2599 cardinalis
969 2566 1029 2600 col-

292 2613 440 2648 lationem
464 2615 513 2648 vel
540 2615 632 2649 aliam
659 2617 896 2662 dispositionem
924 2619 1024 2664 peiti-

291 2676 367 2700 nere
390 2667 552 2709 deberent,
569 2668 600 2701 in
625 2669 707 2703 dicta
730 2672 929 2715 praecedenti
958 2683 1029 2707 con-

400 2730 480 2759 Butt.
497 2730 581 2759 Rom.
598 2747 626 2751 -
652 2732 708 2760 Vol.
726 2733 807 2760 XIII.
971 2736 987 2761 9

1045 2553 1155 2598 tiatio
1183 2563 1343 2608 praedicta
1367 2569 1397 2597 et
1422 2574 1639 2608 quaecumque
1664 2564 1736 2598 inde
1761 2575 1805 2598 se-

1062 2624 1160 2664 quuta
1183 2619 1300 2652 nullius
1324 2619 1459 2652 existant
1481 2618 1648 2661 firmitatis,
1667 2623 1697 2652 et
1721 2618 1803 2652 idem

1044 2678 1046 2717 l
1063 2673 1233 2716 impetrans
1250 2671 1287 2706 de
1304 2671 1426 2706 damnis
1448 2677 1476 2706 et
1501 2672 1666 2715 interesse,
1685 2683 1805 2718 posses-
