2269 3235
250 249 299 276 An.
317 249 345 276 e.
364 249 431 276 16⁶2ss
476 240 541 274 464

286 2227 405 2246 Mandatum
416 2226 440 2245 tit*

260 2259 301 2279 quo
318 2260 336 2273 iu
349 2254 440 2273 rulttirzt.

752 298 884 341 cxcvn.

448 387 600 431 ASequitur
614 386 801 419 »antidotum
823 385 922 418 eidem
940 385 1102 418 collectori
1121 396 1187 430 spo-

493 440 611 471 liorum
643 439 680 471 dc
708 438 866 481 capicndri
907 439 1050 471 inridit-ri
1086 439 1186 482 insor-

493 492 632 524 mai‘ione
649 502 744 534 super
761 492 933 524 nonnullis
953 492 1095 524 erroneis
1110 502 1186 535 pro-

489 545 705 588 positionibus
755 544 917 588 praedicti
970 545 1188 577 commissioni

491 598 654 629 cruciatae
691 597 779 629 circa
813 597 999 640 simultatem
1040 597 1188 630 licentias

492 649 683 683 concedendi
701 650 832 683 missam
858 650 1042 683 celebrandi*
1065 651 1101 683 in
1121 650 1188 694 pri-

493 703 576 735 ralis
601 703 771 736 «lentorum
796 704 961 736 oratoriis.

448 783 559 811 Dilecto
585 783 647 810 filio
676 783 785 810 iurium
813 787 844 811 et.
870 783 1032 817 spoliorum
1052 790 1187 811 camerae

483 831 606 854 nostrae
623 828 806 861 apostoticae
826 828 857 854 in
873 828 1074 862 Portuqalliae
1095 831 1126 854 et:
1140 828 1188 854 Al-

484 873 651 906 §arbiorum
671 872 771 906 reqnis
788 872 954 900 debitorum
971 871 1124 899 collectori
1139 878 1187 906 qe-

483 917 590 951 nerali,

642 969 778 997 Urbanus
800 969 878 1002 Papa
898 968 977 996 VIII.

714 1031 831 1059 Dilecte
852 1031 913 1065 fili,

496 1078 624 1105 salutem
639 1078 669 1103 et
685 1075 880 1110 apostolicam
893 1075 1143 1103 benedictionem.

494 1148 509 1191 ἓ
539 1148 561 1180 l.
580 1147 625 1179 Ad
643 1146 853 1190 apostolatum
870 1149 1024 1186 nostrum,
1042 1156 1106 1179 non
1122 1146 1189 1178 sine

450 1202 537 1244 gravi
562 1200 666 1234 cordis
691 1201 790 1233 nostri
815 1200 924 1233 dolore
955 1199 1120 1243 pervenit,
1146 1200 1190 1232 di-

451 1256 564 1288 lectum
589 1254 689 1287 tilium
706 1253 876 1286 Antonium
897 1253 1124 1293 Masearenbas,
1148 1253 1192 1285 in-

450 1308 682 1352 dulgentiarum
716 1311 745 1339 et
777 1307 950 1349 gratiarum
979 1306 1189 1350 spiritualium

451 1361 659 1404 Portu-galliae
694 1366 723 1393 et
759 1359 982 1402 Algarbiorum
1019 1369 1191 1402 regnorum

451 1414 702 1449 commissarium
728 1413 908 1456 generalem
934 1413 1107 1456 apostolica
1131 1423 1189 1445 au-

451 1469 594 1502 ctoritate
609 1468 803 1511 deputatum,
822 1477 858 1499 eo
875 1465 1023 1499 audaciae
1048 1470 1077 1500 et
1102 1471 1194 1498 teme-

452 1522 551 1555 ritatis
560 1520 762 1565 processisse,
771 1525 804 1552 ut
814 1520 990 1553 facultatem
1001 1519 1192 1552 concedendi

454 1577 592 1609 licentias
613 1580 846 1607 sacrosanctum
867 1574 981 1606 missae
1002 1573 1191 1606 sacrificium

454 1631 485 1663 in
498 1630 628 1674 privatis
645 1629 812 1662 domorum
831 1627 978 1660 oratoriis
994 1627 1025 1659 in
1042 1627 1132 1660 dictis
1148 1637 1194 1659 re·

454 1685 522 1725 {suis
547 1683 699 1717 celebrari
732 1681 864 1715 faciendi
897 1681 935 1713 ad
968 1691 1001 1713 se
1032 1681 1193 1713 dumtaxat

454 1726 606 1781 privative
630 1735 733 1779 quoad
757 1745 814 1768 nos
832 1740 861 1767 et
878 1735 958 1767 lianc
984 1734 1128 1767 Sanctam
1145 1734 1194 1767 Se-

454 1792 525 1824 dem
550 1795 705 1834 spectare3
728 1792 767 1829 et,
788 1788 861 1831 quia
885 1787 1063 1820 facultatem
1089 1787 1194 1819 liuius-

456 1844 539 1877 modi
565 1842 623 1876 sibi
648 1842 694 1874 uti
718 1841 857 1874 ciusdem
875 1840 1032 1873 cruciatae
1051 1840 1195 1873 commis-

455 1897 537 1930 sario
563 1907 598 1929 ex
623 1899 784 1928 contractu
808 1900 987 1937 competere
1010 1893 1195 1937 praetendit,

455 1961 511 1984 nos
525 1955 555 1983 et
576 1949 688 1983 Sedcm
703 1948 847 1981 eamdem
861 1947 1001 1980 licentias
1014 1946 1195 1979 huiusmodi

456 2005 486 2037 in
502 2004 608 2047 regnis
632 2002 802 2047 praedictis
826 2002 1003 2034 nullatenus
1021 2000 1194 2033 concedere

455 2069 558 2102 posse,
583 2063 613 2090 et
637 2057 824 2100 quamplura
848 2056 908 2088 alia
937 2055 968 2087 in
1000 2053 1195 2087 auctoritatis

456 2112 594 2144 eiusdem
605 2110 734 2143 Sanctae
744 2109 832 2142 Sedis
842 2108 1070 2152 praeiudicium
1081 2112 1110 2141 et
1126 2118 1198 2141 con-

458 2170 611 2208 temptum
629 2173 769 2196 asserere
787 2162 916 2195 minime
934 2162 1106 2194 erubuerit.

502 2219 516 2262 g
540 2219 568 2251 ⁹2.
594 2218 724 2258 Idcirco,
743 2220 829 2250 motu
854 2216 986 2260 proprio
1012 2221 1041 2248 et
1058 2226 1094 2248 ex
1113 2217 1197 2249 certa

458 2272 587 2305 scientia
610 2282 646 2303 ae
671 2271 794 2303 matura
819 2269 1045 2303 deliberatione
1069 2269 1195 2310 nostris,

458 2325 513 2358 tibi
538 2335 594 2368 per
618 2329 798 2367 praesentes
823 2323 1050 2356 committimus
1067 2328 1097 2356 et
1114 2333 1198 2355 man-

459 2379 578 2419 damus,
593 2383 627 2411 ut
641 2384 669 2411 te
687 2378 724 2411 de
742 2377 923 2422 praemissis
941 2377 1086 2410 omnibus
1097 2382 1126 2410 et
1139 2377 1198 2410 sin-

459 2432 549 2475 gulis,
569 2437 631 2464 tam
651 2442 708 2475 per
732 2431 878 2464 eumdem
903 2430 1083 2471 Antonium,
1105 2441 1198 2474 quam

460 2499 525 2519 elus
557 2486 745 2530 complices,
776 2486 914 2518 fitutores
945 2489 974 2517 et
1005 2485 1199 2518 consultores

463 2547 595 2580 temet-e,
620 2545 654 2573 ut
677 2540 867 2583 praefertur,
892 2538 1019 2572 assertis
1044 2543 1074 2571 et
1098 2538 1199 2579 dietis,

462 2593 644 2626 :autoritate
668 2594 775 2626 nostra
796 2592 927 2625 iuridiee
950 2591 1110 2633 informes,
1128 2591 1200 2624 alia-

462 2657 521 2690 que
552 2646 657 2680 omnia
685 2652 715 2679 et
746 2646 869 2690 singula
897 2646 929 2679 in
957 2645 1141 2690 praemissis
1170 2650 1200 2678 et

1026 249 1204 273 BULLARIUM
1227 247 1382 273 ROMANUM

1222 296 1305 330 eirca
1328 307 1364 329 ea
1387 296 1563 329 necessaria
1586 302 1618 330 et
1640 297 1877 340 quomodolibet
1904 308 1960 342 op-

1222 354 1376 393 portuna,
1402 349 1524 383 etiamsi
1548 349 1621 382 talia
1646 349 1728 392 sint,
1754 351 1801 383 vel
1826 351 1960 392 suerint,

1221 413 1301 447 quae
1325 403 1424 446 magis
1449 402 1629 446 specialem,
1653 403 1833 446 specificam
1858 410 1888 436 et
1912 415 1962 437 ex-

1221 467 1362 500 pressam
1388 456 1587 499 requirerent
1612 455 1803 489 mentionem
1816 483 1823 497 ,
1844 457 1937 490 facias
1954 484 1961 498 ‚

1221 510 1322 551 dicas,
1348 520 1440 553 geras
1465 515 1496 543 et
1519 509 1703 553 exequaris:
1728 520 1825 553 super
1849 510 1962 554 quibus

1221 563 1368 596 omnibus
1392 568 1423 595 et
1447 563 1579 611 singulis
1604 563 1749 606 plenam,
1775 562 1908 596 liberam
1932 567 1962 598 et

1221 616 1358 659 amplam
1375 612 1554 649 facultatem
1573 615 1833 648 etauctoritatem
1851 616 1963 648 harum

1222 669 1303 702 serie
1327 668 1382 701 tibi
1407 668 1610 702 concedimus
1635 672 1665 702 et
1685 668 1903 712 impar-timum
1928 679 1964 702 ac

1222 731 1331 755 omnes
1356 727 1386 754 et
1411 721 1551 764 singulas
1581 721 1820 755 informationes
1853 732 1911 765 per
1936 727 1965 755 te

1222 774 1306 807 circa
1331 784 1366 806 ea
1390 774 1557 807 sumendas
1573 774 1630 807 sub
1650 779 1703 807 tuo
1723 774 1826 816 sigillo
1845 774 1965 807 clausas

1222 826 1259 858 ad
1277 837 1334 859 nos
1352 827 1588 870 quamprimum
1614 827 1781 870 diligenter
1805 827 1965 860 transmit-

1224 884 1289 919 tas,
1314 884 1348 912 ut
1372 879 1447 923 quid
1471 879 1607 923 desuper
1631 880 1830 913 statuendum
1862 880 1964 922 suerit,

1224 933 1346 964 matura
1372 931 1600 965 consultatione
1624 932 1774 973 adhibita,
1795 933 1966 966 decernere

1223 985 1392 1017 valeamus.
1418 985 1452 1017 ln
1472 985 1667 1018 eontrarium
1690 986 1878 1019 facientibus
1901 997 1965 1020 non

1224 1037 1420 1071 obstantibus
1437 1037 1699 1081 quibuscumque.

1269 1091 1381 1123 Datum
1410 1091 1538 1131 Romae,
1563 1090 1646 1134 apud
1670 1090 1699 1124 S.
1724 1090 1852 1123 Mariam
1876 1090 1968 1124 Maio-

1225 1154 1302 1185 rem,
1321 1143 1378 1176 sub
1402 1144 1518 1176 annulo
1543 1143 1721 1184 piscatoris,
1735 1143 1786 1176 die
1807 1153 1865 1176 xm
1890 1144 1968 1176 iunii

1225 1207 1376 1238 nncxxvi,
1401 1197 1601 1240 pontificatus
1624 1196 1725 1230 nostri
1742 1207 1824 1230 anno
1841 1207 1884 1230 111.

1260 1259 1319 1286 Dat.
1336 1258 1390 1294 die,
1406 1266 1532 1294 annoque
1548 1258 1661 1286 eisdem.

1487 1361 1534 1390 Q

1524 1400 1672 1434 CXCVIII.

1229 1472 1439 1523 Confirmat&
1461 1480 1714 1524 privilegsiorum
1732 1479 1867 1514 Ordinis
1891 1481 1971 1513 Bea-

1273 1539 1322 1567 lae
1346 1535 1473 1567 Mariae
1498 1533 1536 1566 de
1559 1533 1712 1575 Mercede,
1730 1533 1972 1578 Redemptiom's

1271 1588 1485 1632 captivorum,
1505 1587 1756 1621 Recolleclorum
1772 1592 1972 1633 ntcncupato-

1271 1652 1346 1674 rum
1355 1640 1374 1674 ¹.

1432 1722 1568 1749 Urbanus
1589 1721 1762 1756 Episcopus,

1414 1773 1519 1793 servus
1547 1774 1701 1793 servorum
1721 1767 1785 1799 Dei,

1349 1811 1386 1838 ad
1405 1813 1581 1844 perpetuam
1600 1811 1644 1839 rei
1664 1810 1850 1838 memoriam.

1274 1893 1308 1925 In
1332 1902 1480 1936 supremo
1505 1892 1694 1936 apostolicae
1726 1892 1886 1935 dignitatis
1910 1894 1973 1926 eul-

1230 1946 1324 1987 mine,
1342 1945 1463 1979 meritis
1483 1946 1556 1979 lieet
1580 1946 1766 1990 imparibus
1785 1946 1891 1980 divina
1914 1947 1973 1980 dis-

1230 2000 1387 2044 positione
1423 2000 1604 2043 eonstituti,
1637 2000 1675 2033 ad
1712 2010 1768 2041 ea,
1800 2011 1880 2044 quae
1914 2012 1974 2044 pro

1231 2053 1427 2096 regularium
1440 2054 1586 2086 locorum
1603 2058 1633 2087 et
1649 2064 1857 2097 personarum
1878 2054 1910 2086 in
1930 2054 1975 2087 eis

1232 2107 1289 2139 sub
1308 2106 1395 2139 suavi
1412 2106 1576 2149 religionis
1600 2106 1674 2149 iugo
1694 2106 1733 2139 ad
1749 2106 1887 2150 proximi
1905 2107 1975 2139 sub-

1232 2161 1408 2194 ventionem
1428 2160 1616 2203 praesertim
1634 2160 1803 2192 viventium
1824 2160 1976 2193 indemni-

1232 2214 1346 2246 tatibus
1371 2218 1401 2246 et
1425 2213 1600 2247 commodis
1624 2223 1681 2257 per
1703 2214 1861 2246 Romanos
1885 2213 1970 2246 Pon-

1232 2267 1331 2300 tissees
1355 2266 1615 2311 praedecessores
1645 2271 1770 2299 nostros
1802 2265 1976 2300 liberaliter

1269 2383 1279 2409 1
1298 2381 1425 2409 Ordinem
1440 2382 1514 2409 hunc
1528 2380 1688 2417 approbavit
1703 2380 1811 2416 Gregor.
1826 2380 1859 2408 lx
1869 2381 1898 2408 in
1910 2381 1978 2409 Con-

1233 2427 1318 2454 stitut.
1334 2433 1397 2460 xtli,
1412 2426 1586 2457 Devotionis,
1608 2429 1673 2453 tom.
1691 2432 1727 2459 111,
1744 2434 1806 2461 pag.
1827 2426 1889 2454 485.
1911 2425 1977 2453 Fra-

1234 2475 1289 2499 tres
1304 2471 1458 2507 praedictos
1473 2470 1553 2498 certis
1569 2470 1666 2498 diebus
1689 2471 1841 2498 solemnem
1862 2470 1977 2498 benedi-

1233 2518 1349 2544 ctionem
1376 2520 1403 2544 et
1430 2516 1632 2544 absolutionem
1659 2516 1748 2543 facere
1777 2524 1857 2552 posse
1884 2515 1978 2543 statuit

1235 2563 1359 2590 Clemens
1369 2561 1437 2597 VlIl,
1454 2561 1544 2589 Const.
1558 2568 1620 2588 xmv
1635 2560 1673 2596 (in
1689 2560 1717 2588 h.
1730 2569 1754 2588 e.
1770 2560 1844 2596 Χινι)
1856 2563 1922 2587 tom.
1938 2566 1975 2594 ix,

1234 2615 1294 2643 pag.
1311 2607 1373 2641 642,
1389 2606 1525 2642 huiusque
1541 2605 1740 2633 benedictionis
1755 2605 1842 2633 forma
1861 2604 1977 2632 habetur

1234 2653 1262 2680 in
1273 2652 1362 2680 Coust.
1379 2658 1438 2680 com
1452 2651 1492 2687 (in
1506 2650 1534 2679 h.
1549 2659 1573 2679 e.
1591 2651 1700 2686 CCLxu),
1717 2654 1783 2679 tom.
1795 2658 1822 2686 x,
1838 2658 1900 2686 pag.
1914 2650 1974 2677 717.

1975 250 2025 278 An.
2042 250 2070 278 C.
2090 250 2159 279 1626

2015 1898 2156 1920 Prooemium.
