2269 3235
257 284 305 311 An.
321 284 351 311 C.
370 283 437 312 1623

276 929 361 949 Fratres
382 928 431 948 dicti

248 955 327 980 collegii
350 955 432 975 Pontifi-

249 982 303 1001 eiam
314 981 431 1007 praedicto·

250 1013 294 1028 rum
324 1007 432 1028 continna-

250 1036 326 1055 twnem
341 1036 421 1060 potunt.

264 1618 360 1639 Urbanus
370 1624 427 1638 man-

247 1646 283 1665 (tat
324 1644 425 1665 cardinali

247 1671 333 1695 sicario,
347 1674 369 1691 ut
386 1676 428 1691 orn·

247 1698 282 1718 uta
311 1698 428 1722 apostolica

246 1724 373 1744 anctoritate
393 1729 428 1750 ap-

247 1750 322 1775 probet
343 1752 363 1771 θι
380 1756 428 1771 con·

247 1777 319 1797 firmet.

482 275 524 309 56
1027 282 1205 309 annianum
1229 282 1382 308 normann

452 332 629 376 generales,
654 337 795 375 gestores
820 337 850 365 et
873 336 999 375 agentes
1024 331 1118 365 totius
1142 331 1188 364 di-

452 391 519 419 etae
541 385 751 425 haereditatis,
776 395 846 418 cum
871 384 1015 418 facultate
1041 388 1071 419 et
1086 388 1189 419 aucto-

450 439 541 472 ritate
564 438 648 472 illam
673 438 802 481 regendi
827 444 857 471 et
881 437 1089 480 gubernandi,
1110 438 1188 481 regi-

450 502 521 535 que,
546 491 726 535 gubernari,
751 491 962 525 administrari
987 491 1129 532 faciendi,
1151 501 1187 524 ac

450 550 648 585 conventum,
663 544 826 577 ecclesiam
844 550 873 577 et
891 545 1115 578 monasterium
1130 545 1187 578 eri-

449 597 541 640 gendi
566 602 596 630 et
619 597 800 638 fabricandi,
818 597 939 641 aliaque
956 598 1062 631 omnia
1079 603 1108 631 ct
1125 597 1186 630 sin-

449 651 522 694 gula
545 650 678 684 faciendi
703 655 733 683 et
756 650 956 694 adimplendi,
980 651 1018 683 ad
1043 661 1122 695 quae
1146 660 1184 684 ex

448 703 652 748 dispositione
676 704 852 737 testamenti
866 708 895 738 et
911 703 1087 737 donationis
1099 714 1185 748 prae-

448 757 604 791 dictorum
637 757 874 801 quomodolibet
908 757 1121 798 tenebuntur,
1155 762 1185 790 et

448 809 645 854 aliasfiprout
662 809 693 842 in
709 809 769 843 alio
791 809 918 853 publico
930 809 1065 854 desuper
1085 810 1185 843 conse-

448 868 498 897 cto
511 863 719 896 instrumento
733 862 876 895 similiter
889 862 1003 896 dicitur
1020 862 1182 895 contineri.

491 917 507 960 ἓ
531 915 581 950 13.
607 916 683 950 Cum
708 921 823 957 autem,
848 916 928 949 sicut
952 915 1059 948 eadem
1075 916 1183 959 petitio

447 968 665 1011 subiungebat,
678 968 819 1001 firmiora
836 968 897 1000 sint
913 978 959 1007 ea,
979 978 1058 1011 quae
1071 978 1088 999 a
1105 968 1183 1001 Sede

445 1021 605 1069 praedicta
629 1022 844 1065 approbantur
871 1026 902 1054 et
933 1022 1181 1062 confirmantur,

444 1085 502 1119 pro
527 1080 616 1118 parte
640 1074 763 1107 Ioannis
787 1074 943 1118 Baptistae
968 1080 998 1107 et
1014 1075 1181 1115 Francisci,

444 1139 480 1161 ac
503 1127 639 1173 Dionysii
656 1133 686 1160 ct
704 1128 866 1169 Vincentii,
883 1138 1006 1161 necnon
1022 1129 1180 1161 Laurentii

444 1182 481 1215 de
505 1181 693 1225 Spezzanno,
718 1192 753 1214 ac
778 1181 937 1215 Michaelis
961 1187 991 1214 et
1016 1182 1121 1223 Pauli,
1146 1193 1181 1215 ac

443 1234 566 1268 Ioannis
583 1240 613 1268 et
628 1234 751 1269 Antonii
767 1234 1001 1278 praedictorum
1017 1235 1107 1268 nobis
1124 1235 1181 1268 fuit

443 1288 605 1321 humiliter
624 1288 845 1332 supplicatum,
873 1293 1026 1332 quatenus
1055 1289 1182 1321 transla-

442 1342 560 1375 tionem
593 1347 624 1374 et
654 1341 910 1382 concessionem,
935 1352 970 1374 ac
999 1342 1179 1374 mandatum

443 1395 633 1436 huiusmodi,
646 1399 764 1437 nostro,
778 1401 808 1428 et
822 1395 908 1428 Sedis
922 1395 1099 1439 praedictae
1116 1406 1181 1428 mu-

443 1448 561 1482 nimine
584 1448 739 1489 roborari,
765 1448 902 1492 aliasque
922 1449 966 1481 eis
984 1449 1015 1481 in
1031 1449 1181 1492 praemis-

443 1502 485 1535 sis
516 1507 692 1546 opportune
724 1502 889 1545 providere
922 1502 959 1535 de
990 1502 1180 1545 benignitate

443 1555 614 1599 apostolica
635 1554 848 1597 dignaremur.

489 1608 504 1651 ξ
528 1607 579 1640 14.
604 1608 666 1641 Nos
683 1608 789 1651 igitur,
810 1613 927 1645 certain
945 1608 983 1641 de
999 1608 1180 1652 praemissis

443 1659 586 1693 notitiam
620 1670 683 1694 non
715 1660 882 1701 habentes,
914 1661 1060 1705 ipsosque
1091 1662 1180 1694 Ioan-

443 1723 514 1746 nem
538 1713 707 1757 Baptistam
732 1718 762 1747 et
785 1713 997 1755 Franciseum,
1017 1725 1052 1747 ac
1070 1715 1181 1759 Diony-

444 1766 525 1799 sium
549 1771 579 1800 et
603 1766 810 1808 Vincendum,
834 1777 957 1801 necnon
977 1768 1179 1801 Laurentium

443 1820 480 1853 de
504 1820 694 1864 Spezzanno,
718 1820 902 1854 Michaelem
927 1826 956 1854 et
980 1821 1120 1861 Paulum,
1144 1833 1180 1855 ac

443 1874 590 1907 loannem
614 1878 644 1906 et
666 1874 835 1906 Antonium
855 1873 1044 1917 praedictos,
1068 1885 1102 1907 ae
1127 1885 1180 1908 eo-

443 1938 513 1960 rum
530 1926 710 1971 quemlibet,
723 1937 740 1959 a
753 1927 914 1971 quibusvis
931 1928 1181 1962 excommunica-

443 1981 545 2022 tionis,
570 1981 782 2025 suspensionis
807 1986 837 2014 et
860 1981 1027 2024 interdicti,
1048 1982 1179 2026 aliisque

443 2034 660 2067 ecclesiasticis
678 2034 848 2075 sententiis,
866 2035 1007 2067 censuris
1025 2040 1054 2067 et
1070 2035 1179 2078 poenis

442 2097 459 2119 a
484 2087 551 2120 iure
575 2087 623 2120 vel
647 2087 686 2119 ab
711 2087 861 2127 homine,
885 2087 994 2130 quavis
1008 2078 1179 2121 'occasione

442 2140 490 2173 vel
515 2142 607 2174 eausa
630 2140 717 2181 latis,
749 2140 774 2172 si
804 2140 919 2184 quibus
943 2140 1180 2184 quomodolibet

443 2193 580 2227 innodati
593 2193 738 2234 existunt,
752 2194 790 2226 ad
803 2194 948 2227 effectum
965 2195 1178 2237 praesentium

443 2248 603 2281 dumtaxat
621 2247 889 2291 consequendum,
903 2248 1015 2280 harum
1034 2248 1112 2281 serie
1129 2249 1180 2281 al]-

443 2302 596 2333 5··2›l=.=;nt‹·s
613 2306 640 2333 et
666 2300 824 2334 absolutos
842 2302 908 2334 sore
931 2306 1101 2343 censentes,
1122 2312 1178 2335 nee

444 2364 502 2386 non
528 2354 737 2395 instrumenti,
754 2365 789 2387 ae
807 2354 1001 2397 singulorum
1015 2360 1179 2388 testamen—

443 2415 545 2441 torum
571 2413 711 2450 tenores,
744 2408 836 2440 etiam
869 2408 1025 2449 veriores,
1049 2420 1084 2441 ac
1108 2409 1177 2443 data

442 2461 658 2505 praesentibus
681 2472 739 2505 pro
764 2462 920 2505 expressis
944 2462 1105 2503 habentes,
1123 2464 1178 2496 liu-

442 2513 576 2547 iusmodi
615 2513 897 2558 supplicationibus
934 2515 1092 2556 inclinati,
1121 2516 1178 2548 cir-

443 2566 669 2611 cumspectioni
694 2572 762 2600 tuae
788 2579 844 2611 per
864 2569 1033 2612 apostolica
1061 2570 1176 2613 scripta

445 2620 638 2662 mandamus,
663 2626 824 2665 quatenus,
846 2623 961 2655 voeatis
985 2623 1037 2666 qui
1062 2623 1176 2655 suerint

445 2674 591 2716 vocandi,
616 2676 849 2708 translationem
874 2683 903 2709 et
928 2678 1116 2718 «sessionem,
1141 2688 1175 2709 a«-

1974 284 2027 310 Λη.
2044 283 2072 311 C.
2087 283 2157 313 1623

1221 331 1332 365 ultimo
1356 330 1474 364 dictum
1499 329 1681 363 mandatum
1697 328 1888 373 huiusmodi,
1901 339 1959 364 nee

1220 394 1283 418 non
1308 384 1550 418 instrumentum
1580 382 1731 427 desuper,
1754 387 1789 415 ut
1811 383 1960 427 praemit-

1221 437 1306 477 titur,
1324 437 1510 477 confectum,
1527 441 1557 469 et
1574 440 1635 470 tam
1660 435 1846 480 praemissa,
1864 446 1959 480 quam

1221 489 1279 522 alia
1297 490 1402 523 omnia
1421 495 1451 523 et
1470 489 1602 533 singula,
1626 489 1711 522 licita
1734 494 1840 522 tamen
1860 494 1890 522 et
1906 489 1960 523 ho-

1220 548 1318 583 nesta,
1348 553 1384 576 ae
1408 543 1505 576 saeris
1532 542 1720 583 canonibus,
1739 551 1862 575 necnon
1888 552 1960 577 con-

1220 595 1432 630 stitutionibus
1452 601 1482 628 et
1498 595 1748 629 ordinationibus
1768 595 1959 639 apostolicis,

1220 649 1416 693 maximeque
1434 649 1515 682 sacri
1528 648 1656 683 Concilii
1669 648 1841 682 Tridentini
1853 648 1960 682 decre·
1974 643 1976 645 ’

1219 701 1258 734 tis
1281 712 1344 735 non
1369 702 1543 742 contraria,
1568 702 1600 734 in
1624 701 1678 735 illo
1702 706 1860 742 contenta,
1885 712 1957 735 eum

1218 756 1363 789 omnibus
1388 761 1418 789 et
1442 755 1573 799 singulis
1597 755 1669 788 inde
1690 755 1829 798 legitime
1848 765 1958 800 sequu-

1218 808 1256 841 tis
1271 814 1300 842 et
1314 809 1490 853 sequendis,
1506 808 1677 853 apostolica
1694 809 1879 842 auctoritate
1890 819 1958 853 per-

1217 867 1312 906 petuo
1329 863 1488 907 approbes
1502 867 1532 895 et
1549 862 1728 903 confirmes,
1744 862 1868 907 illisque
1883 872 1956 907 per-

1216 920 1327 958 petuae
1345 921 1374 948 et
1390 915 1578 949 inviolabilis
1594 915 1784 960 apostolieae
1799 916 1958 950 firmitatis

1216 967 1316 1000 robur
1343 967 1492 1007 adiicias3

1260 1020 1276 1063 ἓ
1300 1019 1350 1052 15.
1374 1021 1417 1053 Ae
1441 1030 1550 1053 omnes
1575 1024 1605 1054 et
1629 1021 1770 1064 singulos
1793 1026 1857 1055 tam
1879 1022 1956 1055 iuris
2008 1034 2155 1062 Suppieatque

1215 1083 1308 1116 quam
1334 1073 1416 1113 sacti,
1440 1072 1533 1105 etiam
1558 1073 1789 1107 solemnitatum
1811 1074 1850 1107 de
1876 1074 1955 1117 iure,
1971 1060 2075 1082 ‘mmm

1216 1136 1283 1167 usu,
1303 1126 1539 1168 consuetudine,
1557 1132 1610 1159 aut
1626 1126 1703 1159 alias
1719 1127 1958 1170 quomodolibet

1215 1179 1438 1222 requisiturum
1456 1184 1487 1212 et
1502 1180 1764 1221 necessariarum,
1777 1190 1813 1214 ac
1829 1181 1957 1225 quosvis

1214 1232 1292 1265 alios
1316 1233 1408 1265 etiam
1433 1233 1634 1276 quantumvis
1663 1233 1883 1268 substantiales
1907 1235 1957 1269 dc-

1215 1287 1323 1328 fectus,
1341 1287 1365 1320 si
1386 1287 1439 1330 qui
1457 1287 1592 1331 desuper
1608 1287 1846 1331 quomodolibet
1860 1288 1954 1323 inter-

1215 1339 1348 1382 veniant,
1374 1340 1405 1371 in
1431 1339 1548 1372 eisdem
1574 1341 1742 1385 suppleas;

1258 1393 1337 1436 §1ss.
1359 1393 1486 1426 Necnon
1510 1394 1758 1435 translationem,
1779 1395 1954 1428 cessionem
1997 1407 2152 1437 eaquoomma

1214 1451 1244 1479 et
1268 1447 1448 1479 mandatum
1472 1447 1653 1481 huiusmodi
1677 1453 1833 1492 perpetuo
1853 1449 1954 1481 valida
1969 1434 2154 1491 ἷὲεξῗὲιὸξιοιὲἶῗῗ

1214 1505 1244 1532 et
1268 1500 1406 1533 efficacia
1421 1510 1489 1534 esse
1505 1506 1535 1534 et
1551 1501 1628 1542 sore,
1642 1512 1778 1546 suosque
1795 1502 1954 1546 plenarios
1970 1493 2013 1508 ’Ἥ
2032 1488 2103 1508 [ΝΜ

1215 1559 1244 1586 ct
1261 1554 1401 1596 integros
1425 1554 1554 1587 effectus
1577 1554 1683 1588 sortiri
1700 1560 1730 1588 et
1749 1555 1901 1596 obtinere,
1918 1566 1954 1589 ae

1214 1611 1277 1639 tam
1295 1617 1311 1638 a
1327 1607 1476 1641 fratribus
1501 1607 1600 1640 dictae
1617 1607 1730 1641 domus
1752 1608 1781 1641 S.
1801 1608 1954 1649 Andreae,

1214 1669 1307 1702 quam
1332 1670 1349 1692 a
1378 1660 1537 1703 generali,
1563 1665 1593 1693 et
1624 1660 1841 1704 superioribus
1871 1671 1954 1695 nunc

1214 1717 1243 1745 et
1264 1723 1323 1756 pro
1348 1716 1490 1757 tempore
1503 1713 1708 1746 existentibus
1727 1712 1802 1747 dieti
1818 1713 1952 1756 Ordinis,

1213 1765 1344 1810 aliisque
1367 1766 1531 1809 universis,
1556 1767 1594 1800 ad
1618 1778 1697 1811 quos
1716 1777 1800 1801 nunc
1825 1778 1954 1812 quomo-

1214 1819 1330 1854 dolibet
1354 1826 1471 1865 spectat
1495 1827 1526 1854 et
1549 1825 1690 1865 spectare
1716 1821 1832 1865 poterit
1855 1821 1887 1855 in
1910 1823 1953 1856 su-

1214 1878 1329 1916 turum,
1355 1878 1509 1918 perpetuo
1530 1874 1662 1909 firmiter
1681 1880 1712 1908 et
1731 1874 1954 1909 inviolabiliter

1214 1926 1374 1960 observari
1392 1933 1422 1960 et
1439 1927 1604 1972 adimpleri
1620 1928 1745 1971 debere,
1762 1928 1802 1961 ab
1819 1928 1953 1973 illisque,

1213 1985 1243 2013 et
1267 1980 1377 2013 ultimo
1402 1980 1485 2014 dicto
1505 1981 1713 2015 instrumento
1730 1981 1866 2026 desuper
1882 1992 1953 2017 con-

1213 2034 1304 2074 secto,
1316 2034 1403 2067 nullo
1416 2044 1554 2078 unquam
1570 2038 1722 2079 tempore,
1737 2035 1848 2079 quovis
1865 2046 1952 2080 prae-

1214 2093 1308 2129 textu,
1332 2089 1448 2129 colore,
1474 2089 1521 2122 vel
1546 2089 1692 2132 ingenio,
1709 2089 1824 2123 resiliri
1841 2090 1889 2123 vel
1906 2101 1951 2123 re-

1214 2141 1280 2173 cedi
1306 2152 1418 2185 posse;

1258 2196 1272 2237 ξ
1300 2195 1347 2227 17.
1373 2195 1485 2239 Sic-que
1510 2206 1568 2240 per
1591 2206 1808 2240 quoscumque
1832 2196 1951 2232 iudices

1213 2252 1243 2279 et
1267 2248 1510 2290 commissarios,
1535 2249 1628 2282 etiam
1654 2260 1820 2283 causarum
1843 2252 1950 2295 palatii

1212 2301 1375 2345 apostolici
1407 2302 1579 2345 auditores,
1606 2303 1738 2336 iudicari
1767 2309 1797 2337 et
1826 2305 1951 2338 definiri

1212 2354 1337 2391 debere,
1362 2355 1549 2399 irritumque
1574 2362 1603 2389 et
1629 2356 1729 2400 inane,
1754 2357 1780 2390 si
1797 2367 1887 2392 secus
1904 2369 1952 2392 su-

1211 2419 1267 2452 per
1297 2409 1346 2441 liis
1379 2420 1395 2441 a
1427 2421 1596 2453 quoquam,
1621 2411 1731 2456 quavis
1755 2413 1950 2454 auctoritate,

1212 2463 1345 2496 scienter
1366 2464 1411 2495 rel
1438 2463 1628 2506 ignoranter,
1659 2465 1827 2509 eontigerit
1850 2470 1950 2502 atten-

1212 2516 1279 2558 tari,
1305 2517 1387 2549 dicta
1411 2518 1595 2551 auctoritate
1612 2519 1771 2553 decernas.

1255 2571 1269 2613 g
1299 2569 1344 2603 18.
1370 2571 1436 2603 Non
1454 2572 1650 2605 obstantibus
1668 2573 1825 2608 testatoris
1843 2575 1949 2608 volun-

1211 2629 1290 2665 tate,
1315 2636 1409 2668 quani
1440 2627 1542 2669 quoad
1574 2628 1765 2671 praeniissa,
1795 2634 1948 2673 quatenus

1210 2689 1287 2721 opus
1313 2678 1361 2720 sit,
1388 2679 1438 2711 itta
1461 2680 1536 2713 alias
1554 2681 1583 2713 in
1601 2692 1657 2714 suo
1676 2682 1789 2715 robore
1806 2693 1947 2726 perman-

1992 2207 2104 2228 etausutao
2122 2208 2147 2229 ir·

1966 2236 2060 2255 ritantos.

2033 2586 2147 2615 Dei-ugano

1963 2615 2124 2633 contrariorum.
2144 2631 2148 2635 .
