2269 3235
260 252 308 279 Λη.
325 251 353 277 C.
375 251 441 278 1627

285 313 428 334 (lotitirmatur.

368 771 377 783 ι

287 792 404 811 Clau-ntae.

333 1376 443 1399 [lereti-ilio

262 1406 422 1423 contrariorum.

294 2123 432 2144 Prooemium,

306 2549 408 2575 AElhinpis
424 2549 442 2569 in

271 2577 362 2597 titianum
379 2582 453 2597 couce-

272 2603 334 2627 ditur,

490 241 553 275 592

503 300 517 341 ,ξ
538 298 566 331 si.
586 299 657 340 Nos,
677 297 820 330 eumdem
842 293 1112 337 archiepiscopum
1130 302 1196 336 spc-

458 351 589 384 cialibus
614 350 771 383 lareribus
796 354 824 381 et
850 347 958 390 gratiis
976 345 1124 390 prosequi
1146 356 1196 379 vo-

458 406 565 442 lentes,
576 400 948 447 supplicationibusillius
962 399 1089 432 nomine
1105 398 1195 432 nobis

458 469 553 501 super
582 458 640 489 hoc
672 455 832 487 humiliter
856 452 1010 497 porrectis
1035 451 1195 492 inclinati,

458 521 658 554 responsum,
685 520 739 541 scu
763 507 931 540 dubiorum
962 505 1194 550 praedictorum

458 563 679 596 resolutionem
698 560 887 601 huiusmodi,
905 558 1089 592 auctoritate
1113 569 1193 602 apo-

457 618 580 656 stola-2⁸1,
609 619 714 649 tenore
733 613 962 659 praesentium,
984 612 1196 655 approbamus

457 676 486 702 ct
506 670 741 709 confirmamus,
766 668 890 711 illisque
916 665 1104 699 inviolabilis
1125 674 1197 708 apo-

457 723 584 756 stolicae
609 721 765 755 firmitatis
790 721 887 753 robur
912 719 1084 752 adiicimus.

502 776 562 818 §ir
580 776 798 813 Deccrncntcs,
820 772 905 814 illud,
927 783 981 804 scu
1002 771 1098 811 illam,
1123 780 1195 802 nec-

457 840 520 862 non
544 832 723 873 praesentes
749 827 882 866 litteras,
909 825 1025 864 valida,
1051 824 1143 856 firma
1168 828 1197 855 ct

458 884 593 917 efficacia
611 883 743 915 existere
758 886 787 914 ct,
800 882 875 922 sore,
889 889 1024 922 suosque
1038 876 1196 921 plenarios

458 943 488 969 ct
512 937 650 979 integros
679 935 807 968 ctl'cctus
837 932 943 966 sortiri
975 934 1005 965 et
1033 930 1196 971 obtinere,

458 991 575 1034 sicque,
590 994 616 1022 ct
636 989 721 1021 iuxta
738 988 797 1029 illa,
812 997 868 1030 per
885 995 1100 1029 quoscumque
1117 984 1197 1017 iudi-

458 1054 508 1075 ces
525 1042 701 1075 ordinarios
721 1046 746 1073 ct
770 1040 945 1081 delegatos,
972 1038 1065 1072 etiam
1090 1048 1197 1071 causa-

460 1107 528 1128 rum
543 1095 647 1139 palatii
661 1093 824 1137 apostolici
840 1092 1008 1132 auditores,
1019 1091 1150 1124 iudicari
1163 1102 1198 1125 ac

458 1149 581 1181 deliniri
607 1149 739 1187 debere,
765 1158 800 1180 ac
825 1146 950 1179 irritum
975 1149 1005 1180 ct
1036 1146 1147 1188 inane,
1173 1146 1198 1178 si

459 1214 547 1235 secus
568 1213 663 1245 super
680 1202 727 1233 his
745 1212 761 1233 a
779 1210 947 1244 quoquam,
965 1199 1075 1243 quavis
1092 1204 1195 1232 aucto-

458 1256 568 1296 ritate,
594 1255 728 1288 scienter
744 1255 792 1287 rel
810 1254 1008 1297 ignoranter,
1034 1253 1199 1296 contigerit

459 1309 612 1343 attentari.

504 1364 518 1406 ᾖ
533 1364 560 1395 ti.
579 1364 647 1396 Non
664 1361 860 1395 obstantibus
877 1360 1154 1395 constitutionibus
1171 1365 1201 1393 et

460 1416 707 1450 ordinationibus
728 1414 917 1459 apostolicis,
936 1415 1114 1459 ceterisque
1130 1424 1201 1447 con-

462 1471 565 1503 trariis
589 1470 849 1513 quibuscumque.

503 1524 614 1555 Datum
640 1523 769 1561 Romae,
798 1521 880 1565 apud
900 1520 929 1554 S.
955 1520 1082 1553 Mariam
1099 1520 1197 1553 Maio-

460 1587 537 1617 rem,
554 1576 611 1609 sub
629 1567 744 1608 annulo
757 1574 934 1614 PiscatoriS,
947 1574 996 1607 die
1010 1584 1062 1607 xw
1077 1574 1201 1617 augusti

460 1640 625 1670 imcxxvn,
650 1629 852 1673 pontificatus
876 1628 976 1661 nostri
996 1638 1078 1661 anno
1089 1637 1117 1660 v.

497 1692 554 1720 Dat.
573 1692 615 1719 die
632 1693 664 1719 14
683 1692 791 1725 augusti
808 1691 886 1724 1627,
903 1690 998 1726 pontif.
1015 1698 1085 1718 anno
1100 1697 1126 1717 v.

761 1807 905 1841 CCLVIII.

461 1879 644 1914 Jubilaeum
666 1878 928 1921 christifidelibus
949 1879 985 1912 in
1012 1878 1203 1923 AEtlziopiae

506 1934 643 1977 imperio
660 1933 931 1966 commorantibus
946 1931 963 1965 ¹.

670 2005 806 2032 Urbanus
823 2005 901 2038 Papa
921 2004 998 2036 vm,

605 2051 641 2077 ad
660 2051 793 2077 futuram
812 2050 857 2077 rei
877 2049 1059 2077 memoriam.

511 2113 676 2147 Pastoralis
691 2113 784 2146 oflicii
802 2112 892 2145 nobis
912 2112 1016 2145 divina
1040 2111 1205 2156 providen-

466 2167 506 2199 tia
531 2167 689 2199 commissi
714 2177 764 2199 res
789 2166 895 2209 exigit,
916 2171 949 2198 ut
973 2166 1011 2198 de
1035 2166 1133 2199 salute
1150 2166 1206 2198 Do-

466 2220 571 2252 minici
592 2219 697 2263 gregis
714 2219 838 2252 solliciti
856 2219 894 2252 ad
914 2229 967 2252 eos
985 2218 1205 2252 christifideles

465 2274 577 2306 mentis
601 2279 726 2307 nostrae
752 2273 851 2306 aciem
875 2278 905 2305 et
929 2278 1077 2316 paternae
1102 2272 1205 2305 chari-

467 2328 535 2360 tatis
560 2328 706 2360 affectum
727 2327 896 2371 praecipue
915 2327 1098 2370 dirigamus,
1116 2337 1204 2370 quos,

467 2381 497 2413 in
521 2382 662 2424 partibus
687 2382 725 2414 ab
751 2382 808 2414 hac
832 2382 945 2415 Sancta
966 2381 1045 2414 Sede
1064 2381 1207 2414 remotis-

467 2435 553 2466 simis.
571 2435 771 2476 constitutos,
797 2435 1011 2479 spiritualibus
1032 2435 1206 2468 commodis

468 2494 497 2522 ct
520 2489 627 2531 gratiis
652 2500 758 2521 carere
780 2489 1010 2532 cognoscimus.

515 2542 527 2583 ξ,
556 2542 580 2574 l.
605 2543 683 2575 Hinc
715 2547 757 2575 cst
783 2543 867 2586 quod
890 2553 966 2586 nos,
991 2542 1205 2585 attendentes,

469 2595 686 2628 ‹hi-istitidelcs
717 2596 748 2628 in
771 2597 948 2640 AEthiopiae
976 2608 1012 2631 ac
1036 2597 1104 2631 aliis
1129 2597 1207 2630 locis

505 2658 515 2684 1
538 2656 576 2685 Ex
595 2657 701 2693 Regest.
722 2658 750 2686 in
769 2658 870 2688 Secret.
892 2658 970 2687 Brev.

1040 245 1217 269 nummulum
1243 243 1395 267 ROMANUM

1230 290 1384 324 carissimi
1408 290 1440 322 in
1465 289 1587 324 Christo
1619 290 1675 322 filii
1707 291 1806 324 nostri
1834 291 1970 326 sulthani

1230 344 1353 387 Sagued
1383 343 1562 387 AEthiopiac
1598 343 1799 387 imperatoris
1831 345 1970 379 dominio

1230 397 1377 430 subiectis
1402 401 1648 436 commorantes,
1673 396 1713 429 ob
1738 397 1907 430 maximam
1932 398 1970 431 ab

1225 452 1312 483 alma
1338 450 1420 483 Urbe
1444 451 1553 483 nostra
1579 449 1766 492 distantiam,
1786 450 1909 494 aliaque
1927 451 1971 484 le-

1230 503 1339 546 gitima
1362 502 1600 546 impedimenta,
1626 503 1663 535 ad
1688 503 1831 535 eamdem
1856 503 1971 536 Urbem

1231 567 1290 600 pro
1301 556 1513 600 percipiendis
1529 556 1745 600 spiritualibus
1758 556 1830 588 anni
1844 556 1970 590 iubilaei

1231 610 1374 653 proxime
1398 610 1560 653 praeteriti
1577 609 1730 643 fructibus
1747 610 1895 642 accedere
1909 620 1972 643 non

1231 662 1381 706 potuisse,
1396 668 1426 696 ct
1439 663 1580 706 proinde,
1600 673 1694 706 super
1710 673 1820 696 eorum
1842 667 1924 696 statu
1941 662 1972 695 in

1232 715 1349 748 intimis
1373 715 1469 748 animi
1495 721 1525 749 et
1546 716 1782 749 misericordiae
1800 716 1972 749 visceribus

1231 769 1391 809 commoti,
1416 779 1469 802 eos
1493 769 1620 813 speciali
1645 769 1912 812 indulgentiarum
1938 780 1972 802 ac

1231 822 1356 856 iubilaei
1383 833 1513 856 munere
1538 823 1694 856 consolari
1721 823 1874 864 volentes,
1899 834 1973 867 sup-

1230 876 1450 919 plicationibus
1474 887 1600 920 quoque
1624 875 1698 908 dieti
1722 876 1857 908 sulthani
1874 875 1973 919 impe-

1232 928 1345 962 ratoris
1370 929 1498 962 nomine
1518 929 1610 963 nobis
1629 939 1723 973 super
1735 929 1797 962 hoc
1812 929 1974 962 humiliter

1231 983 1385 1027 porrectis
1410 983 1569 1024 inclinati,
1600 982 1638 1015 de
1674 982 1896 1026 omnipotentis
1919 983 1974 1015 Dei

1233 1036 1455 1070 misericordia·
1475 1047 1511 1069 ac
1535 1036 1701 1069 beatorum
1726 1035 1809 1068 Petri
1834 1040 1864 1067 et
1888 1035 1975 1068 Pauli

1232 1091 1451 1134 apostolorum
1477 1090 1544 1123 eius
1569 1089 1754 1123 auctoritate
1774 1089 1894 1130 confisi,
1911 1099 1975 1122 om-

1233 1145 1324 1178 nibus
1348 1150 1378 1177 ct
1402 1144 1533 1187 singulis
1550 1144 1714 1188 utriusque
1735 1153 1827 1176 sexus
1848 1144 1974 1176 illarum

1233 1199 1370 1243 partium
1381 1198 1639 1232 christifidelibus
1652 1208 1726 1231 vere
1744 1198 1976 1241 poenitentibus

1234 1257 1263 1285 et
1288 1252 1454 1294 confessis,
1479 1262 1514 1285 ac
1539 1253 1628 1284 saera
1653 1251 1875 1284 communione
1896 1251 1976 1284 rese-

1235 1306 1313 1347 ctis,
1338 1305 1444 1349 quod,
1468 1315 1563 1337 unam
1589 1315 1643 1337 seu
1673 1305 1781 1348 plures
1813 1304 1977 1337 ecclesiam

1235 1370 1291 1392 seu
1314 1358 1462 1392 eeclesias
1486 1359 1535 1391 vel
1559 1359 1628 1391 loca
1652 1357 1704 1402 pia
1731 1368 1789 1401 per
1813 1357 1977 1390 venerabi-

1235 1413 1295 1455 lem
1313 1414 1442 1445 fratrem
1462 1411 1672 1456 patriarcham
1689 1411 1868 1454 AEthiopiae
1885 1411 1979 1455 depu-

1236 1466 1327 1499 tanda
1358 1477 1415 1510 per
1444 1465 1624 1509 quindecim
1649 1465 1714 1497 dies
1739 1465 1904 1498 continuos
1930 1465 1977 1497 vel

1236 1520 1440 1564 interpolatos
1464 1520 1557 1563 (quos
1583 1529 1641 1562 pro
1665 1518 1809 1562 personis
1830 1518 1978 1559 infirmis,

1236 1574 1374 1614 senibus,
1398 1573 1656 1617 praegnantibus,
1675 1571 1860 1614 virginibus,
1878 1571 1979 1604 viduis

1236 1633 1265 1660 et
1288 1627 1355 1660 aliis
1381 1626 1491 1670 quovis
1508 1626 1568 1659 alio
1587 1625 1729 1668 legitimo
1754 1624 1979 1668 impedimento

1236 1681 1385 1721 detentis,
1410 1691 1446 1713 ac
1471 1679 1636 1723 capitulis,
1658 1678 1979 1721 congregationibus,

1236 1739 1300 1767 tam
1325 1733 1515 1767 secularium
1540 1743 1633 1777 quam
1662 1732 1867 1775 regularium,
1894 1733 1980 1766 soda-

1236 1788 1384 1829 litatibus,
1410 1787 1667 1820 universitatibus
1684 1797 1719 1819 ac
1740 1786 1980 1819 confraternita-

1237 1842 1329 1882 tibus,
1344 1841 1508 1874 ecclesiam
1527 1851 1582 1873 seu
1599 1839 1746 1873 ecclesias
1759 1840 1807 1872 vel
1825 1840 1980 1884 cappellas

1237 1901 1289 1928 aut
1311 1896 1381 1928 loca
1411 1895 1462 1938 pia
1490 1893 1673 1927 huiusmodi
1703 1893 1981 1937 processionaliter

1238 1948 1424 1989 visitantcs¹‚
1450 1953 1542 1992 atque
1567 1948 1607 1981 ob
1632 1947 1709 1981 alias
1734 1958 1860 1989 causas,
1886 1953 1982 1991 prout

1238 2003 1339 2036 eidem
1364 2001 1562 2046 patriarchae
1583 2001 1749 2042 videbitur,
1770 2001 1809 2034 ad
1824 2001 1982 2035 minorem
2024 2035 2029 2048 ,-

1238 2067 1405 2089 numerum
1430 2055 1514 2089 illius
1538 2055 1669 2088 arbitrio
1694 2055 1802 2088 reduci
1820 2066 1912 2099 posse
1932 2066 1982 2089 vo-

1238 2111 1356 2154 lumus)
1377 2110 1488 2143 devote
1505 2120 1541 2142 ac
1558 2114 1740 2143 reverenter
1763 2109 1916 2143 visitando
1937 2120 1983 2142 rc-

1239 2165 1384 2209 spective,
1411 2168 1440 2198 et
1464 2164 1507 2196 ibi
1532 2164 1698 2207 quinquies
1724 2163 1899 2197 orationem
1925 2163 1980 2197 do-

1239 2218 1387 2252 minicam
1405 2223 1434 2251 et
1453 2218 1544 2252 toties
1565 2217 1783 2250 salutationem
1807 2218 1981 2260 angelicam

1238 2283 1296 2316 pro
1320 2277 1524 2316 peccatorum
1549 2281 1679 2304 suorum
1704 2271 1891 2304 remissione
1902 2270 1922 2313 ²²,
1947 2281 1983 2305 ac

1240 2337 1298 2370 pro
1324 2336 1399 2369 pace
1423 2326 1504 2359 inter
1528 2325 1687 2369 principes
1705 2324 1894 2358 christianos
1911 2335 1983 2358 con-

1240 2379 1392 2413 servanda
1407 2405 1415 2420 ‚
1440 2383 1470 2411 et
1494 2379 1660 2411 haeresum
1694 2378 1900 2422 extirpatione
1915 2405 1922 2419 ,
1948 2389 1983 2412 ac

1240 2438 1364 2467 sanctae
1396 2432 1503 2466 Matris
1533 2431 1691 2465 Ecclesiae
1723 2432 1910 2466 exaltatione
1932 2433 1984 2477 pie

1240 2488 1278 2521 ad
1291 2488 1389 2521 Deum
1404 2486 1534 2528 orando,
1552 2486 1726 2531 plenariam
1747 2486 1887 2520 eiusdem
1911 2487 1983 2520 anni

1241 2542 1371 2576 iubilaei
1395 2541 1536 2575 omniurn
1562 2545 1763 2585 peccatorum
1782 2551 1915 2575 suorum
1935 2541 1982 2574 in-

1278 2616 1289 2640 1
1307 2613 1419 2640 videtur
1433 2612 1577 2648 legendum
1592 2611 1776 2640 visitantibus
1789 2612 1827 2647 (a.
1842 2612 1891 2647 Τ.).

1276 2659 1293 2686 2
1307 2657 1420 2687 Videtur
1435 2657 1529 2687 deesse
1544 2657 1694 2687 recitando
1710 2656 1749 2693 (R.
1761 2656 1809 2693 T.).

1984 243 2033 272 An.
2050 243 2080 272 G.
2100 245 2166 274 1627

2017 1157 2055 1181 Qui
2071 1157 2175 1183 praescri-

1990 1186 2026 1210 pta
2052 1184 2086 1205 hic
2110 1189 2175 1210 opera

1991 1211 2162 1237 adimpleverint.
