2269 3235
266 274 295 295 ln
325 276 339 294 t,
378 272 439 296 ttlss'i

312 1812 338 1832 Iis
355 1812 447 1836 exeeptis

265 1840 299 1865 qui
319 1839 354 1859 iiie
378 1844 448 1859 rucen-

265 1869 342 1886 sentus.

488 262 551 294 dlv]

459 320 542 350 lairis
561 318 790 355 tolitttltlttilttlss,
813 318 926 360 quibus
944 317 984 349 ol)
1002 317 1072 348 talei
1091 317 1194 349 catho-

459 372 533 403 licin*
551 372 760 403 ‹lcl'ensiuneui
782 371 944 413 pri-initur,
963 370 1129 402 subvenire
1147 381 1194 402 va-

459 426 536 460 leat,
563 425 701 456 subsidio
728 424 817 455 unius
851 423 998 455 inillionis
1032 428 1191 456 scutorum

459 479 669 519 innxiniuprre
696 477 847 517 indiaral,
874 477 1024 509 laicorum
1051 488 1124 509 vcro
1150 478 1194 509 sa-

458 532 605 566 inte-nes,
632 535 761 572 propter
786 530 845 561 alia
875 523 971 561 onera
995 530 1039 561 eis
1067 530 1190 562 incum-

459 583 578 623 luania⁷
605 583 742 614 subsidio
775 583 953 616 huiusmodi
984 584 1194 628 comparando

459 636 586 667 minime
612 641 791 678 suppetant:

502 692 515 727 ξ
542 689 570 720 2‘.
597 689 667 727 Nos,
687 689 785 721 eidem
809 689 965 721 Lndoxieo
991 689 1056 732 regi
1083 690 1120 721 de
1140 689 1194 721 ali-

332 736 353 771 'i
389 734 519 783 1⁴21quo
545 732 760 774 sulivmitiunis
790 743 904 774 auxilio
930 753 965 774 ex
991 742 1194 775 ecclesiarum

387 786 403 797 M
429 785 441 796 ,.

414 811 431 823 ,ιι
459 794 545 834 regni
563 795 710 826 Franciae
726 795 859 837 peculio,
872 795 1048 837 Christique
1062 795 1195 833 Domini,

458 847 545 878 ruins
568 858 660 879 rausa
685 848 797 888 agitur,
816 848 1005 891 patrimonio
1031 847 1196 890 providere

460 901 607 939 mimus,
636 901 915 943 supplicationibus
941 900 1080 932 eiusdem
1099 900 1197 933 Ludo-

460 953 514 984 xii-i
543 954 624 993 regis
650 953 774 985 nomine
800 953 889 985 nobis
907 964 1001 996 super
1022 953 1081 985 hoc
1099 953 1197 985 bumi-

458 1007 528 1037 liter
556 1008 708 1048 porri—rtis
734 1007 882 1046 inclinati,
908 1006 1081 1038 subsidium
1104 1007 1197 1039 unius

459 1059 604 1090 milliunis
630 1071 699 1091 cum
731 1059 860 1092 dimidio
891 1060 1070 1092 francorum
1097 1059 1197 1092 dictae

458 1117 609 1151 nium-tac,
629 1122 645 1143 a
666 1123 937 1155 ‹pmrumcumque
958 1118 1019 1144 tam
1039 1117 1195 1156 metropo-

457 1165 622 1196 litanarum
641 1176 733 1208 quam
753 1165 977 1198 eathet‘lralium
1000 1166 1197 1209 primatibus,

457 1218 713 1262 areliiepiscopis,
739 1219 905 1262 episcopis,
925 1230 1047 1252 necnon
1072 1219 1196 1252 illarum

458 1283 493 1303 ac
518 1272 753 1313 collegiatarum
779 1272 981 1304 ecclesiarum
999 1272 1195 1316 praepositiS,

459 1325 593 1364 ‹let-anis,
619 1325 762 1368 capitulis
787 1331 816 1357 et
841 1326 1017 1368 canonicis,
1043 1336 1078 1358 ac
1103 1336 1197 1369 paro-

459 1378 605 1409 chialium
632 1382 660 1411 ct
684 1378 815 1410 aliarum
841 1379 1045 1411 eeclesiarum
1071 1379 1199 1411 rectori-

458 1430 526 1466 bus,
552 1431 759 1471 lwuelieiatis,
785 1431 959 1475 ceterisque
984 1432 1126 1475 personis
1151 1442 1198 1465 ec-

459 1484 640 1516 clesiasticis
661 1484 872 1525 ses-ularilnis,
898 1496 1115 1528 quaecumque
1139 1485 1198 1518 alia

458 1537 610 1569 beneticia
635 1538 846 1570 ecclesiastiea
866 1538 1103 1581 quomodolibet
1123 1549 1199 1571 nnn-

461 1596 571 1633 cupata
603 1596 631 1623 et
664 1592 934 1634 qualitercunnpie
967 1592 1144 1635 qualificata
1169 1592 1199 1624 in

461 1644 544 1676 dieto
570 1655 668 1687 regno
693 1645 911 1685 consistentia,
942 1645 1034 1677 etiam
1066 1655 1102 1677 ex
1131 1645 1199 1689 qui-

462 1698 568 1729 husus
594 1698 850 1730 concessionibus
867 1704 897 1730 et
917 1698 1201 1742 dispensationibus

463 1751 650 1793 apostolicis,
679 1751 725 1782 vel
750 1751 825 1783 alias
850 1752 1096 1795 quomodolibet,
1121 1753 1202 1786 obti-

462 1805 607 1837 nentibns
626 1804 775 1849 (exeeptis
796 1811 899 1838 tamen
916 1817 953 1838 ex
972 1806 1202 1839 cathedralibus

463 1858 523 1890 illis
547 1869 680 1901 quarum
704 1860 798 1899 mille,
824 1865 854 1891 et
878 1870 913 1891 ex
939 1859 1056 1892 curatis
1074 1859 1110 1892 iis
1128 1870 1203 1902 quo-

462 1924 533 1945 rum
559 1913 652 1945 annui
678 1912 817 1945 redditus
834 1923 990 1945 sumniam
1008 1918 1132 1945 centum
1151 1913 1205 1945 du-

464 1971 606 1999 catorum
632 1966 698 1998 auri
724 1966 761 1998 de
786 1967 910 1998 camera
939 1976 1001 1999 non
1026 1966 1203 2010 excedunt),

463 2030 586 2053 necnon
604 2020 804 2063 prioratibus,
824 2020 1049 2063 praeceptoriis
1063 2025 1092 2052 et
1110 2020 1204 2052 eccle-

466 2073 518 2105 siis
545 2075 672 2105 tiatrum
708 2073 870 2116 hospitalis
895 2074 924 2106 S.
951 2073 1073 2106 loannis
1099 2073 1205 2106 Hiero-

467 2127 652 2171 solymitani,
677 2138 712 2159 ac
738 2127 943 2170 hospitalibus
960 2127 1203 2170 hospitalitatem

467 2186 510 2211 art
519 2192 535 2211 n
549 2180 774 2221 ex01·‹:‹:=1iiitms,
784 2190 817 2212 ac
828 2180 919 2212 etiam
933 2190 1204 2223 quorumcumque

467 2234 739 2273 monasteriornm,
760 2234 927 2267 domorum
954 2239 984 2266 et
1007 2234 1203 2277 prioratuum

468 2287 729 2327 conventuatium,
748 2287 971 2325 cislerciensis,
990 2287 1018 2319 S.
1037 2286 1204 2327 Benedicti,

468 2340 496 2372 S.
511 2341 684 2383 Augustini,
699 2341 919 2381 Cluniae-ensis,
933 2341 1040 2374 Fontis
1057 2341 1205 2381 Ebrandi,

468 2393 777 2433 Pia·=mostratensis‚
802 2394 1109 2435 orandimontensis,
1134 2394 1206 2427 Car-

471 2447 650 2487 ttmsis-nsis,
671 2448 930 2490 tzamalitutmisis,
952 2448 1063 2481 MontiS
1081 2447 1206 2489 Oliveti,

471 2500 561 2531 'iaitis
589 2494 1036 2543 [nibrosaeff‘Cruciterornm,
1055 2502 1083 2534 S.
1103 2502 1209 2535 Hiero—

471 2552 563 2591 izx'izii,
575 2558 603 2584 et
617 2554 749 2587 aliornm
764 2566 1037 2599 quorumcumque
1046 2555 1208 2596 Ordinum,

472 2617 533 2638 nun
559 2611 660 2639 tamen
685 2608 936 2651 mendicantium,
962 2620 998 2642 ac
1022 2608 1115 2641 etiam
1140 2609 1209 2643 Cas-

511 2672 520 2696 t
539 2670 601 2697 lleic
618 2672 705 2698 forsan
722 2672 797 2699 deest
813 2673 908 2708 partic.
924 2681 980 2699 non
996 2673 1033 2709 (n.
1049 2673 1098 2707 T.).

1034 270 1211 292 nllLLAlllUM
1233 267 1386 292 nortiANtJM

1227 317 1367 357 sini-usis,
1382 317 1410 349 S.
1426 316 1559 349 Iustinae
1575 316 1613 349 de
1630 316 1743 359 l'adua,
1755 317 1784 352 S.
1802 317 1963 359 Bernardi,

1228 369 1516 408 Valliscliolarium,
1541 369 1776 411 Lateranensis,
1800 380 1836 403 ac
1855 370 1884 404 S.
1905 372 1967 405 Sal-

1229 422 1353 462 valoris,
1378 422 1575 465 aliarumque
1599 422 1884 465 Congregationnm
1903 429 1965 457 tam

1228 475 1366 507 virorum
1393 486 1485 518 quam
1513 475 1680 508 mulierum
1706 476 1736 508 in
1763 487 1861 519 regno
1881 488 1968 521 prae-

1228 528 1310 561 dicto
1324 529 1467 561 similiter
1481 529 1690 569 existentium,
1701 535 1732 562 et
1744 528 1905 563 similiter¹
1918 531 1968 563 ab·

1229 581 1371 621 batibus,
1396 581 1572 625 prioribus,
1598 582 1892 623 commendatariis,
1917 583 1968 615 ab·

1229 634 1360 676 batissis,
1386 635 1556 678 priorissis,
1575 640 1604 667 et
1623 635 1692 668 aliis
1716 635 1968 679 quibuscumque

1229 698 1430 730 quocumque
1455 688 1581 720 nomine
1598 689 1784 732 nuncupatis
1801 689 1970 732 superiori-

1230 740 1297 780 bus,
1315 741 1542 784 cuiuscumque
1563 741 1760 783 conditionis,
1778 746 1885 782 status,
1902 752 1970 784 gra-

1230 792 1298 832 dus,
1324 793 1443 826 ordinis
1463 799 1492 826 et
1512 794 1670 838 qualitatis
1694 795 1909 836 existentibus,
1934 806 1969 828 ac

1231 845 1445 887 immunitatis,
1460 848 1676 890 exemptionis,
1687 848 1734 880 vel
1748 848 1809 881 alio
1822 859 1971 891 quocum-

1230 909 1290 941 que
1307 899 1473 942 privilegio
1497 900 1714 943 gaudentibus,
1733 901 1817 934 iuxta
1834 906 1936 934 [axam
1953 913 1970 934 a

1232 952 1401 984 venerabili
1427 953 1523 985 fratre
1543 953 1710 986 Francisco
1730 954 1970 999 archiepiscopo

1232 1004 1426 1045 Patracensi,
1452 1005 1602 1049 episcopo
1627 1006 1794 1048 Cei-viensi,
1811 1012 1920 1040 nostro
1941 1013 1972 1040 et

1231 1057 1319 1089 Sedis
1342 1058 1542 1101 Apostolicae
1566 1058 1598 1090 in
1617 1058 1701 1091 dicto
1722 1069 1820 1101 regno
1845 1060 1970 1100 nuncio,

1231 1121 1266 1143 ac
1290 1111 1433 1154 personis
1458 1111 1496 1143 ab
1517 1112 1590 1152 illo,
1618 1112 1643 1144 si
1668 1112 1695 1145 ei
1720 1112 1888 1153 videbitur,
1906 1118 1935 1146 et
1955 1124 1972 1146 a

1231 1164 1316 1197 clero
1336 1164 1497 1208 praedicto
1514 1165 1713 1197 nominandis
1729 1170 1759 1198 et
1776 1165 1970 1209 deputandis,

1231 1228 1290 1261 pro
1314 1217 1495 1250 reddituum
1521 1223 1550 1251 et
1574 1222 1784 1262 proventuum
1801 1220 1972 1263 quantitate

1231 1271 1404 1303 faciendam
1422 1281 1458 1304 ac
1478 1271 1607 1304 modum
1627 1276 1657 1304 et
1677 1272 1821 1313 formam,
1838 1278 1972 1317 tempus⁷

1231 1324 1399 1367 locumque
1427 1324 1592 1357 solutionis
1623 1326 1888 1369 praescribenda,
1912 1337 1970 1370 pe-

1232 1377 1361 1410 tendum
1386 1381 1416 1411 et
1439 1378 1628 1421 exigendum
1646 1379 1819 1422 apostolica
1835 1380 1973 1413 auctori-

1232 1434 1303 1472 tate,
1322 1436 1430 1463 tenore
1455 1431 1680 1474 praesentium,
1707 1424 1909 1475 imponimus.

1276 1484 1290 1526 ξ
1307 1483 1336 1516 3.
1354 1483 1526 1527 Eidemque
1544 1484 1650 1517 Ioanni
1670 1484 1838 1518 Francisco
1855 1485 1975 1518 archie-

1232 1537 1362 1581 piscopo
1384 1542 1414 1569 et
1430 1537 1545 1570 nuncio
1563 1548 1599 1570 ac
1616 1538 1701 1570 clero
1718 1538 1868 1581 praefato,
1886 1549 1975 1582 quas-

1234 1600 1368 1633 cumque
1385 1601 1535 1633 personas
1553 1591 1780 1624 ecclesiasticas
1793 1591 1831 1624 ad
1845 1591 1975 1625 exactio-

1233 1654 1304 1676 nem
1335 1643 1465 1676 subsidii
1497 1644 1679 1678 huiusmodi
1710 1645 1828 1688 pariter
1859 1645 1974 1678 consti-

1236 1697 1341 1730 tuendi
1359 1702 1389 1730 et
1407 1697 1586 1741 deputandi,
1604 1698 1750 1742 quodque
1771 1703 1804 1731 ut
1823 1698 1975 1742 pecuniae

1235 1761 1271 1783 ex
1296 1750 1427 1783 subsidii
1459 1751 1641 1784 huiusmodi
1677 1751 1836 1785 exactione
1861 1763 1976 1796 prove-

1235 1805 1355 1838 nientes
1378 1815 1531 1848 personae
1549 1816 1565 1838 a
1583 1805 1666 1839 dicto
1683 1807 1768 1840 clero
1782 1807 1872 1849 regni
1889 1817 1978 1850 prae-

1236 1858 1310 1890 dicti
1342 1858 1486 1891 similiter
1521 1859 1737 1902 deputandae,
1762 1870 1820 1904 per
1852 1870 1921 1892 eam
1945 1860 1978 1892 in

1236 1911 1392 1954 praefatos
1424 1917 1453 1944 et
1484 1922 1547 1945 non
1571 1912 1648 1945 alios
1680 1924 1755 1945 usus
1780 1913 1976 1955 erogandae,

1238 1965 1472 2008 consignentur,
1498 1966 1666 1998 mandandi
1690 1972 1721 1999 et
1745 1967 1975 2011 praecipiendi,

1237 2019 1483 2052 contradictores
1496 2020 1651 2062 quoslibet
1664 2023 1693 2053 et
1706 2020 1848 2062 rebelles,
1866 2031 1902 2053 ac
1918 2020 1977 2053 sibi

1238 2071 1268 2103 in
1282 2072 1462 2115 praemissis
1475 2082 1538 2105 non
1551 2077 1706 2116 parentes,
1724 2083 1780 2116 per
1797 2073 1976 2114 sententias,

1238 2136 1386 2158 censuras
1411 2131 1440 2158 et
1463 2136 1581 2169 poenas
1599 2126 1834 2166 ecclesiasticas,
1855 2127 1977 2170 aliaque

1238 2184 1414 2222 opportuna
1440 2179 1516 2212 iuris
1533 2184 1563 2212 et
1587 2180 1657 2212 sacti
1678 2179 1826 2220 remedia,
1844 2180 1929 2212 omni
1948 2185 1978 2213 et

1238 2243 1436 2276 quacumque
1461 2233 1687 2276 appellatione,
1716 2244 1846 2266 recursu
1875 2237 1904 2267 et
1928 2244 1978 2267 re-

1238 2287 1423 2320 clamatione
1440 2297 1571 2331 prorsus
1588 2287 1718 2320 remotis
1739 2293 1768 2320 et
1787 2287 1978 2331 postpositis,

1239 2341 1458 2385 compescendi
1488 2346 1518 2374 et
1547 2341 1773 2385 compellendi,
1800 2341 1922 2384 aliaque
1947 2341 1979 2374 in

1239 2394 1420 2438 praemissis
1444 2398 1473 2428 et
1497 2395 1580 2428 circa
1597 2405 1633 2427 ea
1653 2395 1831 2427 necessaria
1855 2400 1885 2427 et
1906 2405 1982 2439 quo-

1241 2448 1413 2482 modolibet
1448 2453 1641 2492 opportuna,
1674 2448 1794 2481 etiamsi
1824 2448 1897 2481 talia
1921 2448 1982 2481 sint

1241 2502 1289 2535 xcl
1313 2501 1430 2534 suerint
1453 2511 1532 2544 quae
1553 2501 1652 2544 magis
1680 2501 1858 2545 specialem,
1884 2500 1982 2544 speci-

1242 2556 1332 2588 ficam
1358 2560 1388 2588 et
1412 2565 1590 2598 expressam
1623 2555 1823 2598 requirerent
1846 2554 1980 2588 mentio-

1241 2618 1331 2649 nem,
1355 2608 1504 2649 saciendi,
1529 2607 1670 2649 dicendi,
1695 2608 1825 2651 gerendi
1849 2612 1879 2642 et
1903 2618 1979 2642 exe-

1279 2673 1290 2700 1
1302 2671 1389 2701 Verba
1397 2674 1423 2701 et
1432 2671 1571 2701 similiter
1579 2675 1687 2708 praeter
1696 2680 1753 2700 rem
1762 2680 1821 2700 esse
1830 2675 1897 2708 puto
1903 2672 1981 2708 tas).

1981 271 2029 298 Λη.
2045 271 2062 296 C
2096 270 2163 298 1627

2028 1497 2173 1518 Neaossarias-

1989 1530 2029 1550 que
2039 1525 2065 1544 aul
2077 1524 2097 1544 id
2109 1524 2173 1544 sacul-

1990 1553 2043 1571 lestes
2066 1551 2174 1576 deputatis

1990 1578 2094 1598 concedit.
