2269 3235
100 253 152 280 Au.
173 252 202 279 G.
219 250 287 278 1625

130 1427 179 1448 Cum
200 1427 286 1447 faculta-

104 1454 159 1474 tibus
173 1454 201 1475 ad
216 1454 236 1474 id
251 1459 287 1474 ne-

104 1481 201 1501 cessariis
216 1483 236 1501 et
251 1486 287 1506 op-

103 1508 207 1534 portunis.

903 250 1045 275 tineamus

297 301 327 331 et
343 306 454 330 eorum
472 298 635 331 occasione
656 298 850 331 necessariae
868 304 969 339 erunt,
986 309 1037 331 no-

297 350 369 383 stris
401 355 431 384 et
466 362 609 384 camerae
641 351 830 395 apostolicae
859 351 1035 394 praedictae

297 404 474 448 sumptibus
500 406 611 445 t'acere;
630 410 659 437 ct
676 410 709 437 ut
725 404 906 437 huiusmodi
927 414 1037 448 expen-

297 467 346 489 sas
363 457 485 490 facilius
504 458 607 490 facere
624 457 735 501 possis,
754 466 970 500 quascumque
987 466 1038 499 pe-

297 510 461 543 cuniarum
497 520 635 543 summas
670 510 709 542 ad
740 520 798 543 nos
833 514 864 542 et
895 509 1037 542 eamdem

298 573 454 596 eameram
476 568 651 607 spectantes
667 573 685 595 a
701 563 953 606 quibuscumque
971 562 1038 595 the-

297 617 456 657 saurariis,
481 616 631 657 datiariis,
656 615 863 657 exactoribus,
884 615 1035 649 collecto-

298 670 396 712 ribus,
415 669 671 713 appaltatoribus,
689 669 876 702 officialibus
897 673 927 702 et
944 669 1037 702 mini-

298 722 370 755 stris
386 722 638 766 quibuscumque
654 722 784 764 debitas,
804 731 927 755 necnon
944 722 1036 755 etiam

298 786 315 808 a
339 775 613 818 gubernatoribus,
638 775 837 819 praetoribus
862 780 892 808 et
916 776 1036 809 locum-

299 829 475 862 tenentibus
499 829 744 873 provinciarum,
766 829 925 863 civitatum
943 834 973 862 et
991 829 1038 862 lo-

298 893 407 916 corum
432 892 705 926 quorumcumque
730 882 832 916 Status
857 882 955 916 nostri
980 882 1037 915 Ec-

299 936 477 978 clesiastici,
502 946 538 969 ac
562 936 762 980 depositariis
787 941 817 970 et
841 935 1038 969 exactoribus

299 999 473 1033 poenarum
482 994 513 1022 et
522 989 763 1030 maleficiorum,
771 994 881 1022 nostro
894 993 924 1022 et
938 988 1039 1022 dictae

299 1052 442 1075 camerae
474 1042 665 1086 apostolicae
693 1042 820 1075 nomine
855 1042 981 1085 exigere
1010 1046 1040 1075 et

299 1095 462 1139 recipere,
487 1106 523 1128 ae
554 1095 638 1139 ipsos
671 1096 825 1129 solventes
857 1095 895 1128 de
925 1095 1039 1129 exactis

299 1148 449 1191 quietare,
461 1158 496 1181 ac
513 1148 608 1181 etiam
621 1147 761 1182 redditus
778 1148 1039 1182 communitatum

300 1207 329 1234 et
340 1202 591 1243 tmiversitatum,
608 1212 644 1234 ac
657 1202 816 1235 civitatum
825 1229 833 1243 ,
846 1207 1001 1235 terrarum
1011 1207 1041 1235 et

300 1255 443 1288 locorum
453 1255 594 1288 eiusdem
606 1255 709 1288 Status
719 1255 872 1299 recipere,
882 1260 953 1288 etex
964 1256 1041 1299 ipsis

301 1317 452 1349 camerae,
467 1308 794 1351 communitatumque
811 1313 840 1341 et
852 1307 1040 1341 universita-

301 1367 366 1394 tum
384 1362 568 1404 redditibus,
577 1366 718 1406 sumptus
735 1362 915 1396 huiusmodi
924 1362 1039 1395 facere.

345 1416 360 1459 ἓ
384 1415 413 1449 02.
440 1416 477 1449 Ut
494 1427 571 1451 vero
592 1416 697 1450 omnia
714 1421 745 1450 et
758 1416 889 1460 singula,
907 1426 987 1460 quae
1003 1416 1041 1449 ad

301 1470 474 1512 praemissa
497 1470 666 1514 pertinent,
687 1473 810 1504 summa
830 1475 863 1503 ut
883 1469 971 1503 decet
990 1481 1042 1503 au-

301 1522 444 1556 ctoritate
467 1523 711 1567 praecipiantur,
736 1528 767 1556 et
789 1524 859 1567 pari
884 1523 1042 1557 celeritate

263 1576 267 1577 ⁷
301 1575 423 1610 debitae
436 1577 637 1620 exequutioni
658 1577 885 1610 demandentur
895 1576 914 1618 ¹,
934 1577 1039 1610 omni-

301 1629 360 1662 bus
384 1634 414 1664 et
437 1630 569 1673 singulis
594 1630 848 1674 archiepiscopis,
874 1630 1041 1674 episcopis,

302 1688 331 1715 et
348 1683 417 1716 aliis
439 1683 582 1716 locorum
608 1683 791 1724 Ordinariis,
816 1693 937 1716 necnon
955 1693 1044 1727 prae-

303 1736 486 1776 sidentibus,
506 1736 782 1779 gubernatoribus,
800 1736 976 1780 praesectis,
995 1747 1044 1769 eo-

302 1800 374 1822 rum
393 1789 687 1832 locumtenentibus,
705 1790 915 1834 praetoribus,
929 1796 959 1823 et
975 1790 1043 1823 aliis

303 1853 503 1887 quocumque
534 1844 661 1877 nomine
689 1844 878 1888 nuncupatis
902 1843 1043 1877 ossiciali-

304 1897 363 1929 bus
387 1901 418 1929 et
441 1897 603 1937 ministris,
623 1897 732 1941 quavis
756 1902 920 1941 potestate,
941 1902 1044 1930 aucto-

304 1950 405 1991 ritate,
419 1955 448 1983 et
461 1950 625 1994 privilegio
640 1951 783 1991 suffultis,
798 1956 828 1983 et
845 1950 1045 1994 quibuscum-

242 2014 267 2027 <-
304 2014 383 2047 que,
417 2004 510 2037 etiam
535 2004 667 2038 anobis
699 2008 728 2039 et
758 2005 938 2048 Apostolica
966 2004 1044 2038 Sede

305 2067 360 2089 seu
379 2058 504 2090 camera
524 2058 699 2101 apostolica
720 2057 900 2091 immediate
920 2057 1046 2102 deputa-

305 2110 422 2143 tionem
434 2111 633 2152 habentibus,
648 2121 703 2144 seu
716 2111 974 2154 dependentibus,
988 2120 1045 2144 nec

304 2174 367 2196 non
380 2164 561 2205 baronibus,
575 2165 759 2205 domicellis,
774 2164 950 2205 comitibus,
965 2165 1046 2197 aliis-

307 2227 377 2259 que,
401 2218 494 2250 etiam
518 2218 637 2259 ducali,
662 2218 889 2258 marehionali,
914 2218 961 2251 vel
985 2218 1046 2251 alia

308 2268 456 2311 dignitate
483 2271 660 2314 insignitis,
685 2271 1045 2315 communitatibusque,

308 2322 562 2357 universitatibus
593 2330 623 2358 et
656 2325 840 2359 hominibus
864 2326 1046 2369 quarurmis

309 2377 553 2420 provinciarum,
579 2379 750 2421 civitatum,
776 2385 933 2413 terrarum
955 2385 984 2413 et
999 2380 1045 2413 lo-

309 2439 418 2462 corum
431 2430 520 2464 nobis
531 2436 561 2465 et
579 2433 608 2465 S.
622 2432 656 2466 R.
670 2433 703 2466 E.
718 2433 852 2466 mediate
872 2432 920 2466 vel
939 2433 1047 2465 imme-

309 2482 390 2516 diate
404 2483 629 2526 subiectorum,
646 2487 752 2520 omnia
772 2492 801 2520 et
828 2497 1045 2530 quaecumque

309 2537 472 2570 occasione
494 2539 750 2582 praemissorum,
767 2551 847 2585 quae
866 2540 922 2573 tibi
939 2550 1045 2574 neces-

309 2590 391 2623 saria
414 2596 445 2624 et
467 2597 645 2636 opportuna
661 2593 726 2627 visa
744 2594 871 2636 suerint,
890 2604 926 2628 ac
944 2593 1044 2635 toties,

343 2653 357 2680 1
379 2653 444 2682 Heio
462 2653 520 2690 lege
538 2657 570 2682 ut
588 2655 722 2684 omnibus
738 2657 778 2692 (a.
794 2656 844 2692 T.)-

1069 250 1125 273 vm
1149 250 1196 274 rr.

1070 298 1191 340 quotics
1217 297 1362 339 volueris,
1387 295 1598 339 inirmgendi',
1624 296 1809 337 mandandi,

1072 350 1196 383 iubendi
1212 355 1242 382 et
1260 349 1451 394 imperandi,
1472 359 1582 382 omncs
1612 359 1686 381 vcro
1705 353 1735 381 ct
1752 348 1811 381 sin-

1071 404 1161 445 gulos
1184 403 1327 445 barones,
1353 403 1546 444 domicellos,
1561 402 1699 443 comites,
1723 401 1811 434 alios-

1071 466 1131 499 que
1148 456 1260 496 ducali,
1279 456 1494 498 mareliionali,
1516 456 1562 488 vel
1579 456 1640 488 alia
1660 455 1810 497 dignitate

1071 508 1238 551 praeditos,
1253 514 1282 541 et
1299 509 1453 552 quaslibet
1467 509 1542 541 alias
1556 508 1732 551 singulares
1745 518 1813 551 per-

1072 571 1173 601 sonas,
1195 561 1286 594 etiam
1312 561 1548 602 ecclesiasticas,
1571 566 1633 594 tam
1655 561 1812 594 seculares

1071 625 1165 657 quam
1180 615 1365 658 quorumvis
1378 614 1534 655 ordinum,
1550 625 1603 647 scu
1618 615 1812 654 militiarum,

1071 668 1164 701 etiam
1189 668 1286 702 sancti
1305 668 1428 701 Ioannis
1454 668 1738 712 Ilicrosolymitani,
1763 678 1813 701 re-

1072 721 1207 763 gulares,
1233 722 1258 755 si
1279 732 1360 766 quae
1385 721 1445 755 tuis
1470 721 1624 754 mandatis
1639 748 1646 762 ,
1672 721 1763 754 iussis
1785 727 1815 754 et

1072 775 1297 808 monitionibus
1328 775 1547 818 obtemperare
1580 774 1813 814 recusaverint,

1071 833 1124 860 aut
1142 827 1203 860 illis
1228 838 1355 872 quoquo
1373 827 1467 861 modo
1491 827 1747 867 contradixerint,
1768 828 1814 859 vel

1073 891 1104 914 se
1129 891 1161 914 se
1186 881 1407 925 opposuerint,
1433 886 1594 924 tamquam
1624 880 1759 919 nostris,
1786 886 1816 913 et

1072 935 1255 979 apostolicis
1280 935 1443 975 mandatis,
1461 935 1564 975 iussis,
1582 940 1612 968 et
1632 934 1814 968 monitioni-

1072 987 1130 1020 bus
1153 998 1266 1032 parere
1291 993 1482 1028 recusantes,
1508 988 1633 1031 illisque
1659 986 1814 1021 contradi-

1073 1044 1188 1081 centes,
1205 1051 1240 1074 ac
1254 1051 1286 1074 se
1300 1045 1505 1085 opponentes,
1519 1046 1644 1074 nostros
1658 1044 1688 1074 et
1701 1041 1729 1073 S.
1743 1041 1813 1074 RE.

1073 1104 1109 1127 ac
1127 1093 1214 1127 Sedis
1231 1094 1429 1139 Apostolieae
1452 1095 1587 1128 rebelles
1607 1095 1768 1128 declarare
1786 1100 1816 1128 et

1073 1148 1252 1191 publicare,
1278 1159 1314 1181 ac
1331 1153 1440 1182 contra
1457 1148 1526 1182 illos
1544 1148 1726 1188 summarie,
1745 1149 1816 1181 sim-

1074 1201 1199 1244 pliciter
1212 1208 1243 1234 et
1255 1201 1292 1234 de
1310 1202 1414 1246 plano,
1432 1203 1499 1235 sine
1516 1202 1649 1246 strepitu
1666 1207 1696 1235 et
1712 1201 1816 1245 figura

1075 1254 1199 1296 iudicii,
1231 1265 1325 1288 manu
1356 1256 1464 1298 regia,
1489 1256 1576 1288 nullo
1604 1255 1682 1288 iuris
1706 1255 1816 1289 ordine

1075 1312 1207 1351 servato,
1218 1319 1276 1342 nec
1289 1309 1395 1354 aliquo
1408 1309 1542 1343 formato
1556 1319 1716 1353 processu,
1728 1319 1816 1342 more

1075 1361 1213 1402 militari,
1237 1373 1272 1395 ac
1297 1363 1365 1396 iure
1390 1363 1473 1403 belli,
1488 1362 1526 1395 ad
1546 1362 1755 1406 privationem
1775 1363 1818 1395 os-

1075 1414 1229 1457 fictorum,
1248 1415 1425 1456 feudorum,
1440 1421 1470 1448 et
1486 1415 1643 1449 bonorum
1667 1425 1817 1459 quorum-

1076 1469 1326 1513 cumque,etiam
1338 1469 1542 1511 allodialium,
1558 1480 1615 1513 per
1633 1480 1686 1503 eos
1704 1470 1735 1502 in
1752 1469 1817 1513 qui-

1076 1523 1273 1566 buscumque
1290 1523 1368 1556 locis
1384 1533 1614 1567 possessorum,
1636 1534 1691 1557 seu
1708 1523 1818 1566 quovis

1076 1575 1170 1608 modo
1204 1576 1406 1609 obtentorum
1444 1577 1634 1620 respective,
1670 1576 1756 1609 omni
1789 1581 1818 1608 et

1076 1640 1276 1673 quacumque
1300 1631 1510 1673 appellatione
1528 1635 1558 1663 et
1581 1641 1715 1663 recursu
1734 1635 1818 1674 post-

1076 1683 1197 1726 positis,
1212 1683 1404 1727 procederc;
1421 1688 1460 1723 et,
1474 1682 1528 1717 ubi
1543 1683 1658 1717 iustitia
1668 1683 1818 1726 exegerit,

1077 1740 1107 1768 et
1130 1735 1208 1769 ordo
1238 1735 1401 1769 dictaverit
1430 1735 1578 1777 rationis,
1599 1747 1655 1769 scu
1680 1746 1751 1769 cum
1777 1736 1819 1768 ita

1077 1789 1224 1832 expedire
1248 1789 1445 1830 iudicaveris,
1471 1790 1597 1823 eosdem
1614 1789 1820 1823 contradicto-

1077 1853 1127 1876 res
1141 1848 1171 1875 et
1184 1843 1318 1876 rebelles
1335 1853 1534 1886 quacumque
1559 1843 1753 1887 pecuniaria,
1771 1844 1820 1877 vel

1078 1896 1246 1940 corporali,
1263 1907 1299 1930 ac
1322 1896 1416 1929 etiam
1434 1897 1537 1929 ultimi
1555 1897 1700 1941 supplicii
1717 1898 1820 1941 poena

1078 1950 1159 1983 attici
1183 1950 1295 1989 sacere;
1316 1960 1351 1982 ac
1376 1950 1564 1993 generaliter
1590 1950 1694 1983 onmia
1712 1955 1741 1983 et
1760 1950 1822 1982 sin-

1079 2004 1151 2046 gula
1171 2003 1209 2035 ad
1234 2008 1360 2043 statum,
1386 2003 1586 2046 gubernium,
1612 2003 1766 2046 regimen,
1790 2007 1820 2037 et

1061 2056 1382 2090 ,administrationem
1408 2057 1554 2097 cix-itatis,
1580 2057 1704 2101 oppidi,
1728 2057 1821 2090 terri-

1079 2110 1245 2153 toriorum,
1271 2110 1481 2151 districtuum,
1506 2110 1704 2154 aliorumque
1729 2121 1820 2154 prae-

1080 2164 1255 2205 dictorum,
1282 2174 1405 2198 necnon
1434 2164 1572 2204 arcium,
1597 2163 1820 2197 fortalitiorum

1080 2217 1265 2260 custodiam,
1283 2218 1539 2261 populorumque
1564 2227 1673 2261 pacem
1690 2221 1719 2251 et
1736 2218 1820 2261 quie-

1080 2275 1153 2311 tem,
1173 2281 1209 2304 ac
1229 2280 1369 2304 annonae
1394 2270 1616 2303 abundantiam
1637 2270 1819 2314 spectantia,

1080 2329 1110 2357 et
1134 2330 1195 2357 tam
1221 2324 1356 2367 gratiam
1385 2334 1480 2368 quam
1516 2324 1666 2357 iustitiam
1691 2334 1820 2357 concer-

1079 2378 1202 2419 nentia,
1227 2378 1284 2411 etsi
1309 2378 1381 2412 talia
1406 2379 1467 2411 sint
1498 2379 1546 2412 vel
1582 2378 1715 2419 suerint,
1741 2388 1820 2421 quae

1080 2432 1137 2466 sub
1155 2432 1295 2475 generali
1319 2432 1488 2465 verborum
1513 2432 1741 2475 significatione
1757 2442 1821 2466 non

1080 2486 1231 2527 venirent,
1246 2486 1299 2519 sed
1324 2486 1512 2530 specialibus
1536 2486 1714 2529 indigerent
1734 2497 1822 2520 voca-

1079 2540 1170 2581 bulis,
1196 2544 1226 2572 et
1250 2539 1376 2583 speciali
1401 2541 1475 2573 nota
1499 2539 1594 2582 digna
1618 2544 1731 2582 essent,
1749 2550 1821 2584 spe-

1079 2593 1266 2637 cialemque,
1292 2593 1470 2637 specificam
1501 2598 1531 2627 et
1560 2603 1740 2637 expressam
1764 2604 1818 2627 re-

1080 2656 1090 2683 1
1100 2655 1181 2692 Lege:
1190 2656 1332 2692 immons,
1340 2656 1468 2690 mcindeS,
1477 2657 1575 2687 iubeas
1583 2660 1609 2687 et
1617 2657 1822 2694 imperesms).

1717 239 1781 272 :357
1827 247 1876 274 An.
1897 247 2010 275 c.16·25
