2269 3235
228 281 277 309 An.
294 281 321 308 C.
345 280 412 308 1620

258 820 398 839 Prooemium.

298 1722 423 1743 statuuntur

240 1750 273 1771 Pii
301 1749 371 1774 Papae
395 1748 422 1768 IV

362 1781 424 1800 snper

242 1805 348 1824 erectione
381 1802 424 1825 epi-

241 1830 333 1854 scopalis
358 1829 425 1848 ercle-

240 1778 270 1797 ΠΗ
277 1782 324 1796 ι“Ι’.Ίι·

241 1856 286 1876 siaa
302 1855 399 1881 iprensis,

458 270 519 303 ,mit

735 324 853 358 excvt

429 407 630 441 stlartsm'ani
665 417 700 437 ar
727 405 910 437 Fui-nenses
942 404 1086 447 Iprensis
1121 413 1166 436 ec-

471 462 584 493 clesiast
609 459 757 491 canonici
782 468 881 501 acque
908 467 943 489 ac
969 457 1166 490 Morinmzses

471 513 654 555 nuncupati
668 512 789 544 habiles
807 507 987 543 reddamur
1000 510 1043 543 ad
1060 510 1167 553 eliqui-

475 571 552 598 lules
579 567 610 597 in
638 565 747 598 vitilem,
773 565 901 607 Iprcnsi
925 563 1057 597 ecclesid
1084 563 1166 596 obti-

475 618 598 651 nendas
613 617 630 650 ¹.

633 690 768 717 Urbanus
789 690 866 722 Papa
886 689 962 722 VIII,

549 734 585 760 ad
605 737 782 768 perpetuam
801 734 847 761 rei
868 733 1047 761 memoriam.

476 802 637 833 Romanus
662 801 801 833 l'ontit'ox
837 800 927 843 aequi
960 799 1097 842 bonique
1122 809 1170 831 su-

432 865 559 898 premus
584 859 720 886 assertor
744 865 760 885 a
785 853 943 885 Salvatorc
973 858 1003 885 et
1038 851 1170 884 Domino

432 914 559 949 nostro,
592 908 644 951 qui
677 906 811 939 ebaritas
837 911 882 937 cst
906 910 936 937 vt
960 906 1041 937 Dens
1064 904 1169 948 pacis7

432 958 960 1005 super111iiu=rsns<‹<›1·t›i.<s=‹-‹-tosins
974 958 1171 997 constitutus,

432 1021 464 1047 ut
483 1015 562 1047 felici
582 1016 705 1047 illarum
725 1012 880 1055 rigimini,
898 1011 1063 1055 gubernio,
1081 1002 1172 1054 atquc

433 1067 774 1109 directioni,divinique
790 1065 931 1099 cultusin
945 1065 989 1097 eis
1002 1069 1172 1108 augmento

434 1121 517 1153 iuxta
543 1120 694 1153 creditum
714 1120 771 1151 sibi
798 1119 987 1162 apostolicae
1013 1117 1173 1151 servitutis

434 1174 571 1206 officiunt
599 1174 718 1215 iugiter
751 1172 906 1214 invigilet,
933 1183 968 1205 ea
998 1171 1173 1211 interdum,

434 1239 513 1271 quac
531 1238 547 1259 a
565 1227 643 1259 Sede
668 1226 845 1269 apostolica
871 1225 988 1258 sancita
1005 1229 1085 1267 sunt,
1104 1221 1173 1268 ipsa

435 1280 565 1313 subinde
578 1292 681 1312 reruni
693 1279 885 1323 expmientia
896 1279 1055 1319 suadente,
1065 1278 1175 1310 alterat

435 1339 464 1367 ct.
481 1335 634 1375 immutat,
651 1335 681 1365 in
698 1334 808 1376 bisque
823 1332 1040 1366 sollicitudinis
1061 1336 1090 1364 et
1106 1342 1176 1375 pro-

434 1388 588 1420 videntiae
614 1398 688 1420 ¹<uae
714 1387 851 1419 studium
878 1386 1058 1430 interponit,
1082 1389 1176 1429 prout

434 1442 486 1485 pia
510 1442 713 1475 ecclesiarum
741 1441 923 1484 praesulum
945 1445 974 1472 et
998 1439 1172 1472 catholico-

436 1507 505 1528 rum
523 1496 703 1539 principum
723 1500 792 1527 vota
811 1494 840 1526 id
855 1498 1037 1537 exposcunt,
1056 1493 1175 1537 etipse,

436 1549 582 1582 omnibus
607 1560 729 1590 rmum,
756 1553 1000 1591 temporumque
1026 1546 1177 1590 qualitati-

437 1602 495 1635 bus
520 1602 623 1636 debite
648 1602 800 1645 pensatis,
827 1600 980 1644 conspicit
1010 1599 1178 1633 salubriter

438 1656 470 1688 in
493 1656 626 1689 Domino
652 1656 808 1699 expedire.

483 1711 498 1753 g
522 1710 551 1742 Δ1.
578 1710 660 1742 Alias
690 1709 841 1751 siquidem
868 1718 884 1739 a
910 1707 1007 1740 felicis
1031 1706 1178 1740 recorda-

440 1763 532 1796 tionis
556 1763 610 1795 Pio
636 1763 715 1805 Papa
742 1763 777 1794 ΙΥ
804 1761 1046 1805 praedecessore
1070 1763 1178 1793 nostro

441 1820 623 1849 emanarunt
656 1816 776 1847 litu—rae
807 1814 923 1848 tenoris
948 1813 1179 1858 subsequentis,

441 1870 600 1903 videlicet:

456 1951 539 1984 Pius
563 1951 739 1995 episcopus,
767 1960 875 1982 servits
900 1958 1066 1981 serrorum
1089 1947 1160 1987 Dei,

530 2004 572 2037 ad
593 2008 785 2047 perpetuam
809 2003 857 2035 rei
886 2002 1089 2035 memoriam.

486 2084 528 2117 Dc
552 2087 632 2117 statu
650 2083 851 2115 ecclesiarum
871 2081 1023 2123 omnium,
1043 2090 1184 2124 praeser—

444 2138 498 2172 tim
519 2137 745 2170 cathedralium
776 2136 946 2179 insignium
970 2135 1094 2168 noviter
1119 2144 1183 2166 ere-

443 2198 579 2233 ctarum,
609 2202 759 2235 prospere
788 2195 817 2223 ct
849 2190 980 2222 feliciter
1017 2188 1181 2231 dirigendo

444 2245 589 2279 attentius
614 2245 796 2287 cogitantes,
814 2243 852 2276 ad
875 2253 911 2276 ea
928 2242 1062 2275 libenter
1086 2241 1183 2274 inten-

444 2300 567 2339 dimus⁷
592 2310 647 2342 per
672 2309 751 2342 qnae
776 2298 900 2329 illarum
932 2295 1182 2336 conservationi,

444 2352 550 2385 decori
575 2358 605 2385 et,
629 2351 791 2393 venustati,
818 2362 853 2384 ae
878 2350 1044 2394 profectui,
1069 2354 1099 2384 et
1123 2349 1184 2382 illis

444 2406 689 2450 praesidentium
712 2405 935 2446 couuuoditati,
954 2415 989 2437 ac
1006 2404 1138 2436 aliarum
1154 2402 1186 2435 in

446 2460 489 2491 cis
514 2460 625 2491 illimis
658 2459 816 2502 obsequiis
839 2457 1017 2491 vacantium
1041 2466 1188 2500 persona-

448 2525 515 2545 rum
542 2517 737 2557 squortuiuue
764 2511 962 2544 subventioni
987 2511 1186 2544 consulatur:

448 2572 477 2599 et
502 2567 657 2599 inici-dum
679 2578 722 2609 ea,
748 2576 827 2610 quae
848 2576 863 2598 a
888 2563 1188 2610 praedecessoribus

486 2686 497 2713 1
516 2684 553 2713 Ex
567 2684 674 2721 Regost.
690 2684 715 2712 in
732 2685 832 2713 secret.
849 2683 926 2713 Brev.

1008 274 1182 298 titillatum!
1211 272 1363 295 ROMANllM

1198 320 1314 354 nostris
1350 316 1498 353 Romanis
1534 316 1737 351 Pontificibus
1767 326 1862 362 super
1885 315 1935 349 his

1198 373 1338 407 consulte
1352 375 1439 416 gesta
1455 372 1590 413 suerunt,
1610 381 1645 404 ex
1669 369 1784 403 saniori
1805 370 1936 404 consilio

1199 427 1413 467 immutamus,
1433 435 1467 458 ac
1487 424 1622 468 desuper
1646 423 1851 468 disponimus,
1867 434 1938 467 pro-

1199 485 1248 521 ut,
1274 490 1381 513 rerum
1407 483 1437 513 et
1469 482 1645 522 temporum
1670 487 1705 510 ac
1730 486 1937 520 personarum

1200 539 1228 567 et
1247 533 1412 576 regionum
1427 530 1628 576 qualitatibus
1648 529 1793 574 pensatis,
1815 529 1938 572 conspi-

1201 588 1301 621 cimus
1315 587 1345 620 in
1358 586 1491 620 Domino
1506 584 1674 618 salubriter
1691 583 1846 627 expedire.
1861 583 1938 616 Cum

1202 641 1321 684 itaque,
1347 639 1427 672 sicut
1451 638 1640 682 acecpimus,
1655 636 1730 669 alias
1756 636 1939 679 [postquam

1202 694 1300 727 sclicis
1316 692 1544 726 recordationis
1562 691 1674 724 Paulus
1692 690 1775 733 Papa
1791 689 1829 722 IV
1848 699 1940 733 prae-

1202 746 1349 780 decessor
1359 751 1465 779 noster
1474 744 1621 789 (providi,
1633 743 1798 787 vigilisque
1808 742 1943 786 pastoris

1204 810 1293 832 more
1309 799 1521 839 considerans,
1539 797 1623 842 quod
1641 808 1676 830 ea
1696 807 1769 841 pars
1787 795 1943 828 inferioris

1204 851 1405 892 Germaniae,
1433 862 1513 895 quae
1545 850 1730 884 charissimo
1762 850 1794 882 in
1821 849 1944 883 Christo

1205 905 1270 938 filio
1288 909 1397 938 nostro
1420 904 1563 948 Philippo
1580 904 1800 947 Hispaniarum
1815 902 1882 945 regi
1899 912 1945 935 ca-

1207 958 1322 992 tholico
1347 957 1556 991 haereditario
1581 957 1649 990 iure
1674 957 1858 989 etiamtunc
1875 955 1946 988 sub-

1206 1011 1284 1044 iecta
1308 1015 1384 1053 erat,
1402 1021 1460 1054 pro
1484 1012 1570 1042 tanta
1595 1009 1784 1054 oppidorum
1811 1008 1946 1042 celeber-

1206 1064 1361 1097 rimorum
1387 1063 1572 1107 frequentia,
1590 1063 1796 1105 locorumque
1816 1071 1946 1095 suorum

1207 1117 1416 1159 multitudine,
1434 1116 1512 1149 adeo
1535 1126 1652 1160 paucas
1677 1114 1823 1148 ecclesias
1848 1114 1949 1148 cathe-

1207 1171 1311 1204 drales
1337 1170 1489 1208 habebat,
1514 1174 1548 1202 ut
1582 1179 1691 1202 earum
1720 1168 1860 1212 episcopi
1893 1168 1951 1209 ea,

1208 1235 1270 1268 qua
1294 1235 1373 1268 opus
1398 1228 1474 1266 crat,
1500 1223 1665 1266 diligentia
1689 1227 1807 1255 tantam
1835 1221 1951 1255 anima-

1209 1289 1279 1312 rum
1305 1278 1537 1311 multitudinem
1569 1277 1699 1310 minime
1723 1287 1835 1319 regere
1860 1280 1949 1320 pote-

1208 1337 1292 1372 rant3
1314 1332 1408 1375 idque
1421 1331 1610 1375 quibusdam
1624 1331 1684 1364 hoc
1702 1334 1769 1363 erat
1782 1329 1949 1371 difficilius,

1209 1386 1293 1429 quod
1318 1385 1461 1429 ipsorum
1485 1384 1661 1417 dioecesani
1678 1383 1803 1426 linguae
1824 1382 1952 1416 idioma-

1210 1444 1248 1481 te,
1267 1438 1477 1481 institutisque
1495 1437 1692 1479 disserebant,
1712 1441 1742 1469 et
1758 1436 1885 1480 quidam
1903 1446 1952 1469 eo-

1210 1504 1281 1526 rum
1297 1492 1391 1525 etiam
1409 1491 1588 1524 huiusmodi
1603 1490 1769 1534 privilegia
1785 1489 1951 1530 habehant,

1211 1551 1245 1578 ut
1262 1546 1347 1589 ipsos
1371 1544 1409 1578 ad
1435 1544 1541 1577 sedem
1565 1543 1776 1588 episcopalem
1795 1552 1859 1576 non
1878 1542 1953 1575 lice-

1212 1604 1260 1632 ret
1284 1608 1424 1640 evocare,
1449 1598 1491 1630 ita
1510 1602 1544 1631 ut
1566 1607 1624 1630 nec
1649 1596 1720 1629 fidei
1746 1595 1899 1637 doctrina,
1925 1600 1954 1628 et

1212 1653 1262 1696 pie
1286 1652 1408 1685 vivendi
1433 1651 1609 1696 praeceptis
1634 1650 1800 1684 commode
1824 1649 1952 1691 instrui,

1212 1717 1280 1747 nec,
1301 1706 1326 1739 si
1346 1706 1421 1750 quid
1446 1705 1659 1749 deliquissent,
1676 1705 1766 1737 facile
1781 1703 1899 1746 corrigi
1916 1703 1955 1735 ab

1213 1759 1369 1807 episcopis
1386 1759 1450 1792 suis
1470 1763 1613 1802 possent3
1639 1757 1677 1790 ad
1697 1757 1783 1801 ipsos
1801 1767 1876 1790 vero
1893 1755 1957 1800 epi-

1214 1824 1325 1857 scopos
1350 1812 1530 1853 visitandos,
1548 1810 1771 1852 admonendos,
1791 1815 1821 1843 et
1840 1809 1872 1842 in
1893 1809 1957 1842 offi-

1215 1866 1263 1899 cio
1280 1866 1485 1900 continendos
1505 1866 1591 1898 nulla
1610 1864 1641 1897 in
1665 1866 1731 1897 tota
1756 1864 1808 1896 illa
1826 1863 1957 1906 regione

1216 1920 1348 1953 ecclesia
1380 1924 1446 1953 erat
1470 1918 1730 1963 metropolitana3
1756 1916 1810 1950 sed
1834 1916 1958 1950 arehie-

1217 1973 1338 2017 piscopi
1352 1977 1440 2005 extra
1456 1972 1534 2005 sines
1558 1971 1658 2016 ipsius
1683 1970 1810 2003 ditionis
1827 1970 1958 2004 existen-

1217 2031 1263 2059 tes
1286 2030 1420 2070 propter
1443 2026 1542 2058 multa
1566 2029 1597 2058 et
1620 2024 1707 2058 varia
1733 2023 1959 2067 impedimenta

1218 2080 1295 2112 nulli
1331 2079 1538 2123 suffraganeis
1570 2079 1634 2112 suis
1665 2078 1735 2111 usui
1766 2077 1957 2122 iampridem

1219 2138 1319 2175 erant,
1341 2139 1372 2166 et
1391 2138 1523 2178 propter
1543 2133 1683 2166 assiduas
1702 2131 1841 2173 insidias,
1858 2131 1958 2171 dolos,

1219 2188 1445 2231 pcstiscrasque
1476 2186 1634 2220 doctrinas
1665 2186 1857 2230 populorum
1884 2184 1959 2217 hae-

1220 2241 1391 2274 reticorum
1422 2246 1452 2274 et
1480 2239 1773 2282 schismaticorum,
1800 2249 1817 2272 a
1845 2237 1960 2282 quibus

1220 2295 1329 2328 eadem
1360 2295 1450 2338 regio
1483 2295 1569 2328 omni
1594 2294 1659 2326 sere
1684 2304 1720 2327 ex
1744 2298 1834 2337 parte
1859 2292 1960 2326 cincta

1220 2354 1313 2393 atque
1333 2349 1460 2382 obsessa
1476 2353 1552 2389 erat,
1570 2348 1724 2381 catholica
1743 2347 1807 2379 illic
1827 2345 1905 2380 sides
1931 2351 1960 2379 et

1220 2403 1398 2435 animarum
1422 2403 1504 2435 salus
1521 2402 1553 2434 in
1572 2401 1710 2434 maximo
1730 2399 1912 2433 discrimine
1929 2404 1960 2432 et

1221 2456 1363 2500 periculo
1380 2455 1600 2499 versabantur)
1619 2455 1668 2487 his
1686 2458 1716 2488 et
1732 2454 1800 2487 aliis
1813 2453 1961 2497 gravibus

1221 2510 1323 2543 causis
1348 2509 1513 2553 impulsus,
1531 2508 1639 2541 volens
1663 2507 1757 2541 etiam
1776 2507 1873 2550 ipsius
1894 2505 1962 2539 Phi-

1220 2564 1297 2608 lippi
1320 2564 1404 2607 regis
1428 2563 1574 2608 precibus
1598 2572 1746 2605 annuere,
1765 2572 1801 2595 ac
1821 2566 1887 2594 tam
1907 2559 1960 2604 pio

1221 2619 1287 2652 cius
1306 2617 1462 2651 desiderio
1475 2617 1663 2660 satisfacere,
1680 2616 1796 2659 habita,
1819 2615 1900 2649 sicut
1914 2614 1962 2648 rei

1221 2672 1404 2718 magnitudo
1423 2671 1611 2717 postulabat,
1629 2681 1702 2707 cum
1717 2669 1869 2706 fratribus
1886 2669 1961 2711 suis,

1957 266 2004 294 An.
2022 266 2049 294 C.
2067 264 2136 294 1626
