2269 3235
222 256 275 282 Au.
297 256 324 283 C.
342 255 411 283 1625

242 1544 338 1564 Urbanus
353 1549 399 1563 eun-i

216 1570 303 1591 Beatum
322 1577 399 1590 nuncn-

216 1604 260 1623 pari
277 1603 348 1622 passi),

260 2340 285 2361 Et
300 2341 401 2361 indultum

218 2366 243 2385 ‹li›
264 2372 305 2393 quo
327 2368 347 2387 in
369 2373 401 2387 ru-

219 2393 276 2413 brica
286 2394 389 2414 concedit.

457 246 521 280 {3:3⁶2

417 310 446 337 et
471 304 659 337 clericorum
684 303 878 345 regularium
904 303 1157 345 congregationis

417 357 641 390 'l'lieatinorum
664 361 917 398 miueupatoriun
942 355 1033 388 nobis
1058 366 1157 399 nuper

417 411 591 453 expositum
606 410 672 450 l'uit,
689 409 882 442 venerabiles
902 410 1014 441 fratres
1031 409 1059 441 S.
1075 410 1108 441 R.
1124 410 1155 441 E.

418 465 590 497 cardinales
608 463 704 495 sacris
719 463 829 495 ritibus
846 463 1015 507 praepositi
1030 474 1155 496 causam

418 518 497 549 servi
516 517 568 548 llei
582 517 723 548 Andreae
744 516 875 549 Arelliui
901 517 1084 549 eorumdem
1100 517 1158 549 cle-

416 570 557 602 ricorum
578 569 770 611 regularium
792 570 822 613 (a
843 570 942 602 tribus
963 570 1058 602 Rotae
1075 570 1157 602 audi-

418 623 548 665 toribus,
573 634 608 655 ac
633 623 744 656 deinde
769 624 806 654 de
832 623 979 656 mandato
996 629 1104 657 nostro
1118 624 1156 656 ab

417 674 534 706 eisdem
553 674 773 715 cardinalibus,
793 676 946 708 rel'ercnte
964 675 1078 708 dilecto
1092 675 1157 708 lilio

415 733 525 761 nostro
545 729 656 761 Carolo
678 729 846 761 Emanuele
862 730 890 761 S.
913 729 1027 761 Mariae
1052 729 1083 760 in
1104 729 1157 761 Via

416 781 490 813 Lata
521 781 653 814 diacono
685 781 841 814 cardinale
872 781 925 814 Pio
957 786 1156 824 nuncupato,

416 834 613 878 discussam),
640 846 712 867 cum
743 834 910 877 utrobique
937 834 975 866 de
1002 834 1158 867 validitate

416 898 635 932 processuum,
660 888 697 920 de
723 888 885 920 sanctitate
903 887 983 919 vitae
996 898 1031 919 ac
1049 887 1086 919 de
1103 888 1158 920 mi-

416 941 542 982 racutis,
568 945 630 975 tam
656 941 687 973 in
712 941 774 973 vita
799 950 893 984 quam
914 940 946 972 in
970 944 1071 973 morte
1096 940 1157 973 sus-

416 994 560 1028 sicienter
585 999 728 1026 constare
757 993 1000 1037 pronunciatum
1029 993 1156 1035 fuisset,

416 1047 447 1080 in
473 1047 525 1079 tali
550 1050 631 1080 statu
655 1046 834 1080 censuerint
859 1046 1045 1086 habendam,
1066 1051 1101 1079 ut
1120 1046 1158 1078 ad

416 1100 588 1133 solemnem
613 1100 713 1143 ipsius
726 1099 807 1132 servi
819 1099 873 1132 Dei
889 1099 1157 1133 canonizationem

415 1153 680 1197 quandocumque
691 1153 829 1186 deveniri
842 1153 950 1197 possit;
961 1153 1158 1197 praepositus

416 1217 490 1240 vero
504 1212 533 1239 et
546 1207 652 1240 clerici
666 1206 829 1250 praedicti,
843 1217 901 1250 pro
914 1217 961 1248 eo,
974 1217 1068 1250 quem
1083 1218 1157 1250 erga

415 1260 560 1292 eumdem
580 1270 706 1293 servum
725 1260 778 1292 Dei
799 1259 956 1292 Andream
981 1260 1156 1293 Avellinum

416 1318 539 1357 gerunt,
558 1313 733 1346 devotionis
752 1312 865 1347 affectu
876 1312 896 1354 ¹,
921 1313 1008 1345 illum
1029 1313 1156 1346 Beatum

415 1367 600 1411 nuncupari,
618 1367 820 1410 officiumque
845 1372 875 1399 et
900 1367 1027 1399 missam
1052 1367 1090 1400 de
1110 1378 1157 1408 eo,

415 1420 514 1453 donec
528 1420 567 1453 ad
584 1420 667 1453 illius
681 1421 950 1453 canonizationem
963 1420 1157 1461 deveniatur,

415 1474 541 1506 recitari
562 1484 654 1517 posse
672 1484 874 1516 summopere
891 1473 1082 1506 desiderent:

461 1528 475 1571 ἓ
499 1528 528 1560 02.
548 1528 619 1568 Nos,
637 1527 696 1571 piis
717 1527 887 1571 praepositi
913 1532 943 1559 et
967 1527 1157 1560 clericorum

414 1580 649 1624 praedictorum
668 1581 755 1622 votis,
773 1585 925 1623 quantum
939 1591 1010 1613 cum
1024 1581 1157 1614 Domino

415 1645 600 1678 possumus,
626 1646 781 1676 annuere,
808 1635 940 1678 illosque
969 1635 1157 1678 specialibus

415 1689 574 1721 favoribus
599 1693 628 1721 et
652 1689 761 1731 gratiis
786 1689 934 1732 prosequi
961 1689 1109 1731 volentes,
1129 1693 1158 1723 et

415 1742 610 1785 aquibusvis
639 1742 989 1783 excommunicationis,
1020 1753 1154 1786 suspen-

415 1794 510 1827 sionis
537 1799 567 1827 et
591 1794 758 1836 interdicti,
784 1794 914 1838 aliisque
939 1795 1158 1828 ecclesiasticis

415 1848 594 1890 sententiis,
620 1848 761 1880 censuris
787 1852 816 1880 et
840 1848 960 1891 poenis,
979 1858 995 1880 a
1016 1848 1084 1880 iure
1109 1849 1156 1880 vel

415 1901 453 1933 ab
470 1901 608 1942 homine,
626 1901 735 1945 quavis
755 1901 920 1934 occasione
936 1901 982 1933 vel
1000 1902 1093 1933 causa
1112 1902 1156 1933 la-

416 1954 464 1997 tis,
483 1954 639 1998 siquibus
664 1954 900 1998 quomodolibet
924 1954 1063 1988 innodati
1087 1954 1155 1987 exi-

416 2012 508 2050 stunt,
534 2008 573 2041 ad
597 2008 745 2041 effectum
761 2008 975 2052 praesentium
997 2008 1158 2040 dumtaxat

416 2061 693 2106 consequendum,
718 2062 831 2094 harum
857 2061 937 2094 serie
963 2061 1158 2095 absolventes

416 2123 446 2150 et
469 2118 632 2151 absolutos
652 2117 718 2150 sore
735 2122 908 2158 censentes,
925 2116 1159 2161 supplicationi-

414 2170 473 2203 bus
497 2181 607 2204 eorum
631 2170 759 2203 nomine
783 2169 873 2203 nobis
896 2180 993 2214 super
1016 2169 1077 2203 hoc
1100 2169 1158 2202 hu-

416 2224 533 2256 militer
558 2223 713 2268 porrectis
735 2223 886 2263 inclinati,
910 2223 949 2256 de
974 2223 1158 2256 eorumdem

416 2278 623 2310 cardinalium
644 2277 785 2319 consilio,
810 2282 844 2310 ut
868 2276 951 2310 idem
975 2276 1030 2310 Dei
1051 2287 1159 2310 servus

417 2331 556 2364 Andreas
581 2331 743 2364 Avellinus
768 2331 880 2364 Beatus
900 2330 1088 2374 nuncupari,
1105 2330 1160 2363 de-

418 2396 477 2429 que
504 2396 541 2419 eo
565 2385 603 2418 ab
631 2385 779 2419 omnibus
809 2384 932 2418 clericis
961 2383 1160 2427 regularibus

417 2440 598 2473 huiusmodi
623 2439 738 2482 ubique
752 2438 956 2472 existentibus
974 2438 1113 2472 officium
1131 2443 1161 2471 et

419 2492 513 2524 missa
539 2493 576 2525 de
601 2492 761 2526 communi
786 2492 980 2526 Confessoris
1004 2501 1068 2525 non
1084 2491 1162 2524 Pon—

419 2547 509 2578 tiliris
536 2547 602 2589 ipsa
626 2546 675 2580 die
708 2546 774 2579 eius
804 2546 908 2579 obitus
940 2545 1094 2579 celebrari
1125 2555 1161 2578 ac

418 2599 544 2631 recitari
570 2599 666 2632 libere
692 2604 721 2632 et
744 2600 827 2633 licite
851 2599 950 2643 possit
983 2604 1012 2632 et
1041 2599 1160 2639 valeat,

455 2664 464 2688 t
486 2661 554 2690 Edit.
576 2661 653 2690 lllain.
673 2662 736 2698 legit
751 2662 885 2697 aflectum
901 2662 937 2697 (a.
956 2662 1004 2696 r),

1004 255 1181 279 nt'LLimltJM
1206 255 1359 279 ROMANUM

1941 253 1992 280 An.
2013 252 2043 280 C.
2061 252 2130 281 1625

1190 303 1361 346 apostolica
1378 301 1573 342 auctoritate,
1584 305 1692 335 tenore
1708 301 1929 345 praesentium,

1190 355 1347 389 licentiam
1367 361 1397 388 ct
1414 355 1591 389 facultatem
1609 354 1809 388 concedimus
1826 360 1855 389 et
1872 355 1930 388 im-

1190 409 1354 452 partimur.

1235 464 1250 505 5
1270 462 1298 495 3.
1319 463 1385 495 Non
1403 461 1599 494 obstantibus
1617 460 1890 495 constitutionibus
1903 466 1932 494 et
1947 473 2057 494 emunita
2070 473 2130 495 ωιιιι.

1191 515 1441 549 ordinationibus
1457 515 1647 559 apostolicis,
1666 514 1842 560 ceterisque
1863 524 1932 548 con-

1191 569 1294 601 trariis
1319 569 1577 612 quilmscumque.

1235 624 1249 665 ἓ
1273 622 1302 654 4.
1329 623 1478 655 Volumus
1503 627 1623 662 autem,
1657 626 1690 654 ut
1719 622 1932 665 praesentium
1977 633 2131 664 'ufmsumpns-

1192 676 1405 719 transumptis,
1430 676 1523 708 etiam
1545 674 1716 719 impressis,
1734 679 1764 707 et
1779 684 1933 718 personae
1949 659 2057 685 ‘mmm'
2065 659 2131 679 amm

1191 728 1222 760 in
1240 729 1391 771 dignitate
1405 729 1614 762 ecclesiastica
1631 728 1817 761 constitutae
1829 727 1933 770 sigillo

1192 782 1329 823 munitis,
1347 782 1456 815 eadem
1474 792 1604 826 prorsus
1624 782 1701 814 sides
1716 781 1831 824 ubique
1845 780 1934 813 adhi-

1190 835 1310 876 beatur,
1329 846 1408 879 quae
1425 835 1644 879 praesentibus
1668 835 1882 878 adhiberetur,
1908 834 1933 867 si

1191 889 1293 921 forent
1318 888 1473 921 exhibitae
1498 890 1545 921 vel
1570 895 1720 922 ostensae.

1236 941 1346 974 Datum
1372 942 1509 983 Romae,
1542 942 1624 985 apud
1648 941 1677 975 S.
1703 942 1850 982 Petrum,
1876 940 1933 974 sub

1192 994 1308 1027 annulo
1339 993 1505 1026 Piscatoris
1519 1020 1526 1033 ‚
1558 993 1608 1026 die
1638 1003 1658 1026 x
1690 993 1767 1026 iunii
1792 1003 1933 1034 mnexxv,

1191 1047 1392 1091 pontificatus
1416 1046 1515 1080 nostri
1540 1056 1622 1080 anno
1647 1057 1678 1080 11.

1227 1110 1289 1138 Dat.
1311 1109 1355 1137 die
1377 1110 1409 1137 10
1428 1109 1496 1136 iunii
1514 1109 1594 1141 1625,
1609 1109 1701 1145 pontif.
1723 1117 1766 1138 an.
1783 1117 1814 1137 n.

1500 1235 1624 1268 CXLlll.

1191 1306 1377 1340 Iubilaeum
1400 1316 1459 1349 pro
1483 1306 1634 1339 omnibus
1650 1306 1824 1350 utriusque
1842 1316 1936 1339 sexus

1235 1359 1501 1402 christifidelibus
1513 1359 1549 1392 in
1559 1359 1689 1392 civitate
1697 1363 1725 1392 et
1735 1359 1870 1393 dioecesi
1874 1360 1937 1393 Pa-

1234 1414 1367 1447 risicnsi
1376 1414 1662 1455 commorantibuS,
1672 1424 1758 1447 anno
1768 1423 1908 1447 Mncxxvi
1916 1413 1934 1446 ¹.

1404 1485 1541 1513 Urbanus
1552 1486 1631 1519 Papa
1644 1485 1719 1516 VIII⁷

1191 1538 1343 1566 universis
1360 1539 1610 1566 christifidelibus
1621 1541 1798 1573 praesentes
1814 1538 1935 1566 litteras

1225 1583 1420 1616 inspecturis,
1442 1584 1572 1611 salutem
1589 1587 1620 1611 et
1635 1583 1832 1617 apostoticam
1850 1583 1936 1611 bene-

1199 1631 1202 1633 ·
1227 1628 1398 1655 dictionem.

1236 1689 1376 1723 Salvator
1388 1689 1514 1723 noster²
1526 1690 1678 1722 Dominus
1695 1690 1781 1722 Iesus
1794 1689 1936 1723 Christus
1977 1693 2117 1715 Ummium-

1191 1743 1245 1776 Dei
1270 1743 1384 1785 Filius,
1411 1743 1499 1776 cuius
1524 1743 1596 1775 licet
1624 1743 1773 1776 immeriti
1797 1742 1880 1776 vices
1904 1742 1935 1775 in

1191 1795 1283 1829 terris
1307 1796 1466 1838 gerimus,
1500 1796 1536 1828 ad
1562 1796 1622 1829 hoc
1646 1796 1738 1829 nobis
1762 1795 1880 1839 ligandi
1905 1801 1936 1829 et

1192 1849 1331 1882 solvendi
1348 1853 1533 1892 potestatem
1557 1849 1680 1882 tradere
1698 1849 1805 1890 voluit,
1829 1854 1863 1882 ut
1885 1859 1935 1881 sa-

1191 1903 1248 1935 luti
1273 1902 1339 1935 eius
1370 1903 1476 1945 gregis
1505 1907 1632 1935 nostrae
1662 1913 1757 1935 curae
1786 1902 1934 1935 divinitus

1192 1955 1353 1989 commissi
1377 1961 1510 2000 paterno
1535 1956 1648 1990 affectu
1663 1966 1699 1989 ac
1719 1955 1854 1989 sollicito
1871 1960 1935 1989 stu-

1191 2009 1243 2043 dio
1260 2009 1490 2043 incumbamus.

1236 2063 1303 2107 §l
1334 2063 1412 2096 Hinc
1445 2068 1492 2097 est
1522 2063 1607 2108 quod
1633 2074 1708 2106 nos,
1740 2063 1935 2097 attendentes

1191 2117 1394 2160 quamplures
1418 2116 1552 2150 civitatis
1576 2116 1760 2150 Parisiensis
1782 2116 1814 2149 in
1835 2126 1934 2159 regno
1949 2120 2135 2172 {tecugffgrgtffiffi

1192 2167 1213 2199 F
1217 2167 1340 2200 ranciae
1356 2168 1376 2208 ³,
1406 2173 1499 2211 atque
1529 2172 1709 2208 terrarum,
1734 2167 1880 2200 villarum
1905 2171 1934 2200 et
1950 2174 2027 2198 verint,

1192 2221 1335 2254 locorum
1349 2221 1502 2254 dioecesis
1515 2220 1698 2254 Parisiensis
1715 2230 1877 2264 personas,
1894 2220 1935 2253 oh

1192 2274 1316 2317 diversa
1348 2274 1593 2318 impedimenta,
1623 2274 1810 2318 praesertim
1834 2274 1935 2308 conti-

1192 2338 1329 2361 nuorum
1352 2327 1520 2368 bellorum,
1537 2337 1617 2371 quae
1633 2327 1784 2360 hactenus
1804 2326 1836 2359 in
1853 2325 1936 2359 dicto

1193 2391 1292 2424 regno
1317 2386 1404 2424 gesta
1427 2387 1508 2422 sunt,
1534 2391 1589 2414 seu
1613 2381 1689 2414 alias
1713 2381 1872 2423 detentas,
1897 2380 1935 2413 ad

1193 2436 1274 2469 hanc
1299 2436 1413 2469 almam
1438 2436 1556 2470 Urbem
1582 2441 1722 2469 nostram
1747 2446 1806 2480 pro
1836 2435 1936 2469 caele-

1970 2067 2082 2087 Grassante
2091 2065 2135 2087 bel-

1949 2094 1981 2116 lo.
2001 2099 2047 2114 cum
2076 2093 2134 2113 Pari·

1230 2527 1241 2552 1
1259 2525 1296 2552 Ex
1313 2525 1420 2560 Regest.
1437 2526 1463 2552 in
1477 2526 1579 2553 Secret.
1597 2525 1674 2553 Brev.

1229 2570 1246 2596 2
1261 2569 1383 2596 Similem
1394 2569 1624 2605 constitutionem,
1636 2569 1760 2597 similiter
1775 2569 1878 2596 mendis
1892 2576 1936 2596 re-

1194 2615 1303 2649 fertam,
1321 2614 1354 2641 cs.
1371 2623 1431 2649 sup.
1447 2623 1475 2649 p.
1491 2614 1595 2649 292201.
1612 2615 1660 2648 T.).

1231 2660 1246 2684 :t
1262 2659 1333 2687 Edit.
1349 2659 1427 2687 Μαίη.
1445 2659 1508 2694 legit
1527 2659 1674 2688 Aranciae
1692 2661 1728 2693 (a.
1745 2659 1793 2693 r).
