2269 3235
941 296 984 302 -—
1008 287 1051 310 vn
1075 296 1119 302 —-

235 366 350 394 mum
392 351 599 397 dedimus,
637 351 716 391 hoc
751 349 891 394 etiam,
929 348 1041 400 quod
1081 363 1213 390 unum
1258 349 1395 391 adhuc
1443 350 1600 395 deerat,
1639 351 1826 394 omnium

230 417 459 465 maximum
482 428 820 474 postremumque
836 419 992 461 accedit
1012 420 1159 471 pignus
1179 421 1311 472 coepti
1329 420 1516 463 alacriter
1533 423 1823 474 prosequendi,

233 501 357 546 atque
387 493 438 536 ad
469 492 661 535 ultimum
693 504 825 542 usque
855 497 964 532 certo
996 491 1158 539 certius,
1185 491 1406 534 auxiliante
1428 492 1527 542 Deo,
1557 494 1820 544 perducendi,

234 579 383 617 nempe
413 564 490 606 sub
520 563 620 605 tanti
649 562 736 604 Viri
766 562 934 603 nomine
956 568 994 603 et
1020 562 1146 604 tutela
1167 570 1352 604 nostram
1374 564 1498 606 fuisse
1520 564 1756 607 Editionem
1777 566 1828 607 ab

234 637 323 689 ipso
345 635 548 687 Supremo
570 633 800 675 Hierarcha
823 633 1100 674 constitutam.

288 706 429 749 Pauca
458 718 571 747 nunc
600 704 650 747 de
678 704 902 746 Volumine
928 704 1022 753 isto,
1044 704 1168 746 totius
1199 703 1346 756 Operis
1366 704 1682 753 Decimotertio,
1713 708 1825 759 quod

235 792 318 820 non
347 777 477 819 seri'us
506 776 800 828 quadrimestri
828 775 958 827 spatio
989 782 1081 827 post
1109 775 1417 818 Duodecimum
1448 777 1708 829 evulgamus,
1738 793 1827 830 pro-

234 849 347 901 loqui
364 848 578 890 habemus.
601 846 760 888 Parum
782 860 914 898 aequa
935 846 1247 889 Mainardianae
1269 847 1459 889 editionis
1474 848 1737 890 voluminum
1755 850 1830 892 dis-

234 919 455 962 tributione
478 933 550 971 per
575 932 651 960 nos
680 918 721 960 in
757 917 905 960 melius
937 918 1101 960 redacta
1122 925 1160 960 et
1180 919 1408 965 immutata,
1442 919 1604 961 initium
1630 920 1748 962 Tomi
1778 921 1830 962 fa-

235 992 366 1034 cimus
408 1004 432 1032 a
473 1004 624 1042 magno
658 981 865 1041 longoque
899 1003 1106 1031 annorum
1135 1004 1206 1031 ΧΧΙ
1236 990 1396 1032 Urbani
1425 990 1527 1032 VIII
1558 991 1828 1037 Pontificatu,

237 1062 354 1105 cuius
384 1061 569 1114 quinque
597 1059 887 1102 tantummodo
918 1073 1049 1101 annos
1080 1060 1251 1111 priores,
1285 1061 1354 1102 sed
1386 1061 1457 1112 qui
1485 1061 1687 1104 Actorum
1714 1063 1832 1114 copia

237 1133 441 1185 pleniores
471 1138 587 1181 sunt,
619 1131 691 1172 tibi
720 1130 881 1180 damus,
917 1145 963 1172 ea
998 1130 1186 1173 videlicet
1222 1146 1328 1183 quae
1362 1132 1403 1173 in
1434 1132 1611 1174 editione
1640 1132 1832 1175 Romana

240 1218 263 1245 a
305 1203 454 1256 pagina
495 1202 573 1244 117
611 1202 737 1253 partis
772 1214 801 1242 v
839 1202 938 1243 tomi
976 1215 1004 1242 v
1043 1216 1176 1253 usque
1216 1203 1267 1244 ad
1309 1203 1501 1254 paginam
1544 1203 1616 1245 13ss
1655 1205 1780 1255 partis
1820 1220 1831 1245 1

240 1275 338 1317 tomi
366 1288 410 1315 V1
439 1273 675 1324 discerptim
705 1272 985 1318 continentur,
1017 1278 1148 1314 totuin
1179 1273 1327 1315 deinde
1364 1274 1493 1325 ipsius
1530 1275 1691 1316 Urbani
1721 1275 1831 1317 Pon-

234 1344 445 1392 tificatum,
478 1344 546 1386 illo
578 1343 701 1386 etiam
731 1357 803 1395 per
831 1343 1038 1395 integrum
1068 1344 1225 1386 adiecto
1256 1344 1487 1387 Innocentii
1515 1345 1567 1391 X,
1598 1346 1730 1388 tribus
1762 1360 1831 1388 vo-

236 1416 466 1458 luminibus
503 1415 610 1458 intra
649 1429 808 1457 annum
846 1415 1016 1457 edendis
1053 1415 1320 1468 complexuri.
1361 1416 1453 1464 Quo
1491 1417 1646 1459 factum
1676 1418 1750 1459 erit
1787 1426 1832 1460 ut

241 1486 394 1539 Magna
435 1492 575 1529 nostra
618 1486 838 1528 Bullarum
882 1485 1077 1528 Collectio
1122 1501 1255 1539 usque
1295 1486 1346 1529 ad
1394 1501 1552 1529 annum
1595 1488 1831 1540 ‘Reparatae

238 1557 391 1600 Salutis
420 1572 565 1600 MDCLV
594 1558 862 1611 perducatur;
889 1558 931 1599 id
961 1564 1021 1599 est
1050 1558 1192 1600 decem
1227 1559 1518 1601 tantummodo
1540 1559 1830 1601 Romanorum

239 1628 491 1672 Pontificum
519 1643 592 1682 per
620 1630 856 1682 octuaginta
886 1629 1070 1681 quinque
1101 1644 1231 1672 annos
1257 1630 1361 1671 Acta
1393 1638 1641 1682 supererunt
1670 1631 1830 1673 edenda

238 1712 283 1748 ut
311 1705 363 1748 ad
384 1705 657 1748 Benedictum
674 1705 785 1754 XIV,
812 1705 884 1747 ubi
906 1705 1054 1747 desinit
1075 1706 1197 1747 editio
1220 1706 1518 1752 Mainardiana,
1534 1708 1829 1759 pertingamus.

239 1776 449 1829 Istamque
479 1777 609 1819 nostri
639 1775 785 1829 Operis
815 1776 983 1819 Partem
1014 1778 1214 1829 priorem,
1245 1791 1420 1830 eamque
1450 1785 1558 1820 certe
1588 1779 1830 1830 graviorem,

239 1848 414 1891 triennio
439 1848 678 1891 absolutum
708 1848 756 1890 iri
786 1848 1047 1891 confidimus.
1080 1849 1236 1901 Itaque,
1267 1849 1415 1891 Lector
1444 1850 1632 1902 benigne,
1661 1850 1724 1892 vel
1754 1851 1832 1893 hoc

242 1927 360 1973 pacto
390 1926 517 1962 totam
549 1920 771 1963 editionem
806 1920 1137 1962 Mainardianam
1174 1921 1406 1973 evulgatam
1442 1922 1710 1963 habebimus:
1747 1935 1832 1964 non

241 1991 410 2044 quidem
430 1998 529 2034 tunc
549 2005 572 2034 a
594 1998 736 2044 coepto
759 1992 957 2038 destituri,
988 1992 1058 2034 sed
1089 1992 1197 2034 illius
1227 1993 1580 2034 continuationem
1610 1993 1660 2035 ad
1692 2000 1833 2035 nostra

241 2077 373 2115 usque
409 2069 618 2116 tempora,
653 2077 760 2106 nova
797 2063 1025 2110 alacritate,
1060 2064 1260 2116 novisque
1295 2064 1472 2114 viribus,
1514 2064 1601 2107 Deo
1642 2065 1832 2111 iuvante,

240 2134 503 2186 resumpturi.

293 2205 403 2255 Quot
440 2205 666 2259 quantique
697 2206 892 2258 ponderis
923 2206 1233 2249 emendationes
1263 2206 1432 2249 editioni
1471 2206 1688 2250 Romanae
1718 2207 1832 2250 adhi-

240 2278 467 2327 buerimus,
498 2278 565 2320 hic
585 2278 770 2331 proxime
791 2278 975 2320 adiectus
1002 2278 1167 2320 illarum
1198 2279 1409 2331 catalogus
1435 2279 1531 2321 satis
1563 2279 1634 2321 tibi
1666 2280 1831 2322 demon-

244 2349 398 2390 strabit.
434 2348 556 2397 Quod
592 2349 625 2391 si
660 2363 744 2392 una
780 2349 843 2391 vel
878 2350 1005 2391 altera
1038 2350 1124 2392 vice
1155 2364 1264 2402 aqua
1292 2350 1439 2397 haesit,
1469 2351 1547 2392 hoc
1582 2351 1720 2402 ipsum
1757 2365 1832 2393 suo

242 2417 333 2460 loco
361 2420 612 2466 monuimus,
635 2427 680 2463 ut
701 2435 773 2473 per
793 2427 830 2463 te
851 2421 998 2467 valeas,
1021 2422 1132 2473 quod
1155 2436 1230 2464 nos
1249 2422 1419 2464 minime
1441 2423 1665 2474 potuimus,
1698 2436 1831 2465 emen-

244 2489 353 2531 dare.
382 2489 520 2532 Unam
552 2492 675 2534 etiam
703 2492 864 2535 Urbani
893 2493 996 2535 VIII
1028 2492 1386 2543 Constitutionem,
1423 2507 1548 2545 quam
1579 2507 1602 2535 a
1630 2493 1835 2537 Romanis

244 2559 435 2603 editionis
463 2561 571 2605 illius
592 2564 852 2607 curatoribus
874 2565 1071 2607 omissam
1092 2565 1217 2607 fuisse
1238 2565 1608 2617 deprehendimus,
1629 2565 1831 2618 integram

244 2631 342 2674 dare
371 2645 419 2673 ex
448 2631 699 2677 Cherubinio
728 2636 849 2678 nobis
880 2650 1002 2678 curae
1023 2637 1108 2678 fuit.
1135 2636 1201 2678 Ad
1233 2637 1421 2678 ordinem
1449 2651 1545 2695 vero
1577 2637 1830 2689 chronologi-

243 2716 339 2746 cum
368 2704 480 2756 quod
510 2712 680 2757 spectat,
717 2721 842 2760 quem
870 2708 912 2750 in
950 2707 1266 2751 Pontificiarum
1301 2707 1654 2751 Constitutionum
1695 2709 1830 2760 dispo-
