2269 3235
130 252 178 280 An.
198 253 228 280 C.
248 252 316 281 1624

191 635 312 655 Mandatum

128 662 154 682 de
179 662 312 682 observanda

127 689 274 709 consututione
283 689 314 709 Siv

128 716 156 736 xti
167 716 226 741 Papa
237 715 259 736 V.

152 1061 191 1083 Rei
206 1061 233 1082 ad
248 1061 309 1082 trire-

125 1094 169 1109 mes
191 1088 309 1114 pontificias

126 1115 235 1136 dumtaxat
263 1115 310 1136 mit-

125 1142 190 1163 tendi.

160 1382 250 1403 Ministri
275 1387 310 1402 ca-

126 1415 197 1430 merae
237 1411 310 1429 contra

125 1436 244 1461 praesentis
262 1441 310 1456 cou-

126 1462 241 1482 stitutionis
269 1462 310 1482 sor-

126 1494 181 1509 mam
199 1488 251 1508 nihil
270 1489 309 1509 sol·

127 1520 175 1536 rere
190 1515 276 1536 debent.

154 2501 261 2523 Licentiae
278 2507 310 2522 ex-

128 2529 224 2549 trahendi
271 2528 312 2548 sru-

127 2557 198 2576 menta
253 2557 311 2576 extra

947 249 1088 274 UnnANUs
1109 249 1164 273 Vltt
1185 250 1233 273 Pr.

326 309 383 345 per
406 309 464 332 nos
496 299 596 333 editae
624 299 801 334 nullatenus
829 298 1068 343 praeiudicare,

326 353 468 397 quinimo
481 363 550 386 eam
564 353 667 397 quoad
682 351 787 386 omnia
800 349 847 384 in¹
863 351 915 384 illa
929 360 1069 394 compre-

326 406 432 447 hensa,
456 417 492 440 ae
516 416 625 440 omnes
641 411 671 439 et
688 414 901 449 quascumque
915 413 1067 447 personas

325 460 434 504 quavis
459 460 608 503 dignitate
625 459 717 492 etiam
737 457 931 491 cardinalitia
947 457 1068 499 fulgen-

328 518 381 555 tes,
408 513 640 554 confirmamus,
665 516 711 554 et,
737 516 890 555 quatenus
914 520 993 554 opus
1018 510 1066 553 sit,

327 566 511 599 innovamus
536 570 566 598 et
589 563 794 597 extendimus.

372 619 387 663 ἓ
411 619 461 653 ⁶25.
486 619 628 652 Ceterum
652 617 764 660 legatis
781 621 811 650 et
828 616 896 649 aliis
921 615 1066 650 omnibus

328 672 511 706 officialibus
534 669 725 715 praedictis,
754 669 792 702 ad
821 681 900 714 quos
927 674 1066 714 spectat,

327 736 381 759 seu
404 726 436 758 in
459 725 599 758 futurum
625 723 863 768 quomodolibet
894 723 1066 767 spectabit,

326 783 477 824 quatenus
502 777 757 811 constitutionem
782 776 859 810 Sixti
884 777 907 810 V
935 776 1067 821 praede-

326 831 458 864 cessoris
481 829 635 874 praedicti
660 830 744 864 circa
766 841 883 875 poenas
900 830 1068 864 maleficio-

323 894 394 917 rum
414 882 549 917 editam2
565 884 672 928 (quam
697 884 728 916 in
752 884 897 918 omnibus
915 889 945 917 et
964 884 1067 928 quoad

323 937 429 971 omnia
447 948 518 971 cum
539 937 603 971 suis
623 937 886 971 declarationibus
902 943 1011 982 postea
1027 938 1068 971 fa-

323 991 380 1024 ctis
404 992 604 1035 innovamus)
630 991 758 1025 omnino
778 991 955 1025 observent.

369 1044 448 1089 §026
463 1044 679 1089 Omnibusque
693 1050 723 1078 et
736 1045 866 1088 singulis
880 1045 967 1079 Sedis
981 1056 1069 1089 prae-

325 1098 425 1133 dictae
448 1099 645 1140 feudatariis,
670 1099 734 1133 sive
757 1099 929 1133 baronibus
954 1099 982 1132 ei
1006 1110 1068 1133 me-

325 1152 407 1186 diate
425 1152 583 1194 subiectis,
608 1163 647 1186 ne
666 1162 738 1186 reos
755 1152 793 1185 ad
810 1152 895 1193 alias,
913 1163 1008 1197 quam
1029 1153 1068 1185 ad

325 1206 471 1240 triremes
484 1206 571 1240 Sedis
581 1206 779 1250 Apostolicae
793 1206 1005 1239 transmittere
1015 1216 1068 1239 au-

325 1260 419 1293 deant
431 1270 486 1294 seu
497 1264 709 1305 praesumant,
724 1259 935 1304 praecipimus
948 1264 978 1293 et
992 1259 1069 1293 inhi-

325 1314 444 1347 bemus.

369 1368 384 1411 g
401 1367 453 1401 ⁶27.
474 1367 732 1412 Appaltatoribus
750 1377 835 1409 vero,
852 1367 1067 1410 thesaurariis,

325 1421 533 1466 depositariis,
558 1421 794 1463 commissoriis,
818 1421 1017 1456 exactoribus
1039 1427 1069 1456 ct

325 1475 438 1508 ceteris
462 1475 628 1519 agentibus
652 1480 682 1509 et
706 1475 858 1509 ministris
878 1486 1022 1509 camerae
1039 1481 1069 1509 et

325 1529 589 1562 communitatum
613 1528 859 1573 praedictarum,
884 1539 932 1571 ne,
958 1535 1068 1563 contra

324 1582 537 1626 praesentium
555 1582 700 1623 formam,
718 1582 927 1626 provisiones,
945 1592 1069 1616 conces-

324 1635 438 1677 siones,
455 1636 747 1679 assignationesque
767 1635 943 1679 praedictas
960 1635 999 1669 de
1023 1646 1069 1669 ce—

325 1694 391 1723 tero
416 1689 547 1730 solvant,
572 1694 625 1722 aut
649 1689 873 1734 exemptiones,
898 1689 1014 1732 gratias
1039 1695 1069 1723 et

324 1740 538 1774 immunitates
555 1740 638 1784 (nisi,
655 1745 689 1773 ut
708 1740 894 1784 praefertur,
912 1746 1067 1785 exceptas,

324 1799 354 1827 et
378 1804 429 1827 eas
454 1804 533 1838 quae
557 1794 589 1827 in
614 1793 724 1826 eadem
758 1795 884 1827 camera
914 1804 950 1827 ex
974 1796 1068 1827 causa

324 1849 458 1881 onerosa
470 1847 643 1892 praedicta,
662 1848 710 1881 vel
724 1857 761 1881 ex
779 1848 847 1881 aliis
864 1848 1068 1882 rationalibus

325 1902 438 1944 causis,
462 1913 519 1947 per
535 1912 602 1943 nos,
620 1907 653 1935 ut
669 1902 858 1946 praefertur,
875 1912 1068 1945 cognoscen-

324 1956 371 1989 dis
393 1961 423 1989 et
440 1955 662 2001 approbandis,
680 1961 710 1988 et
726 1966 781 1989 seu
799 1956 894 1989 etiam
911 1956 1069 1989 declaran-

324 2010 381 2050 dis,
407 2010 475 2043 illas
499 2020 663 2043 concessas
688 2010 793 2051 fuisse,
811 2010 905 2043 citato
925 2010 1069 2044 commis-

325 2064 407 2097 sario
432 2063 603 2108 praedicto,
621 2063 810 2105 verificatae,
828 2069 855 2097 et
877 2074 936 2108 pro
956 2064 1068 2097 talibus

325 2118 355 2150 in
379 2118 489 2152 eadem
515 2119 642 2150 camera
667 2117 821 2150 admissae
849 2117 982 2161 fuerint)
1008 2117 1066 2150 ad-

325 2171 457 2212 mittant,
481 2181 628 2215 expresse
652 2170 868 2214 prohibemus3
886 2175 916 2203 et
937 2170 960 2203 si
979 2181 1068 2204 secus

325 2225 475 2258 solverint
491 2225 539 2258 vel
555 2225 750 2266 admiserint,
775 2225 947 2258 solutiones
961 2225 1069 2259 huius-

326 2278 411 2311 modi
436 2289 471 2312 ac
496 2279 710 2323 exemptiones
736 2279 804 2312 illas
828 2279 1007 2312 nullatenus
1037 2279 1068 2312 in

327 2343 436 2365 eorum
456 2333 612 2377 computis
632 2332 754 2366 admitti
771 2333 929 2374 volumus,
949 2333 1003 2366 sed
1020 2344 1069 2367 eo-

325 2396 397 2419 rum
414 2385 529 2420 damno
549 2397 691 2420 cessuras
707 2397 784 2421 esse:
810 2387 952 2431 quinimo
964 2397 1017 2421 eos
1030 2388 1067 2421 ad

326 2439 530 2473 resectionem
554 2439 660 2473 damni
686 2441 785 2474 teneri
809 2441 1015 2474 declaramus.

371 2491 449 2538 §⁶28
464 2493 507 2527 Ac
521 2493 676 2538 deinceps,
691 2495 850 2540 perpetuis
868 2495 981 2529 suturis
994 2500 1068 2528 tcm-

326 2546 467 2592 poribus
484 2547 818 2589 nullos,licentiarum,
841 2549 1021 2583 facultatum
1039 2554 1069 2582 et

362 2619 375 2646 1
394 2618 489 2655 Praep.
505 2619 538 2647 in
555 2618 681 2647 addimus
696 2628 727 2647 ex
743 2620 860 2647 Cherub.
878 2621 916 2656 (n.
931 2620 979 2654 T.).
1020 2641 1023 2643 .

361 2664 377 2691 2
393 2663 478 2695 Quam
495 2663 554 2691 vide
570 2664 598 2692 in
614 2668 677 2693 tom.
694 2672 732 2700 ix,
748 2673 810 2701 pag.
827 2665 860 2693 73
876 2666 914 2701 (a.
929 2666 977 2700 T.).

1741 237 1798 271 ⁶234
1852 248 1900 274 Λη.
1921 247 1949 274 c.
1972 248 2040 275 περι

1102 297 1340 341 privilegiorum
1365 305 1659 341 quorumcumque,
1687 295 1780 328 etiarn
1807 307 1844 328 ex
1860 308 2041 339 sutummonusg-

1102 352 1195 383 causa
1227 351 1372 393 onerosa,
1403 354 1435 384 ut
1461 349 1655 394 praefertur,
1685 359 1845 383 conccsso-
1860 342 1987 389 {21³³-i1›‹1¹2¹2¹{¹.nu
2014 342 2042 357 ⁸¹⁸

1102 414 1172 436 rum
1197 405 1244 437 vel
1270 403 1544 437 concedendorum
1571 403 1697 446 vigore,
1722 402 1843 437 etiamsi

1101 458 1325 491 extinctionem
1336 458 1467 502 propria
1478 458 1662 492 auctoritate
1672 457 1741 490 sieri
1753 467 1845 501 posse

1101 510 1162 543 illis
1181 511 1373 554 permissum
1399 511 1453 552 sit,
1481 511 1690 545 extractiones
1709 511 1846 544 frumen—

1100 568 1205 596 torum
1222 569 1252 596 et
1269 564 1402 597 aliorum
1424 564 1658 607 praedictorum
1677 570 1764 598 extra
1781 564 1846 599 Sta-

1101 620 1166 651 tum
1190 622 1334 650 nostrum
1359 617 1574 661 praedictum,
1609 618 1657 650 vel
1686 618 1779 651 ctiam
1807 617 1845 651 ad

1100 671 1169 704 loca
1195 671 1330 703 mediate
1354 670 1511 711 subiecta,
1538 674 1567 704 et
1592 670 1684 703 etiam
1709 682 1726 704 a
1755 671 1845 705 dietis

1100 723 1178 756 locis
1197 723 1332 757 mediate
1357 723 1506 757 subiectis
1532 727 1619 757 extra
1639 724 1757 757 dictum
1782 724 1845 758 Sta-

1100 781 1166 809 tum
1186 776 1291 820 aliquo
1307 782 1398 820 pacto
1412 777 1524 819 facere,
1543 787 1600 810 nec
1617 777 1710 809 etiam
1725 777 1844 810 similes

1101 829 1284 863 extrahendi
1310 829 1451 863 licentias
1469 834 1498 864 et
1514 830 1676 863 facultates
1698 830 1729 862 in
1745 835 1846 874 poste-

1100 893 1172 915 rum
1193 883 1332 925 concedi,
1350 894 1441 927 posse
1466 888 1519 916 aut
1543 883 1669 925 debere,
1695 884 1754 917 nisi
1779 884 1845 917 chi-

1100 936 1262 980 rographo
1276 947 1372 970 manu
1384 938 1504 977 nostra,
1522 942 1574 970 aut
1591 938 1724 971 Romani
1744 938 1847 971 Ponti-

1100 989 1168 1022 ficis
1185 1000 1243 1033 pro
1258 995 1399 1034 tempore
1416 990 1586 1032 existentis,
1604 991 1727 1034 quoties
1747 997 1847 1024 extra-

1102 1042 1163 1075 ctio
1180 1043 1321 1076 facienda
1338 1043 1406 1085 erit,
1425 1044 1607 1087 subsignato
1626 1045 1845 1089 praecedente,

1101 1096 1240 1141 alioquin
1264 1096 1406 1131 licentias
1430 1102 1460 1131 et
1478 1098 1640 1132 facultates
1652 1098 1845 1141 huiusmodi,

1101 1149 1177 1182 alias
1207 1160 1301 1194 quam
1326 1150 1540 1195 chirographo
1569 1152 1731 1196 praedicto
1754 1163 1845 1197 prae-

1102 1202 1241 1245 cedente,
1265 1213 1324 1247 pro
1346 1209 1487 1248 tempore
1507 1205 1734 1247 concedendas,
1752 1211 1781 1239 et
1798 1217 1846 1240 ex-

1101 1256 1272 1290 tractiones
1303 1257 1483 1299 faciendas,
1514 1259 1638 1299 nullas,
1665 1259 1846 1303 nulliusque

1101 1309 1225 1343 roboris
1250 1316 1280 1343 et
1305 1311 1455 1346 momenti
1479 1312 1546 1345 sore
1563 1317 1593 1345 et
1609 1322 1687 1355 esse,
1705 1323 1740 1346 ac
1760 1313 1847 1357 ipsos

1101 1365 1300 1398 extrahentes
1314 1365 1346 1398 in
1359 1376 1476 1410 poenas
1491 1366 1685 1410 supradictas
1698 1367 1847 1409 incidere,

1102 1422 1131 1450 et
1155 1417 1194 1450 ad
1219 1418 1344 1451 illarum
1371 1419 1614 1462 exequutionem
1643 1426 1753 1454 contra
1776 1420 1847 1454 illos

1102 1471 1363 1505 irremissibiliter
1387 1472 1516 1516 procedi
1543 1483 1635 1517 posse
1660 1478 1691 1506 et
1718 1473 1844 1517 debere,

1102 1525 1248 1558 volumus
1272 1524 1391 1569 pariter
1411 1530 1441 1558 ct
1460 1525 1666 1559 declaramus.

1146 1578 1161 1621 ξ
1185 1578 1237 1611 29.
1264 1579 1427 1612 Postremo
1452 1579 1558 1613 omnia
1574 1585 1605 1612 et
1629 1590 1846 1625 quaecumque
1888 1591 2045 1624 ‘Quaecumque

1100 1631 1286 1675 privilegia,
1311 1632 1472 1670 facultates
1499 1639 1529 1666 et
1553 1633 1681 1677 indulta,
1702 1635 1794 1668 nobis
1817 1620 2046 1676 ethiissi'swg'i'qci'ffr‘i]

1102 1686 1242 1719 Romano
1259 1685 1403 1719 Pontifici
1422 1697 1481 1731 pro
1499 1691 1642 1731 tempore
1659 1688 1802 1723 existenti
1816 1689 1846 1722 in
1862 1675 2046 1730 ἷῗμιὲιῗιῖπῖξᾏῗὲῧῖἴῖ

1102 1739 1190 1772 Statu
1209 1740 1396 1784 temporali,
1422 1741 1542 1775 ratione
1563 1751 1729 1786 supremae
1752 1747 1843 1787 pote·
1861 1730 2005 1774 ¹r¹1¹t1fnff¹1¹1¹r'.³‘¹³
2020 1733 2046 1747 '¹'

1102 1793 1189 1826 statis
1213 1803 1230 1825 a
1255 1793 1335 1834 iure,
1356 1794 1403 1827 vel
1429 1805 1485 1838 per
1510 1796 1635 1839 quasvis
1659 1797 1848 1840 apostolicas

1103 1847 1351 1888 constitutiones,
1377 1849 1590 1892 competentia
1616 1859 1671 1882 seu
1688 1855 1847 1884 reservata

1102 1899 1296 1941 exercendi¹,
1314 1906 1366 1934 aut
1384 1901 1485 1935 eidem
1511 1913 1677 1946 supremae
1702 1905 1848 1947 potestati

1102 1964 1137 1987 ac
1162 1954 1376 1999 superioritati
1396 1961 1532 1997 nostrae,
1550 1961 1580 1989 et
1594 1962 1777 1991 nostrorum
1795 1958 1849 1991 tri-

1102 2008 1277 2049 bunalium,
1292 2009 1472 2043 officialium
1490 2015 1521 2043 et
1537 2010 1676 2044 iudicum
1691 2011 1849 2045 Romanae

1102 2062 1211 2096 Curiae
1236 2062 1445 2097 iurisdictioni
1470 2068 1499 2099 et
1524 2065 1702 2099 auctoritati
1725 2066 1849 2110 praeiu-

1102 2116 1243 2159 dicialia,
1269 2117 1415 2151 omnibus
1441 2123 1470 2151 et
1495 2118 1627 2162 singulis
1648 2120 1849 2164 supranomi-

1101 2170 1192 2213 natis,
1218 2170 1322 2212 etiam,
1344 2176 1377 2204 ut
1393 2172 1579 2216 praefertur,
1596 2173 1794 2217 qualificatis,
1812 2185 1848 2209 ac

1102 2225 1195 2258 etiam
1214 2224 1266 2258 ut⁹
1279 2236 1374 2270 supra
1395 2229 1424 2260 et
1441 2226 1516 2259 alias
1528 2227 1765 2271 quomodolibet
1778 2239 1849 2262 con-

1102 2289 1189 2312 cessa
1220 2290 1439 2325 quaecumque
1465 2281 1630 2326 (exceptis
1664 2287 1767 2315 tamen
1793 2282 1847 2323 iis,

1102 2344 1182 2378 quae
1199 2343 1348 2367 concessa
1362 2339 1431 2367 sunt
1449 2345 1485 2368 ex
1499 2337 1593 2368 causa
1615 2346 1687 2369 vere
1701 2338 1847 2378 onerosa,

1102 2388 1220 2421 scilicet
1252 2399 1412 2432 congruae
1444 2389 1609 2423 solutionis
1639 2390 1847 2434 pecuniarum

1102 2442 1201 2477 dictae
1227 2452 1371 2475 camerae
1396 2443 1502 2484 factae,
1520 2448 1573 2476 aut
1590 2454 1626 2476 ex
1651 2443 1847 2483 investitura,

1101 2497 1149 2530 vel
1175 2496 1417 2530 immemorabili
1436 2497 1662 2531 consuetudine
1683 2498 1846 2532 inviolabi-

1138 2578 1148 2604 1
1173 2577 1274 2612 Nempe
1297 2576 1413 2604 indulta
1435 2564 1590 2605 exercendi
1613 2586 1647 2604 ea
1671 2586 1744 2612 quae
1767 2579 1848 2605 nobis

1101 2624 1265 2656 competunt
1280 2624 1307 2648 et
1322 2624 1469 2649 reservata
1482 2625 1550 2650 sunl
1565 2624 1602 2655 (R.
1619 2622 1668 2657 T.).

1137 2665 1152 2692 2
1169 2665 1265 2699 Panic.
1284 2668 1314 2694 ul
1328 2665 1451 2694 addimus
1466 2674 1497 2694 ex
1513 2666 1632 2694 Cherub.
1648 2667 1687 2702 (n.
1703 2668 1751 2702 T.).
