2269 3235
93 304 140 333 Kn.
162 304 191 332 C.
209 304 278 332 1625

122 843 230 864 Clausulas
241 848 279 869 ap-

94 871 161 897 ponit.

103 1483 214 1504 Obatnniia
224 1482 284 1503 tollit.

897 302 1038 327 URBANUS

292 357 395 385 cetero
420 352 599 396 promoveri
624 353 800 385 nullatenus
822 351 951 388 valeant,
969 350 1027 382 nisi
1045 354 1047 400 ζ

290 405 379 448 prius
403 405 512 438 decem
533 416 630 439 annos
650 404 853 449 professionis
869 404 900 436 in
918 402 1029 436 eadem
1046 401 1048 451 ζ

290 457 538 501 Congregatione
564 458 754 502 peregerint,
772 463 801 490 et
822 457 860 489 ab
878 457 1031 489 examina·
1047 461 1048 468 ¹

291 511 411 544 toribus
436 511 636 556 synodalibus
654 522 715 545 non
729 511 829 544 solum
847 510 885 542 ad
905 509 1031 542 ordines

292 564 485 607 praedictos,
513 575 619 597 verum
645 564 739 597 etiam
764 563 802 596 ad
827 574 931 596 sacras
961 572 1032 595 con-

292 617 442 650 fessiones
473 616 643 650 audiendas
676 616 842 649 examinati
867 621 897 649 et
930 615 1031 649 idonei

293 670 409 713 reperti
434 670 558 711 suerint,
584 675 614 702 et
637 669 831 702 necessarias
857 680 953 713 super
974 669 1032 701 boc

294 728 434 766 patentes
448 723 566 756 litteras
580 723 618 755 ab
636 722 753 756 eisdem
767 722 1034 755 examinatoribus

294 775 495 808 obtinuerint.

339 829 353 872 g
373 829 402 861 4.
423 820 641 869 Decernentes,
659 834 840 872 praesentes
857 829 986 869 litteras,
1001 839 1035 861 ac
1052 851 1053 854 κ

296 882 400 915 omnia
423 886 453 915 et
478 882 601 925 singula
625 882 655 914 in
681 883 725 915 eis
750 887 895 916 contenta
927 883 1036 924 valida,

296 935 386 969 firma
411 942 441 969 et
465 936 602 969 efficacia
633 936 767 970 existere
792 942 821 970 et
846 938 922 978 sore,
948 948 1037 970 suos-

296 999 356 1032 que
381 989 540 1033 plenarios
564 995 593 1022 et
618 990 757 1033 integros
782 990 911 1024 effectus
933 991 1055 1024 sortiri*

297 1047 327 1074 et
351 1042 514 1083 obtinere,
539 1054 574 1076 ac
607 1043 646 1076 ab
679 1044 848 1085 omnibus,
874 1055 954 1088 quos
987 1044 1037 1076 illa

298 1102 501 1137 concernunt,
512 1097 733 1130 inviolabiliter
746 1098 917 1138 observari3
932 1098 1038 1142 sicque

298 1160 354 1194 per
378 1161 594 1195 quoscumque
614 1151 732 1184 iudices
749 1151 925 1185 ordinarios
942 1157 972 1184 et
985 1151 1040 1185 de·
1055 1145 1057 1152 ⁴

299 1203 428 1247 legatos,
455 1205 547 1238 etiam
566 1215 731 1238 causarum
750 1205 856 1248 palatii
874 1205 1039 1249 apostolici
1056 1214 1057 1228 ¹

299 1258 474 1298 auditores,
500 1258 629 1292 iudicari
656 1264 685 1292 et
710 1258 831 1291 deliniri
854 1258 980 1300 debere,
1005 1254 1057 1292 ac*

300 1311 425 1345 irritum
460 1317 489 1345 et
521 1312 631 1353 inane,
664 1312 687 1344 si
720 1322 809 1345 secus
833 1322 928 1356 super
952 1312 1001 1345 bis
1024 1304 1058 1345 a}

300 1375 468 1409 quoquam,
487 1366 596 1409 quavis
619 1365 816 1406 auctoritate,
834 1366 969 1398 scienter
994 1366 1041 1399 vel

302 1418 494 1461 ignoranter,
520 1419 688 1462 contigerit
709 1419 863 1452 attentari.

346 1471 414 1514 ἓξ),
445 1472 511 1505 Non
546 1472 740 1505 obstantibus
772 1473 976 1516 praemissis,
1008 1471 1060 1506 ac*

303 1525 465 1568 quibusvis
490 1526 767 1559 constitutionibus
788 1532 818 1559 et
842 1526 1044 1560 ordinationi-

303 1578 362 1611 bus
385 1575 574 1623 apostolici‘s,
599 1589 721 1613 necnon
746 1579 845 1614 dictae
870 1580 1063 1628 Congrega-‹>

305 1632 398 1665 tionis
430 1632 545 1675 (etiam
581 1632 778 1673 iuramento,
804 1629 1063 1666 confirmatione*

305 1685 487 1729 apostolica,
510 1686 556 1718 vel
582 1686 691 1730 quavis
715 1681 861 1719 firmita‘te
880 1686 939 1719 alia
958 1687 1063 1720 roho-¹

306 1739 394 1782 ratis)
419 1739 542 1772 statutis
566 1744 595 1772 et
612 1739 902 1781 consuetudinibus,
922 1731 1065 1784 privile-i

307 1792 365 1834 giis
390 1802 526 1835 quoque,
547 1791 676 1825 indultis
693 1797 723 1825 et
740 1792 851 1825 litteris
868 1793 1048 1836 apostolicis
1064 1801 1065 1821 l

307 1845 408 1877 eidem
432 1845 684 1888 Congregationi‚
710 1846 856 1889 illiusque
881 1847 1049 1890 superiori-

308 1897 367 1931 bus
391 1903 422 1931 et
444 1899 612 1941 fratribus,
635 1910 670 1932 ac
695 1900 770 1932 alias
794 1900 825 1932 in
855 1901 1067 1933 contrarium¹

309 1952 557 1995 praemissorum
599 1953 836 1996 quomodolibet
871 1943 1067 1994 concessis,i

309 2006 502 2039 confirmatis
527 2013 556 2039 et
581 2007 743 2040 innovatis.
768 2007 886 2046 Quibus
905 2008 1068 2053 omnibus}

309 2064 339 2091 et
363 2059 504 2102 singulis,
530 2071 640 2093 eorum
661 2060 802 2093 omnium
825 2066 949 2094 tenores
965 2058 1069 2105 prae-¹¹

310 2113 448 2146 sentibus
473 2124 532 2157 pro
557 2114 649 2157 plene
666 2120 695 2146 et
713 2114 905 2147 sufficienter
926 2117 1070 2159 expres-³

310 2167 352 2200 sis
376 2167 537 2209 habentes,
555 2168 615 2201 illis
632 2169 707 2201 alias
725 2169 756 2201 in
774 2179 830 2202 suo
848 2169 963 2202 robore
981 2180 1052 2214 per·
1069 2164 1072 2188 ¹

311 2222 476 2263 mansuris,
502 2221 540 2254 ad
564 2222 812 2266 praemissorum
832 2222 977 2256 effectum
996 2223 1054 2256 hac

312 2274 378 2307 vice
402 2275 561 2308 dumtaxat
585 2276 761 2320 specialiter
785 2281 813 2308 et
839 2286 986 2319 expresse
1003 2276 1054 2309 de-

313 2338 472 2371 rogamus,
486 2329 661 2373 ceterisque
675 2330 841 2363 contrariis
854 2330 1055 2373 quibuscum-

315 2392 385 2424 que.

359 2435 469 2468 Datum
487 2436 614 2477 Romae,
632 2437 713 2480 apud
728 2438 758 2470 S.
778 2437 915 2478 Petrum,
934 2438 991 2470 sub
1006 2448 1056 2470 an-
1072 2448 1074 2462 ¹

315 2489 390 2521 nulo
415 2489 594 2530 piscatoris,
619 2489 667 2522 die
693 2500 769 2523 xxiv
801 2491 872 2523 maii
906 2501 1055 2530 mcxxv,

316 2541 515 2585 pontificatus
531 2543 630 2576 nostri
648 2553 729 2576 anno
754 2553 785 2576 11.

354 2605 410 2632 Dat.
428 2605 470 2632 die
485 2606 519 2632 24
536 2606 597 2633 maii
615 2606 692 2641 1625,
708 2607 801 2642 pontis.
819 2616 888 2634 anno
904 2614 929 2634 it.

1072 2737 1075 2745 i

1064 301 1119 325 vm
1143 302 1189 326 rr.
1708 287 1772 320 325

1351 346 1528 381 CXXXVIII.

1067 430 1277 472 Confirmatio
1302 434 1499 462 statutorum
1523 428 1666 461 militiae
1698 426 1805 460 Chris-

1111 484 1220 516 tianae
1233 484 1290 515 sub
1306 482 1400 514 titulo
1409 481 1630 525 Conceptionis
1639 480 1806 514 B.Mariae

1114 535 1260 578 Virqim‘s
1274 535 1445 567 institutae
1455 534 1473 566 ¹.

1275 615 1410 642 Urbanus
1429 615 1503 647 Papa
1523 615 1600 646 vlu,

1190 660 1226 686 ad
1246 662 1421 693 perpetuam
1441 658 1484 685 rei
1505 658 1684 686 memoriam.

1819 297 1866 322 An.
1888 296 1915 322 C.
1933 295 2000 323 1625

1114 730 1128 773 ξ
1152 730 1180 762 l.
1207 730 1299 769 Alias,
1318 728 1600 773 supplicationibus
1620 728 1808 761 dilectorum
1859 732 1963 752 Restm*
1978 735 2009 750 ¹¹¹·

1052 858 1054 880 2
1070 842 1141 869 tuac
1158 842 1188 870 et
1205 837 1306 870 Caroli
1324 835 1524 869 Nivernensis
1541 835 1657 868 ducum
1678 839 1708 867 et
1722 833 1811 867 Adol-

1070 890 1124 933 pbi
1150 890 1274 923 comitis
1303 890 1341 922 ab
1373 890 1485 922 Altlian
1514 888 1604 922 nobis
1628 899 1721 932 super
1753 888 1812 920 hoc

1071 941 1232 974 humiliter
1255 941 1410 985 porrectis
1436 940 1590 980 inclinati,
1615 950 1710 972 unam
1735 939 1812 972 Mili-

1072 994 1146 1027 tiam
1163 995 1370 1028 Christianam
1391 993 1633 1037 nuncupandam
1651 992 1709 1026 sub
1724 992 1814 1025 titulo

1072 1048 1289 1092 Conceptionis
1314 1048 1345 1080 Β.
1371 1047 1485 1080 Mariae
1509 1046 1645 1089 Virginis
1666 1046 1815 1079 Immacu-

1055 1132 1056 1144 ,
1073 1102 1162 1144 latae,
1180 1112 1214 1134 ac
1235 1101 1292 1134 sub
1313 1102 1423 1144 regula
1448 1101 1476 1134 S.
1498 1099 1667 1141 Francisei‚
1693 1109 1815 1132 necnon

1073 1156 1130 1188 sub
1144 1156 1338 1199 protectione
1356 1155 1400 1189 Ss.
1418 1154 1576 1188 Michaelis
1590 1153 1770 1197 archangeli
1787 1159 1817 1186 et

1056 1234 1057 1250 ;
1074 1210 1188 1250 Basilii,
1203 1221 1261 1253 pro
1275 1220 1337 1243 uno
1351 1209 1513 1252 magistro,
1527 1209 1580 1252 qui
1595 1218 1727 1251 magnus
1741 1217 1818 1240 nun-

1074 1269 1218 1306 cupetur,
1236 1263 1335 1307 ipsius
1359 1262 1485 1296 Militiae
1510 1267 1605 1306 caput
1625 1266 1655 1295 et
1671 1261 1816 1305 superior

1057 1316 1206 1358 ¹existat,
1231 1326 1355 1350 necnon
1379 1316 1514 1349 militum
1538 1326 1574 1349 ac
1599 1315 1817 1348 ministrorum

1075 1379 1209 1403 numero
1226 1370 1328 1403 eidem
1345 1370 1497 1413 magistro
1520 1369 1680 1409 beneviso,
1697 1373 1818 1412 aposto-

1076 1423 1135 1456 lica
1159 1424 1355 1463 auctoritate,
1374 1424 1440 1457 sine
1460 1423 1646 1467 cuiusquam
1663 1421 1820 1466 praeiudi-

1077 1476 1146 1517 cio,
1171 1481 1325 1520 perpetuo
1362 1476 1520 1509 ereximus
1552 1481 1582 1509 et
1612 1474 1818 1513 instituimus;

1077 1529 1259 1573 eisdemque
1284 1529 1434 1572 magistro
1456 1534 1486 1562 et
1517 1528 1655 1573 capitulo
1680 1527 1819 1570 generali

1078 1582 1178 1615 dictae
1202 1583 1346 1624 Militiae,
1368 1588 1400 1616 ut
1429 1592 1644 1626 quascumque
1669 1582 1819 1615 constitu-

1078 1636 1197 1676 tiones,
1223 1639 1335 1669 statuta
1350 1663 1357 1676 ,
1383 1635 1606 1674 ordinationes,
1632 1634 1767 1678 capitula
1792 1639 1819 1666 et

1080 1689 1289 1723 stabilimenta
1309 1688 1347 1721 ad
1367 1699 1553 1732 prosperam
1573 1687 1673 1720 dictae
1698 1687 1822 1720 Militiae

1081 1742 1286 1776 directionem
1312 1743 1465 1783 facientia,
1486 1742 1570 1775 licita
1594 1747 1698 1775 tamen
1723 1741 1824 1774 etho-

1081 1802 1187 1837 nesta,
1212 1807 1247 1829 ac
1279 1797 1376 1829 sacris
1409 1796 1602 1837 canonibus,
1633 1795 1823 1838 Conciliique

1064 1850 1257 1909 'Tridentini
1282 1850 1416 1883 decretis
1440 1850 1569 1883 minime
1594 1848 1762 1889 contraria,
1787 1848 1825 1880 ab

1084 1904 1141 1936 hac
1166 1909 1271 1937 tamen
1296 1906 1402 1937 sancta
1422 1904 1500 1938 Sede
1525 1903 1738 1947 approbanda,
1756 1913 1827 1936 con-

1084 1956 1179 1997 dere,
1205 1957 1320 2001 illaque
1351 1968 1409 2001 pro
1442 1968 1550 1990 rerum
1583 1961 1613 1989 et
1648 1962 1825 1999 temporum

1084 2011 1233 2054 qualitate
1259 2016 1288 2043 et
1315 2011 1462 2044 varietate
1487 2011 1641 2051 alterare,
1666 2019 1826 2047 revocare,

1086 2070 1228 2105 mutare,
1255 2065 1435 2105 moderari,
1461 2065 1621 2107 corrigere
1647 2069 1676 2096 et
1706 2064 1765 2096 alia
1790 2063 1827 2096 de

1085 2128 1167 2151 novo
1192 2118 1338 2160 condere,
1364 2118 1461 2150 libere
1486 2123 1516 2150 et
1539 2117 1623 2149 licite
1648 2120 1774 2160 possent
1799 2121 1828 2148 et

1070 2172 1236 2212 =valerent‚
1254 2171 1336 2204 dicta
1357 2171 1542 2204 auctoritate
1566 2170 1778 2204 concessimus
1799 2175 1827 2202 et

1088 2225 1294 2265 indulsimus,
1320 2230 1350 2257 et
1373 2225 1448 2257 alias
1472 2229 1567 2268 prout
1591 2224 1623 2256 in
1647 2223 1763 2257 nostris
1780 2222 1829 2255 de-

1088 2289 1182 2321 super
1207 2278 1265 2311 sub
1290 2278 1421 2322 plumbo
1447 2277 1599 2321 expeditis
1616 2276 1739 2317 litteris,
1756 2286 1830 2319 qua-

1089 2343 1159 2364 rum
1184 2337 1308 2364 tenores
1341 2331 1559 2375 praesentibus
1589 2341 1648 2374 pro
1672 2330 1829 2373 expressis

1089 2386 1199 2419 baberi
1220 2385 1375 2425 volumus,
1393 2385 1514 2428 plenius
1532 2385 1719 2417 continetur.

1134 2440 1148 2481 ,ξ
1172 2439 1201 2471 ’2.
1227 2438 1302 2471 Cum
1328 2442 1447 2479 autem,
1473 2438 1552 2471 sicut
1576 2437 1678 2471 dictus
1702 2437 1831 2470 Carolus

1127 2537 1136 2562 1
1157 2534 1275 2561 Instituit
1290 2535 1359 2561 lianc
1376 2534 1495 2561 militiam
1512 2534 1620 2561 isternet
1637 2534 1757 2561 Pontifex
1768 2534 1834 2560 Cou-

1090 2580 1145 2607 stit.
1162 2586 1256 2613 xxxvi,
1270 2587 1338 2615 quae
1353 2579 1448 2613 incipit
1464 2579 1738 2614 Imperscrucabilis,
1753 2587 1833 2614 supra

1090 2633 1150 2659 pag.
1170 2625 1237 2655 1143
1255 2623 1385 2650 militibus
1401 2623 1533 2650 indultum
1549 2623 1681 2651 concessit
1696 2623 1833 2651 obtinendi

1090 2670 1238 2704 pensiones
1257 2670 1369 2696 Constit.
1386 2676 1495 2704 xxxvn,
1513 2677 1572 2705 pag.
1592 2670 1656 2702 118;
1674 2669 1733 2696 vide
1754 2670 1834 2696 etiam

1089 2713 1180 2741 Const.
1194 2720 1292 2741 cxxxiv
1304 2714 1341 2749 (in
1352 2714 1380 2740 h.
1394 2722 1421 2741 n.
1434 2713 1477 2742 ed.
1488 2715 1594 2748 cxxxv),
1607 2722 1690 2749 supra
1701 2722 1761 2749 pag.
1772 2714 1833 2742 321.

1051 786 1053 823 ζ
1069 782 1208 816 liliorum
1217 783 1370 816 nobilium
1382 782 1522 815 virorum
1532 780 1720 814 Ferdinandi
1730 781 1810 813 Man-
1823 760 2007 809 metatam

1902 1532 2018 1558 Datamque

1835 1565 1910 1586 magno
1921 1559 2020 1585 magistro

1837 1588 1958 1608 facultatem
1978 1587 2020 1605 sta-

1837 1616 1881 1635 tuta
1898 1612 2009 1633 condendi.

1882 2446 1940 2467 Quae
1956 2443 2033 2463 contir-

1848 2474 1895 2491 mat.
