2269 3235
219 256 266 282 Αιι.
286 256 314 284 C.
332 256 400 283 tss‘zt

242 1219 350 1245 Exemplio
364 1225 397 1239 ex·

213 1248 303 1272 pli-‘atur
316 1247 342 1265 ad
359 1245 397 1266 sor-

215 1280 268 1293 umut
309 1273 396 1292 Cuurtlti

214 1300 236 1319 Τι
245 1300 340 1319 ulenttnt.

447 247 511 280 1118
997 259 1175 283 nonantula

417 306 607 349 apostolicis,
622 316 743 338 necnon
762 306 792 337 in
811 305 1055 349 provincialibus
1068 312 1097 339 et
1114 318 1157 351 sy·
1173 310 1176 326 ¹

416 357 591 399 nodalibus,
616 359 907 401 universalilmsque
932 359 1072 392 conciliis
1097 358 1158 392 edi-

416 410 455 442 tis
472 415 500 444 et
523 411 661 451 edendis,
675 412 863 454 specialibus
882 412 930 444 vel
948 412 1156 454 generalibus,

416 464 691 497 constitutionibus
716 468 746 498 et
770 465 1037 506 ordinationibus,
1063 465 1155 498 etiam

416 516 603 557 iuramento,
629 516 868 551 confirmatione
893 518 1082 561 apostolica,
1109 519 1155 551 vel

415 569 524 611 quavis
549 570 696 603 firmitate
721 571 779 604 alia
802 571 957 604 roboratis
982 572 1102 606 statutis
1127 577 1156 605 et,

415 622 703 665 consuetudinibus,
721 624 894 667 privilegiis
909 635 1044 668 quoque⁷
1059 624 1157 657 indul-

416 673 453 706 tis
478 680 508 707 et
532 675 644 708 litteris
667 676 858 719 apostoliciS,
877 677 934 709 sub
954 677 1156 720 quibuscum-

415 737 475 770 que
493 728 655 761 tenoribus
673 733 702 762 et
720 729 839 769 formis,
856 740 892 762 ac
907 740 977 762 cum
993 730 1156 773 quibusvis

415 780 584 822 clausulis,
610 782 702 814 etiam
727 782 1000 825 derogatoriarum
1025 783 1156 825 deroga-

416 834 515 875 toriis,
540 834 799 878 irritantibusque
824 841 854 868 et
882 836 950 869 aliis
975 836 1067 868 etiam
1092 836 1153 868 vim

414 892 593 921 contractus
618 888 838 921 inducentibus
859 888 1003 928 decretis,
1029 889 1059 921 in
1084 899 1155 922 con-

415 940 546 973 trarium
577 941 682 974 forsan
713 941 951 985 quomodolibet
980 941 1154 982 concessis,

413 993 595 1036 approbatis
625 999 655 1026 et
678 994 841 1026 innovatis.
866 994 984 1033 Quibus
1009 994 1154 1027 omnibus

413 1045 573 1087 latissime,
598 1047 656 1079 liae
682 1047 747 1079 vice
772 1047 950 1087 dumtaxat,
976 1047 1154 1090 specialiter

413 1104 442 1131 et
460 1109 606 1142 expresse
623 1100 824 1143 derogamus,
839 1101 1014 1144 ceterisque
1035 1106 1154 1134 contra-

413 1153 467 1185 riis
485 1153 745 1197 quibuscumque.

457 1206 472 1249 ἓ
496 1206 547 1239 ΞΟ.
574 1207 724 1240 Volumus
748 1213 863 1248 autem,
888 1208 973 1251 quod
998 1209 1153 1252 exemptio

413 1260 551 1302 praefata
575 1270 636 1293 non
658 1261 906 1304 comprehendat
926 1262 1084 1302 ecclesias,
1105 1272 1154 1294 ne-

412 1323 472 1355 que
496 1323 647 1356 personas
671 1314 701 1345 in
727 1314 770 1346 eis
800 1325 879 1358 quae
908 1314 946 1347 ad
976 1315 1151 1348 animarum

412 1376 518 1398 curam
544 1367 710 1410 pertinent,
736 1368 766 1399 in
791 1368 905 1411 quibus
930 1368 1054 1401 decreta
1079 1369 1154 1402 Con-

412 1419 474 1451 cilii
491 1420 662 1452 Tridentini
682 1420 810 1453 omnino
827 1421 943 1454 servari
965 1421 1106 1454 debeant.

455 1473 469 1517 ἓ
494 1473 545 1506 021.
567 1474 649 1506 Nulli
675 1485 751 1517 ergo
776 1475 905 1508 omnino
931 1475 1095 1508 hominum
1120 1476 1153 1507 li-

410 1532 486 1568 ceat,
512 1527 591 1561 hanc
616 1528 762 1571 paginam
787 1535 913 1561 nostrae
937 1529 1152 1570 absolutionis,

409 1581 588 1622 erectionis,
614 1582 828 1623 institutionis,
848 1583 1076 1627 applicationis,
1101 1594 1153 1627 ap-

412 1635 653 1678 propriationis,
678 1636 897 1677 subiectionis,
923 1637 1152 1681 susceptionis,

411 1688 632 1730 concessionis,
650 1688 882 1732 impartitionis,
896 1689 1025 1731 decreti,
1043 1691 1152 1733 elargi-

411 1740 522 1781 tionis,
547 1741 762 1784 derogationis
787 1747 816 1775 et
847 1743 1014 1776 voluntatis
1045 1743 1153 1776 infrin-

410 1804 496 1836 gere,
520 1795 621 1827 vel'ei
647 1805 724 1828 ausu
746 1795 914 1829 temerario
935 1797 1102 1829 contraire.
1121 1797 1150 1830 Si

409 1846 479 1890 quis
503 1852 607 1880 autem
632 1848 692 1881 hoc
717 1852 869 1882 attentare
893 1850 1151 1893 praesumpserit,

410 1899 657 1942 indignationem
676 1902 899 1945 omnipotentis
918 1903 972 1935 Dei
995 1913 1030 1935 ac
1047 1903 1153 1936 beato-

410 1964 481 1986 rum
507 1954 589 1986 Petri
614 1960 644 1987 et
668 1955 754 1988 Pauli
780 1956 998 2000 apostolorum
1028 1956 1094 1989 eius
1120 1967 1151 1989 se

410 2009 533 2043 noverit
549 2008 762 2043 incursurum.

454 2062 565 2096 Datum
589 2064 722 2105 Romae,
747 2065 829 2108 apud
848 2065 876 2098 S.
903 2065 1041 2107 Petrum,
1070 2075 1151 2098 anno

410 2116 636 2150 Incaruationis
661 2118 841 2151 Dominicae
866 2129 1023 2160 MDexxtv,
1048 2119 1151 2162 pridie

411 2170 480 2203 idus
504 2171 664 2213 februarii,
682 2172 883 2215 pontificatus
906 2173 1006 2206 nostri
1031 2182 1112 2206 anno
1131 2183 1150 2205 1.

448 2232 504 2260 Dat.
521 2232 564 2260 die
582 2233 613 2260 ¹2
628 2233 756 2261 februarii
774 2235 851 2269 1624,
869 2235 966 2270 pontif.
982 2243 1024 2261 au.
1043 2244 1060 2261 ι.

714 2368 856 2401 XXXVII.

412 2437 585 2470 Indullmn
601 2438 764 2471 militibus
783 2439 927 2472 militiae
947 2438 1151 2472 christianae

456 2492 627 2524 nationum
636 2491 781 2525 Gallicae
791 2496 818 2524 et
828 2492 977 2535 Belgyicae
986 2493 1152 2526 obtinendi

454 2545 623 2587 pensiones
636 2556 737 2588 usque
754 2544 797 2577 ad
812 2555 977 2577 summam
992 2545 1152 2588 quiuqen—

458 2600 563 2629 torum
586 2596 779 2630 ducatorum
799 2599 876 2631 auri
892 2598 929 2630 cle
950 2598 1077 2631 camerti
1091 2597 1109 2629 ¹.

448 2659 460 2686 1
479 2658 515 2687 Ex
531 2659 639 2694 aegest.
655 2660 681 2687 in
695 2660 798 2688 Secret,
816 2661 895 2689 Brev.

1197 259 1350 283 ROMANUM
1944 259 1992 286 Αη.
2010 259 2038 286 C.
2059 260 2126 288 162⁴

1388 308 1525 335 Urbanus
1552 307 1632 341 Papa
1650 308 1728 340 vm,

1332 351 1369 379 ad
1389 352 1522 378 futuram
1542 351 1586 378 rei
1605 351 1786 379 memoriam.

1235 413 1351 457 Nuper,
1362 413 1646 457 supplicationibus
1656 412 1841 447 dilectorum
1852 412 1929 446 silio-
1970 425 2073 456 usinum
2090 427 2127 447 mi-

1191 476 1260 498 rum
1270 466 1424 499 nobilium
1438 467 1577 499 virorum
1590 465 1776 498 Ferdinandi
1787 466 1928 499 Mantuae
1944 452 2127 504 iiiiiimfii'r‘fflauffl

1190 529 1225 551 ac
1235 519 1335 552 Caroli
1353 520 1552 553 Nivernensis
1569 519 1684 552 ducum
1701 529 1824 552 necnon
1841 518 1930 552 Adol-
1944 508 2036 529 “mm''

1191 573 1243 617 phi
1261 574 1384 607 comitis
1396 574 1434 607 de
1447 574 1560 607 Althan
1577 573 1667 607 nobis
1684 573 1845 606 humiliter
1859 584 1930 617 por-

1191 627 1283 659 rectis
1294 627 1442 668 inclinati,
1456 637 1549 660 unam
1564 626 1706 659 militiam
1726 625 1928 659 christianam

1190 685 1400 724 nuncupatam
1412 680 1470 713 sub
1483 681 1578 714 certis
1591 679 1686 712 modo
1700 684 1729 711 et
1742 679 1842 712 forma
1856 683 1928 712 tunc

1190 733 1346 776 expressis
1370 734 1542 777 apostolica
1567 733 1751 767 auctoritate
1772 732 1930 765 ereximus

1189 790 1219 817 et
1243 785 1451 826 instituimuS,
1478 786 1586 829 illique
1610 786 1654 819 sic
1685 790 1808 819 erectae
1832 789 1863 818 ct
1886 784 1930 817 in·
1971 795 1996 816 m
2013 796 2128 822 privilegiis

1189 838 1314 870 stitutae
1338 838 1461 871 diversa
1484 839 1668 882 privilegia,
1694 839 1810 882 gratias
1834 842 1864 872 et
1888 838 1930 870 in·
1945 825 2027 846 mm*

1189 891 1275 924 dulta
1314 893 1550 935 concessimus,
1583 893 1704 936 aliaque
1737 893 1767 925 in
1799 891 1929 924 militiae

1188 945 1326 977 savorem
1358 946 1498 978 eiusdem
1528 947 1679 987 fecimus,
1704 946 1868 980 statuimus
1900 951 1928 978 et

1189 997 1414 1039 ordinavimus,
1432 1004 1525 1042 prout
1540 999 1571 1031 in
1588 1000 1704 1034 nostris
1717 1000 1855 1043 desuper
1872 999 1929 1032 sub

1188 1050 1318 1093 plumbo
1339 1051 1491 1094 expeditis
1513 1052 1636 1092 litteris,
1653 1063 1787 1095 quarum
1803 1056 1929 1086 tenores

1188 1104 1406 1146 praesentibus
1417 1116 1475 1148 pro
1487 1105 1641 1149 expressis
1654 1105 1764 1138 haberi
1773 1105 1928 1146 volumus

1188 1156 1310 1200 plenius
1330 1158 1517 1191 continetur.

1232 1210 1246 1252 ξ
1271 1210 1300 1242 2.
1324 1211 1425 1249 Quare
1449 1221 1516 1253 nos,
1537 1211 1672 1244 militum
1698 1211 1874 1245 Gallicanae
1899 1215 1929 1243 et
1964 1219 2127 1267 ¹1i¹³i¹¹¹¹iii³³⁰⁰¹i³

1188 1263 1330 1305 Belgicae
1354 1265 1504 1305 nationis,
1530 1265 1668 1298 eiusdem
1693 1264 1823 1298 militiae
1847 1252 2127 1320 com-ffirssigiuesmeiiif

1188 1316 1299 1357 modis,
1317 1321 1346 1351 et
1362 1328 1521 1360 congruae
1534 1318 1762 1359 sustentationi,
1776 1323 1926 1362 quantum
1944 1305 2127 1347 sslssssufissfflll‘tlss

1188 1380 1259 1402 cum
1280 1370 1413 1403 Domino
1432 1381 1610 1414 possumus,
1627 1371 1809 1415 prospicere
1826 1371 1929 1404 volen-

1188 1428 1243 1464 tes,
1261 1424 1544 1467 supplicationibus
1564 1424 1751 1457 Ferdinandi
1772 1435 1808 1457 ac
1825 1423 1926 1458 Caroli

1187 1476 1300 1508 ducum
1327 1482 1357 1509 et
1381 1477 1514 1520 Adolpbi
1539 1477 1663 1510 comitis
1690 1477 1925 1521 praedictorum

1186 1529 1313 1562 nomine
1345 1530 1437 1563 nobis
1467 1541 1561 1574 super
1585 1531 1645 1564 hoc
1674 1530 1836 1563 humiliter
1859 1540 1929 1573 por-

1187 1583 1280 1615 rectis
1305 1583 1460 1624 inclinati,
1485 1584 1632 1617 omnibus
1662 1589 1692 1616 et
1721 1583 1852 1626 singulis
1877 1593 1928 1615 na-

1187 1635 1306 1668 tionum
1323 1636 1556 1680 praedictarum
1574 1636 1725 1670 militibus
1742 1636 1927 1679 coniugatis,

1186 1699 1221 1721 ac
1246 1689 1339 1721 etiam
1360 1689 1504 1732 bigamis,
1521 1689 1652 1733 aliisque
1672 1689 1875 1733 preshyteris,
1893 1694 1926 1721 ut

1186 1741 1323 1785 singulas
1340 1742 1508 1786 pensiones
1528 1753 1646 1775 annuas
1670 1753 1771 1787 usque
1787 1742 1825 1775 ad
1842 1752 1928 1775 sum-

1186 1806 1269 1828 mam
1295 1795 1540 1839 quingentorum.
1571 1796 1758 1829 ducatorum
1786 1795 1854 1828 auri
1887 1795 1924 1828 de

1186 1851 1311 1882 camera
1329 1859 1425 1892 super
1448 1849 1631 1893 quarumvis
1648 1849 1875 1882 cathedralium
1897 1854 1926 1881 et

1187 1903 1521 1946 metropolitanarum,
1546 1914 1582 1937 ac
1613 1903 1746 1936 aliarum
1783 1902 1934 1936 ecclesia-v

1186 1965 1274 1995 rum,
1298 1956 1578 1997 monasteriorum,
1595 1956 1810 2000 prioratuum,
1836 1965 1928 1989 cano-

1186 2009 1356 2051 nicatuum,
1381 2015 1412 2043 et
1434 2010 1700 2054 praebendarum,
1725 2010 1926 2053 dignitatum,

1185 2067 1420 2106 personatuum,
1434 2063 1752 2104 administrationum,
1766 2068 1797 2096 et
1811 2063 1927 2096 officio-

1186 2126 1273 2155 rum,
1297 2116 1496 2160 aliorumque
1526 2117 1752 2150 beneficiorum
1785 2115 1927 2149 ecclesia-

1186 2169 1351 2211 sticorum,
1377 2180 1449 2203 cum
1474 2171 1550 2202 cura
1575 2174 1605 2204 et
1629 2170 1695 2203 sine
1718 2171 1812 2210 cura,
1837 2180 1926 2202 secu-

1186 2223 1286 2255 larum
1304 2228 1334 2255 et
1353 2223 1538 2266 quorumvis
1551 2222 1702 2256 Ordinum
1720 2223 1925 2266 regularium,

1185 2276 1348 2318 fructibus,
1365 2276 1550 2318 redditibus,
1564 2277 1779 2320 proventibus,
1793 2276 1925 2317 iuribus,

1185 2329 1426 2363 obventionibus
1450 2335 1480 2363 et
1503 2331 1741 2371 emolumentis,
1767 2331 1842 2363 alias
1866 2330 1924 2363 sibi

1186 2384 1335 2418 canonice
1366 2385 1594 2426 reservandas,
1627 2385 1816 2418 cumulative
1852 2395 1923 2418 cum

1185 2438 1346 2481 quibusvis
1370 2438 1574 2482 pensionibus
1599 2438 1728 2479 annuis,
1753 2449 1830 2482 quas
1854 2438 1924 2471 illos

1185 2502 1221 2524 ex
1246 2492 1356 2536 quovis
1380 2492 1441 2525 alio
1471 2493 1637 2536 privilegio
1667 2493 1842 2536 apostolico
1866 2503 1924 2536 pro

1185 2552 1326 2589 tempore
1356 2545 1521 2590 percipere
1552 2546 1719 2589 eontigerit
1749 2551 1779 2579 et
1808 2546 1925 2579 contin-

1184 2605 1246 2642 get,
1263 2599 1300 2632 ad
1319 2610 1428 2632 eorum
1449 2599 1543 2632 vitam
1561 2600 1736 2643 percipere,
1753 2599 1878 2642 exigere
1895 2604 1925 2631 et

1185 2653 1298 2694 levare,
1315 2663 1351 2686 ac
1368 2653 1398 2686 in
1423 2663 1496 2686 suos
1520 2664 1594 2686 usus
1613 2658 1643 2686 et
1659 2653 1826 2686 utilitatem
1851 2661 1922 2685 con-
