2269 3235
131 261 185 288 An.
199 260 227 290 C.
246 261 313 288 1625

200 2033 313 2063 Derogatlo

130 2062 291 2081 Conss'aflOfum.

936 246 1080 285 URBANUs
1108 259 1164 284 vlu
1188 260 1236 285 rr,
1749 249 1813 283 319
1860 259 1910 287 An.
1926 259 1954 287 c.
1973 260 2040 287 1625

330 314 360 344 et
374 319 432 354 pro
456 314 599 353 tempore
624 309 829 342 existentibus
855 308 993 352 generali
1012 319 1067 341 seu

329 362 398 396 aliis
428 362 667 407 inquisitoribus
696 361 864 408 praedictis
894 361 1067 402 videbitur,

329 416 498 458 detestatis,
523 416 673 449 abiuratis
697 421 727 449 et
751 415 1029 455 anathematizatis,
1050 426 1068 447 a

330 471 483 504 sententia
508 469 849 511 excommunicationis,
872 468 1004 513 aliisque
1021 479 1069 502 ec-

329 523 511 558 clesiasticis
535 524 675 557 censuris
699 528 729 556 et
751 522 871 567 poenis,
897 532 974 566 quas
997 533 1068 566 pro-

328 582 436 622 pterea
445 577 680 623 quomodolibet
696 577 907 616 incurrerunt,
922 576 968 608 vel
987 586 1067 619 quae

329 636 437 665 contra
454 632 537 676 ipsos
549 641 605 675 per
618 640 722 663 sacras
737 629 986 670 constitutiones,
1004 634 1066 661 tam

329 685 492 728 generales
517 694 610 728 quam
638 683 859 728 particulares,
892 682 1067 726 quomodo-

329 749 462 783 cumque
475 741 617 778 statutae,
631 748 666 771 ac
679 737 754 770 alias
771 737 988 781 promulgatae
1006 736 1068 769 sue-

328 792 400 833 rint,
413 792 551 825 iniuncta
564 791 681 825 eisdem
696 801 754 835 pro
774 790 868 824 modo
881 791 991 834 culpae
1011 790 1067 822 ali-

328 848 390 891 qua
407 847 510 891 poena
532 844 700 878 arbitraria
725 845 773 877 vel
790 844 851 877 alia
874 843 1066 888 poenitentia

328 899 466 942 salutari,
476 910 570 943 quam
586 898 634 939 iis,
644 899 696 943 qui
709 899 845 932 secunda
856 903 886 931 et
900 898 991 931 tertia
1002 898 1068 931 vice

328 953 442 999 relapsi
457 952 584 994 suerint,
602 951 767 996 aggravari
788 952 942 993 volumus,
961 956 1067 985 aucto-

328 1008 420 1041 ritate
448 1008 556 1041 nostra
587 1006 618 1039 in
646 1011 782 1050 utroque
812 1006 880 1039 soro
910 1005 942 1038 in
966 1005 1068 1038 forma

329 1061 485 1096 Ecclesiae
510 1062 660 1094 consueta
682 1061 845 1093 absolvere
869 1064 899 1093 et
923 1059 1068 1101 liberare,

329 1121 423 1161 atque
438 1116 477 1149 ad
497 1115 638 1149 eiusdem
663 1114 819 1148 Ecclesiae
844 1113 1003 1157 gremium
1021 1123 1070 1145 re-

329 1169 434 1214 cipere
451 1173 481 1202 et
497 1168 672 1210 admittere,
691 1179 726 1201 ac
747 1173 810 1200 tam
835 1167 929 1200 etiam
945 1165 1070 1199 traden-

329 1221 383 1256 di¹
409 1222 514 1256 curiae
538 1221 671 1255 seculari
695 1226 827 1265 propter
850 1220 1000 1264 primum,
1027 1228 1070 1252 se-

329 1276 478 1319 cundum,
491 1275 681 1319 tertiumque
705 1274 867 1318 relapsum
888 1271 1068 1306 huiusmodi

329 1341 345 1363 a
370 1330 440 1363 iure
464 1334 633 1370 statutum,
659 1339 753 1372 quam
778 1328 870 1361 etiam
897 1328 972 1360 alias
997 1336 1068 1359 cor-

329 1383 454 1428 porales
479 1387 509 1416 et
533 1382 682 1426 capitales
698 1392 733 1415 ac
758 1380 989 1415 confiscationis
1006 1390 1070 1413 om-

329 1437 415 1470 nium
446 1437 604 1470 bonorum
637 1442 667 1469 et
698 1441 818 1469 ceteras
851 1444 1068 1480 quascumque

328 1490 442 1523 talibus
456 1489 709 1533 delinquentibus
726 1489 859 1522 inflictas
872 1494 899 1521 et
914 1489 1069 1532 irrogatas

329 1554 455 1588 poenas,
480 1543 556 1587 ipsis
574 1542 822 1576 misericorditer
854 1542 1015 1575 remittere
1040 1547 1069 1575 et

330 1597 509 1631 condonare
533 1596 630 1629 libere
655 1602 685 1629 et
710 1596 792 1629 licite
820 1596 944 1640 possitis
969 1600 999 1628 et
1023 1607 1069 1628 va-

330 1651 427 1691 leatis,
444 1650 629 1683 auctoritate
649 1650 832 1693 apostolica,
850 1653 957 1683 tenore
978 1659 1068 1692 prae-

330 1703 482 1745 sentium,
507 1703 545 1736 de
570 1703 697 1747 speciali
722 1703 824 1746 gratia
850 1702 1068 1745 indulgemus3

330 1757 448 1801 tibique
468 1767 503 1790 ac
521 1757 659 1800 generali
681 1760 711 1791 et
737 1756 805 1789 aliis
830 1756 1070 1800 inquisitoribus

329 1809 498 1856 praedictis
521 1810 646 1854 plenam
665 1815 695 1843 et
715 1810 847 1843 liberam
872 1809 1009 1853 desuper
1030 1809 1069 1840 sa-

330 1865 495 1903 cultatem⁷
525 1865 744 1898 auctoritatem
769 1868 799 1896 et
823 1867 1008 1907 potestatem
1032 1861 1070 1894 ad

331 1919 448 1952 dictum
473 1918 724 1963 quinquennium
754 1917 916 1950 dumtaxat
940 1916 1088 1957 duratu-=

331 1983 398 2005 ram
423 1972 592 2005 tribuimus
616 1977 646 2004 et
670 1971 879 2015 impartimur.

374 2026 431 2070 53.
455 2027 522 2059 Non
540 2025 736 2059 obstantibus
752 2024 942 2069 praemissis,
954 2029 983 2057 et
1000 2035 1072 2068 apo-

329 2080 456 2122 stolicis,
471 2090 506 2112 ac
531 2079 562 2111 in
586 2079 800 2123 synodalibuS‚
826 2078 1071 2122 provincialibus

329 2140 358 2168 et
378 2134 579 2178 generalibus
596 2133 737 2167 conciliis
757 2133 857 2175 editis,
880 2124 1088 2167 constitutio-¹

328 2189 421 2221 nibus
446 2192 475 2221 et
500 2187 771 2227 ordinationibus,
802 2197 924 2220 necnon
948 2187 1070 2230 legibus

330 2243 422 2275 etiam
447 2241 691 2286 municipalibus
716 2246 746 2274 et
770 2241 1008 2285 imperialibus,
1035 2251 1070 2273 ac

330 2295 424 2329 officii
449 2294 659 2340 inquisitionis
683 2304 867 2338 regnorum,
892 2294 1071 2339 provincia-

330 2359 401 2382 rum
421 2352 451 2382 et
470 2348 644 2382 insularum
660 2348 841 2381 huiusmodi
863 2347 970 2391 (etiam
992 2348 1089 2381 iura-¹

330 2406 447 2443 mento,
457 2401 695 2435 confirmatione
709 2402 891 2447 apostolica,
901 2402 949 2435 vel
962 2402 1071 2447 quavis

330 2456 478 2490 firmitate
494 2455 554 2489 alia
567 2456 736 2500 roboratis)
755 2456 877 2491 statutis
893 2461 923 2489 et
943 2466 1072 2490 consue-

328 2509 500 2550 tudinibus,
524 2509 697 2554 privilegiis
721 2520 863 2555 quoque,
890 2510 1017 2543 indultis
1042 2515 1072 2543 et

329 2563 443 2597 litteris
466 2563 647 2607 apostolicis
670 2564 728 2596 sub
754 2564 1007 2608 quibuscumque
1024 2568 1070 2597 te-

365 2635 378 2663 1
397 2634 446 2663 Ed.
462 2634 541 2662 Main.
559 2635 590 2662 h.
607 2635 719 2663 traden.
737 2636 809 2672 quod
829 2643 881 2663 non
901 2636 981 2663 aliter
1000 2635 1070 2663 finiri

329 2686 410 2715 posse
426 2679 540 2714 videtur,
556 2679 573 2708 i.
587 2687 611 2707 e.
625 2680 760 2707 tradendi
774 2689 819 2708 eos
829 2683 971 2709 statutum
982 2679 1069 2715 (asin).

1100 308 1232 341 floribus
1245 312 1276 341 ct
1292 308 1411 350 formis,
1432 318 1467 341 ae
1484 318 1554 340 cum
1575 306 1736 351 quibusvis
1746 307 1839 340 etiam

1103 361 1375 405 derogatoriarum
1396 360 1613 405 derogatoriis,
1632 360 1763 404 aliisque
1780 360 1841 393 ess‘i-

1102 414 1278 448 cacioribus
1296 420 1325 448 ct
1341 415 1473 450 insolitis
1487 415 1645 456 clausulis,
1663 426 1699 448 ac
1716 415 1841 448 irritan-

1101 467 1183 500 tibus
1201 474 1230 500 et
1247 468 1316 500 aliis
1332 469 1476 509 decretis,
1490 469 1520 502 in
1533 479 1648 512 genere
1662 469 1709 501 vel
1727 469 1758 501 in
1775 479 1842 513 spe-

1101 521 1258 563 cie,etiam
1273 526 1358 554 motu
1374 523 1503 566 proprio
1513 528 1543 555 et
1554 534 1588 555 cx
1604 524 1688 557 certa
1702 523 1841 565 scientia,

1101 587 1136 608 ac
1161 576 1200 609 de
1224 576 1414 620 apostolicae
1440 578 1600 620 potestatis
1631 578 1842 622 plenitudine,

1101 629 1194 662 etiam
1220 629 1488 669 consistorialiter,
1509 634 1538 663 et
1559 631 1634 663 alias
1649 631 1844 674 quomodoli-

1101 683 1154 717 bet
1170 683 1338 723 concessis,
1351 682 1534 727 approbatis
1551 688 1580 716 et
1594 684 1755 718 innovatis.
1771 685 1843 724 Qui-

1101 737 1159 770 bus
1184 737 1332 770 omnibus
1356 741 1386 769 et
1404 736 1544 780 singulis,
1562 737 1689 770 illorum
1709 743 1843 779 tenores,

1101 802 1137 824 ac
1157 791 1182 824 si
1204 791 1241 824 de
1266 791 1363 824 verbo
1388 791 1426 824 ad
1450 791 1591 833 verbum,
1617 791 1694 824 nihil
1720 792 1843 836 penitus

1102 844 1229 886 omisso,
1247 849 1276 877 et
1292 845 1393 877 forma
1411 844 1441 877 in
1457 844 1517 877 illis
1541 844 1655 877 tradita
1668 845 1843 885 observata,

1101 898 1209 931 inserti
1234 899 1346 939 forent,
1364 898 1583 942 praesentibus
1602 909 1661 943 pro
1690 898 1845 942 expressis

1103 957 1133 984 et
1157 951 1282 985 insertis
1306 952 1466 994 habentes,
1492 951 1552 984 illis
1577 952 1654 984 alias
1673 951 1704 984 in
1723 962 1779 985 suo
1797 963 1846 985 ro-

1102 1006 1179 1039 bore
1195 1006 1421 1049 permansuris,
1440 1006 1498 1039 hac
1515 1006 1581 1039 vice
1599 1005 1759 1039 dumtaxat
1776 1016 1845 1050 spe-

1103 1059 1222 1092 cialiter
1239 1065 1269 1092 et
1286 1069 1432 1103 expresse
1453 1059 1651 1103 derogamuS,
1670 1059 1845 1103 ceterisque

1103 1113 1270 1147 contrariis
1294 1114 1556 1158 quibuscumque.

1146 1168 1259 1201 Datum
1283 1168 1421 1209 Romae,
1446 1168 1529 1213 apud
1553 1168 1581 1202 S.
1609 1169 1735 1202 Petrum
1750 1195 1757 1209 ‚
1787 1169 1844 1202 suh

1103 1222 1218 1254 annulo
1233 1221 1410 1262 Piscatoris,
1428 1221 1478 1255 die
1503 1232 1567 1256 xx11
1583 1222 1692 1266 aprilis
1705 1232 1845 1263 iincxxv,

1102 1275 1304 1319 pontificatus
1327 1275 1427 1309 nostri
1452 1285 1534 1308 anno
1558 1285 1590 1308 11.

1138 1337 1196 1364 Dat.
1214 1337 1257 1365 die
1270 1337 1305 1364 22
1320 1337 1413 1373 aprilis
1430 1337 1508 1373 1625,
1525 1337 1619 1373 pontif.
1639 1346 1682 1364 an.
1700 1344 1727 1365 ιι.

1103 1435 1259 1480 Sequitur
1272 1435 1459 1476 declaratio,
1477 1435 1562 1479 quod
1579 1436 1846 1480 quinquennium

1148 1500 1276 1523 currere
1309 1490 1449 1534 incipiat
1480 1502 1500 1522 α
1530 1490 1582 1523 die
1610 1490 1846 1534 publicationis

1144 1543 1405 1585 praerelatarum
1434 1543 1620 1577 litterarum
1652 1543 1845 1587 apostolica-

1147 1606 1232 1628 Tum.

1334 1658 1505 1686 Venerabili
1525 1659 1612 1686 fratri

1134 1703 1328 1735 ferdinando,
1350 1704 1489 1738 episcopo
1510 1704 1579 1731 olim
1600 1704 1814 1737 Pharaonensi,

1298 1748 1435 1775 Urbanus
1472 1749 1550 1782 Papa
1574 1748 1649 1776 VIII.

1320 1802 1507 1829 Venerabilis
1523 1802 1629 1836 frater,

1153 1847 1282 1874 salutem
1298 1849 1328 1874 et
1344 1847 1538 1880 apostolicam
1553 1848 1802 1876 benedictionem.

1149 1918 1164 1961 g
1192 1918 1217 1950 1.
1242 1917 1341 1951 Hodie
1366 1928 1382 1950 a
1407 1917 1497 1951 nobis
1518 1924 1703 1951 emanarunt
1726 1919 1848 1953 litterae
1873 1958 1874 1961 Ἴ
1905 1930 2048 1952 aecensenmr

1104 1971 1290 2004 fraternitati
1321 1974 1389 2005 tuae
1420 1971 1557 2004 directae
1590 1972 1707 2005 tenoris
1740 1958 2049 2006 subse-*iigffls‘sspmm‘

1105 2024 1240 2069 quentis,
1260 2024 1413 2058 videlicet:
1432 2035 1449 2056 a
1463 2028 1562 2068 tergo,
1588 2025 1773 2059 Venerabili
1784 2027 1848 2069 fra-

1107 2079 1161 2120 tri,
1185 2084 1258 2119 etc,
1276 2078 1360 2111 intus
1378 2089 1461 2112 vero:
1476 2078 1569 2113 Sedes
1586 2079 1774 2123 apostolica,
1789 2085 1846 2113 etc.

1149 2133 1164 2176 ἓ
1188 2132 1216 2165 ⁶2.
1243 2132 1318 2166 Cum
1343 2137 1465 2173 autem,
1498 2132 1576 2166 sicut
1609 2133 1785 2166 charissimi
1817 2133 1848 2166 in
1878 2173 1881 2175 ,
1920 2145 2001 2167 Causae
2020 2147 2048 2166 n-

1104 2186 1228 2220 etu-isto
1259 2186 1315 2218 filii
1345 2186 1443 2219 nostri
1477 2186 1613 2231 Philippi
1638 2172 1960 2231 Portugauiaeaada.
1978 2172 2048 2193 ΜΞ·

1104 2245 1135 2272 et
1167 2240 1388 2284 Algarbiorum
1420 2240 1504 2284 regis
1541 2240 1686 2274 catholici
1721 2240 1849 2274 nomine

1105 2294 1197 2327 nobis
1220 2304 1322 2338 nuper
1346 2295 1522 2338 expositum
1540 2294 1606 2336 fuit,
1628 2295 1668 2328 ob
1692 2296 1850 2340 periculo-

1105 2359 1171 2381 sam
1186 2352 1215 2382 et
1225 2349 1352 2392 longam
1366 2348 1597 2392 navigationem
1616 2349 1655 2382 ad
1672 2349 1849 2394 provincias

1105 2407 1135 2435 et
1159 2402 1277 2436 insulas
1301 2413 1398 2447 supra
1423 2413 1585 2448 expressas
1606 2403 1777 2437 verendum
1799 2404 1848 2445 sit,

1105 2467 1153 2499 ne,
1179 2462 1345 2501 antequam
1363 2457 1395 2490 in
1415 2456 1476 2490 illis
1493 2457 1708 2502 praeinsertae
1726 2458 1850 2492 litterae

1104 2510 1320 2555 publicentur,
1346 2520 1460 2553 magna
1483 2521 1556 2555 pars
1585 2510 1791 2555 quinquennii
1817 2512 1848 2545 in

1105 2564 1222 2597 eisdem
1242 2564 1447 2608 praeinsertis
1466 2563 1578 2598 litteris
1598 2564 1728 2609 praefixi
1749 2565 1849 2598 elaba-

1105 2623 1165 2660 tur,
1182 2623 1213 2651 et
1229 2622 1397 2662 propterea
1417 2617 1518 2651 dictus
1542 2618 1706 2663 Philippus
1725 2629 1780 2652 rex
1799 2630 1850 2652 cu-

1104 2671 1177 2716 piat,
1191 2676 1314 2716 tempus
1327 2670 1400 2705 dicti
1413 2671 1617 2716 quinquennii
1633 2681 1695 2707 non
1709 2682 1848 2713 currere,
