2269 3235
148 237 198 263 An.
215 235 244 262 C.
262 233 329 261 1627

167 1095 278 1116 Contraria
291 1095 330 1117 tol-

143 1123 223 1144 luatur,

174 2205 293 2227 Exordium.

954 230 1096 254 URBANUS
1119 230 1177 254 VIII
1200 231 1248 254 1³1³.

345 279 383 313 ad
407 279 505 312 Deum
530 288 641 322 preces
666 277 984 320 essi1dcrint,centum
1008 278 1083 317 dies;

345 337 375 365 ct
399 332 452 375 qui
477 332 670 376 pauperibus
701 337 730 364 et
754 331 987 364 miserabilibus
1012 342 1083 374 per-

344 387 429 420 sonis
454 386 667 425 subvenerint,
693 389 745 419 aut
768 396 877 428 pacem
895 395 965 416 cum
985 384 1084 416 inimi-

345 441 389 474 cis
414 440 552 485 propriis
573 440 620 472 vel
638 438 746 472 alienis
767 437 1010 481 composuerint,
1029 448 1082 469 seu

345 494 493 537 componi
518 492 658 531 fecerint7
677 492 724 523 vel
748 490 998 534 procuraverint,
1024 500 1082 533 pro

343 547 484 591 quolibet
514 545 749 589 praedictorum
783 554 914 587 operum
939 543 1084 575 similiter

344 605 468 634 centum
501 599 567 631 dies
599 598 637 630 de
668 596 814 629 iniunctis
847 596 891 628 eis
923 606 978 628 scu
1007 596 1083 628 alias

344 652 583 698 quomodolibet
596 650 710 683 debitis
724 649 924 694 poenitentiis
939 649 969 681 in
983 650 1083 682 forma

344 706 501 740 Ecclesiae
525 705 674 738 consueta
698 704 885 736 relaxamus.
912 703 1084 736 Praesenti-

343 760 402 792 bus
414 758 574 802 perpetuis
591 757 703 789 suturis
721 756 915 800 temporibus
932 756 1082 788 valituris.

345 813 495 846 Volumus
519 815 634 851 autem,
658 815 692 843 ut
716 810 741 842 si
765 810 840 842 alias
858 809 948 842 dictis
965 810 1084 842 confra-

345 865 444 898 tribus
468 864 640 908 praemissa
666 863 889 908 peragentibus
905 862 1009 906 aliqua
1025 862 1083 894 alia

344 918 540 961 indulgentia
563 923 718 962 perpetuo
747 918 793 950 vel
813 917 852 949 ad
870 922 992 960 [eminis
1008 926 1084 949 non-

345 973 420 1005 dum
438 973 580 1016 elapsum
597 982 745 1005 concessa
765 971 813 1012 sit,
833 976 997 1015 praesente
1017 971 1084 1003 nul-

344 1027 392 1059 lae
416 1026 486 1059 sint.
524 1019 540 1033 “

354 1119 357 1121 ‚
389 1080 457 1124 §4
490 1081 558 1113 Non
589 1080 784 1113 obstantibus
814 1080 922 1112 nostra
953 1079 990 1112 de
1020 1090 1084 1112 non

345 1134 553 1168 concedendis
584 1133 786 1176 indulgentiis
811 1133 849 1165 ad
873 1133 981 1173 instar,
1006 1133 1084 1165 aliis-

344 1198 404 1231 que
419 1187 692 1221 constitutionibus
706 1192 732 1219 et
748 1187 996 1219 ordinationibus
1013 1198 1085 1229 apo-

345 1241 471 1283 stolicis,
497 1241 671 1284 ceterisque
697 1240 862 1274 contrariis
879 1240 1082 1284 quibuscum-

344 1305 414 1338 que.

387 1348 499 1380 Datum
530 1348 670 1388 Romae,
695 1347 778 1391 apud
807 1347 835 1380 S.
861 1348 998 1388 Petrum,
1027 1347 1084 1380 sub

343 1402 458 1434 annulo
470 1401 647 1441 Piscatoris,
660 1401 709 1433 die
724 1412 762 1434 xv
778 1401 910 1434 ianuarii
920 1411 1084 1442 nnexxvn,

343 1455 544 1498 pontificatus
569 1455 668 1487 nostri
693 1465 773 1487 anno
784 1464 824 1487 lv.

379 1517 440 1544 Dat.
458 1516 500 1545 die
518 1517 549 1545 15
563 1517 677 1544 ianuarii
696 1518 772 1550 1620,
789 1516 883 1552 pontis.
901 1525 970 1544 anno
985 1523 1020 1544 lv.

629 1644 802 1677 CCXXXIV.

343 1716 523 1750 Mandatur
546 1716 796 1760 archiepiscopis
814 1720 841 1749 et
862 1717 1015 1760 episcopis
1032 1716 1084 1749 In-

388 1771 533 1811 diarum,
550 1774 585 1803 ut
601 1771 795 1813 joiroliilzeant
813 1770 915 1814 ‘recipi'
933 1771 1084 1803 mulieres

386 1823 423 1856 in
439 1824 644 1856 monasteriis
669 1824 867 1856 nione‘ulc’um
887 1824 955 1856 wisi
971 1835 1083 1856 mona-

387 1877 505 1909 sticum
531 1877 680 1909 habitum
705 1877 841 1909 {nituere
864 1876 994 1910 velim&

343 1947 570 1975 Venerabilibus
592 1947 734 1974 fratribus
756 1948 988 1982 archiepiscopis
1011 1950 1041 1975 et,
1059 1955 1083 1975 e-

379 1992 512 2027 piscopis
528 1994 559 2019 in
579 1993 714 2026 partibus
730 1993 880 2019 Indiarum
896 1993 1082 2026 constitutis,

542 2038 679 2065 Urbanus
708 2039 787 2071 Papa
806 2039 883 2065 VIll.

554 2092 747 2119 Venerabiles
764 2092 881 2124 fratres,

380 2137 509 2164 salutem
528 2139 559 2164 et
579 2138 774 2171 apostolicam
799 2137 1047 2165 benedictionem.

388 2200 555 2233 Pastoralis
579 2200 673 2233 officii
697 2200 788 2232 nobis
822 2200 894 2232 licet
919 2200 1083 2233 immeritis

346 2254 450 2287 divina
485 2255 715 2298 dispensatione
751 2254 911 2287 commissi
943 2255 1081 2287 debitum

347 2308 505 2351 exposcit,
530 2313 563 2340 ut
587 2308 617 2340 in
642 2308 710 2350 his,
737 2319 793 2352 per
824 2320 904 2352 quae
929 2309 1083 2351 regularis

346 2361 509 2406 disciplina
533 2362 564 2394 in
584 2362 785 2406 quibusliljiet,
804 2363 990 2406 praesertim
1010 2374 1082 2395 vero

346 2415 642 2456 sanctimonialium,
668 2417 864 2449 monasteriis
890 2428 961 2450 euni
987 2417 1081 2449 animi

345 2470 448 2514 quiete
472 2469 556 2502 iuxta
572 2480 678 2502 sacros
695 2481 829 2504 canones
847 2477 877 2503 et
897 2472 1082 2515 apostolicas

346 2523 582 2556 constitutiones
607 2534 642 2556 ac
666 2524 824 2567 regularia
851 2525 991 2568 ipsorum
1020 2538 1083 2559 mo-

344 2576 555 2609 nasteriorum
569 2576 706 2610 instituta
723 2578 907 2610 observetur
924 2584 954 2611 et
970 2579 1081 2622 vigeat,

379 2639 392 2665 1
415 2638 452 2665 Ex
472 2638 579 2673 Regest.
600 2637 627 2664 in
647 2638 750 2666 Secret.
773 2639 849 2666 Brev.

462 2693 540 2721 Buta.
556 2693 637 2722 Rom.
653 2709 688 2714 —
706 2695 764 2722 Vol.
780 2695 862 2723 XIII.
1006 2697 1040 2725 66

1762 219 1820 252 521

1119 278 1227 311 sedulo
1252 277 1468 320 invigilemus,
1489 286 1524 309 ac
1548 286 1627 320 quae
1651 275 1683 308 in
1707 276 1766 309 boc
1791 275 1852 308 im-

1118 331 1297 374 pedimento
1330 341 1398 363 esse
1427 330 1674 373 dignoscuntur,
1707 328 1855 372 pastorali

1118 384 1327 416 sollicitudine
1353 384 1506 423 tollamus,
1527 387 1621 427 prout
1645 382 1855 425 conspicimus

1119 437 1148 469 in
1172 437 1305 470 Domino
1330 437 1497 470 salubriter
1522 436 1677 480 expedire.

1162 492 1176 533 ξ
1201 490 1230 522 ’1.
1256 491 1331 521 (lum
1350 490 1464 532 itaque,
1479 490 1558 522 sicut
1575 489 1678 522 dilecti
1697 489 1751 521 titii
1770 489 1856 533 prior

1117 543 1332 585 provincialis,
1358 543 1471 585 aliique
1497 543 1675 586 superiores
1701 549 1856 575 monaste-

1117 595 1238 627 riorum
1263 595 1445 627 monialium
1468 596 1496 627 S
1514 596 1696 628 (jallierinae
1714 596 1751 628 de
1769 597 1857 628 Senis

1117 648 1241 681 Ordinis
1274 649 1406 680 fratrum
1439 649 1693 681 l‘raedicatorum
1726 649 1756 681 in
1789 649 1857 682 istis

1118 701 1277 733 Indiarum
1302 700 1443 744 partibus
1461 701 1550 733 nobis
1567 711 1668 744 nuper
1685 702 1797 744 exponi
1819 702 1858 734 se-

1118 759 1238 794 cerunt,
1251 754 1383 786 dilectae
1398 754 1428 785 in
1442 753 1564 787 Clu-isto
1582 754 1663 786 [iliae
1688 754 1856 797 priorissae

1118 813 1148 840 et
1161 808 1313 840 moniales
1327 808 1592 840 monasteriorum
1606 807 1786 840 huiusmodi
1802 808 1858 840 vir-

1118 862 1206 905 gines
1231 866 1260 894 et
1286 861 1414 902 viduas,
1438 861 1577 904 aliasque
1601 861 1749 894 mulieres
1770 872 1857 894 secu-

1118 917 1198 948 lares
1212 915 1251 947 ad
1266 921 1400 959 tempus,
1414 915 1461 947 vel
1475 915 1565 947 aliter
1578 914 1616 947 ad
1632 926 1722 947 suum
1736 921 1856 959 nutum⁷

1118 969 1150 1001 in
1174 980 1284 1002 carum
1309 969 1574 1001 cohabitationem
1601 973 1631 1001 et
1662 969 1857 1003 mansionem

1119 1023 1149 1055 in
1167 1023 1230 1056 suis
1248 1023 1448 1055 monasteriis
1462 1027 1491 1054 et
1505 1022 1650 1055 claustris
1668 1023 1858 1066 promiscue,

1119 1077 1257 1121 passim,
1283 1087 1318 1109 ac
1343 1076 1408 1108 sine
1430 1076 1610 1110 difficultate
1629 1076 1793 1110 admittere
1814 1089 1859 1111 so-

1119 1131 1210 1171 leant,
1236 1141 1272 1163 ex
1298 1131 1358 1163 hoc
1382 1135 1502 1169 autem,
1525 1126 1671 1163 'successu
1696 1131 1857 1174 temporis,

1119 1185 1166 1217 vel
1192 1184 1337 1217 scandala
1361 1184 1450 1215 facilc
1470 1183 1562 1223 oriri,
1592 1185 1639 1216 vel
1671 1185 1780 1217 saltem
1810 1186 1857 1218 di-

1119 1236 1250 1279 sciplina
1275 1241 1304 1267 et
1328 1235 1389 1267 vita
1422 1234 1593 1267 monastica
1627 1235 1797 1278 srigeseei‘c
1829 1242 1859 1270 et

1119 1289 1217 1322 minui
1250 1294 1399 1333 possent,
1432 1289 1641 1332 elausuraque
1673 1290 1858 1323 eorumdem

1120 1343 1382 1377 monasteriorum
1400 1342 1554 1375 violetur:
1579 1343 1669 1375 nobis
1690 1349 1859 1387 propterea

1119 1398 1206 1440 prior
1231 1402 1260 1429 et
1280 1396 1459 1440 superiores
1484 1396 1636 1439 praedicti
1662 1397 1727 1429 zelo
1745 1397 1858 1430 domus

1119 1456 1149 1483 et
1173 1450 1328 1492 regularis
1352 1449 1569 1482 oljiserrantiac
1595 1450 1670 1482 moti
1696 1450 1858 1482 humiliter

1119 1504 1290 1547 supplicari
1312 1504 1461 1544 sij’cerunt,
1480 1507 1512 1535 ut
1529 1503 1664 1546 desuper
1681 1509 1858 1546 opportune

1118 1557 1285 1600 providere
1302 1557 1340 1590 de
1357 1556 1548 1599 benignitate
1565 1557 1739 1600 apostolica
1753 1558 1859 1600 digna-

1118 1621 1237 1642 remur.

1163 1665 1186 1707 ξ.
1212 1664 1241 1696 2.
1267 1664 1343 1705 Nos,
1370 1663 1638 1696 incovenientibus
1662 1664 1857 1707 huiusmodi,

1118 1722 1267 1761 quantum
1286 1728 1358 1750 cum
1378 1717 1511 1749 Domino
1536 1728 1713 1760 possumus,
1733 1719 1859 1751 obviam

1119 1772 1163 1805 ire
1188 1772 1340 1814 volentes7
1366 1772 1648 1815 supplicationibus
1674 1773 1860 1806 eorumdem

1118 1827 1233 1870 [trieris
1250 1831 1279 1858 et
1296 1825 1495 1869 superiorum
1517 1827 1643 1859 nominc
1661 1828 1750 1859 nobis
1765 1838 1860 1872 super

1120 1881 1178 1913 boc
1202 1880 1362 1912 humiliter
1386 1880 1541 1924 porrectis
1566 1881 1713 1919 inclinati,
1739 1881 1776 1913 de
1802 1893 1856 1914 ve-

1118 1931 1250 1964 nerabili
1276 1932 1409 1963 fratrum
1434 1937 1616 1964 nostrorum
1643 1933 1671 1963 S.
1690 1933 1723 1964 R.
1744 1933 1775 1964 E.
1791 1944 1860 1965 car-

1118 1985 1268 2017 dinalium
1288 1985 1423 2028 negotiis
1448 1985 1641 2028 regularium
1666 1987 1860 2029 praeposito-

1119 2050 1189 2072 rum
1215 2040 1363 2080 eonsilio,
1390 2039 1476 2072 vobis
1502 2039 1649 2071 omnibus
1674 2043 1703 2072 et
1728 2040 1859 2081 singulis

1118 2104 1174 2136 per
1190 2098 1368 2136 praesentes
1381 2092 1521 2124 districte
1538 2092 1759 2136 praecipiendo
1776 2104 1860 2125 man-

1118 2147 1238 2186 damus,
1253 2152 1405 2189 quatenus
1429 2147 1587 2179 modernis
1601 2152 1628 2178 ct
1648 2158 1704 2190 pro
1719 2152 1860 2190 tempore

1118 2201 1321 2233 existentibus
1346 2201 1522 2240 abbatissis,
1550 2211 1603 2233 seu
1634 2201 1803 2244 priorissis,
1829 2205 1859 2233 et

1119 2256 1317 2292 monialibus,
1335 2255 1467 2298 aliisque
1493 2265 1766 2297 quorurncumque
1792 2265 1858 2287 mo-

1118 2310 1326 2341 nast11=riorum
1349 2309 1529 2341 monialium
1556 2309 1585 2340 in
1607 2309 1673 2340 istis
1697 2309 1856 2341 lndiarum

1117 2363 1257 2406 partibus
1275 2368 1302 2395 et
1318 2363 1426 2395 vestris
1447 2362 1641 2395 dioecesibus
1657 2362 1855 2396 existentium

1118 2418 1354 2461 superioribus,
1379 2427 1417 2449 ne
1442 2417 1479 2449 de
1504 2422 1608 2449 cetero
1635 2417 1782 2450 mulieres
1806 2428 1856 2450 se-

1118 2472 1240 2505 culares
1254 2471 1432 2503 huiusmodi
1448 2481 1647 2515 quacumque
1660 2471 1720 2503 alia
1735 2471 1772 2503 de
1787 2482 1857 2505 eau-

1118 2529 1172 2565 sa,
1197 2536 1290 2569 quam
1315 2525 1457 2557 habitum
1480 2525 1707 2565 monachalem,
1726 2526 1856 2559 servatis

1118 2579 1271 2619 servandi,
1297 2578 1497 2622 suscipiendi,
1524 2579 1553 2610 in
1579 2578 1758 2611 huiusmodi
1784 2590 1850 2612 mo-

1117 2632 1252 2666 nasteria
1268 2632 1385 2675 absque
1406 2632 1534 2676 speciali
1549 2631 1636 2665 Sedis
1654 2633 1852 2676 Apostolicae

1871 227 1923 254 An.
1940 226 1967 254 C.
1986 226 2052 254 1627

1899 504 1980 524 muzae
1990 503 2055 524 seren·

1872 531 1892 552 di
1909 531 2025 551 decretum.

1901 1678 2020 1701 Decretum,
2033 1677 2058 1698 de

1875 1712 1916 1732 quo
1928 1712 1948 1726 in
1964 1706 2057 1726 rubrica.
