2269 3235
121 276 173 304 An.
189 275 217 303 C.
235 271 301 303 1628

155 1768 266 1789 obstantia
275 1767 313 1788 tol-

131 1796 206 1817 tuntur.

924 272 1065 296 URBANUS

317 320 439 354 noviter
460 331 516 364 per
532 326 711 365 praesentes
728 331 745 353 a
769 320 859 354 nobis
884 320 969 353 saetis
987 331 1055 353 erc-

319 375 421 407 ctione
453 380 483 407 et
515 374 707 407 institutione
744 373 911 417 praedictis
936 373 995 416 (ita
1024 378 1056 405 ut

319 428 465 472 deinceps
490 427 693 460 seminarium
719 427 899 459 huiusmodi
925 432 1053 470 aposto-

320 482 415 515 licum
442 487 471 514 et
488 492 549 515 non
574 482 795 514 dioecesanum
812 480 872 513 dici
891 486 920 513 et
937 491 1055 513 nuncu-

319 536 387 579 pari
406 535 531 578 debeat)
550 535 655 567 sortiri
673 539 703 566 et
720 534 876 573 obtinerc;
898 539 1058 577 presentes

321 599 397 621 vero
418 589 535 620 litteras
552 588 590 619 de
608 586 820 629 subreptionis
838 587 884 618 vel
903 586 1058 630 obreptio-

320 641 377 683 nis,
403 651 456 674 scu
474 641 623 673 nullitatis
637 640 721 682 vitio,
740 645 790 671 aut
811 639 990 672 intentionis
1008 650 1060 672 no-

321 699 403 727 strae
426 694 472 726 vel
490 694 551 726 alio
569 693 715 737 quopiam
741 692 862 725 defectu
887 693 999 735 notari,
1019 692 1060 724 in-

321 748 425 790 fringi,
444 747 615 786 retractari,
634 746 664 778 in
682 746 730 778 ius
746 747 794 779 vel
812 747 1058 779 controversiam

322 801 436 841 vocari,
462 800 500 832 ad
524 799 677 832 terminos
704 799 779 832 iuris
804 800 923 839 reduci,
940 805 992 832 aut
1012 800 1061 832 ad-

321 863 429 885 versus
446 853 514 884 illas
531 852 751 896 quodcumque
773 853 859 894 iuris,
878 854 996 896 gratiae
1015 854 1060 886 vel

321 905 392 938 sacti
407 906 581 939 remedium
600 907 764 950 impetrari
776 918 947 951 numquam
958 918 1060 951 posse,

321 959 375 992 sed
400 960 468 993 illas
492 966 522 993 et
546 960 577 992 in
603 961 646 993 eis
671 966 815 994 contenta
845 972 1061 1005 quaecumque

322 1024 448 1057 semper
472 1020 503 1047 et
526 1018 678 1058 perpetuo
704 1015 815 1057 valida,
842 1015 934 1048 firma
951 1020 981 1048 et
1001 1016 1063 1048 effi-

323 1067 407 1099 cacia
432 1067 565 1101 existere
590 1073 620 1100 et
644 1069 719 1108 sore,
745 1079 880 1112 suosque
905 1069 1063 1112 plenarios

323 1126 353 1153 et
370 1121 510 1164 integros
530 1122 659 1154 effectus
683 1122 789 1155 sortiri
811 1126 840 1156 et
858 1122 1010 1163 obtinere,
1028 1133 1063 1155 ac

324 1173 424 1206 eidem
440 1174 609 1207 seminario
627 1175 658 1207 in
675 1176 822 1208 omnibus
839 1181 869 1208 et
886 1186 942 1219 per
959 1176 1064 1208 omnia

322 1227 504 1270 plenissime
518 1228 699 1271 suffragarh
714 1229 830 1272 sicque,
845 1234 875 1262 et
887 1239 950 1261 non
964 1229 1063 1272 aliter,

324 1281 354 1313 in
373 1281 556 1324 praemissis
573 1293 630 1325 per
647 1293 864 1326 quoscumque
883 1282 1001 1316 iudices
1018 1294 1066 1316 or-

324 1334 461 1368 dinarios
481 1341 511 1368 et
535 1336 704 1379 delegat05‚
718 1337 811 1369 etiam
830 1347 995 1370 causarum
1013 1348 1065 1381 pa-

324 1387 389 1420 latii
416 1389 579 1432 apostolici
604 1390 779 1431 auditores,
805 1391 926 1423 sublata
951 1391 1011 1430 eis,
1035 1395 1065 1423 et

325 1451 433 1474 eorum
460 1442 596 1485 cuilibet,
615 1444 723 1486 quavis
748 1443 838 1476 aliter
858 1443 1015 1476 iudicandi
1035 1448 1065 1476 et

326 1494 551 1539 interpretandi
576 1497 722 1530 facultate
746 1501 776 1529 et
801 1497 996 1537 auctoritate,
1022 1496 1066 1529 iu-

326 1547 423 1581 dicari
452 1559 488 1581 ac
512 1549 636 1582 definiri
665 1550 798 1590 debere,
823 1561 859 1583 ac
883 1550 1008 1584 irritum
1036 1554 1066 1584 et

326 1601 417 1634 inane
434 1602 458 1634 si
476 1613 565 1635 secus
583 1603 736 1646 superbis
748 1614 943 1646 aquoquam,
957 1603 1065 1647 q'uavis

326 1655 521 1695 auctoritate,
540 1655 674 1688 scienter
690 1656 737 1688 vel
758 1656 949 1698 ignoranter,
970 1656 1067 1689 conti-

326 1707 408 1749 gerit
431 1708 584 1741 attentari.
632 1728 635 1729 ν

372 1761 387 1804 ἓ
400 1761 429 1795 6.
443 1762 510 1795 Non
524 1762 718 1796 obstantibus
730 1763 920 1806 praemissis,
932 1773 967 1796 ac
980 1774 1067 1807 prae-

328 1814 409 1847 dicta
434 1815 478 1847 Pii
495 1816 747 1859 praedecessoris
771 1817 961 1857 huiusmodi,
987 1828 1067 1860 quac

328 1867 437 1911 incipit
458 1870 600 1902 Romani
624 1869 812 1911 Pontifice'S,
846 1880 967 1903 necnon
998 1870 1067 1914 piae

329 1921 500 1954 memoriae
518 1922 562 1954 Pii
580 1922 681 1965 Papae
693 1922 729 1954 lv
742 1922 835 1955 etiam
853 1923 1069 1966 praedecesso-

328 1974 372 2007 ris
389 1975 489 2008 nostri
503 1975 540 2007 de
554 1975 662 2018 gratiis
678 1975 826 2008 interesse
840 1987 984 2009 camerae
998 1988 1070 2020 apo-

329 2028 457 2061 stolicae
485 2028 721 2072 quomodolibet
749 2030 1011 2062 concernentibus
1039 2030 1070 2062 in

331 2081 438 2114 eadem
465 2084 589 2115 camera
614 2082 695 2115 infra
712 2088 832 2115 certum
854 2088 927 2116 tunc
944 2087 1090 2127 expres-1

331 2145 399 2167 sum
430 2140 552 2179 tempus
583 2136 819 2179 praesentandis
843 2140 872 2170 et
900 2136 1070 2178 registran-

330 2188 387 2228 dis,
408 2199 444 2221 ac
468 2189 631 2232 quibusvis
655 2189 723 2222 aliis
749 2190 1025 2223 constitutionibus
1043 2196 1072 2223 et

331 2242 580 2275 ordinationibus
605 2243 801 2286 apostolicis,
826 2253 949 2276 necnon
972 2243 1072 2276 dictae

335 2305 500 2337 camerae,
525 2301 555 2329 et
579 2296 830 2340 quibuscumque
854 2297 921 2330 aliis
940 2324 947 2337 ‚
979 2298 1071 2330 etiam

334 2348 519 2392 iuramento,
540 2350 778 2384 confirmatione
804 2351 996 2394 apostolica,
1025 2351 1071 2384 vel

333 2403 441 2446 quavis
465 2398 612 2437 firmitate
638 2404 698 2437 alia
716 2404 883 2445 roboratis,
901 2405 1022 2438 statutis
1043 2410 1073 2438 et

334 2456 630 2498 consuetudinibus,
655 2458 828 2501 privilegiis
852 2468 998 2501 quoque,
1027 2458 1073 2490 in-

333 2508 428 2542 dultis
452 2514 482 2542 et
505 2510 616 2543 litteris
639 2510 836 2554 apostolicis,
863 2511 919 2543 sub
946 2511 1074 2554 quibus-

335 2573 469 2606 cumque
494 2564 654 2596 tenoribus
671 2569 701 2597 et
717 2564 836 2605 formis
857 2574 892 2597 ac
917 2575 988 2597 cum
1009 2564 1074 2608 qui-

334 2615 450 2657 busvis,
461 2616 554 2649 etiam
567 2617 841 2660 derogatoriarum
855 2617 1072 2660 derogatoriis,

335 2670 465 2714 aliisque
479 2671 707 2704 efficacioribus
720 2676 750 2704 et
766 2671 898 2706 insolitis
915 2672 1072 2716 clausulis,

1091 272 1146 295 vni
1169 271 1218 295 Pr.

1090 330 1211 352 necnon
1242 318 1437 351 irritantibus
1469 323 1499 350 et
1529 317 1597 350 aliis
1622 317 1770 359 decretis,
1799 319 1828 351 in

1090 384 1205 415 genere
1230 374 1276 406 vel
1303 373 1333 405 in
1359 373 1472 416 sps-cie,
1497 383 1531 405 ac
1556 372 1631 404 alias
1656 372 1685 404 in
1711 377 1831 404 contra-

1092 427 1172 458 riuiu
1191 427 1436 470 praemissorum
1456 426 1691 469 quoinodolilwt
1709 436 1831 458 conces-

1092 478 1142 520 sis,
1161 480 1355 511 contiruiatis
1380 484 1408 511 ct
1434 479 1596 511 innovatis.
1621 479 1739 518 Quibus
1763 490 1830 511 om-

1092 531 1184 567 nibus
1213 538 1242 565 et
1267 532 1411 575 siugulis,
1437 533 1557 565 ‹;·tiaiusi
1584 544 1642 576 pro
1667 532 1832 565 sufficienti

1094 585 1218 617 illorum
1237 586 1440 628 derogatione
1458 586 1495 617 ‹lc
1514 586 1772 629 illis,cor1uuquc
1791 591 1833 618 to-

1095 639 1132 671 tis
1157 639 1317 671 tenoribus
1338 640 1490 683 specialis,
1511 641 1666 683 specilica,
1687 650 1833 683 expressa

1094 696 1124 724 et
1143 692 1310 732 individua,
1331 703 1365 725 ac
1383 693 1420 725 (le
1438 693 1534 725 verbo
1551 694 1588 725 ad
1611 693 1750 735 verbum,
1772 703 1834 725 non

1095 749 1196 779 autem
1223 757 1279 789 per
1300 746 1454 778 clausulas
1478 747 1639 787 generali-s
1669 747 1749 778 idem
1776 747 1833 778 im=

1096 802 1277 842 portantes,
1307 799 1424 832 mentio
1452 794 1504 831 aut
1536 799 1663 842 quaevis
1695 799 1754 831 alia
1782 810 1835 831 ex-

1096 852 1215 895 pressio
1241 852 1383 885 habenda
1407 856 1458 886 aut
1480 852 1584 895 aliqua
1608 852 1667 884 alia
1684 852 1836 895 exquisita

1096 907 1196 938 forma
1214 907 1250 938 ad
1269 907 1328 939 lioc
1346 906 1496 939 servanda
1520 907 1609 946 soret,
1630 906 1755 939 illorum
1774 918 1837 938 om-

1096 961 1183 992 nium
1203 964 1232 994 et
1248 961 1444 1003 singulorum
1470 964 1594 994 tenores
1618 960 1837 1004 praesentibus

1097 1024 1154 1057 pro
1179 1014 1270 1057 plene
1295 1020 1325 1046 et
1349 1014 1540 1048 sufficienter
1565 1014 1721 1057 expressis
1746 1019 1775 1046 et.
1800 1014 1837 1045 ad

1098 1067 1228 1099 verbum
1262 1067 1387 1100 insertis
1420 1067 1581 1107 habentes,
1611 1067 1671 1099 illis
1703 1067 1778 1098 alias
1808 1066 1837 1098 in

1099 1130 1155 1153 suo
1177 1119 1292 1153 robore
1316 1120 1552 1163 permansuris,
1574 1120 1632 1152 bac
1657 1120 1723 1152 vice
1748 1119 1838 1152 dum-

1100 1178 1182 1206 taxat
1206 1173 1384 1217 specialiter
1408 1179 1438 1206 et
1461 1184 1606 1217 expresse
1630 1173 1838 1216 derogamus,

1099 1227 1276 1271 ceterisque
1301 1228 1468 1260 contrariis
1488 1227 1750 1271 quibuscumque.

1144 1281 1254 1314 Datum
1280 1282 1415 1322 Romae,
1440 1281 1522 1324 apud
1552 1281 1580 1314 S.
1606 1281 1733 1314 Mariam
1750 1281 1840 1313 Maio-

1100 1345 1178 1377 rem,
1204 1335 1261 1367 sub
1295 1335 1410 1368 annulo
1438 1334 1615 1375 piscatoris,
1633 1334 1683 1367 die
1702 1344 1757 1367 xln
1775 1333 1840 1366 iulii

1100 1399 1274 1429 mncxxvnl,
1299 1389 1499 1432 pontificatus
1524 1388 1623 1422 nostri
1648 1399 1729 1421 anno
1755 1398 1783 1421 v.

1136 1452 1193 1479 Dat.
1212 1452 1255 1479 die
1274 1452 1305 1479 13
1319 1451 1376 1479 iulii
1398 1451 1482 1487 1698,
1503 1451 1598 1487 pontif.
1618 1459 1687 1478 anno
1708 1458 1733 1477 v.

1404 1568 1533 1601 CCXCV.

1099 1638 1301 1682 Approbcclz'o
1326 1644 1355 1672 et
1380 1640 1583 1682 confirmatio
1602 1640 1842 1673 nonnullarmn

1145 1692 1415 1724 constitutionum
1427 1703 1487 1735 pro
1503 1693 1617 1725 tutiora·
1631 1693 1775 1735 fratrum
1792 1693 1845 1726 m-

1145 1745 1377 1777 sealceatormn
1409 1746 1672 1788 Resormalorum
1709 1745 1843 1779 Ordinis

1145 1798 1177 1831 S.
1211 1798 1395 1842 A'uyuslini
1421 1799 1685 1843 Conyreyccte'onis
1715 1799 1845 1832 Galliae

1145 1851 1302 1894 quaer-nio
1327 1851 1520 1885 eclz'tarnm¹.

1306 1923 1445 1950 Urbanus
1467 1924 1545 1957 Papa
1564 1924 1640 1957 VIII,

1228 1969 1263 1994 ad
1284 1971 1459 2002 perpetuam
1480 1969 1525 1996 rei
1544 1969 1724 1996 memoriam.

1148 2028 1192 2061 Ex
1222 2028 1352 2062 iniuncti
1384 2029 1475 2062 nobis
1507 2030 1670 2073 apostolici
1705 2031 1845 2063 muneris

1105 2082 1208 2115 debito
1234 2093 1395 2115 sacrarum
1431 2083 1619 2126 religionum
1653 2084 1684 2116 in
1708 2078 1846 2118 Ecclesia

1105 2135 1159 2168 Dei
1184 2136 1235 2180 pie
1268 2142 1435 2179 sancteque
1467 2137 1680 2170 institutarum
1716 2148 1846 2181 prospe-

1106 2200 1176 2221 rum
1202 2194 1325 2229 statum,
1347 2190 1532 2233 felicemque
1558 2190 1763 2223 directionem
1789 2191 1848 2223 sin-

1107 2242 1187 2274 ceris
1204 2242 1416 2275 desiderantes
1430 2243 1601 2285 affectibus,
1619 2244 1668 2275 his
1683 2254 1761 2287 quae
1778 2254 1847 2287 pro-

1107 2300 1213 2338 pterea
1237 2296 1368 2339 provide
1392 2297 1471 2328 sacta
1495 2296 1590 2329 fuisse
1621 2296 1786 2337 dicuntur,
1814 2302 1848 2329 ut

1107 2349 1197 2381 firma
1221 2354 1374 2392 perpetuo
1399 2355 1426 2382 et
1453 2350 1570 2382 illibata
1594 2350 1782 2393 persistant,
1810 2350 1848 2383 li-

1106 2403 1217 2435 benter
1249 2414 1319 2435 cum
1353 2414 1370 2435 a
1401 2403 1492 2436 nobis
1516 2404 1654 2447 petitur,
1682 2404 1846 2448 apostolici

1108 2456 1290 2489 muniminis
1315 2456 1479 2490 adiicimus
1501 2457 1691 2498 firmitatem,
1708 2458 1848 2502 aliasque

1144 2547 1154 2572 1
1180 2546 1298 2574 Istorum
1322 2547 1434 2574 fratrum
1457 2547 1594 2574 materiam
1620 2547 1705 2575 habes
1729 2548 1757 2574 in
1779 2548 1849 2574 Con-

1108 2592 1193 2618 stitut.
1211 2598 1259 2617 ccx
1274 2591 1375 2626 (ccxx),
1392 2593 1487 2625 Decet,
1500 2592 1646 2619 Clementis
1658 2592 1728 2626 vul,
1745 2596 1810 2619 tom.
1824 2602 1848 2627 x,

1108 2644 1167 2671 pag.
1185 2636 1247 2670 548,
1264 2635 1327 2662 licet
1344 2636 1382 2663 ibi
1401 2644 1454 2664 non
1473 2637 1600 2672 loquatur
1619 2636 1652 2665 de
1667 2637 1718 2664 hac
1733 2637 1851 2672 Congre—

1106 2681 1215 2717 gatione
1235 2681 1347 2709 Galliae.

1733 262 1796 295 669
1843 272 1890 298 An.
1912 272 1940 299 c.
1960 272 2027 299 1098

1887 1986 2027 2007 Prooemium.
