<?xml version="1.0" encoding="UTF-8"?>
<!DOCTYPE html PUBLIC "-//W3C//DTD XHTML 1.0 Transitional//EN"
    "http://www.w3.org/TR/xhtml1/DTD/xhtml1-transitional.dtd">
<html xmlns="http://www.w3.org/1999/xhtml" xml:lang="en" lang="en">
 <head>
  <title>
</title>
<meta http-equiv="Content-Type" content="text/html;charset=utf-8" />
  <meta name='ocr-system' content='tesseract 3.04.00' />
  <meta name='ocr-capabilities' content='ocr_page ocr_carea ocr_par ocr_line ocrx_word'/>
</head>
<body>
  <div class='ocr_page' id='page_1' title='image "./bullarumdiplomat13cath_0088.png"; bbox 0 0 2269 3235; ppageno 0'>
   <div class='ocr_carea' id='block_1_1' title="bbox 259 260 529 296">
    <p class='ocr_par' dir='ltr' id='par_1_1' title="bbox 259 260 529 296">
     <span class='ocr_line' id='line_1_1' title="bbox 259 260 529 296; baseline -0.007 -1"><span class='ocrx_word' id='word_1_1' title='bbox 259 271 307 295; x_wconf 80' lang='grc' dir='ltr'>Λη,</span> <span class='ocrx_word' id='word_1_2' title='bbox 322 270 350 294; x_wconf 73' lang='grc' dir='ltr'>ι’..</span> <span class='ocrx_word' id='word_1_3' title='bbox 375 269 441 296; x_wconf 66' lang='lat' dir='ltr'>tvm</span> <span class='ocrx_word' id='word_1_4' title='bbox 488 260 529 293; x_wconf 63' lang='lat'>52</span> 
     </span>
    </p>
   </div>
   <div class='ocr_carea' id='block_1_2' title="bbox 252 866 437 1026">
    <p class='ocr_par' dir='ltr' id='par_1_2' title="bbox 252 866 437 1026">
     <span class='ocr_line' id='line_1_2' title="bbox 292 866 437 888; baseline -0.007 0"><span class='ocrx_word' id='word_1_5' title='bbox 292 866 390 888; x_wconf 79' lang='lat' dir='ltr'>Urbanus</span> <span class='ocrx_word' id='word_1_6' title='bbox 417 867 437 887; x_wconf 89' lang='lat' dir='ltr'>in</span> 
     </span>
     <span class='ocr_line' id='line_1_3' title="bbox 253 894 437 919; baseline 0 -5"><span class='ocrx_word' id='word_1_7' title='bbox 253 894 376 919; x_wconf 74' lang='lat' dir='ltr'>guber-nium</span> <span class='ocrx_word' id='word_1_8' title='bbox 397 894 437 914; x_wconf 85' lang='lat' dir='ltr'>eri·</span> 
     </span>
     <span class='ocr_line' id='line_1_4' title="bbox 253 920 436 946; baseline 0 -6"><span class='ocrx_word' id='word_1_9' title='bbox 253 923 282 946; x_wconf 68' lang='lat' dir='ltr'>git</span> <span class='ocrx_word' id='word_1_10' title='bbox 300 920 339 941; x_wconf 86' lang='lat' dir='ltr'>sub</span> <span class='ocrx_word' id='word_1_11' title='bbox 354 921 436 946; x_wconf 77' lang='lat' dir='ltr'>regimi-</span> 
     </span>
     <span class='ocr_line' id='line_1_5' title="bbox 252 947 437 973; baseline -0.005 -6"><span class='ocrx_word' id='word_1_12' title='bbox 252 954 278 968; x_wconf 74' lang='lat' dir='ltr'>ne</span> <span class='ocrx_word' id='word_1_13' title='bbox 291 947 437 973; x_wconf 66' lang='lat' dir='ltr'><strong>gubernatoris</strong></span> 
     </span>
     <span class='ocr_line' id='line_1_6' title="bbox 252 974 436 995; baseline 0 -1"><span class='ocrx_word' id='word_1_14' title='bbox 252 980 264 994; x_wconf 82' lang='lat' dir='ltr'>a</span> <span class='ocrx_word' id='word_1_15' title='bbox 279 974 373 995; x_wconf 72' lang='lat' dir='ltr'>Romano</span> <span class='ocrx_word' id='word_1_16' title='bbox 385 975 436 994; x_wconf 81' lang='lat' dir='ltr'>Pon-</span> 
     </span>
     <span class='ocr_line' id='line_1_7' title="bbox 252 1000 409 1026; baseline 0 -6"><span class='ocrx_word' id='word_1_17' title='bbox 252 1001 293 1021; x_wconf 73' lang='lat' dir='ltr'>tice</span> <span class='ocrx_word' id='word_1_18' title='bbox 309 1000 409 1026; x_wconf 50' lang='lat' dir='ltr'>eligenda</span> 
     </span>
    </p>
   </div>
   <div class='ocr_carea' id='block_1_3' title="bbox 440 318 1194 2715">
    <p class='ocr_par' dir='ltr' id='par_1_3' title="bbox 451 318 1194 846">
     <span class='ocr_line' id='line_1_8' title="bbox 457 318 1194 364; baseline 0.005 -14"><span class='ocrx_word' id='word_1_19' title='bbox 457 318 568 350; x_wconf 68' lang='lat' dir='ltr'>similis</span> <span class='ocrx_word' id='word_1_20' title='bbox 594 319 764 352; x_wconf 89' lang='lat' dir='ltr'>memoriae</span> <span class='ocrx_word' id='word_1_21' title='bbox 796 320 839 352; x_wconf 86' lang='lat' dir='ltr'>l‘ii</span> <span class='ocrx_word' id='word_1_22' title='bbox 864 320 967 364; x_wconf 86' lang='lat' dir='ltr'>Papae</span> <span class='ocrx_word' id='word_1_23' title='bbox 1001 321 1021 353; x_wconf 88' lang='lat' dir='ltr'>V</span> <span class='ocrx_word' id='word_1_24' title='bbox 1050 321 1194 355; x_wconf 83' lang='lat' dir='ltr'>similiter</span> 
     </span>
     <span class='ocr_line' id='line_1_9' title="bbox 456 370 1194 418; baseline 0.005 -15"><span class='ocrx_word' id='word_1_25' title='bbox 456 370 707 415; x_wconf 69' lang='lat' dir='ltr'>praedecessoris</span> <span class='ocrx_word' id='word_1_26' title='bbox 727 373 825 406; x_wconf 91' lang='lat' dir='ltr'>nostri</span> <span class='ocrx_word' id='word_1_27' title='bbox 848 377 1079 415; x_wconf 89' lang='lat' dir='ltr'>contentorum,</span> <span class='ocrx_word' id='word_1_28' title='bbox 1093 374 1194 418; x_wconf 88' lang='lat' dir='ltr'>perin-</span> 
     </span>
     <span class='ocr_line' id='line_1_10' title="bbox 455 425 1193 463; baseline 0.005 -6"><span class='ocrx_word' id='word_1_29' title='bbox 455 425 493 458; x_wconf 88' lang='lat' dir='ltr'>de</span> <span class='ocrx_word' id='word_1_30' title='bbox 510 436 546 459; x_wconf 88' lang='lat' dir='ltr'>ac</span> <span class='ocrx_word' id='word_1_31' title='bbox 563 431 666 459; x_wconf 87' lang='lat' dir='ltr'>cetera</span> <span class='ocrx_word' id='word_1_32' title='bbox 680 431 783 460; x_wconf 87' lang='lat' dir='ltr'>castra</span> <span class='ocrx_word' id='word_1_33' title='bbox 802 432 832 459; x_wconf 89' lang='lat' dir='ltr'>ct</span> <span class='ocrx_word' id='word_1_34' title='bbox 849 426 917 460; x_wconf 90' lang='lat' dir='ltr'>loca</span> <span class='ocrx_word' id='word_1_35' title='bbox 930 426 988 459; x_wconf 84' lang='lat' dir='ltr'>sul)</span> <span class='ocrx_word' id='word_1_36' title='bbox 1012 427 1193 463; x_wconf 86' lang='lat' dir='ltr'>immediato</span> 
     </span>
     <span class='ocr_line' id='line_1_11' title="bbox 455 479 1192 524; baseline 0.005 -13"><span class='ocrx_word' id='word_1_37' title='bbox 455 479 542 512; x_wconf 85' lang='lat' dir='ltr'>Sedis</span> <span class='ocrx_word' id='word_1_38' title='bbox 566 481 743 524; x_wconf 71' lang='lat' dir='ltr'>praedictae</span> <span class='ocrx_word' id='word_1_39' title='bbox 764 480 903 514; x_wconf 90' lang='lat' dir='ltr'>dominio</span> <span class='ocrx_word' id='word_1_40' title='bbox 930 487 960 514; x_wconf 91' lang='lat' dir='ltr'>et</span> <span class='ocrx_word' id='word_1_41' title='bbox 978 481 1192 516; x_wconf 87' lang='lat' dir='ltr'>iurisdictione</span> 
     </span>
     <span class='ocr_line' id='line_1_12' title="bbox 454 533 1192 578; baseline 0.005 -13"><span class='ocrx_word' id='word_1_42' title='bbox 454 533 626 573; x_wconf 70' lang='lat' dir='ltr'>existentia,</span> <span class='ocrx_word' id='word_1_43' title='bbox 648 540 677 567; x_wconf 92' lang='lat' dir='ltr'>et</span> <span class='ocrx_word' id='word_1_44' title='bbox 701 534 786 575; x_wconf 79' lang='lat' dir='ltr'>alias,</span> <span class='ocrx_word' id='word_1_45' title='bbox 803 540 897 578; x_wconf 92' lang='lat' dir='ltr'>prout</span> <span class='ocrx_word' id='word_1_46' title='bbox 914 534 943 567; x_wconf 94' lang='lat' dir='ltr'>in</span> <span class='ocrx_word' id='word_1_47' title='bbox 968 534 1099 569; x_wconf 86' lang='lat' dir='ltr'>diversis</span> <span class='ocrx_word' id='word_1_48' title='bbox 1115 536 1192 569; x_wconf 83' lang='lat' dir='ltr'>Gre-</span> 
     </span>
     <span class='ocr_line' id='line_1_13' title="bbox 453 586 1192 632; baseline 0.005 -14"><span class='ocrx_word' id='word_1_49' title='bbox 453 586 533 628; x_wconf 80' lang='lat' dir='ltr'>gorii</span> <span class='ocrx_word' id='word_1_50' title='bbox 558 586 622 619; x_wconf 80' lang='lat' dir='ltr'>XlV</span> <span class='ocrx_word' id='word_1_51' title='bbox 647 592 677 620; x_wconf 82' lang='lat' dir='ltr'>et</span> <span class='ocrx_word' id='word_1_52' title='bbox 705 587 875 620; x_wconf 90' lang='lat' dir='ltr'>Innocentii</span> <span class='ocrx_word' id='word_1_53' title='bbox 908 588 945 621; x_wconf 86' lang='lat' dir='ltr'>tx</span> <span class='ocrx_word' id='word_1_54' title='bbox 976 588 1192 632; x_wconf 87' lang='lat' dir='ltr'>praedeeesso-</span> 
     </span>
     <span class='ocr_line' id='line_1_14' title="bbox 453 640 1192 686; baseline 0.005 -15"><span class='ocrx_word' id='word_1_55' title='bbox 453 650 523 672; x_wconf 90' lang='lat' dir='ltr'>rum</span> <span class='ocrx_word' id='word_1_56' title='bbox 549 640 783 683; x_wconf 88' lang='lat' dir='ltr'>praedictorum</span> <span class='ocrx_word' id='word_1_57' title='bbox 809 641 960 685; x_wconf 85' lang='lat' dir='ltr'>expeditis</span> <span class='ocrx_word' id='word_1_58' title='bbox 981 642 1103 683; x_wconf 87' lang='lat' dir='ltr'>litteris,</span> <span class='ocrx_word' id='word_1_59' title='bbox 1120 653 1192 686; x_wconf 86' lang='lat' dir='ltr'>qua-</span> 
     </span>
     <span class='ocr_line' id='line_1_15' title="bbox 453 694 1190 741; baseline 0.005 -16"><span class='ocrx_word' id='word_1_60' title='bbox 453 703 524 726; x_wconf 91' lang='lat' dir='ltr'>rum</span> <span class='ocrx_word' id='word_1_61' title='bbox 556 694 697 727; x_wconf 90' lang='lat' dir='ltr'>omnium</span> <span class='ocrx_word' id='word_1_62' title='bbox 729 700 852 729; x_wconf 79' lang='lat' dir='ltr'>tenores</span> <span class='ocrx_word' id='word_1_63' title='bbox 884 696 1100 739; x_wconf 88' lang='lat' dir='ltr'>praesentibus</span> <span class='ocrx_word' id='word_1_64' title='bbox 1132 707 1190 741; x_wconf 91' lang='lat' dir='ltr'>pro</span> 
     </span>
     <span class='ocr_line' id='line_1_16' title="bbox 451 747 1191 793; baseline 0.005 -14"><span class='ocrx_word' id='word_1_65' title='bbox 451 747 543 790; x_wconf 89' lang='lat' dir='ltr'>plene</span> <span class='ocrx_word' id='word_1_66' title='bbox 569 753 599 781; x_wconf 89' lang='lat' dir='ltr'>et</span> <span class='ocrx_word' id='word_1_67' title='bbox 623 748 813 783; x_wconf 84' lang='lat' dir='ltr'>sufficienter</span> <span class='ocrx_word' id='word_1_68' title='bbox 837 750 992 793; x_wconf 72' lang='lat' dir='ltr'>expressis</span> <span class='ocrx_word' id='word_1_69' title='bbox 1015 750 1123 783; x_wconf 84' lang='lat' dir='ltr'>haberi</span> <span class='ocrx_word' id='word_1_70' title='bbox 1142 761 1191 784; x_wconf 91' lang='lat' dir='ltr'>vo-</span> 
     </span>
     <span class='ocr_line' id='line_1_17' title="bbox 452 800 1057 846; baseline 0.007 -13"><span class='ocrx_word' id='word_1_71' title='bbox 452 800 567 842; x_wconf 88' lang='lat' dir='ltr'>lumus,</span> <span class='ocrx_word' id='word_1_72' title='bbox 579 802 701 846; x_wconf 80' lang='lat' dir='ltr'>plenius</span> <span class='ocrx_word' id='word_1_73' title='bbox 714 802 858 836; x_wconf 89' lang='lat' dir='ltr'>similiter</span> <span class='ocrx_word' id='word_1_74' title='bbox 871 804 1057 837; x_wconf 70' lang='lat' dir='ltr'>continetur.</span> 
     </span>
    </p>

    <p class='ocr_par' dir='ltr' id='par_1_4' title="bbox 440 855 1189 2715">
     <span class='ocr_line' id='line_1_18' title="bbox 497 855 1189 898; baseline 0.003 -10"><span class='ocrx_word' id='word_1_75' title='bbox 497 855 511 898; x_wconf 75' lang='lat'>§</span> <span class='ocrx_word' id='word_1_76' title='bbox 541 855 570 888; x_wconf 83' lang='grc'>6.</span> <span class='ocrx_word' id='word_1_77' title='bbox 595 856 683 889; x_wconf 84' lang='lat' dir='ltr'>Nune</span> <span class='ocrx_word' id='word_1_78' title='bbox 711 859 814 890; x_wconf 87' lang='lat' dir='ltr'>aulem</span> <span class='ocrx_word' id='word_1_79' title='bbox 846 866 921 897; x_wconf 91' lang='lat' dir='ltr'>nos,</span> <span class='ocrx_word' id='word_1_80' title='bbox 952 862 1110 890; x_wconf 86' lang='lat' dir='ltr'>terrarum</span> <span class='ocrx_word' id='word_1_81' title='bbox 1135 868 1189 890; x_wconf 93' lang='lat' dir='ltr'>seu</span> 
     </span>
     <span class='ocr_line' id='line_1_19' title="bbox 452 909 1188 953; baseline 0.004 -13"><span class='ocrx_word' id='word_1_82' title='bbox 452 914 627 941; x_wconf 85' lang='lat' dir='ltr'>castrorum</span> <span class='ocrx_word' id='word_1_83' title='bbox 650 909 883 952; x_wconf 80' lang='lat' dir='ltr'>praedictorum</span> <span class='ocrx_word' id='word_1_84' title='bbox 904 910 1010 943; x_wconf 84' lang='lat' dir='ltr'>decori</span> <span class='ocrx_word' id='word_1_85' title='bbox 1041 915 1071 942; x_wconf 85' lang='lat' dir='ltr'>et</span> <span class='ocrx_word' id='word_1_86' title='bbox 1098 921 1188 953; x_wconf 85' lang='lat' dir='ltr'>pros-</span> 
     </span>
     <span class='ocr_line' id='line_1_20' title="bbox 451 962 1188 1006; baseline 0.003 -13"><span class='ocrx_word' id='word_1_87' title='bbox 451 972 528 1005; x_wconf 89' lang='lat' dir='ltr'>pero</span> <span class='ocrx_word' id='word_1_88' title='bbox 544 962 636 994; x_wconf 87' lang='lat' dir='ltr'>statui</span> <span class='ocrx_word' id='word_1_89' title='bbox 650 968 742 1005; x_wconf 83' lang='lat' dir='ltr'>atque</span> <span class='ocrx_word' id='word_1_90' title='bbox 756 963 913 1005; x_wconf 74' lang='lat' dir='ltr'>regimini,</span> <span class='ocrx_word' id='word_1_91' title='bbox 927 967 1080 1006; x_wconf 86' lang='lat' dir='ltr'>quantum</span> <span class='ocrx_word' id='word_1_92' title='bbox 1098 962 1188 996; x_wconf 52' lang='lat' dir='ltr'>nob-Is</span> 
     </span>
     <span class='ocr_line' id='line_1_21' title="bbox 451 1015 1188 1059; baseline 0.001 -13"><span class='ocrx_word' id='word_1_93' title='bbox 451 1026 487 1047; x_wconf 82' lang='lat' dir='ltr'>ex</span> <span class='ocrx_word' id='word_1_94' title='bbox 512 1015 574 1047; x_wconf 89' lang='lat' dir='ltr'>alto</span> <span class='ocrx_word' id='word_1_95' title='bbox 591 1015 783 1054; x_wconf 88' lang='lat' dir='ltr'>conceditur,</span> <span class='ocrx_word' id='word_1_96' title='bbox 798 1026 854 1058; x_wconf 89' lang='lat' dir='ltr'>per</span> <span class='ocrx_word' id='word_1_97' title='bbox 870 1015 1004 1059; x_wconf 84' lang='lat' dir='ltr'>amplius</span> <span class='ocrx_word' id='word_1_98' title='bbox 1024 1016 1188 1048; x_wconf 88' lang='lat' dir='ltr'>consulere</span> 
     </span>
     <span class='ocr_line' id='line_1_22' title="bbox 452 1068 1189 1112; baseline 0.003 -13"><span class='ocrx_word' id='word_1_99' title='bbox 452 1068 599 1108; x_wconf 86' lang='lat' dir='ltr'>volentes,</span> <span class='ocrx_word' id='word_1_100' title='bbox 625 1073 712 1101; x_wconf 90' lang='lat' dir='ltr'>motu</span> <span class='ocrx_word' id='word_1_101' title='bbox 737 1068 830 1101; x_wconf 88' lang='lat' dir='ltr'>etiam</span> <span class='ocrx_word' id='word_1_102' title='bbox 847 1069 988 1112; x_wconf 79' lang='lat' dir='ltr'>proprio,</span> <span class='ocrx_word' id='word_1_103' title='bbox 1005 1079 1068 1102; x_wconf 90' lang='lat' dir='ltr'>non</span> <span class='ocrx_word' id='word_1_104' title='bbox 1082 1068 1120 1101; x_wconf 89' lang='lat' dir='ltr'>ad</span> <span class='ocrx_word' id='word_1_105' title='bbox 1137 1069 1189 1101; x_wconf 87' lang='lat' dir='ltr'>ali-</span> 
     </span>
     <span class='ocr_line' id='line_1_23' title="bbox 450 1120 1188 1166; baseline 0.003 -14"><span class='ocrx_word' id='word_1_106' title='bbox 450 1120 539 1153; x_wconf 84' lang='lat' dir='ltr'>cuius</span> <span class='ocrx_word' id='word_1_107' title='bbox 563 1120 653 1153; x_wconf 90' lang='lat' dir='ltr'>nobis</span> <span class='ocrx_word' id='word_1_108' title='bbox 677 1132 774 1165; x_wconf 88' lang='lat' dir='ltr'>super</span> <span class='ocrx_word' id='word_1_109' title='bbox 798 1121 859 1154; x_wconf 89' lang='lat' dir='ltr'>hoc</span> <span class='ocrx_word' id='word_1_110' title='bbox 883 1121 1005 1155; x_wconf 87' lang='lat' dir='ltr'>oblatae</span> <span class='ocrx_word' id='word_1_111' title='bbox 1028 1121 1188 1166; x_wconf 80' lang='lat' dir='ltr'>petitionis</span> 
     </span>
     <span class='ocr_line' id='line_1_24' title="bbox 450 1174 1188 1217; baseline 0.004 -11"><span class='ocrx_word' id='word_1_112' title='bbox 450 1174 636 1215; x_wconf 77' lang='lat' dir='ltr'>instantiam,</span> <span class='ocrx_word' id='word_1_113' title='bbox 661 1175 715 1208; x_wconf 88' lang='lat' dir='ltr'>sed</span> <span class='ocrx_word' id='word_1_114' title='bbox 741 1186 777 1208; x_wconf 84' lang='lat' dir='ltr'>ex</span> <span class='ocrx_word' id='word_1_115' title='bbox 802 1175 887 1209; x_wconf 70' lang='lat' dir='ltr'>certa</span> <span class='ocrx_word' id='word_1_116' title='bbox 911 1176 1052 1217; x_wconf 78' lang='lat' dir='ltr'>scientia,</span> <span class='ocrx_word' id='word_1_117' title='bbox 1067 1186 1103 1209; x_wconf 84' lang='lat' dir='ltr'>ac</span> <span class='ocrx_word' id='word_1_118' title='bbox 1127 1186 1188 1209; x_wconf 88' lang='lat' dir='ltr'>ma-</span> 
     </span>
     <span class='ocr_line' id='line_1_25' title="bbox 449 1228 1188 1274; baseline 0.004 -15"><span class='ocrx_word' id='word_1_119' title='bbox 449 1230 517 1260; x_wconf 75' lang='lat' dir='ltr'>tura</span> <span class='ocrx_word' id='word_1_120' title='bbox 535 1228 762 1262; x_wconf 80' lang='lat' dir='ltr'>deliberatione</span> <span class='ocrx_word' id='word_1_121' title='bbox 779 1229 905 1272; x_wconf 88' lang='lat' dir='ltr'>nostris,</span> <span class='ocrx_word' id='word_1_122' title='bbox 923 1229 1025 1274; x_wconf 86' lang='lat' dir='ltr'>deque</span> <span class='ocrx_word' id='word_1_123' title='bbox 1041 1230 1188 1274; x_wconf 90' lang='lat' dir='ltr'>apostoli-</span> 
     </span>
     <span class='ocr_line' id='line_1_26' title="bbox 448 1280 1186 1326; baseline 0.005 -14"><span class='ocrx_word' id='word_1_124' title='bbox 448 1280 525 1313; x_wconf 87' lang='lat' dir='ltr'>licac</span> <span class='ocrx_word' id='word_1_125' title='bbox 558 1282 718 1325; x_wconf 85' lang='lat' dir='ltr'>potestatis</span> <span class='ocrx_word' id='word_1_126' title='bbox 746 1282 962 1326; x_wconf 82' lang='lat' dir='ltr'>plenitudine,</span> <span class='ocrx_word' id='word_1_127' title='bbox 998 1289 1099 1315; x_wconf 85' lang='lat' dir='ltr'>terras</span> <span class='ocrx_word' id='word_1_128' title='bbox 1131 1293 1186 1316; x_wconf 89' lang='lat' dir='ltr'>seu</span> 
     </span>
     <span class='ocr_line' id='line_1_27' title="bbox 447 1335 1187 1379; baseline 0.008 -15"><span class='ocrx_word' id='word_1_129' title='bbox 447 1340 547 1367; x_wconf 74' lang='lat' dir='ltr'>eastra</span> <span class='ocrx_word' id='word_1_130' title='bbox 571 1335 741 1379; x_wconf 85' lang='lat' dir='ltr'>praedicta,</span> <span class='ocrx_word' id='word_1_131' title='bbox 759 1347 794 1369; x_wconf 88' lang='lat' dir='ltr'>ac</span> <span class='ocrx_word' id='word_1_132' title='bbox 807 1336 938 1369; x_wconf 88' lang='lat' dir='ltr'>dilectos</span> <span class='ocrx_word' id='word_1_133' title='bbox 958 1336 1039 1369; x_wconf 82' lang='lat' dir='ltr'>filios</span> <span class='ocrx_word' id='word_1_134' title='bbox 1064 1337 1187 1370; x_wconf 87' lang='lat' dir='ltr'>univer-</span> 
     </span>
     <span class='ocr_line' id='line_1_28' title="bbox 447 1388 1186 1435; baseline 0.005 -15"><span class='ocrx_word' id='word_1_135' title='bbox 447 1388 552 1421; x_wconf 79' lang='lat' dir='ltr'>sitates</span> <span class='ocrx_word' id='word_1_136' title='bbox 578 1394 609 1421; x_wconf 91' lang='lat' dir='ltr'>et</span> <span class='ocrx_word' id='word_1_137' title='bbox 634 1389 777 1422; x_wconf 87' lang='lat' dir='ltr'>homines</span> <span class='ocrx_word' id='word_1_138' title='bbox 797 1400 880 1423; x_wconf 89' lang='lat' dir='ltr'>nunc</span> <span class='ocrx_word' id='word_1_139' title='bbox 907 1395 937 1422; x_wconf 84' lang='lat' dir='ltr'>et</span> <span class='ocrx_word' id='word_1_140' title='bbox 960 1401 1019 1434; x_wconf 91' lang='lat' dir='ltr'>pro</span> <span class='ocrx_word' id='word_1_141' title='bbox 1043 1394 1186 1435; x_wconf 88' lang='lat' dir='ltr'>tempore</span> 
     </span>
     <span class='ocr_line' id='line_1_29' title="bbox 446 1442 1186 1478; baseline 0.007 -5"><span class='ocrx_word' id='word_1_142' title='bbox 446 1442 477 1474; x_wconf 91' lang='lat' dir='ltr'>in</span> <span class='ocrx_word' id='word_1_143' title='bbox 502 1442 563 1475; x_wconf 88' lang='lat' dir='ltr'>illis</span> <span class='ocrx_word' id='word_1_144' title='bbox 586 1453 622 1475; x_wconf 89' lang='lat' dir='ltr'>ac</span> <span class='ocrx_word' id='word_1_145' title='bbox 647 1443 773 1476; x_wconf 88' lang='lat' dir='ltr'>illorum</span> <span class='ocrx_word' id='word_1_146' title='bbox 805 1443 999 1477; x_wconf 78' lang='lat' dir='ltr'>districtibus</span> <span class='ocrx_word' id='word_1_147' title='bbox 1031 1450 1061 1477; x_wconf 85' lang='lat' dir='ltr'>et</span> <span class='ocrx_word' id='word_1_148' title='bbox 1092 1445 1186 1478; x_wconf 87' lang='lat' dir='ltr'>comi-</span> 
     </span>
     <span class='ocr_line' id='line_1_30' title="bbox 446 1495 1186 1540; baseline 0.004 -12"><span class='ocrx_word' id='word_1_149' title='bbox 446 1495 559 1528; x_wconf 86' lang='lat' dir='ltr'>tatibus</span> <span class='ocrx_word' id='word_1_150' title='bbox 576 1496 742 1529; x_wconf 81' lang='lat' dir='ltr'>existentes</span> <span class='ocrx_word' id='word_1_151' title='bbox 766 1501 795 1529; x_wconf 88' lang='lat' dir='ltr'>et</span> <span class='ocrx_word' id='word_1_152' title='bbox 820 1496 1006 1537; x_wconf 77' lang='lat' dir='ltr'>habitantes,</span> <span class='ocrx_word' id='word_1_153' title='bbox 1024 1497 1055 1529; x_wconf 94' lang='lat' dir='ltr'>in</span> <span class='ocrx_word' id='word_1_154' title='bbox 1072 1497 1186 1540; x_wconf 74' lang='lat' dir='ltr'>guber-</span> 
     </span>
     <span class='ocr_line' id='line_1_31' title="bbox 446 1549 1185 1593; baseline 0.004 -12"><span class='ocrx_word' id='word_1_155' title='bbox 446 1549 531 1582; x_wconf 89' lang='lat' dir='ltr'>nium</span> <span class='ocrx_word' id='word_1_156' title='bbox 549 1555 736 1593; x_wconf 87' lang='lat' dir='ltr'>perpetuum</span> <span class='ocrx_word' id='word_1_157' title='bbox 754 1560 811 1593; x_wconf 89' lang='lat' dir='ltr'>pro</span> <span class='ocrx_word' id='word_1_158' title='bbox 831 1560 894 1583; x_wconf 90' lang='lat' dir='ltr'>uno</span> <span class='ocrx_word' id='word_1_159' title='bbox 919 1550 1129 1593; x_wconf 75' lang='lat' dir='ltr'>gubernatore</span> <span class='ocrx_word' id='word_1_160' title='bbox 1146 1551 1185 1584; x_wconf 86' lang='lat' dir='ltr'>ad</span> 
     </span>
     <span class='ocr_line' id='line_1_32' title="bbox 445 1603 1185 1647; baseline 0.004 -13"><span class='ocrx_word' id='word_1_161' title='bbox 445 1607 587 1635; x_wconf 86' lang='lat' dir='ltr'>nostrum</span> <span class='ocrx_word' id='word_1_162' title='bbox 623 1608 653 1636; x_wconf 90' lang='lat' dir='ltr'>et.</span> <span class='ocrx_word' id='word_1_163' title='bbox 677 1604 809 1636; x_wconf 83' lang='lat' dir='ltr'>Romani</span> <span class='ocrx_word' id='word_1_164' title='bbox 835 1603 994 1636; x_wconf 83' lang='lat' dir='ltr'>Pontificis</span> <span class='ocrx_word' id='word_1_165' title='bbox 1022 1614 1081 1647; x_wconf 87' lang='lat' dir='ltr'>pro</span> <span class='ocrx_word' id='word_1_166' title='bbox 1107 1610 1185 1637; x_wconf 88' lang='lat' dir='ltr'>tem-</span> 
     </span>
     <span class='ocr_line' id='line_1_33' title="bbox 443 1656 1181 1700; baseline 0.004 -12"><span class='ocrx_word' id='word_1_167' title='bbox 443 1666 520 1699; x_wconf 90' lang='lat' dir='ltr'>pore</span> <span class='ocrx_word' id='word_1_168' title='bbox 545 1656 705 1689; x_wconf 76' lang='lat' dir='ltr'>existentis</span> <span class='ocrx_word' id='word_1_169' title='bbox 730 1661 840 1689; x_wconf 87' lang='lat' dir='ltr'>nutum</span> <span class='ocrx_word' id='word_1_170' title='bbox 865 1657 1013 1700; x_wconf 85' lang='lat' dir='ltr'>ponendo</span> <span class='ocrx_word' id='word_1_171' title='bbox 1042 1663 1071 1690; x_wconf 88' lang='lat' dir='ltr'>et</span> <span class='ocrx_word' id='word_1_172' title='bbox 1091 1669 1181 1691; x_wconf 90' lang='lat' dir='ltr'>amo-</span> 
     </span>
     <span class='ocr_line' id='line_1_34' title="bbox 445 1709 1183 1753; baseline 0.003 -12"><span class='ocrx_word' id='word_1_173' title='bbox 445 1709 554 1749; x_wconf 77' lang='lat' dir='ltr'>vendo,</span> <span class='ocrx_word' id='word_1_174' title='bbox 569 1709 621 1752; x_wconf 84' lang='lat' dir='ltr'>qui</span> <span class='ocrx_word' id='word_1_175' title='bbox 639 1709 669 1741; x_wconf 92' lang='lat' dir='ltr'>in</span> <span class='ocrx_word' id='word_1_176' title='bbox 683 1711 829 1753; x_wconf 80' lang='lat' dir='ltr'>utraque,</span> <span class='ocrx_word' id='word_1_177' title='bbox 841 1710 888 1742; x_wconf 84' lang='lat' dir='ltr'>vel</span> <span class='ocrx_word' id='word_1_178' title='bbox 906 1710 1004 1742; x_wconf 72' lang='lat' dir='ltr'>altera</span> <span class='ocrx_word' id='word_1_179' title='bbox 1022 1710 1183 1753; x_wconf 77' lang='lat' dir='ltr'>signatura</span> 
     </span>
     <span class='ocr_line' id='line_1_35' title="bbox 443 1762 1183 1803; baseline 0.004 -9"><span class='ocrx_word' id='word_1_180' title='bbox 443 1764 550 1795; x_wconf 79' lang='lat' dir='ltr'>nostra</span> <span class='ocrx_word' id='word_1_181' title='bbox 570 1762 812 1803; x_wconf 81' lang='lat' dir='ltr'>referendarius,</span> <span class='ocrx_word' id='word_1_182' title='bbox 833 1768 886 1795; x_wconf 90' lang='lat' dir='ltr'>aut</span> <span class='ocrx_word' id='word_1_183' title='bbox 911 1768 1018 1796; x_wconf 87' lang='lat' dir='ltr'>noster</span> <span class='ocrx_word' id='word_1_184' title='bbox 1043 1770 1072 1797; x_wconf 92' lang='lat' dir='ltr'>et</span> <span class='ocrx_word' id='word_1_185' title='bbox 1097 1764 1183 1797; x_wconf 82' lang='lat' dir='ltr'>Sedis</span> 
     </span>
     <span class='ocr_line' id='line_1_36' title="bbox 443 1815 1184 1861; baseline 0.003 -13"><span class='ocrx_word' id='word_1_186' title='bbox 443 1815 623 1859; x_wconf 84' lang='lat' dir='ltr'>praedictae</span> <span class='ocrx_word' id='word_1_187' title='bbox 646 1817 805 1856; x_wconf 87' lang='lat' dir='ltr'>notarius⁷</span> <span class='ocrx_word' id='word_1_188' title='bbox 831 1827 884 1849; x_wconf 85' lang='lat' dir='ltr'>seu</span> <span class='ocrx_word' id='word_1_189' title='bbox 914 1818 1042 1850; x_wconf 88' lang='lat' dir='ltr'>alterius</span> <span class='ocrx_word' id='word_1_190' title='bbox 1067 1819 1184 1861; x_wconf 85' lang='lat' dir='ltr'>praela-</span> 
     </span>
     <span class='ocr_line' id='line_1_37' title="bbox 444 1869 1184 1912; baseline 0.005 -12"><span class='ocrx_word' id='word_1_191' title='bbox 444 1873 531 1901; x_wconf 86' lang='lat' dir='ltr'>turae</span> <span class='ocrx_word' id='word_1_192' title='bbox 545 1869 635 1901; x_wconf 89' lang='lat' dir='ltr'>titulo</span> <span class='ocrx_word' id='word_1_193' title='bbox 653 1869 818 1912; x_wconf 79' lang='lat' dir='ltr'>insignitus</span> <span class='ocrx_word' id='word_1_194' title='bbox 836 1870 956 1910; x_wconf 79' lang='lat' dir='ltr'>existat,</span> <span class='ocrx_word' id='word_1_195' title='bbox 974 1881 1009 1903; x_wconf 88' lang='lat' dir='ltr'>ac</span> <span class='ocrx_word' id='word_1_196' title='bbox 1030 1871 1184 1904; x_wconf 89' lang='lat' dir='ltr'>omnimo-</span> 
     </span>
     <span class='ocr_line' id='line_1_38' title="bbox 443 1921 1182 1966; baseline 0.003 -12"><span class='ocrx_word' id='word_1_197' title='bbox 443 1921 513 1954; x_wconf 88' lang='lat' dir='ltr'>dam</span> <span class='ocrx_word' id='word_1_198' title='bbox 528 1922 774 1955; x_wconf 85' lang='lat' dir='ltr'>iurisdietionem</span> <span class='ocrx_word' id='word_1_199' title='bbox 790 1923 820 1954; x_wconf 91' lang='lat' dir='ltr'>in</span> <span class='ocrx_word' id='word_1_200' title='bbox 835 1923 980 1956; x_wconf 89' lang='lat' dir='ltr'>onmibus</span> <span class='ocrx_word' id='word_1_201' title='bbox 1007 1929 1036 1956; x_wconf 92' lang='lat' dir='ltr'>et</span> <span class='ocrx_word' id='word_1_202' title='bbox 1053 1924 1182 1966; x_wconf 73' lang='lat' dir='ltr'>singulis</span> 
     </span>
     <span class='ocr_line' id='line_1_39' title="bbox 442 1976 1183 2018; baseline 0.003 -10"><span class='ocrx_word' id='word_1_203' title='bbox 442 1976 545 2008; x_wconf 85' lang='lat' dir='ltr'>causis</span> <span class='ocrx_word' id='word_1_204' title='bbox 569 1976 713 2009; x_wconf 84' lang='lat' dir='ltr'>civilibus</span> <span class='ocrx_word' id='word_1_205' title='bbox 733 1982 762 2009; x_wconf 89' lang='lat' dir='ltr'>et</span> <span class='ocrx_word' id='word_1_206' title='bbox 787 1977 1017 2018; x_wconf 86' lang='lat' dir='ltr'>criminalibus,</span> <span class='ocrx_word' id='word_1_207' title='bbox 1035 1988 1070 2010; x_wconf 86' lang='lat' dir='ltr'>ac</span> <span class='ocrx_word' id='word_1_208' title='bbox 1088 1978 1183 2010; x_wconf 80' lang='lat' dir='ltr'>meris</span> 
     </span>
     <span class='ocr_line' id='line_1_40' title="bbox 443 2029 1182 2064; baseline 0.005 -4"><span class='ocrx_word' id='word_1_209' title='bbox 443 2033 472 2060; x_wconf 89' lang='lat' dir='ltr'>et</span> <span class='ocrx_word' id='word_1_210' title='bbox 496 2029 600 2061; x_wconf 82' lang='lat' dir='ltr'>mixtis</span> <span class='ocrx_word' id='word_1_211' title='bbox 624 2029 780 2063; x_wconf 89' lang='lat' dir='ltr'>dictorum</span> <span class='ocrx_word' id='word_1_212' title='bbox 805 2030 1042 2063; x_wconf 74' lang='lat' dir='ltr'>universitatum</span> <span class='ocrx_word' id='word_1_213' title='bbox 1072 2036 1101 2063; x_wconf 93' lang='lat' dir='ltr'>et</span> <span class='ocrx_word' id='word_1_214' title='bbox 1126 2031 1182 2064; x_wconf 78' lang='lat' dir='ltr'>lio-</span> 
     </span>
     <span class='ocr_line' id='line_1_41' title="bbox 443 2081 1183 2117; baseline 0.004 -4"><span class='ocrx_word' id='word_1_215' title='bbox 443 2081 562 2114; x_wconf 88' lang='lat' dir='ltr'>minum</span> <span class='ocrx_word' id='word_1_216' title='bbox 598 2087 754 2115; x_wconf 89' lang='lat' dir='ltr'>terrarum</span> <span class='ocrx_word' id='word_1_217' title='bbox 787 2094 841 2115; x_wconf 85' lang='lat' dir='ltr'>seu</span> <span class='ocrx_word' id='word_1_218' title='bbox 872 2089 1049 2116; x_wconf 86' lang='lat' dir='ltr'>castrorum</span> <span class='ocrx_word' id='word_1_219' title='bbox 1078 2084 1183 2117; x_wconf 82' lang='lat' dir='ltr'>liuius-</span> 
     </span>
     <span class='ocr_line' id='line_1_42' title="bbox 442 2135 1181 2179; baseline 0.001 -12"><span class='ocrx_word' id='word_1_220' title='bbox 442 2135 527 2168; x_wconf 91' lang='lat' dir='ltr'>modi</span> <span class='ocrx_word' id='word_1_221' title='bbox 554 2136 646 2179; x_wconf 88' lang='lat' dir='ltr'>plene</span> <span class='ocrx_word' id='word_1_222' title='bbox 671 2142 700 2169; x_wconf 90' lang='lat' dir='ltr'>et</span> <span class='ocrx_word' id='word_1_223' title='bbox 724 2137 822 2169; x_wconf 89' lang='lat' dir='ltr'>libere</span> <span class='ocrx_word' id='word_1_224' title='bbox 846 2137 959 2170; x_wconf 86' lang='lat' dir='ltr'>habeat</span> <span class='ocrx_word' id='word_1_225' title='bbox 983 2142 1013 2169; x_wconf 91' lang='lat' dir='ltr'>et</span> <span class='ocrx_word' id='word_1_226' title='bbox 1039 2144 1181 2171; x_wconf 61' lang='lat' dir='ltr'>exerceat,</span> 
     </span>
     <span class='ocr_line' id='line_1_43' title="bbox 442 2188 1181 2232; baseline 0.005 -12"><span class='ocrx_word' id='word_1_227' title='bbox 442 2188 539 2232; x_wconf 77' lang='lat' dir='ltr'>(salva</span> <span class='ocrx_word' id='word_1_228' title='bbox 554 2194 656 2222; x_wconf 88' lang='lat' dir='ltr'>tamen</span> <span class='ocrx_word' id='word_1_229' title='bbox 670 2190 895 2223; x_wconf 81' lang='lat' dir='ltr'>venerabilium</span> <span class='ocrx_word' id='word_1_230' title='bbox 914 2191 1046 2223; x_wconf 76' lang='lat' dir='ltr'>fratrum</span> <span class='ocrx_word' id='word_1_231' title='bbox 1061 2196 1181 2224; x_wconf 90' lang='lat' dir='ltr'>nostro-</span> 
     </span>
     <span class='ocr_line' id='line_1_44' title="bbox 443 2243 1180 2277; baseline 0.004 -3"><span class='ocrx_word' id='word_1_232' title='bbox 443 2252 512 2274; x_wconf 78' lang='lat' dir='ltr'>rum</span> <span class='ocrx_word' id='word_1_233' title='bbox 530 2247 653 2275; x_wconf 83' lang='lat' dir='ltr'>sanctae</span> <span class='ocrx_word' id='word_1_234' title='bbox 678 2243 837 2276; x_wconf 85' lang='lat' dir='ltr'>Romanae</span> <span class='ocrx_word' id='word_1_235' title='bbox 860 2244 1018 2277; x_wconf 85' lang='lat' dir='ltr'>Ecclesiae</span> <span class='ocrx_word' id='word_1_236' title='bbox 1038 2244 1180 2277; x_wconf 88' lang='lat' dir='ltr'>cardina-</span> 
     </span>
     <span class='ocr_line' id='line_1_45' title="bbox 442 2296 1180 2340; baseline 0.005 -13"><span class='ocrx_word' id='word_1_237' title='bbox 442 2296 517 2328; x_wconf 78' lang='lat' dir='ltr'>lium</span> <span class='ocrx_word' id='word_1_238' title='bbox 543 2297 824 2329; x_wconf 71' lang='lat' dir='ltr'>consultationibus</span> <span class='ocrx_word' id='word_1_239' title='bbox 853 2302 882 2330; x_wconf 94' lang='lat' dir='ltr'>et</span> <span class='ocrx_word' id='word_1_240' title='bbox 914 2298 1047 2340; x_wconf 75' lang='lat' dir='ltr'>negotiis</span> <span class='ocrx_word' id='word_1_241' title='bbox 1077 2298 1180 2331; x_wconf 85' lang='lat' dir='ltr'>Status</span> 
     </span>
     <span class='ocr_line' id='line_1_46' title="bbox 442 2349 1181 2395; baseline 0.004 -15"><span class='ocrx_word' id='word_1_242' title='bbox 442 2349 537 2382; x_wconf 86' lang='lat' dir='ltr'>nostri</span> <span class='ocrx_word' id='word_1_243' title='bbox 549 2349 755 2382; x_wconf 84' lang='lat' dir='ltr'>Ecclesiastici</span> <span class='ocrx_word' id='word_1_244' title='bbox 770 2350 1023 2394; x_wconf 86' lang='lat' dir='ltr'>praepositorum</span> <span class='ocrx_word' id='word_1_245' title='bbox 1037 2361 1096 2395; x_wconf 92' lang='lat' dir='ltr'>pro</span> <span class='ocrx_word' id='word_1_246' title='bbox 1107 2356 1181 2383; x_wconf 91' lang='lat' dir='ltr'>tem-</span> 
     </span>
     <span class='ocr_line' id='line_1_47' title="bbox 441 2402 1181 2447; baseline 0.005 -15"><span class='ocrx_word' id='word_1_247' title='bbox 441 2413 518 2444; x_wconf 74' lang='lat' dir='ltr'>pore,</span> <span class='ocrx_word' id='word_1_248' title='bbox 542 2402 741 2435; x_wconf 82' lang='lat' dir='ltr'>existentium</span> <span class='ocrx_word' id='word_1_249' title='bbox 762 2403 1050 2447; x_wconf 78' lang='lat' dir='ltr'>superintendentia</span> <span class='ocrx_word' id='word_1_250' title='bbox 1078 2414 1113 2436; x_wconf 88' lang='lat' dir='ltr'>ac</span> <span class='ocrx_word' id='word_1_251' title='bbox 1133 2414 1181 2436; x_wconf 87' lang='lat' dir='ltr'>sn-</span> 
     </span>
     <span class='ocr_line' id='line_1_48' title="bbox 441 2456 1180 2500; baseline 0.003 -13"><span class='ocrx_word' id='word_1_252' title='bbox 441 2456 622 2498; x_wconf 75' lang='lat' dir='ltr'>perioritate</span> <span class='ocrx_word' id='word_1_253' title='bbox 639 2462 669 2489; x_wconf 89' lang='lat' dir='ltr'>et</span> <span class='ocrx_word' id='word_1_254' title='bbox 688 2457 866 2500; x_wconf 79' lang='lat' dir='ltr'>cognitione</span> <span class='ocrx_word' id='word_1_255' title='bbox 891 2468 986 2500; x_wconf 89' lang='lat' dir='ltr'>super</span> <span class='ocrx_word' id='word_1_256' title='bbox 1002 2458 1126 2490; x_wconf 79' lang='lat' dir='ltr'>annona</span> <span class='ocrx_word' id='word_1_257' title='bbox 1151 2462 1180 2490; x_wconf 90' lang='lat' dir='ltr'>et</span> 
     </span>
     <span class='ocr_line' id='line_1_49' title="bbox 441 2507 1180 2554; baseline 0.005 -15"><span class='ocrx_word' id='word_1_258' title='bbox 441 2507 537 2541; x_wconf 88' lang='lat' dir='ltr'>rebus</span> <span class='ocrx_word' id='word_1_259' title='bbox 554 2508 639 2541; x_wconf 90' lang='lat' dir='ltr'>illam</span> <span class='ocrx_word' id='word_1_260' title='bbox 652 2510 924 2551; x_wconf 86' lang='lat' dir='ltr'>concernentibus,</span> <span class='ocrx_word' id='word_1_261' title='bbox 935 2510 1180 2554; x_wconf 85' lang='lat' dir='ltr'>persequutione</span> 
     </span>
     <span class='ocr_line' id='line_1_50' title="bbox 440 2562 1181 2605; baseline 0.003 -10"><span class='ocrx_word' id='word_1_262' title='bbox 440 2567 470 2595; x_wconf 91' lang='lat' dir='ltr'>et</span> <span class='ocrx_word' id='word_1_263' title='bbox 483 2562 644 2605; x_wconf 87' lang='lat' dir='ltr'>punitione</span> <span class='ocrx_word' id='word_1_264' title='bbox 656 2563 858 2597; x_wconf 88' lang='lat' dir='ltr'>bannitorum</span> <span class='ocrx_word' id='word_1_265' title='bbox 872 2568 901 2598; x_wconf 91' lang='lat' dir='ltr'>et</span> <span class='ocrx_word' id='word_1_266' title='bbox 914 2564 1100 2598; x_wconf 85' lang='lat' dir='ltr'>delictorum</span> <span class='ocrx_word' id='word_1_267' title='bbox 1119 2565 1181 2597; x_wconf 89' lang='lat' dir='ltr'>lae-</span> 
     </span>
     <span class='ocr_line' id='line_1_51' title="bbox 440 2616 1179 2658; baseline 0.004 -11"><span class='ocrx_word' id='word_1_268' title='bbox 440 2625 492 2648; x_wconf 87' lang='lat' dir='ltr'>sae</span> <span class='ocrx_word' id='word_1_269' title='bbox 527 2616 696 2649; x_wconf 87' lang='lat' dir='ltr'>maicstatis</span> <span class='ocrx_word' id='word_1_270' title='bbox 727 2622 757 2649; x_wconf 88' lang='lat' dir='ltr'>et</span> <span class='ocrx_word' id='word_1_271' title='bbox 788 2617 985 2658; x_wconf 72' lang='lat' dir='ltr'>rebellionis,</span> <span class='ocrx_word' id='word_1_272' title='bbox 1018 2628 1053 2651; x_wconf 88' lang='lat' dir='ltr'>ac</span> <span class='ocrx_word' id='word_1_273' title='bbox 1085 2617 1179 2650; x_wconf 87' lang='lat' dir='ltr'>salsae</span> 
     </span>
     <span class='ocr_line' id='line_1_52' title="bbox 443 2671 1181 2715; baseline 0.005 -14"><span class='ocrx_word' id='word_1_274' title='bbox 443 2673 596 2711; x_wconf 88' lang='lat' dir='ltr'>monetae,</span> <span class='ocrx_word' id='word_1_275' title='bbox 613 2680 670 2703; x_wconf 88' lang='lat' dir='ltr'>nec</span> <span class='ocrx_word' id='word_1_276' title='bbox 690 2681 753 2705; x_wconf 89' lang='lat' dir='ltr'>nou</span> <span class='ocrx_word' id='word_1_277' title='bbox 776 2671 945 2711; x_wconf 72' lang='lat' dir='ltr'>assassinti,</span> <span class='ocrx_word' id='word_1_278' title='bbox 963 2677 993 2705; x_wconf 89' lang='lat' dir='ltr'>et</span> <span class='ocrx_word' id='word_1_279' title='bbox 1017 2672 1102 2715; x_wconf 88' lang='lat' dir='ltr'>pacis</span> <span class='ocrx_word' id='word_1_280' title='bbox 1119 2672 1181 2705; x_wconf 88' lang='lat' dir='ltr'>vio-</span> 
     </span>
    </p>
   </div>
   <div class='ocr_carea' id='block_1_4' title="bbox 1196 1715 1203 2342">
    <p class='ocr_par' dir='ltr' id='par_1_5' title="bbox 1196 1715 1203 2342">
     <span class='ocr_line' id='line_1_53' title="bbox 1196 1715 1203 2342; baseline 0 0"><span class='ocrx_word' id='word_1_281' title='bbox 1196 1715 1203 2342; x_wconf 95' lang='lat' dir='ltr'> </span> 
     </span>
    </p>
   </div>
   <div class='ocr_carea' id='block_1_5' title="bbox 1032 273 1389 299">
    <p class='ocr_par' dir='ltr' id='par_1_6' title="bbox 1032 273 1389 299">
     <span class='ocr_line' id='line_1_54' title="bbox 1032 273 1389 299; baseline 0.006 -2"><span class='ocrx_word' id='word_1_282' title='bbox 1032 273 1211 298; x_wconf 77' lang='lat' dir='ltr'>BULLARIUM</span> <span class='ocrx_word' id='word_1_283' title='bbox 1235 274 1389 299; x_wconf 74' lang='lat' dir='ltr'><strong>ROMANUM</strong></span> 
     </span>
    </p>
   </div>
   <div class='ocr_carea' id='block_1_6' title="bbox 1213 323 1964 2717">
    <p class='ocr_par' dir='ltr' id='par_1_7' title="bbox 1218 323 1964 1752">
     <span class='ocr_line' id='line_1_55' title="bbox 1228 323 1963 366; baseline 0.005 -11"><span class='ocrx_word' id='word_1_284' title='bbox 1228 323 1379 364; x_wconf 80' lang='lat' dir='ltr'>latei-unt,</span> <span class='ocrx_word' id='word_1_285' title='bbox 1404 334 1439 356; x_wconf 85' lang='lat' dir='ltr'>ae</span> <span class='ocrx_word' id='word_1_286' title='bbox 1464 324 1669 356; x_wconf 68' lang='lat' dir='ltr'>vindictarum</span> <span class='ocrx_word' id='word_1_287' title='bbox 1695 325 1963 366; x_wconf 87' lang='lat' dir='ltr'>transversalium,</span> 
     </span>
     <span class='ocr_line' id='line_1_56' title="bbox 1227 376 1964 420; baseline 0.005 -12"><span class='ocrx_word' id='word_1_288' title='bbox 1227 380 1257 409; x_wconf 90' lang='lat' dir='ltr'>et</span> <span class='ocrx_word' id='word_1_289' title='bbox 1280 376 1448 418; x_wconf 90' lang='lat' dir='ltr'>latronum,</span> <span class='ocrx_word' id='word_1_290' title='bbox 1465 387 1501 410; x_wconf 90' lang='lat' dir='ltr'>ac</span> <span class='ocrx_word' id='word_1_291' title='bbox 1526 377 1646 410; x_wconf 89' lang='lat' dir='ltr'>viarum</span> <span class='ocrx_word' id='word_1_292' title='bbox 1671 382 1895 420; x_wconf 80' lang='lat' dir='ltr'>grassatorum,</span> <span class='ocrx_word' id='word_1_293' title='bbox 1911 379 1964 412; x_wconf 78' lang='lat' dir='ltr'>lio-</span> 
     </span>
     <span class='ocr_line' id='line_1_57' title="bbox 1227 429 1962 476; baseline 0.005 -15"><span class='ocrx_word' id='word_1_294' title='bbox 1227 429 1490 474; x_wconf 77' lang='lat' dir='ltr'>mieidiornmque</span> <span class='ocrx_word' id='word_1_295' title='bbox 1506 435 1675 475; x_wconf 83' lang='lat' dir='ltr'>appensate</span> <span class='ocrx_word' id='word_1_296' title='bbox 1691 430 1962 476; x_wconf 88' lang='lat' dir='ltr'>commissorum),</span> 
     </span>
     <span class='ocr_line' id='line_1_58' title="bbox 1227 482 1963 527; baseline 0.003 -12"><span class='ocrx_word' id='word_1_297' title='bbox 1227 482 1279 527; x_wconf 81' lang='lat' dir='ltr'>qui</span> <span class='ocrx_word' id='word_1_298' title='bbox 1298 484 1391 516; x_wconf 88' lang='lat' dir='ltr'>etiam</span> <span class='ocrx_word' id='word_1_299' title='bbox 1409 483 1611 527; x_wconf 78' lang='lat' dir='ltr'>gubernator,</span> <span class='ocrx_word' id='word_1_300' title='bbox 1630 483 1660 516; x_wconf 88' lang='lat' dir='ltr'>in</span> <span class='ocrx_word' id='word_1_301' title='bbox 1677 483 1802 517; x_wconf 87' lang='lat' dir='ltr'>casibus</span> <span class='ocrx_word' id='word_1_302' title='bbox 1814 484 1963 527; x_wconf 81' lang='lat' dir='ltr'>gravibus</span> 
     </span>
     <span class='ocr_line' id='line_1_59' title="bbox 1226 536 1963 580; baseline 0.003 -12"><span class='ocrx_word' id='word_1_303' title='bbox 1226 536 1279 579; x_wconf 89' lang='lat' dir='ltr'>qui</span> <span class='ocrx_word' id='word_1_304' title='bbox 1304 543 1507 570; x_wconf 84' lang='lat' dir='ltr'>occurrerent</span> <span class='ocrx_word' id='word_1_305' title='bbox 1536 543 1566 571; x_wconf 86' lang='lat' dir='ltr'>et</span> <span class='ocrx_word' id='word_1_306' title='bbox 1585 537 1762 571; x_wconf 86' lang='lat' dir='ltr'>necessario</span> <span class='ocrx_word' id='word_1_307' title='bbox 1786 537 1963 580; x_wconf 79' lang='lat' dir='ltr'>indigerent</span> 
     </span>
     <span class='ocr_line' id='line_1_60' title="bbox 1225 589 1962 634; baseline 0.004 -14"><span class='ocrx_word' id='word_1_308' title='bbox 1225 589 1330 632; x_wconf 75' lang='lat' dir='ltr'>aliqua</span> <span class='ocrx_word' id='word_1_309' title='bbox 1354 589 1515 623; x_wconf 80' lang='lat' dir='ltr'>subitanea</span> <span class='ocrx_word' id='word_1_310' title='bbox 1548 596 1577 623; x_wconf 87' lang='lat' dir='ltr'>et</span> <span class='ocrx_word' id='word_1_311' title='bbox 1611 591 1758 634; x_wconf 73' lang='lat' dir='ltr'>prompta</span> <span class='ocrx_word' id='word_1_312' title='bbox 1783 590 1962 634; x_wconf 88' lang='lat' dir='ltr'>provisione</span> 
     </span>
     <span class='ocr_line' id='line_1_61' title="bbox 1225 643 1961 686; baseline 0.004 -12"><span class='ocrx_word' id='word_1_313' title='bbox 1225 653 1282 686; x_wconf 88' lang='lat' dir='ltr'>pro</span> <span class='ocrx_word' id='word_1_314' title='bbox 1313 643 1458 677; x_wconf 91' lang='lat' dir='ltr'>tollendis</span> <span class='ocrx_word' id='word_1_315' title='bbox 1492 649 1521 677; x_wconf 89' lang='lat' dir='ltr'>et</span> <span class='ocrx_word' id='word_1_316' title='bbox 1553 644 1751 678; x_wconf 84' lang='lat' dir='ltr'>removendis</span> <span class='ocrx_word' id='word_1_317' title='bbox 1790 643 1961 685; x_wconf 83' lang='lat' dir='ltr'>scandalis,</span> 
     </span>
     <span class='ocr_line' id='line_1_62' title="bbox 1224 696 1962 741; baseline 0.003 -13"><span class='ocrx_word' id='word_1_318' title='bbox 1224 696 1323 739; x_wconf 87' lang='lat' dir='ltr'>possit</span> <span class='ocrx_word' id='word_1_319' title='bbox 1348 697 1433 730; x_wconf 87' lang='lat' dir='ltr'>iuxta</span> <span class='ocrx_word' id='word_1_320' title='bbox 1456 697 1559 730; x_wconf 87' lang='lat' dir='ltr'>datam</span> <span class='ocrx_word' id='word_1_321' title='bbox 1591 698 1651 731; x_wconf 89' lang='lat' dir='ltr'>sihi</span> <span class='ocrx_word' id='word_1_322' title='bbox 1680 708 1698 730; x_wconf 88' lang='lat' dir='ltr'>a</span> <span class='ocrx_word' id='word_1_323' title='bbox 1730 697 1863 731; x_wconf 89' lang='lat' dir='ltr'>Domino</span> <span class='ocrx_word' id='word_1_324' title='bbox 1886 707 1962 741; x_wconf 91' lang='lat' dir='ltr'>pru-</span> 
     </span>
     <span class='ocr_line' id='line_1_63' title="bbox 1224 749 1961 795; baseline 0.005 -14"><span class='ocrx_word' id='word_1_325' title='bbox 1224 749 1360 783; x_wconf 87' lang='lat' dir='ltr'>dentiam</span> <span class='ocrx_word' id='word_1_326' title='bbox 1377 751 1546 784; x_wconf 87' lang='lat' dir='ltr'>salubriter</span> <span class='ocrx_word' id='word_1_327' title='bbox 1565 755 1596 785; x_wconf 89' lang='lat' dir='ltr'>et</span> <span class='ocrx_word' id='word_1_328' title='bbox 1619 762 1759 794; x_wconf 79' lang='lat' dir='ltr'>congrue</span> <span class='ocrx_word' id='word_1_329' title='bbox 1784 750 1961 795; x_wconf 87' lang='lat' dir='ltr'>providere,</span> 
     </span>
     <span class='ocr_line' id='line_1_64' title="bbox 1224 803 1962 848; baseline 0.003 -13"><span class='ocrx_word' id='word_1_330' title='bbox 1224 813 1296 835; x_wconf 89' lang='lat' dir='ltr'>cum</span> <span class='ocrx_word' id='word_1_331' title='bbox 1316 803 1386 845; x_wconf 88' lang='lat' dir='ltr'>hoc,</span> <span class='ocrx_word' id='word_1_332' title='bbox 1405 809 1439 837; x_wconf 90' lang='lat' dir='ltr'>ut</span> <span class='ocrx_word' id='word_1_333' title='bbox 1459 804 1490 836; x_wconf 92' lang='lat' dir='ltr'>in</span> <span class='ocrx_word' id='word_1_334' title='bbox 1511 804 1745 839; x_wconf 89' lang='lat' dir='ltr'>manutentione</span> <span class='ocrx_word' id='word_1_335' title='bbox 1762 809 1792 837; x_wconf 92' lang='lat' dir='ltr'>et</span> <span class='ocrx_word' id='word_1_336' title='bbox 1813 815 1868 837; x_wconf 90' lang='lat' dir='ltr'>seu</span> <span class='ocrx_word' id='word_1_337' title='bbox 1890 814 1962 848; x_wconf 92' lang='lat' dir='ltr'>pro-</span> 
     </span>
     <span class='ocr_line' id='line_1_65' title="bbox 1224 856 1961 902; baseline 0.003 -14"><span class='ocrx_word' id='word_1_338' title='bbox 1224 856 1341 890; x_wconf 79' lang='lat' dir='ltr'>visione</span> <span class='ocrx_word' id='word_1_339' title='bbox 1370 857 1444 890; x_wconf 90' lang='lat' dir='ltr'>dieti</span> <span class='ocrx_word' id='word_1_340' title='bbox 1473 858 1693 901; x_wconf 80' lang='lat' dir='ltr'>gubernatoris</span> <span class='ocrx_word' id='word_1_341' title='bbox 1717 862 1806 892; x_wconf 85' lang='lat' dir='ltr'>scuta</span> <span class='ocrx_word' id='word_1_342' title='bbox 1829 857 1961 902; x_wconf 84' lang='lat' dir='ltr'>quadra-</span> 
     </span>
     <span class='ocr_line' id='line_1_66' title="bbox 1222 910 1960 956; baseline 0.005 -15"><span class='ocrx_word' id='word_1_343' title='bbox 1222 910 1308 952; x_wconf 79' lang='lat' dir='ltr'>ginta</span> <span class='ocrx_word' id='word_1_344' title='bbox 1332 916 1493 943; x_wconf 89' lang='lat' dir='ltr'>menstrua</span> <span class='ocrx_word' id='word_1_345' title='bbox 1522 916 1666 945; x_wconf 85' lang='lat' dir='ltr'>monetae</span> <span class='ocrx_word' id='word_1_346' title='bbox 1690 922 1856 953; x_wconf 86' lang='lat' dir='ltr'>romanae,</span> <span class='ocrx_word' id='word_1_347' title='bbox 1880 922 1960 956; x_wconf 85' lang='lat' dir='ltr'>quae</span> 
     </span>
     <span class='ocr_line' id='line_1_67' title="bbox 1222 962 1960 1009; baseline 0.008 -16"><span class='ocrx_word' id='word_1_348' title='bbox 1222 962 1368 995; x_wconf 84' lang='lat' dir='ltr'>distribui</span> <span class='ocrx_word' id='word_1_349' title='bbox 1385 963 1518 996; x_wconf 87' lang='lat' dir='ltr'>debeant</span> <span class='ocrx_word' id='word_1_350' title='bbox 1541 964 1573 996; x_wconf 92' lang='lat' dir='ltr'>in</span> <span class='ocrx_word' id='word_1_351' title='bbox 1597 965 1738 1008; x_wconf 84' lang='lat' dir='ltr'>singulos</span> <span class='ocrx_word' id='word_1_352' title='bbox 1762 975 1885 998; x_wconf 87' lang='lat' dir='ltr'>menses</span> <span class='ocrx_word' id='word_1_353' title='bbox 1902 975 1960 1009; x_wconf 91' lang='lat' dir='ltr'>pro</span> 
     </span>
     <span class='ocr_line' id='line_1_68' title="bbox 1223 1014 1959 1061; baseline 0.005 -15"><span class='ocrx_word' id='word_1_354' title='bbox 1223 1015 1290 1046; x_wconf 82' lang='lat' dir='ltr'>rata</span> <span class='ocrx_word' id='word_1_355' title='bbox 1322 1014 1527 1057; x_wconf 81' lang='lat' dir='ltr'>gubernatori</span> <span class='ocrx_word' id='word_1_356' title='bbox 1560 1027 1620 1060; x_wconf 88' lang='lat' dir='ltr'>pro</span> <span class='ocrx_word' id='word_1_357' title='bbox 1651 1021 1794 1061; x_wconf 89' lang='lat' dir='ltr'>tempore</span> <span class='ocrx_word' id='word_1_358' title='bbox 1817 1018 1959 1052; x_wconf 86' lang='lat' dir='ltr'>existenti</span> 
     </span>
     <span class='ocr_line' id='line_1_69' title="bbox 1222 1066 1960 1103; baseline 0.007 -5"><span class='ocrx_word' id='word_1_359' title='bbox 1222 1066 1253 1098; x_wconf 92' lang='lat' dir='ltr'>in</span> <span class='ocrx_word' id='word_1_360' title='bbox 1282 1066 1344 1099; x_wconf 87' lang='lat' dir='ltr'>fine</span> <span class='ocrx_word' id='word_1_361' title='bbox 1369 1067 1534 1102; x_wconf 89' lang='lat' dir='ltr'>cuiuslibet</span> <span class='ocrx_word' id='word_1_362' title='bbox 1566 1068 1682 1101; x_wconf 89' lang='lat' dir='ltr'>mensis</span> <span class='ocrx_word' id='word_1_363' title='bbox 1714 1079 1751 1102; x_wconf 81' lang='lat' dir='ltr'>ex</span> <span class='ocrx_word' id='word_1_364' title='bbox 1786 1069 1960 1103; x_wconf 84' lang='lat' dir='ltr'>redditibus</span> 
     </span>
     <span class='ocr_line' id='line_1_70' title="bbox 1222 1120 1961 1163; baseline 0.004 -11"><span class='ocrx_word' id='word_1_365' title='bbox 1222 1124 1252 1152; x_wconf 92' lang='lat' dir='ltr'>et</span> <span class='ocrx_word' id='word_1_366' title='bbox 1270 1120 1475 1163; x_wconf 86' lang='lat' dir='ltr'>proventibus</span> <span class='ocrx_word' id='word_1_367' title='bbox 1497 1120 1652 1155; x_wconf 85' lang='lat' dir='ltr'>dictarum</span> <span class='ocrx_word' id='word_1_368' title='bbox 1670 1121 1909 1155; x_wconf 86' lang='lat' dir='ltr'>universitatum</span> <span class='ocrx_word' id='word_1_369' title='bbox 1930 1128 1961 1156; x_wconf 88' lang='lat' dir='ltr'>et</span> 
     </span>
     <span class='ocr_line' id='line_1_71' title="bbox 1222 1173 1960 1218; baseline 0.004 -13"><span class='ocrx_word' id='word_1_370' title='bbox 1222 1173 1397 1215; x_wconf 87' lang='lat' dir='ltr'>hominum,</span> <span class='ocrx_word' id='word_1_371' title='bbox 1417 1174 1481 1218; x_wconf 89' lang='lat' dir='ltr'>qui,</span> <span class='ocrx_word' id='word_1_372' title='bbox 1495 1174 1604 1208; x_wconf 90' lang='lat' dir='ltr'>solutis</span> <span class='ocrx_word' id='word_1_373' title='bbox 1618 1174 1826 1208; x_wconf 85' lang='lat' dir='ltr'>cameralibus</span> <span class='ocrx_word' id='word_1_374' title='bbox 1842 1186 1878 1209; x_wconf 86' lang='lat' dir='ltr'>ac</span> <span class='ocrx_word' id='word_1_375' title='bbox 1891 1175 1960 1209; x_wconf 85' lang='lat' dir='ltr'>aliis</span> 
     </span>
     <span class='ocr_line' id='line_1_72' title="bbox 1220 1227 1959 1272; baseline 0.005 -13"><span class='ocrx_word' id='word_1_376' title='bbox 1220 1227 1372 1261; x_wconf 86' lang='lat' dir='ltr'>oneribus</span> <span class='ocrx_word' id='word_1_377' title='bbox 1388 1233 1419 1260; x_wconf 90' lang='lat' dir='ltr'>et</span> <span class='ocrx_word' id='word_1_378' title='bbox 1438 1228 1582 1272; x_wconf 86' lang='lat' dir='ltr'>expensis</span> <span class='ocrx_word' id='word_1_379' title='bbox 1600 1239 1660 1272; x_wconf 91' lang='lat' dir='ltr'>pro</span> <span class='ocrx_word' id='word_1_380' title='bbox 1676 1229 1836 1262; x_wconf 89' lang='lat' dir='ltr'>communi</span> <span class='ocrx_word' id='word_1_381' title='bbox 1849 1239 1959 1263; x_wconf 89' lang='lat' dir='ltr'>eorum</span> 
     </span>
     <span class='ocr_line' id='line_1_73' title="bbox 1221 1280 1959 1326; baseline 0.004 -14"><span class='ocrx_word' id='word_1_382' title='bbox 1221 1280 1352 1313; x_wconf 87' lang='lat' dir='ltr'>utilitate</span> <span class='ocrx_word' id='word_1_383' title='bbox 1381 1291 1437 1314; x_wconf 88' lang='lat' dir='ltr'>seu</span> <span class='ocrx_word' id='word_1_384' title='bbox 1463 1282 1647 1315; x_wconf 86' lang='lat' dir='ltr'>necessitate</span> <span class='ocrx_word' id='word_1_385' title='bbox 1664 1282 1843 1326; x_wconf 78' lang='lat' dir='ltr'>supportari</span> <span class='ocrx_word' id='word_1_386' title='bbox 1860 1282 1959 1316; x_wconf 84' lang='lat' dir='ltr'>solitis</span> 
     </span>
     <span class='ocr_line' id='line_1_74' title="bbox 1220 1334 1959 1378; baseline 0.004 -13"><span class='ocrx_word' id='word_1_387' title='bbox 1220 1338 1251 1365; x_wconf 90' lang='lat' dir='ltr'>et</span> <span class='ocrx_word' id='word_1_388' title='bbox 1275 1334 1443 1375; x_wconf 85' lang='lat' dir='ltr'>consuetis,</span> <span class='ocrx_word' id='word_1_389' title='bbox 1460 1340 1629 1378; x_wconf 88' lang='lat' dir='ltr'>supersunt</span> <span class='ocrx_word' id='word_1_390' title='bbox 1646 1340 1676 1367; x_wconf 91' lang='lat' dir='ltr'>et</span> <span class='ocrx_word' id='word_1_391' title='bbox 1693 1340 1866 1376; x_wconf 84' lang='lat' dir='ltr'>remanent,</span> <span class='ocrx_word' id='word_1_392' title='bbox 1883 1335 1959 1369; x_wconf 76' lang='lat' dir='ltr'>alias</span> 
     </span>
     <span class='ocr_line' id='line_1_75' title="bbox 1220 1388 1958 1432; baseline 0.003 -12"><span class='ocrx_word' id='word_1_393' title='bbox 1220 1398 1256 1420; x_wconf 80' lang='lat' dir='ltr'>cx</span> <span class='ocrx_word' id='word_1_394' title='bbox 1274 1398 1395 1429; x_wconf 85' lang='lat' dir='ltr'>eorum,</span> <span class='ocrx_word' id='word_1_395' title='bbox 1409 1393 1439 1421; x_wconf 87' lang='lat' dir='ltr'>et</span> <span class='ocrx_word' id='word_1_396' title='bbox 1456 1388 1606 1431; x_wconf 86' lang='lat' dir='ltr'>cuiusque</span> <span class='ocrx_word' id='word_1_397' title='bbox 1623 1388 1763 1432; x_wconf 88' lang='lat' dir='ltr'>ipsorum</span> <span class='ocrx_word' id='word_1_398' title='bbox 1784 1388 1958 1430; x_wconf 89' lang='lat' dir='ltr'>hominum,</span> 
     </span>
     <span class='ocr_line' id='line_1_76' title="bbox 1220 1442 1959 1486; baseline 0.004 -13"><span class='ocrx_word' id='word_1_399' title='bbox 1220 1446 1388 1482; x_wconf 84' lang='lat' dir='ltr'>terrarum,</span> <span class='ocrx_word' id='word_1_400' title='bbox 1406 1452 1460 1475; x_wconf 87' lang='lat' dir='ltr'>seu</span> <span class='ocrx_word' id='word_1_401' title='bbox 1474 1447 1650 1475; x_wconf 85' lang='lat' dir='ltr'>castrorum</span> <span class='ocrx_word' id='word_1_402' title='bbox 1668 1442 1903 1486; x_wconf 82' lang='lat' dir='ltr'>praedictorum</span> <span class='ocrx_word' id='word_1_403' title='bbox 1916 1443 1959 1475; x_wconf 92' lang='lat' dir='ltr'>in-</span> 
     </span>
     <span class='ocr_line' id='line_1_77' title="bbox 1220 1495 1957 1539; baseline 0.003 -12"><span class='ocrx_word' id='word_1_404' title='bbox 1220 1495 1365 1528; x_wconf 89' lang='lat' dir='ltr'>troitibus</span> <span class='ocrx_word' id='word_1_405' title='bbox 1399 1501 1429 1528; x_wconf 88' lang='lat' dir='ltr'>ct</span> <span class='ocrx_word' id='word_1_406' title='bbox 1461 1495 1651 1535; x_wconf 85' lang='lat' dir='ltr'>redditibus,</span> <span class='ocrx_word' id='word_1_407' title='bbox 1676 1506 1736 1539; x_wconf 89' lang='lat' dir='ltr'>pro</span> <span class='ocrx_word' id='word_1_408' title='bbox 1759 1498 1828 1528; x_wconf 78' lang='lat' dir='ltr'>rata</span> <span class='ocrx_word' id='word_1_409' title='bbox 1852 1502 1957 1530; x_wconf 87' lang='lat' dir='ltr'>tamen</span> 
     </span>
     <span class='ocr_line' id='line_1_78' title="bbox 1219 1548 1957 1593; baseline 0.004 -13"><span class='ocrx_word' id='word_1_410' title='bbox 1219 1553 1248 1581; x_wconf 88' lang='lat' dir='ltr'>et</span> <span class='ocrx_word' id='word_1_411' title='bbox 1272 1548 1417 1592; x_wconf 87' lang='lat' dir='ltr'>portione</span> <span class='ocrx_word' id='word_1_412' title='bbox 1442 1559 1698 1593; x_wconf 88' lang='lat' dir='ltr'>unumquemque</span> <span class='ocrx_word' id='word_1_413' title='bbox 1714 1553 1859 1593; x_wconf 82' lang='lat' dir='ltr'>tangente</span> <span class='ocrx_word' id='word_1_414' title='bbox 1872 1550 1957 1583; x_wconf 89' lang='lat' dir='ltr'>iuxta</span> 
     </span>
     <span class='ocr_line' id='line_1_79' title="bbox 1219 1602 1956 1647; baseline 0.007 -14"><span class='ocrx_word' id='word_1_415' title='bbox 1219 1602 1300 1634; x_wconf 80' lang='lat' dir='ltr'>vires</span> <span class='ocrx_word' id='word_1_416' title='bbox 1321 1612 1402 1643; x_wconf 88' lang='lat' dir='ltr'>suas,</span> <span class='ocrx_word' id='word_1_417' title='bbox 1420 1602 1547 1635; x_wconf 86' lang='lat' dir='ltr'>realiter</span> <span class='ocrx_word' id='word_1_418' title='bbox 1564 1608 1594 1635; x_wconf 90' lang='lat' dir='ltr'>et</span> <span class='ocrx_word' id='word_1_419' title='bbox 1611 1613 1683 1636; x_wconf 87' lang='lat' dir='ltr'>cum</span> <span class='ocrx_word' id='word_1_420' title='bbox 1701 1603 1814 1637; x_wconf 80' lang='lat' dir='ltr'>effectu</span> <span class='ocrx_word' id='word_1_421' title='bbox 1836 1605 1956 1647; x_wconf 86' lang='lat' dir='ltr'>persol-</span> 
     </span>
     <span class='ocr_line' id='line_1_80' title="bbox 1218 1656 1957 1701; baseline 0.007 -15"><span class='ocrx_word' id='word_1_422' title='bbox 1218 1660 1339 1696; x_wconf 84' lang='lat' dir='ltr'>vantur,</span> <span class='ocrx_word' id='word_1_423' title='bbox 1367 1661 1476 1689; x_wconf 85' lang='lat' dir='ltr'>tenore</span> <span class='ocrx_word' id='word_1_424' title='bbox 1493 1656 1708 1700; x_wconf 85' lang='lat' dir='ltr'>praesentium</span> <span class='ocrx_word' id='word_1_425' title='bbox 1725 1662 1880 1701; x_wconf 85' lang='lat' dir='ltr'>perpetuo</span> <span class='ocrx_word' id='word_1_426' title='bbox 1899 1658 1957 1691; x_wconf 87' lang='lat' dir='ltr'>eri-</span> 
     </span>
     <span class='ocr_line' id='line_1_81' title="bbox 1218 1709 1582 1752; baseline 0.005 -11"><span class='ocrx_word' id='word_1_427' title='bbox 1218 1709 1320 1752; x_wconf 74' lang='lat' dir='ltr'>gimus</span> <span class='ocrx_word' id='word_1_428' title='bbox 1338 1715 1367 1742; x_wconf 92' lang='lat' dir='ltr'>et</span> <span class='ocrx_word' id='word_1_429' title='bbox 1380 1709 1582 1743; x_wconf 86' lang='lat' dir='ltr'>instituimus.</span> 
     </span>
    </p>

    <p class='ocr_par' dir='ltr' id='par_1_8' title="bbox 1213 1763 1957 2717">
     <span class='ocr_line' id='line_1_82' title="bbox 1262 1763 1956 1805; baseline 0.004 -10"><span class='ocrx_word' id='word_1_430' title='bbox 1262 1764 1276 1805; x_wconf 63' lang='grc' dir='ltr'><strong>ἓ</strong></span> <span class='ocrx_word' id='word_1_431' title='bbox 1302 1763 1329 1795; x_wconf 87' lang='lat'>7.</span> <span class='ocrx_word' id='word_1_432' title='bbox 1346 1763 1528 1797; x_wconf 76' lang='lat' dir='ltr'>Praesente-s</span> <span class='ocrx_word' id='word_1_433' title='bbox 1552 1774 1628 1797; x_wconf 84' lang='lat' dir='ltr'>vero</span> <span class='ocrx_word' id='word_1_434' title='bbox 1648 1764 1767 1797; x_wconf 85' lang='lat' dir='ltr'>litteras</span> <span class='ocrx_word' id='word_1_435' title='bbox 1791 1764 1830 1798; x_wconf 91' lang='lat' dir='ltr'>de</span> <span class='ocrx_word' id='word_1_436' title='bbox 1849 1765 1956 1798; x_wconf 89' lang='lat' dir='ltr'>subre-</span> 
     </span>
     <span class='ocr_line' id='line_1_83' title="bbox 1217 1815 1956 1860; baseline 0.007 -14"><span class='ocrx_word' id='word_1_437' title='bbox 1217 1815 1356 1858; x_wconf 88' lang='lat' dir='ltr'>ptionis,</span> <span class='ocrx_word' id='word_1_438' title='bbox 1394 1816 1441 1849; x_wconf 82' lang='lat' dir='ltr'>vel</span> <span class='ocrx_word' id='word_1_439' title='bbox 1474 1816 1688 1860; x_wconf 87' lang='lat' dir='ltr'>obreptionis,</span> <span class='ocrx_word' id='word_1_440' title='bbox 1721 1828 1775 1850; x_wconf 87' lang='lat' dir='ltr'>seu</span> <span class='ocrx_word' id='word_1_441' title='bbox 1805 1818 1956 1851; x_wconf 87' lang='lat' dir='ltr'>nullitatis</span> 
     </span>
     <span class='ocr_line' id='line_1_84' title="bbox 1219 1869 1956 1916; baseline 0.004 -15"><span class='ocrx_word' id='word_1_442' title='bbox 1219 1869 1301 1909; x_wconf 86' lang='lat' dir='ltr'>vitio,</span> <span class='ocrx_word' id='word_1_443' title='bbox 1319 1875 1372 1902; x_wconf 88' lang='lat' dir='ltr'>aut</span> <span class='ocrx_word' id='word_1_444' title='bbox 1390 1870 1572 1903; x_wconf 90' lang='lat' dir='ltr'>intentionis</span> <span class='ocrx_word' id='word_1_445' title='bbox 1588 1875 1726 1911; x_wconf 91' lang='lat' dir='ltr'>nostrae,</span> <span class='ocrx_word' id='word_1_446' title='bbox 1741 1871 1789 1904; x_wconf 80' lang='lat' dir='ltr'>vel</span> <span class='ocrx_word' id='word_1_447' title='bbox 1805 1871 1867 1904; x_wconf 88' lang='lat' dir='ltr'>alio</span> <span class='ocrx_word' id='word_1_448' title='bbox 1883 1882 1956 1916; x_wconf 86' lang='lat' dir='ltr'>quo-</span> 
     </span>
     <span class='ocr_line' id='line_1_85' title="bbox 1216 1922 1957 1968; baseline 0.007 -15"><span class='ocrx_word' id='word_1_449' title='bbox 1216 1922 1299 1965; x_wconf 86' lang='lat' dir='ltr'>piam</span> <span class='ocrx_word' id='word_1_450' title='bbox 1324 1923 1446 1958; x_wconf 82' lang='lat' dir='ltr'>defectu</span> <span class='ocrx_word' id='word_1_451' title='bbox 1470 1923 1573 1956; x_wconf 89' lang='lat' dir='ltr'>notari</span> <span class='ocrx_word' id='word_1_452' title='bbox 1609 1925 1656 1957; x_wconf 88' lang='lat' dir='ltr'>vel</span> <span class='ocrx_word' id='word_1_453' title='bbox 1681 1924 1879 1968; x_wconf 80' lang='lat' dir='ltr'>impugnari,</span> <span class='ocrx_word' id='word_1_454' title='bbox 1904 1931 1957 1958; x_wconf 88' lang='lat' dir='ltr'>aut</span> 
     </span>
     <span class='ocr_line' id='line_1_86' title="bbox 1216 1975 1955 2020; baseline 0.005 -13"><span class='ocrx_word' id='word_1_455' title='bbox 1216 1975 1291 2008; x_wconf 73' lang='lat' dir='ltr'>alias</span> <span class='ocrx_word' id='word_1_456' title='bbox 1308 1976 1548 2019; x_wconf 88' lang='lat' dir='ltr'>quomodolibet</span> <span class='ocrx_word' id='word_1_457' title='bbox 1564 1977 1693 2020; x_wconf 80' lang='lat' dir='ltr'>infringi</span> <span class='ocrx_word' id='word_1_458' title='bbox 1716 1978 1764 2011; x_wconf 89' lang='lat' dir='ltr'>vel</span> <span class='ocrx_word' id='word_1_459' title='bbox 1781 1979 1955 2018; x_wconf 82' lang='lat' dir='ltr'>retractari,</span> 
     </span>
     <span class='ocr_line' id='line_1_87' title="bbox 1216 2029 1955 2072; baseline 0.005 -12"><span class='ocrx_word' id='word_1_460' title='bbox 1216 2039 1270 2061; x_wconf 87' lang='lat' dir='ltr'>seu</span> <span class='ocrx_word' id='word_1_461' title='bbox 1295 2029 1459 2062; x_wconf 86' lang='lat' dir='ltr'>invalidari</span> <span class='ocrx_word' id='word_1_462' title='bbox 1474 2058 1481 2072; x_wconf 94' lang='lat'>,</span> <span class='ocrx_word' id='word_1_463' title='bbox 1506 2034 1559 2064; x_wconf 81' lang='lat' dir='ltr'>aut</span> <span class='ocrx_word' id='word_1_464' title='bbox 1582 2030 1620 2063; x_wconf 89' lang='lat' dir='ltr'>ad</span> <span class='ocrx_word' id='word_1_465' title='bbox 1645 2031 1726 2063; x_wconf 89' lang='lat' dir='ltr'>viam</span> <span class='ocrx_word' id='word_1_466' title='bbox 1750 2036 1780 2064; x_wconf 90' lang='lat' dir='ltr'>et</span> <span class='ocrx_word' id='word_1_467' title='bbox 1804 2031 1955 2064; x_wconf 87' lang='lat' dir='ltr'>terminos</span> 
     </span>
     <span class='ocr_line' id='line_1_88' title="bbox 1216 2082 1954 2124; baseline 0.004 -10"><span class='ocrx_word' id='word_1_468' title='bbox 1216 2082 1292 2115; x_wconf 87' lang='lat' dir='ltr'>iuris</span> <span class='ocrx_word' id='word_1_469' title='bbox 1317 2083 1436 2124; x_wconf 88' lang='lat' dir='ltr'>reduci,</span> <span class='ocrx_word' id='word_1_470' title='bbox 1453 2084 1501 2117; x_wconf 85' lang='lat' dir='ltr'>vel</span> <span class='ocrx_word' id='word_1_471' title='bbox 1526 2084 1557 2117; x_wconf 89' lang='lat' dir='ltr'>in</span> <span class='ocrx_word' id='word_1_472' title='bbox 1578 2084 1625 2117; x_wconf 86' lang='lat' dir='ltr'>ius</span> <span class='ocrx_word' id='word_1_473' title='bbox 1653 2089 1682 2117; x_wconf 91' lang='lat' dir='ltr'>et</span> <span class='ocrx_word' id='word_1_474' title='bbox 1706 2085 1954 2119; x_wconf 86' lang='lat' dir='ltr'>controversiam</span> 
     </span>
     <span class='ocr_line' id='line_1_89' title="bbox 1216 2137 1955 2183; baseline 0.004 -15"><span class='ocrx_word' id='word_1_475' title='bbox 1216 2137 1331 2176; x_wconf 86' lang='lat' dir='ltr'>vocari,</span> <span class='ocrx_word' id='word_1_476' title='bbox 1349 2142 1402 2169; x_wconf 90' lang='lat' dir='ltr'>aut</span> <span class='ocrx_word' id='word_1_477' title='bbox 1421 2137 1572 2171; x_wconf 88' lang='lat' dir='ltr'>adversus</span> <span class='ocrx_word' id='word_1_478' title='bbox 1597 2148 1649 2171; x_wconf 89' lang='lat' dir='ltr'>eas</span> <span class='ocrx_word' id='word_1_479' title='bbox 1673 2138 1894 2183; x_wconf 87' lang='lat' dir='ltr'>quodcumque</span> <span class='ocrx_word' id='word_1_480' title='bbox 1912 2139 1955 2171; x_wconf 95' lang='lat' dir='ltr'>iu-</span> 
     </span>
     <span class='ocr_line' id='line_1_90' title="bbox 1215 2189 1955 2235; baseline 0.005 -14"><span class='ocrx_word' id='word_1_481' title='bbox 1215 2189 1257 2221; x_wconf 90' lang='lat' dir='ltr'>ris</span> <span class='ocrx_word' id='word_1_482' title='bbox 1282 2194 1312 2222; x_wconf 91' lang='lat' dir='ltr'>et</span> <span class='ocrx_word' id='word_1_483' title='bbox 1336 2190 1417 2231; x_wconf 85' lang='lat' dir='ltr'>facti,</span> <span class='ocrx_word' id='word_1_484' title='bbox 1436 2191 1483 2223; x_wconf 88' lang='lat' dir='ltr'>vel</span> <span class='ocrx_word' id='word_1_485' title='bbox 1508 2191 1666 2232; x_wconf 84' lang='lat' dir='ltr'>iustitiae,</span> <span class='ocrx_word' id='word_1_486' title='bbox 1691 2196 1744 2224; x_wconf 87' lang='lat' dir='ltr'>aut</span> <span class='ocrx_word' id='word_1_487' title='bbox 1768 2192 1887 2235; x_wconf 79' lang='lat' dir='ltr'>gratiae</span> <span class='ocrx_word' id='word_1_488' title='bbox 1907 2203 1955 2225; x_wconf 93' lang='lat' dir='ltr'>re-</span> 
     </span>
     <span class='ocr_line' id='line_1_91' title="bbox 1214 2243 1954 2289; baseline 0.003 -14"><span class='ocrx_word' id='word_1_489' title='bbox 1214 2243 1351 2276; x_wconf 82' lang='lat' dir='ltr'>medium</span> <span class='ocrx_word' id='word_1_490' title='bbox 1377 2244 1533 2286; x_wconf 84' lang='lat' dir='ltr'>intentari,</span> <span class='ocrx_word' id='word_1_491' title='bbox 1559 2245 1732 2289; x_wconf 87' lang='lat' dir='ltr'>impetrari,</span> <span class='ocrx_word' id='word_1_492' title='bbox 1752 2245 1800 2278; x_wconf 90' lang='lat' dir='ltr'>vel</span> <span class='ocrx_word' id='word_1_493' title='bbox 1824 2246 1954 2279; x_wconf 87' lang='lat' dir='ltr'>concedi</span> 
     </span>
     <span class='ocr_line' id='line_1_92' title="bbox 1213 2296 1955 2342; baseline 0.005 -15"><span class='ocrx_word' id='word_1_494' title='bbox 1213 2296 1390 2330; x_wconf 86' lang='lat' dir='ltr'>nullatenus</span> <span class='ocrx_word' id='word_1_495' title='bbox 1406 2308 1557 2342; x_wconf 87' lang='lat' dir='ltr'>umquam</span> <span class='ocrx_word' id='word_1_496' title='bbox 1577 2308 1681 2342; x_wconf 88' lang='lat' dir='ltr'>posse,</span> <span class='ocrx_word' id='word_1_497' title='bbox 1696 2298 1749 2331; x_wconf 90' lang='lat' dir='ltr'>sed</span> <span class='ocrx_word' id='word_1_498' title='bbox 1766 2309 1829 2340; x_wconf 83' lang='lat' dir='ltr'>eas,</span> <span class='ocrx_word' id='word_1_499' title='bbox 1846 2298 1955 2332; x_wconf 88' lang='lat' dir='ltr'>adver-</span> 
     </span>
     <span class='ocr_line' id='line_1_93' title="bbox 1214 2352 1954 2396; baseline 0.004 -14"><span class='ocrx_word' id='word_1_500' title='bbox 1214 2360 1266 2382; x_wconf 86' lang='lat' dir='ltr'>sus</span> <span class='ocrx_word' id='word_1_501' title='bbox 1290 2361 1504 2395; x_wconf 86' lang='lat' dir='ltr'>quascumque</span> <span class='ocrx_word' id='word_1_502' title='bbox 1537 2352 1808 2396; x_wconf 79' lang='lat' dir='ltr'>impugnationes,</span> <span class='ocrx_word' id='word_1_503' title='bbox 1837 2352 1954 2386; x_wconf 87' lang='lat' dir='ltr'>validas</span> 
     </span>
     <span class='ocr_line' id='line_1_94' title="bbox 1214 2403 1955 2450; baseline 0.003 -14"><span class='ocrx_word' id='word_1_504' title='bbox 1214 2407 1243 2437; x_wconf 89' lang='lat' dir='ltr'>et</span> <span class='ocrx_word' id='word_1_505' title='bbox 1267 2403 1408 2437; x_wconf 80' lang='lat' dir='ltr'>efficaces</span> <span class='ocrx_word' id='word_1_506' title='bbox 1434 2415 1501 2438; x_wconf 87' lang='lat' dir='ltr'>esse</span> <span class='ocrx_word' id='word_1_507' title='bbox 1526 2411 1556 2438; x_wconf 91' lang='lat' dir='ltr'>et</span> <span class='ocrx_word' id='word_1_508' title='bbox 1580 2406 1657 2447; x_wconf 90' lang='lat' dir='ltr'>fore,</span> <span class='ocrx_word' id='word_1_509' title='bbox 1687 2416 1825 2450; x_wconf 86' lang='lat' dir='ltr'>suosque</span> <span class='ocrx_word' id='word_1_510' title='bbox 1849 2406 1955 2450; x_wconf 89' lang='lat' dir='ltr'>plena-</span> 
     </span>
     <span class='ocr_line' id='line_1_95' title="bbox 1214 2456 1954 2501; baseline 0.005 -13"><span class='ocrx_word' id='word_1_511' title='bbox 1214 2456 1278 2489; x_wconf 87' lang='lat' dir='ltr'>rios</span> <span class='ocrx_word' id='word_1_512' title='bbox 1303 2462 1334 2490; x_wconf 92' lang='lat' dir='ltr'>ct</span> <span class='ocrx_word' id='word_1_513' title='bbox 1358 2457 1497 2501; x_wconf 81' lang='lat' dir='ltr'>integros</span> <span class='ocrx_word' id='word_1_514' title='bbox 1522 2459 1651 2493; x_wconf 81' lang='lat' dir='ltr'>effeetus</span> <span class='ocrx_word' id='word_1_515' title='bbox 1675 2459 1780 2494; x_wconf 89' lang='lat' dir='ltr'>sortiri</span> <span class='ocrx_word' id='word_1_516' title='bbox 1812 2464 1842 2492; x_wconf 92' lang='lat' dir='ltr'>et</span> <span class='ocrx_word' id='word_1_517' title='bbox 1876 2459 1954 2493; x_wconf 86' lang='lat' dir='ltr'>obti-</span> 
     </span>
     <span class='ocr_line' id='line_1_96' title="bbox 1213 2512 1953 2557; baseline 0.005 -15"><span class='ocrx_word' id='word_1_518' title='bbox 1213 2520 1306 2551; x_wconf 87' lang='lat' dir='ltr'>nere,</span> <span class='ocrx_word' id='word_1_519' title='bbox 1330 2521 1366 2544; x_wconf 90' lang='lat' dir='ltr'>ac</span> <span class='ocrx_word' id='word_1_520' title='bbox 1398 2512 1436 2543; x_wconf 91' lang='lat' dir='ltr'>ab</span> <span class='ocrx_word' id='word_1_521' title='bbox 1468 2513 1614 2546; x_wconf 87' lang='lat' dir='ltr'>omnihus</span> <span class='ocrx_word' id='word_1_522' title='bbox 1645 2518 1675 2546; x_wconf 89' lang='lat' dir='ltr'>et</span> <span class='ocrx_word' id='word_1_523' title='bbox 1700 2513 1849 2557; x_wconf 81' lang='lat' dir='ltr'>singulis,</span> <span class='ocrx_word' id='word_1_524' title='bbox 1873 2523 1953 2556; x_wconf 87' lang='lat' dir='ltr'>quos</span> 
     </span>
     <span class='ocr_line' id='line_1_97' title="bbox 1213 2565 1953 2610; baseline 0.003 -14"><span class='ocrx_word' id='word_1_525' title='bbox 1213 2569 1416 2605; x_wconf 86' lang='lat' dir='ltr'>concernunt,</span> <span class='ocrx_word' id='word_1_526' title='bbox 1441 2570 1471 2598; x_wconf 89' lang='lat' dir='ltr'>ct</span> <span class='ocrx_word' id='word_1_527' title='bbox 1495 2572 1686 2600; x_wconf 83' lang='lat' dir='ltr'>concernent</span> <span class='ocrx_word' id='word_1_528' title='bbox 1716 2565 1953 2610; x_wconf 85' lang='lat' dir='ltr'>quomodolibet</span> 
     </span>
     <span class='ocr_line' id='line_1_98' title="bbox 1214 2617 1952 2661; baseline 0.005 -12"><span class='ocrx_word' id='word_1_529' title='bbox 1214 2617 1243 2650; x_wconf 91' lang='lat' dir='ltr'>in</span> <span class='ocrx_word' id='word_1_530' title='bbox 1259 2618 1272 2650; x_wconf 94' lang='lat' dir='ltr'>f</span> <span class='ocrx_word' id='word_1_531' title='bbox 1272 2623 1410 2659; x_wconf 82' lang='lat' dir='ltr'>uturum,</span> <span class='ocrx_word' id='word_1_532' title='bbox 1421 2619 1642 2654; x_wconf 87' lang='lat' dir='ltr'>inviolabiliter</span> <span class='ocrx_word' id='word_1_533' title='bbox 1655 2621 1816 2655; x_wconf 88' lang='lat' dir='ltr'>observari</span> <span class='ocrx_word' id='word_1_534' title='bbox 1826 2620 1952 2661; x_wconf 84' lang='lat' dir='ltr'>debere,</span> 
     </span>
     <span class='ocr_line' id='line_1_99' title="bbox 1213 2671 1953 2717; baseline 0.004 -14"><span class='ocrx_word' id='word_1_535' title='bbox 1213 2681 1249 2704; x_wconf 88' lang='lat' dir='ltr'>ac</span> <span class='ocrx_word' id='word_1_536' title='bbox 1268 2671 1335 2704; x_wconf 86' lang='lat' dir='ltr'>illas</span> <span class='ocrx_word' id='word_1_537' title='bbox 1351 2672 1388 2705; x_wconf 93' lang='lat' dir='ltr'>ad</span> <span class='ocrx_word' id='word_1_538' title='bbox 1410 2673 1535 2715; x_wconf 85' lang='lat' dir='ltr'>plenam</span> <span class='ocrx_word' id='word_1_539' title='bbox 1556 2674 1606 2707; x_wconf 85' lang='lat' dir='ltr'>liic</span> <span class='ocrx_word' id='word_1_540' title='bbox 1623 2678 1823 2708; x_wconf 88' lang='lat' dir='ltr'>narratorum</span> <span class='ocrx_word' id='word_1_541' title='bbox 1839 2673 1953 2717; x_wconf 88' lang='lat' dir='ltr'>proba-</span> 
     </span>
    </p>
   </div>
   <div class='ocr_carea' id='block_1_7' title="bbox 1978 278 2162 308">
    <p class='ocr_par' dir='ltr' id='par_1_9' title="bbox 1978 278 2162 308">
     <span class='ocr_line' id='line_1_100' title="bbox 1978 278 2162 308; baseline 0.022 -4"><span class='ocrx_word' id='word_1_542' title='bbox 1978 278 2028 306; x_wconf 81' lang='grc' dir='ltr'>Ᾱη,</span> <span class='ocrx_word' id='word_1_543' title='bbox 2043 278 2071 306; x_wconf 73' lang='lat' dir='ltr'>tt.</span> <span class='ocrx_word' id='word_1_544' title='bbox 2092 278 2162 308; x_wconf 72' lang='lat'>1623</span> 
     </span>
    </p>
   </div>
   <div class='ocr_carea' id='block_1_8' title="bbox 1971 1774 2156 1875">
    <p class='ocr_par' dir='ltr' id='par_1_10' title="bbox 1971 1774 2156 1875">
     <span class='ocr_line' id='line_1_101' title="bbox 1993 1774 2154 1802; baseline 0.006 -7"><span class='ocrx_word' id='word_1_545' title='bbox 1993 1774 2105 1796; x_wconf 69' lang='lat' dir='ltr'>clausurae</span> <span class='ocrx_word' id='word_1_546' title='bbox 2116 1781 2154 1802; x_wconf 81' lang='lat' dir='ltr'>pro</span> 
     </span>
     <span class='ocr_line' id='line_1_102' title="bbox 1971 1803 2156 1827; baseline 0 -5"><span class='ocrx_word' id='word_1_547' title='bbox 1971 1803 2113 1827; x_wconf 51' lang='lat' dir='ltr'>praesentium</span> <span class='ocrx_word' id='word_1_548' title='bbox 2124 1803 2156 1822; x_wconf 83' lang='lat' dir='ltr'>tit-</span> 
     </span>
     <span class='ocr_line' id='line_1_103' title="bbox 1971 1829 2154 1850; baseline 0.016 -3"><span class='ocrx_word' id='word_1_549' title='bbox 1971 1830 2063 1849; x_wconf 81' lang='lat' dir='ltr'>terarum</span> <span class='ocrx_word' id='word_1_550' title='bbox 2091 1829 2154 1850; x_wconf 82' lang='lat' dir='ltr'>firmi·</span> 
     </span>
     <span class='ocr_line' id='line_1_104' title="bbox 1971 1856 2021 1875; baseline 0 -1"><span class='ocrx_word' id='word_1_551' title='bbox 1971 1856 2021 1875; x_wconf 78' lang='lat' dir='ltr'>tate.</span> 
     </span>
    </p>
   </div>
  </div>
 </body>
</html>
