2269 3235
247 251 295 279 An.
314 252 342 278 C.
362 251 428 278 102>ss

268 1210 379 1231 Praedicta
390 1210 427 1229 ita-

245 1244 284 1263 quo
301 1240 374 1257 irritat.

273 1795 382 1816 ciausutas
393 1799 429 1819 ap-

246 1825 306 1848 ponit
331 1824 429 1848 opportu-

247 1856 292 1870 naS.

250 2222 359 2244 Contraria
374 2221 432 2242 tollit.

473 241 535 273 508

444 299 558 342 putatis
577 298 605 330 in
627 296 760 339 seriptis,
782 300 812 326 et
829 294 931 336 sigillo
948 293 1087 325 eiusdem
1106 303 1179 325 eon-

444 351 645 385 l'raternitatis
671 348 843 389 munitam,
869 356 948 389 quae
979 346 1076 388 gratis
1103 356 1178 379 con-

445 406 629 442 cederetur,
655 408 759 445 petere
784 406 813 431 et.
841 400 983 432 obtinere
1008 399 1178 440 deberent,

444 457 655 490 concessimus
673 460 699 486 et
720 453 917 492 indulsimus,
937 458 967 485 et
991 453 1066 484 alliis
1087 458 1180 495 prout

443 511 473 542 in
499 508 612 541 nostris
636 507 771 549 desuper
789 506 819 537 in
840 506 933 537 simili
955 506 1056 538 forma
1074 505 1179 537 Brevis

443 562 499 594 sub
524 561 572 593 die
598 571 638 593 xx
665 559 846 591 novembris
867 568 1006 592 inncxxlv
1027 558 1180 602 expeditis

444 614 563 653 litteris,
581 623 713 657 quarum
736 617 860 644 tenores
881 611 1097 654 praesentibus
1122 621 1180 654 pro

442 666 596 709 expressis
621 665 729 698 haberi
755 665 909 706 volumus,
933 665 1056 708 plenius
1080 664 1179 698 conti-

442 726 542 752 netur.
1020 708 1031 715 θ

487 774 501 815 ξ
525 773 553 804 :3.
580 772 656 805 Cum
681 776 795 811 autem,
814 770 893 803 sicut
917 770 1106 814 accepimus,
1124 781 1182 813 per

405 819 427 830 “““
443 826 687 870 prohibitionem
713 830 743 857 et
767 824 1000 857 concessionem
1025 828 1055 856 et
1072 819 1181 856 'indul-

446 884 508 913 tum
535 890 629 923 supra
649 888 795 922 expressa
815 887 878 910 non
898 877 1096 910 solummodo
1113 887 1182 909 can-

444 933 564 965 toribus
589 938 618 964 et
643 930 833 975 cappellanis
857 930 1015 973 cappellae
1044 935 1181 971 nostrae,

443 997 552 1019 rerum
571 985 663 1018 etiam
681 985 749 1017 aliis
774 984 1029 1017 christifidelibus
1046 988 1075 1017 et
1091 994 1181 1027 prae-

443 1040 550 1072 sertim
572 1038 700 1071 musicis
720 1043 750 1070 et
781 1037 964 1081 bibliopolis
991 1040 1022 1071 et
1053 1037 1182 1080 impres-

442 1092 564 1125 soribus
596 1090 826 1134 praeiudicium
856 1090 964 1123 inferri
990 1090 1182 1135 experientia

442 1151 638 1189 compertum
663 1145 716 1177 sit:

487 1202 501 1242 ,ξ
525 1199 554 1231 li.
576 1199 648 1238 Nos,
666 1198 792 1230 illorum
817 1197 959 1230 omnium
984 1196 1182 1229 indemnitati

443 1254 572 1296 paterna
598 1251 749 1284 charitate
767 1251 933 1283 consulere
953 1251 1101 1292 volentes,
1120 1261 1184 1283 mo-

445 1311 475 1337 tu
493 1304 622 1348 proprio
640 1307 718 1337 etex
732 1305 817 1336 certa
834 1303 963 1336 scientia
977 1304 1096 1343 nostra,
1114 1314 1184 1346 pro-

445 1358 629 1390 hibitionem
650 1361 679 1391 et
699 1357 945 1398 concessionem,
963 1367 998 1389 ac
1016 1356 1182 1399 indultum,

443 1411 545 1455 quoad
571 1422 666 1454 supra
690 1420 838 1454 expressa
855 1415 985 1450 tantum,
1010 1411 1183 1454 apostolica

443 1465 642 1506 auctoritate,
666 1469 774 1496 tenore
798 1464 1030 1507 praesentium,
1055 1474 1182 1497 revoca-

443 1529 523 1558 mus,
544 1528 703 1551 cassamus
723 1522 754 1550 et
769 1518 976 1558 annullamus,
991 1517 1183 1561 viribusque,

444 1578 473 1605 et
497 1572 609 1605 effectu
634 1582 813 1612 vacuamus,
838 1582 873 1604 ac
898 1577 1061 1612 revocata,
1086 1582 1183 1613 cassa,

444 1626 626 1669 viribusque
651 1631 681 1658 et
705 1625 819 1658 effectu
843 1635 939 1658 vacua
964 1635 1031 1658 esse
1057 1630 1087 1658 et
1106 1626 1183 1666 sore,

443 1690 500 1712 nec
525 1679 710 1712 officialibus
727 1683 757 1711 et
781 1678 991 1712 confratribus
1015 1679 1184 1723 praedictis

445 1733 482 1765 de
500 1736 603 1765 cetero
621 1731 787 1774 suffragari
807 1742 898 1776 posse
915 1736 967 1766 aut
987 1732 1102 1765 debere
1116 1743 1123 1773 ;

490 1787 504 1829 ξ
525 1786 552 1818 [J.
571 1786 682 1829 Sieque
698 1791 728 1818 et
743 1796 806 1818 non
826 1785 916 1818 aliter
940 1796 996 1829 per
1020 1796 1185 1830 quoscum-

445 1851 504 1883 que
522 1840 639 1873 iudices
659 1840 836 1873 ordinarios
853 1845 883 1872 et
902 1839 1072 1883 delegatos,
1091 1840 1184 1873 etiam

446 1905 609 1927 causarum
627 1893 732 1937 palatii
751 1893 915 1937 apostolici
933 1894 1103 1935 auditores,
1120 1894 1185 1927 ubi-

445 1959 505 1991 que
526 1948 655 1980 iudicari
677 1953 707 1980 et
723 1947 846 1980 definiri
863 1947 989 1989 debere,
1006 1958 1042 1981 ac
1059 1947 1184 1981 irritum

446 2007 476 2034 et
500 2002 603 2043 inane,
618 2001 643 2033 si
668 2012 756 2034 secus
781 2012 876 2044 super
900 2001 949 2033 liis
973 2012 990 2034 a
1014 2012 1183 2045 quoquam,

446 2055 553 2098 quavis
570 2055 764 2095 auctoritate,
783 2054 916 2087 scienter
926 2055 973 2087 vel
991 2055 1184 2098 ignoranter,

447 2109 613 2151 eontigerit
637 2108 792 2149 attentari,
814 2108 999 2142 auctoritate
1024 2113 1054 2141 et
1078 2112 1186 2142 tenore

447 2162 614 2205 praedictis
628 2162 827 2194 decernimus
844 2167 873 2194 et
889 2161 1096 2195 declaramus.

492 2216 507 2257 ξ
538 2215 566 2247 t‘».
599 2216 667 2248 Non
700 2215 895 2248 obstantibus
927 2215 1039 2249 litteris
1069 2215 1185 2249 nostris

448 2268 623 2311 praedietis,
638 2279 673 2301 ac
690 2268 850 2312 quibusvis
867 2269 1144 2303 constitutionibus
1158 2273 1187 2303 et

448 2322 696 2355 ordinationibus
713 2323 902 2366 apostolicis,
920 2323 1095 2368 ceterisque
1115 2333 1189 2357 eon-

449 2375 552 2408 trariis
577 2376 839 2420 spiibuscumque.

495 2429 602 2461 itatem
628 2430 755 2469 Romae,
780 2429 864 2474 apud
890 2430 919 2463 S.
943 2430 1073 2463 Mariam
1097 2429 1189 2463 Maio-

450 2492 527 2522 rem,
541 2484 597 2514 sub
623 2484 737 2516 annulo
758 2484 935 2525 Piscatoris‚
953 2484 1003 2517 die
1019 2494 1051 2518 1x
1068 2484 1190 2517 decem-

453 2534 515 2565 twis-
536 2545 684 2579 imcxxvr,
700 2537 903 2581 pontificatus
923 2538 1023 2572 nostri
1048 2548 1130 2572 anno
1147 2547 1188 2571 1v.

489 2598 545 2626 bat.
566 2598 608 2627 die
627 2599 644 2627 9
663 2599 814 2628 decembris
836 2601 914 2637 1626,
935 2602 1030 2638 pontif.
1051 2610 1121 2632 anno
1136 2609 1174 2631 1v.

1018 244 1196 268 nttlmAnlttM
1221 244 1374 268 ROMANUM

1967 241 2015 269 An.
2032 241 2060 269 c.
2083 240 2151 269 1626

1522 290 1654 324 ccxxv.

1215 368 1403 402 Nonnullae
1435 367 1657 400 ordinationes
1689 377 1749 410 pro
1783 367 1892 400 missis
1916 368 1952 400 in

1259 422 1388 455 ecclesia&
1413 422 1443 454 S.
1472 421 1621 463 Gregyoriz'
1637 420 1674 452 de
1694 419 1772 453 Urbe
1792 420 1953 454 celebran-

1259 474 1320 515 ctis,
1341 478 1368 507 et
1383 473 1579 517 recipiemlis
1599 471 1817 515 elemosynis¹.

1418 553 1556 580 Urbanus
1578 553 1656 586 Papa
1675 552 1748 585 vm,

1356 600 1392 625 ad
1411 598 1544 625 futuram
1564 597 1608 624 rei
1628 596 1809 624 memoriam.

1259 667 1274 710 ἓ
1298 667 1327 699 1.
1353 667 1438 710 Cum,
1457 667 1536 700 sicut
1550 667 1738 710 accepimus,
1751 665 1954 709 quamplures
2003 673 2153 720 ¹,klvtissar-um

1215 720 1440 765 eleemosynae,
1467 731 1525 764 pro
1550 720 1653 752 missis
1678 719 1709 751 in
1734 717 1864 751 ecclesia
1888 728 1956 751 mo·
1970 706 2069 763 33ἷρξίῑίᾒῖ
2106 706 2154 747 ᾞῗι

1215 773 1343 806 nasterii
1368 774 1396 807 S.
1415 773 1560 815 Gregorii
1580 773 1617 806 dc
1634 773 1717 806 Urbe
1738 771 1957 814 Congregatio-
1971 756 2052 779 ¹⁵⁰³³d¹

1215 826 1263 859 nis
1283 826 1528 859 Camaldulensis
1548 837 1606 870 pro
1625 826 1803 859 animarum
1828 825 1955 858 christi-

1215 879 1356 912 fidelium
1381 880 1601 913 defunctorum
1627 879 1794 922 refrigerio
1811 883 1842 911 et
1858 879 1957 911 salute

1216 933 1421 973 celebrandis,
1447 933 1549 966 eidem
1574 933 1724 966 eeclesiae
1744 932 1776 964 in
1800 931 1866 964 dies
1885 942 1955 965 ero—

1216 991 1348 1029 gentur,
1369 997 1477 1019 omnes
1497 997 1572 1019 vero
1590 986 1703 1019 missae
1718 984 1900 1018 huiusmodi
1917 984 1957 1017 ob

1216 1039 1345 1072 nimiam
1370 1050 1480 1073 earum
1504 1039 1708 1083 quantitatem
1740 1039 1772 1071 in
1799 1038 1881 1072 dicta
1906 1048 1957 1071 ec-

1216 1093 1310 1126 clesia
1336 1093 1490 1126 celebrari
1513 1096 1691 1136 nequeant:

1261 1147 1276 1189 ἓ
1300 1146 1329 1179 ΕΖ.
1355 1147 1434 1187 Nos,
1459 1146 1513 1190 qui
1539 1146 1681 1180 omnium
1713 1145 1805 1178 saluti
1826 1146 1957 1189 paterna
1998 1150 2156 1181 Mandatpatri

1217 1199 1368 1232 charitate
1391 1199 1593 1240 intendimus,
1617 1200 1686 1244 piae
1706 1198 1957 1233 christifidelium
1972 1179 2158 1227 iiilofsrrt't'isstiiasalg·

1217 1252 1380 1287 intentioni
1397 1258 1490 1297 atque
1507 1253 1674 1294 desiderio,
1691 1258 1844 1297 quantum
1868 1251 1959 1285 nobis
1973 1231 2158 1281 ἰυιῖὺῗῑῖιεῖιῗῖἕὲῃιὶ

1218 1317 1255 1339 ex
1279 1307 1341 1340 alto
1373 1307 1575 1348 conceditur,
1605 1306 1770 1340 consulere
1801 1306 1958 1346 volentes,

1218 1365 1306 1393 motu
1338 1360 1469 1404 proprio
1505 1365 1535 1393 et
1570 1371 1607 1394 cx
1639 1361 1724 1394 certa
1756 1359 1887 1393 scientia
1923 1369 1958 1391 ac

1219 1415 1342 1447 matura
1366 1414 1591 1447 deliberatione
1615 1413 1740 1455 nostris,
1765 1412 1867 1457 deque
1887 1422 1960 1455 apo-

1218 1468 1346 1501 stolicae
1359 1468 1522 1512 potestatis
1546 1467 1751 1511 plenitudine,
1766 1466 1879 1500 dilecto
1893 1465 1958 1498 filio

1218 1522 1371 1555 moderno
1402 1526 1432 1554 et
1460 1532 1518 1565 pro
1550 1526 1692 1564 tempore
1717 1520 1860 1553 existenti
1885 1519 1959 1552 dicti

1218 1575 1401 1608 monasterii
1426 1574 1527 1619 priori
1552 1574 1584 1607 in
1608 1574 1721 1608 virtute
1742 1578 1866 1606 sanetae
1891 1572 1961 1606 obe-

1218 1628 1352 1661 dientiae
1384 1638 1442 1672 per
1475 1632 1657 1672 praesentes
1687 1627 1901 1671 praecipimus
1931 1631 1961 1658 et

1218 1682 1415 1723 mandamus,
1440 1686 1484 1725 ut,
1509 1681 1673 1714 satisfactis
1698 1681 1786 1724 prius
1810 1680 1961 1713 oneribus

1217 1735 1378 1779 perpetuis
1391 1735 1559 1768 missarum
1579 1734 1643 1767 sive
1661 1733 1960 1774 anniversariorum,

1218 1789 1333 1833 quibus
1350 1789 1576 1822 monasterium
1590 1787 1773 1821 huiusmodi
1790 1787 1961 1821 obnoxium

1218 1848 1275 1884 est,
1300 1854 1359 1887 pro
1380 1842 1590 1876 satisfactione
1609 1842 1880 1885 elcemosynarum
1901 1851 1964 1873 ma-

1218 1897 1359 1929 nualium
1384 1896 1416 1929 in
1439 1896 1549 1929 eadem
1574 1895 1706 1928 ecelesia
1730 1894 1768 1927 de
1792 1898 1897 1928 cetero
1924 1893 1963 1927 ad

1220 1950 1366 1983 effectum
1392 1949 1590 1993 praedictum
1616 1947 1882 1991 elargiendarum,
1900 1947 1963 1980 sive

1219 2001 1462 2044 erogandarum,
1487 2001 1650 2042 maiorem,
1677 2010 1771 2043 quam
1788 1999 1895 2043 possit,
1920 1999 1963 2031 di-

1219 2055 1381 2098 ligentiam
1401 2055 1565 2095 adhibeat,
1590 2058 1625 2086 ut
1649 2053 1754 2087 debito
1786 2053 1961 2097 eleemosy-

1219 2119 1331 2141 narum
1345 2108 1525 2142 huiusmodi
1539 2117 1673 2141 numero
1686 2107 1719 2140 in
1732 2106 1864 2140 ecelesia
1875 2116 1962 2151 prae-

1219 2162 1302 2195 dicta
1327 2162 1472 2202 satisfiat,

1264 2216 1279 2259 ἓ
1302 2215 1332 2249 3.
1357 2216 1418 2248 Pro
1434 2215 1496 2248 illis
1513 2220 1628 2256 autem,
1649 2215 1763 2258 quibus
1783 2214 1962 2247 satisfacere
1975 2218 2089 2267 mfflffisss
2106 2217 2162 2264 5355:

1220 2279 1283 2302 non
1308 2269 1435 2313 poterit,
1454 2269 1484 2301 in
1505 2269 1589 2302 Urbe
1607 2279 1665 2312 per
1682 2268 1860 2301 sacerdotes
1878 2252 2162 2321 ³30¹¹·5'¹,},ff}1¹‚{{'g¹2³⁵⁵2¹2¹ssff

1220 2324 1312 2365 lares,
1336 2324 1385 2356 vel
1409 2323 1545 2357 cuiusvis
1570 2323 1694 2356 Ordinis
1719 2323 1899 2366 regulares,
1924 2322 1962 2356 de
1976 2326 2088 2351 nasteriis;

1221 2377 1424 2421 superiorum
1449 2388 1580 2410 suorum
1604 2377 1748 2418 licentia,
1772 2377 1863 2409 alteri
1887 2376 1962 2409 mis-

1222 2442 1328 2464 sarum
1354 2431 1574 2465 celebrationis
1598 2431 1686 2464 oneri
1710 2441 1774 2464 non
1798 2430 1961 2473 obnoxios,

1222 2486 1270 2518 vel
1295 2496 1346 2519 eas
1366 2486 1565 2519 monasteriis
1585 2484 1842 2528 Congregationis
1860 2484 1965 2517 liuius-

1223 2539 1319 2582 modi,
1342 2544 1377 2574 ut
1400 2539 1432 2573 in
1456 2550 1567 2574 eorum
1592 2539 1733 2574 ecclesiis
1753 2539 1963 2580 celebrentur,

1261 2657 1272 2684 1
1290 2655 1328 2686 Ex
1342 2655 1450 2693 Regest.
1466 2656 1495 2686 in
1508 2656 1610 2686 Secret.
1631 2656 1766 2686 Brevium.
