2269 3235
106 209 158 235 An.
175 208 203 236 C.
226 208 292 236 1628

127 853 185 874 Nunc
193 852 286 873 extendit.

100 880 221 906 praedictas
233 880 284 900 Gon-

100 907 221 927 stitutiones
237 912 284 932 pro-

101 935 124 954 ut
138 933 158 954 in
173 933 265 954 rubrica.

167 1755 282 1777 Contrariis

100 1783 196 1810 derogat.

139 1915 283 1942 Transumptis

100 1941 158 1962 credi
172 1943 266 1963 mandat.

916 212 1057 235 unnanus

301 256 395 289 lttaria
419 257 615 300 Magdalena,
636 263 793 302 tamquam
820 259 857 291 de
882 260 1040 293 communi

302 308 437 352 Virginis
453 320 515 343 non
533 310 686 354 Martyris,
703 311 786 344 iuxta
804 311 900 355 ipsius
918 311 1042 345 Ordinis

301 360 492 395 breviarium
506 373 523 395 a
537 362 614 396 Sede
627 363 805 406 Apostolica
819 364 1039 407 approbatum,

300 424 335 446 ac
360 414 501 448 rubricas
525 415 673 448 breviarii
698 421 728 448 et
752 416 886 448 missalis
907 417 1040 456 romani,

300 468 332 500 in
355 469 496 502 futurum
529 469 653 502 recitari
678 469 797 513 pariter
826 474 856 502 et
888 470 1039 502 celebrari

299 526 413 564 posset,
438 521 583 556 similiter
607 522 819 555 concessimus
853 526 883 554 et
912 519 1041 554 iridulsi-

301 573 397 615 mus',
423 580 517 618 prout
542 575 572 607 in
597 573 727 607 diversis
751 574 867 607 nostris
891 575 922 606 in
947 574 1039 607 simili

299 628 401 661 format
424 628 531 661 Brevis
555 628 709 671 expeditis
739 628 851 660 litteris
865 655 872 669 ,
906 630 1058 671 quarum*

300 686 425 714 tenores
449 681 667 725 praesentibus
692 691 752 724 pro
777 680 967 715 sufficienter
987 692 1039 713 ex-

300 735 418 778 pressis
450 735 560 768 haberi
585 735 752 777 volumuS,
785 735 907 779 plenius
939 735 1039 768 conti-

300 793 401 822 netur.

344 841 359 885 ἓ
375 841 404 875 3.
422 842 510 875 Nune
527 845 641 883 autem,
659 841 847 875 Ferdinandi
865 842 971 885 magni
988 842 1041 875 du-

300 894 344 927 cis
369 905 405 928 ac
429 895 601 938 priorissae
633 901 662 928 et
694 895 877 928 monialium
909 896 1036 939 praedi-

299 952 423 980 ctorum
441 948 724 991 supplicationibus
744 948 834 981 nobis
855 948 958 981 denuo
983 949 1040 981 liu-

300 1001 416 1035 militer
440 1002 595 1045 porrectis
620 1002 768 1044 inclinati,
794 1002 832 1034 de
856 1002 1058 1035 eorumdemt

300 1055 506 1088 cardinalium
531 1056 673 1093 consilio,
691 1056 775 1099 quod
792 1056 823 1088 in
843 1056 990 1089 omnibus
1012 1061 1040 1089 et
1056 1061 1058 1096 ξ

299 1108 551 1152 quibuscumque
575 1109 735 1151 ecclesiis,
761 1114 824 1142 tam
848 1109 880 1142 in
904 1099 1058 1157 dioecesii

299 1163 479 1196 Florentina
504 1175 598 1207 quam
616 1164 646 1196 in
666 1164 812 1197 universa
830 1164 947 1197 ditione
966 1170 1040 1196 tem—
1056 1168 1057 1200 l

299 1216 400 1259 porali
431 1217 560 1260 praefati
593 1217 780 1249 Ferdinandi
815 1217 919 1259 magni
953 1217 1040 1250 ducis

299 1269 513 1309 existentibus,
531 1270 563 1302 in
583 1269 681 1313 ipsius
704 1269 814 1302 beatae
830 1269 944 1303 Mariae
961 1271 1041 1313 Mag-

299 1323 428 1355 dalenae
452 1323 556 1357 obitus
581 1334 636 1356 seu
660 1323 720 1356 alia
746 1323 950 1367 subsequenti
977 1335 1039 1357 non

299 1375 451 1419 impedita
474 1376 534 1417 die,
560 1377 691 1419 singulis
715 1377 822 1417 annis,
847 1382 876 1409 et
901 1377 1040 1410 officium

299 1432 329 1461 et
341 1428 436 1461 missa
456 1428 494 1461 de
508 1428 616 1462 eadem
631 1429 721 1462 beata
738 1429 833 1461 Maria
847 1429 1039 1472 Magdalena,

298 1486 458 1525 tamquam
483 1482 521 1515 de
545 1483 704 1515 communi
723 1482 859 1525 Virginis
876 1493 939 1515 non
965 1483 1041 1515 Mar-

299 1535 384 1579 tyris,
410 1540 444 1568 ut
467 1536 654 1579 praefertur,
680 1536 807 1569 recitari
832 1539 861 1570 et
886 1536 1039 1569 celebrari

298 1588 396 1621 libere
420 1589 564 1622 similiter
589 1594 619 1622 et
642 1589 725 1622 licite
749 1589 849 1633 possit
873 1593 903 1623 et
926 1590 1038 1631 valeat,

297 1641 380 1675 dicta
393 1642 587 1684 auctoritate,
601 1647 711 1675 tenore
728 1642 951 1686 praesentium,
969 1653 1040 1676 con-
1054 1642 1057 1668 1

297 1695 438 1728 cedimus
462 1695 582 1739 pariter
605 1701 636 1728 et
659 1696 867 1739 indulgemus.

341 1748 395 1792 §4-
415 1749 484 1782 Non
498 1749 695 1782 obstantibus
708 1749 856 1782 omnibus
870 1749 940 1792 iltis,
959 1761 1038 1793 quae

298 1801 330 1834 in
353 1801 444 1834 dictis
467 1802 580 1835 litteris
605 1803 762 1836 voluimus
794 1813 858 1836 non
890 1802 1036 1845 obstare,

298 1854 473 1898 ceterisque
497 1855 664 1888 contrariis
684 1856 948 1901 quibuscumque.

342 1907 357 1951 ἓ
376 1907 405 1940 5.
427 1908 576 1941 Volumus
593 1913 707 1950 autem,
720 1909 804 1953 quod
825 1910 1037 1953 praesentium

296 1961 511 2004 transumptis,
538 1961 631 1994 etiam
655 1961 835 2006 impressis,
862 1974 958 1996 manu
985 1964 1055 1996 ali-⁷

297 2014 387 2047 cuius
406 2015 520 2048 notarii
538 2016 659 2058 publici
679 2016 875 2060 subscriptis,
889 2022 918 2049 et
935 2017 1037 2060 sigillo

296 2078 451 2111 personae
475 2068 606 2101 alicuius
619 2069 651 2101 in
663 2069 813 2112 dignitate
827 2071 1036 2104 ecclesiastica

296 2120 482 2153 constitutae
506 2121 649 2162 munitis,
674 2123 781 2155 eadem
806 2134 936 2166 prorsus
961 2124 1038 2157 fides

296 2173 327 2205 in
351 2173 466 2207 iudicio
484 2178 514 2207 et
526 2179 613 2207 extra
637 2175 834 2216 adhibeatur,
857 2187 936 2220 quae
961 2177 1055 2220 ipsis'

296 2227 514 2270 praesentibus
537 2228 650 2261 litteris
675 2229 883 2272 originalibus
907 2230 1036 2264 adhibe-

297 2285 394 2322 retur,
418 2281 444 2314 si
467 2281 568 2316 forent
588 2282 744 2315 exhibitae
761 2284 809 2316 vel
826 2289 979 2317 ostensae.

340 2333 451 2367 Datum
475 2336 601 2378 Romae,
626 2337 708 2380 apud
721 2337 750 2370 S.
765 2337 902 2379 Petrum,
916 2338 973 2371 sub
987 2349 1037 2371 an-

296 2387 371 2421 nuto
380 2388 556 2431 piscatoris,
565 2389 615 2422 die
627 2400 706 2424 xvm
715 2391 847 2424 ianuarii
859 2402 1035 2433 mcxxviii,

296 2440 496 2484 pontificatus
509 2443 609 2476 nostri
625 2454 706 2478 anno
728 2454 757 2477 v.

330 2503 391 2531 Dat.
408 2503 450 2532 die
468 2504 500 2531 18
513 2504 626 2533 ianuarii
643 2507 721 2542 1628,
738 2507 832 2543 pontif.
850 2516 920 2535 anno
936 2516 961 2535 v.

331 2610 343 2637 1
359 2609 424 2638 Vide
439 2618 520 2647 supra
533 2619 595 2647 pag.
611 2611 662 2640 538
676 2613 715 2648 (n.
730 2614 778 2648 τ.).

1083 213 1137 235 vui
1163 214 1209 236 rin

1366 261 1520 295 CCLXXV.

1076 332 1260 364 I‘raliibilio
1275 333 1467 365 transeundi
1479 333 1518 365 uh
1533 332 1655 366 Ordine
1669 334 1810 376 fratrum

1121 386 1378 427 ltesmvmtlorum
1405 387 1513 418 (mitae
1532 387 1657 419 Mariae
1678 386 1714 417 de
1734 387 1814 418 Mer-

1119 438 1191 469 cette
1210 439 1442 481 Redemptionix
1463 440 1661 482 captivorum
1688 439 1729 470 (til
1749 438 1814 482 frct-

1122 494 1182 522 tres
1198 491 1359 524 Culrealos
1377 493 1515 524 eiusdem
1535 493 1680 531 Ordinis,
1696 494 1815 536 absque

1119 543 1262 576 Romani
1286 545 1458 586 Pontificis
1478 547 1626 588 erpressci
1647 546 1777 578 licentia
1792 545 1809 578 ¹.

1276 620 1411 647 Urbanus
1433 622 1511 655 Papa
1531 623 1609 653 vm,

1198 664 1233 690 ad
1253 667 1428 698 perpetuam
1448 665 1491 692 rei
1512 666 1692 693 memoriam.

1716 204 1779 238 623
1826 213 1874 240 An.
1891 213 1920 241 c.
1943 212 2010 240 1628

1118 733 1250 766 Iniuncti
1275 734 1365 766 nobis
1391 735 1553 778 apostolici
1577 737 1716 769 muneris
1734 739 1813 771 ratio
1940 760 1964 772 ῃ.

1074 788 1220 830 postulat,
1237 793 1270 820 ut
1295 788 1518 831 religiosorum
1545 790 1633 829 rotis,
1651 791 1714 833 qui,
1732 802 1815 834 spre-

1076 840 1112 873 tis
1130 841 1223 873 liuius
1240 841 1335 874 seculi
1354 841 1550 882 vanitatibus,
1566 842 1661 874 divini
1680 844 1815 876 numinis·

1074 894 1234 938 obsequiis
1259 895 1316 927 sub
1346 895 1431 927 suari
1463 895 1624 938 religionis
1650 896 1723 939 iugo
1749 908 1815 930 sese

1075 949 1311 991 manciparunt,
1337 954 1500 991 paternam
1526 960 1633 981 euram
1660 957 1815 993 gerentes,

1074 1011 1109 1033 ea
1134 1005 1305 1034 statuamus
1341 1006 1370 1034 et
1402 1001 1629 1043 decernamus,
1655 1014 1711 1046 per
1736 1015 1815 1048 quac

1075 1065 1244 1098 prospero,
1271 1055 1415 1098 selieique
1449 1066 1560 1088 eorum
1590 1057 1681 1089 statui
1714 1063 1743 1090 et
1768 1058 1814 1090 di-

1074 1108 1205 1141 rectioni
1230 1115 1406 1152 opportune
1427 1110 1616 1151 consulatur,
1635 1116 1727 1153 prout
1746 1121 1816 1144 con-

1074 1161 1225 1205 spicimus
1251 1162 1281 1193 in
1307 1163 1439 1195 Domino
1464 1163 1632 1195 salubriter
1657 1164 1813 1207 expedire.

1119 1216 1132 1258 ξ
1161 1215 1186 1247 l.
1212 1216 1287 1247 Cum
1314 1216 1436 1259 itaque,
1462 1216 1541 1250 sicut
1566 1217 1669 1250 dilecti
1695 1218 1750 1250 tilii
1777 1219 1815 1251 ri·
1857 1231 1936 1249 emm
1956 1232 2013 1250 affl

1074 1268 1176 1301 rarius
1194 1273 1223 1302 et
1240 1269 1328 1312 prior
1352 1270 1508 1311 generalis
1534 1270 1669 1306 fratrum
1691 1271 1815 1305 Ordinis

1074 1321 1105 1353 B.
1123 1321 1236 1354 Mariae
1253 1322 1290 1354 de
1308 1323 1448 1355 Mercede
1470 1324 1705 1368 Redemptionis
1723 1326 1816 1369 capti-

1075 1385 1186 1407 vorum
1211 1376 1463 1409 Rclormatorum
1490 1383 1742 1421 nuncul'mtorum
1763 1390 1816 1413 no-

1074 1427 1121 1460 bis
1145 1438 1246 1472 nuper
1281 1430 1393 1472 exponi
1428 1430 1590 1471 feceruut,
1616 1432 1756 1464 nonnulli
1780 1443 1815 1465 ex

1074 1481 1223 1514 fratribus
1243 1482 1434 1523 huiusmodi,
1455 1484 1621 1527 aliquando
1642 1486 1745 1526 nullis,
1764 1487 1818 1519 ali-

1075 1535 1199 1578 quando
1225 1547 1299 1569 xero
1324 1537 1444 1569 levibus
1470 1548 1506 1570 ex
1531 1538 1642 1579 causis,
1664 1540 1749 1572 nulla
1775 1545 1817 1572 ta-

1076 1599 1147 1621 men
1178 1600 1274 1633 super
1305 1590 1364 1623 hoc
1389 1590 1428 1624 ab
1453 1592 1631 1634 Apostoliea
1657 1593 1734 1625 Sede
1759 1594 1815 1626 ob·

1075 1645 1158 1676 tenta
1178 1643 1315 1683 licentia,
1337 1644 1376 1675 ad
1393 1644 1504 1677 fratres
1518 1645 1642 1678 Ordinis
1659 1647 1816 1680 Calceatos

1074 1702 1270 1740 nuncupatos
1300 1707 1331 1729 se
1357 1699 1526 1731 transferre
1558 1701 1814 1742 procurarerint.7

1074 1754 1103 1781 et
1127 1749 1159 1781 in
1183 1750 1249 1782 dies
1272 1757 1455 1794 procurent,
1481 1762 1544 1784 non
1569 1753 1636 1785 sinc
1660 1754 1816 1796 regularis

1073 1803 1291 1836 observantiae
1316 1804 1515 1847 detrimento,
1537 1816 1571 1838 ac
1596 1806 1727 1839 fratrum
1754 1812 1815 1840 tam

1073 1855 1286 1890 Calceatorum
1316 1868 1409 1900 quam
1440 1858 1694 1892 Reformatorum
1726 1870 1815 1903 prae-

1073 1909 1229 1942 dictorum
1250 1910 1482 1954 inquietudine:

1118 1964 1133 2006 ξ
1149 1964 1177 1996 2.
1196 1964 1268 2003 Nos,
1284 1976 1342 2008 pro
1359 1966 1459 1998 nostri
1476 1967 1642 2009 pastoralis
1656 1967 1749 2001 oflicii
1766 1969 1815 2002 de-

1072 2017 1154 2057 bito,
1176 2018 1374 2060 praemissis,
1400 2025 1551 2063 (plantum
1576 2021 1666 2053 nobis
1691 2032 1727 2054 ex
1751 2023 1813 2055 alto

1054 2071 1265 2114 ,concediuuy
1291 2072 1414 2105 obviam
1440 2073 1496 2114 ire,
1513 2085 1731 2118 prosperoque
1755 2076 1814 2108 sra-

1072 2129 1156 2157 trum
1186 2126 1371 2159 eorumdem
1402 2127 1494 2160 statui
1523 2132 1552 2160 et
1585 2128 1681 2171 quieti
1706 2139 1815 2162 consu-

1072 2179 1136 2211 lere
1160 2179 1321 2221 rolentes,
1349 2181 1629 2224 supplicationilms
1654 2183 1761 2215 vicarii
1786 2189 1815 2216 et

1072 2233 1287 2276 procuratoris
1307 2234 1502 2276 generalium
1521 2235 1702 2269 huiusmodi
1723 2237 1814 2269 uobis

1109 2306 1117 2330 1
1138 2304 1175 2330 De
1199 2304 1328 2331 fratribus
1349 2305 1376 2331 B.
1394 2304 1493 2332 Mariae.
1513 2304 1546 2332 de
1571 2305 1692 2333 Mer-*ede
1713 2310 1739 2333 et
1760 2310 1814 2334 toto

1072 2356 1166 2375 eorum
1182 2352 1252 2375 statu
1268 2349 1327 2376 vide
1343 2349 1369 2375 in
1386 2349 1475 2376 Const.
1492 2357 1542 2376 xm
1559 2350 1681 2385 Gregorii
1698 2350 1738 2384 tx,
1759 2352 1814 2378 De-

1072 2394 1201 2427 meionis,
1223 2397 1286 2420 tom.
1304 2400 1341 2428 111,
1358 2402 1418 2429 pag.
1440 2395 1502 2422 485.
1521 2395 1551 2420 Et
1571 2395 1709 2429 privilegia
1726 2396 1814 2423 eidem

1071 2438 1162 2465 Ordini
1179 2447 1308 2465 concessa
1323 2438 1467 2465 novissime
1485 2440 1657 2466 confirmarit
1676 2441 1728 2467 iste
1743 2441 1815 2468 Pon-

1071 2483 1132 2509 tifex
1152 2482 1179 2509 in
1201 2483 1291 2510 Const.
1312 2483 1360 2509 Ex
1380 2484 1511 2510 clementi
1527 2492 1606 2518 quam
1623 2488 1715 2520 postea
1735 2485 1813 2512 dabi-

1070 2527 1194 2554 1nus=sub
1213 2527 1255 2554 die
1270 2528 1285 2553 9
1302 2531 1354 2553 oet.
1369 2528 1446 2554 1628.
1463 2528 1495 2554 Et
1510 2528 1618 2555 demum
1635 2529 1813 2557 Discat‹·eatos

1070 2579 1084 2597 a
1104 2571 1235 2598 Calceatis
1255 2571 1422 2606 separaverit
1440 2570 1531 2598 Const.
1553 2579 1664 2605 ccxxtx,
1685 2574 1721 2600 In
1740 2574 1813 2601 Sede

1068 2615 1105 2648 (in
1123 2615 1149 2643 h.
1166 2623 1193 2642 n.
1211 2615 1253 2643 ed.
1269 2621 1327 2650 cer,
1345 2624 1406 2651 sup.
1424 2624 1485 2651 pag.
1503 2616 1574 2652 565).

1830 1258 1930 1278 Constitu*
1937 1264 1997 1278 iouis.

1897 1977 2014 1997 l'mlubitio

1830 2005 1873 2022 {izin
1888 2003 1928 2023 itus
1937 2004 1962 2023 de
1972 2010 2013 2030 quo

1830 2031 1849 2050 iu
1865 2030 1959 2050 rubrica.
