2269 3235
129 257 178 286 An.
195 256 224 285 C.
247 254 316 284 ¹623

190 318 313 340 Mandatum

195 345 314 372 praesenti-

128 372 168 392 bus
178 373 250 398 gratiis
261 371 314 397 rezi·

129 399 228 423 atr-udis,
243 400 285 420 ete.

160 1330 316 1351 Contrariorum

132 1356 250 1383 derogatio.

937 257 1079 281 ttulimus
1099 258 1115 281 V
1122 257 1154 282 lll
1175 258 1222 282 Pr.

374 303 389 348 ἓ
405 303 457 338 19.
473 304 509 337 Et
522 304 651 349 insuper
668 304 788 338 dilectis
804 304 876 338 filiis
896 305 1068 338 rescriben-

328 356 427 398 dario,
452 361 481 392 et
504 358 701 403 computario
726 357 849 401 collegii
874 358 1065 402 scriptorum

330 411 505 445 litterarum
529 412 784 456 apostolicarum,
802 417 833 444 et
849 411 917 444 aliis
933 411 971 444 ad
988 423 1067 456 quos

328 470 458 509 spectat,
475 465 506 498 in
523 466 638 500 virtute
662 470 787 498 sanctae
812 465 1018 506 obedientiae,
1038 471 1068 498 et

329 518 386 551 sub
410 521 513 563 poena
543 518 766 562 indignationis
790 524 937 559 nostrae,
962 524 1068 559 motu,

329 572 470 614 scientia,
484 577 514 607 et
525 572 687 616 potestatis
703 572 896 616 plenitudine
912 572 1069 605 similibus

330 625 525 667 mandamus,
544 631 578 658 ut
601 625 724 659 easdem
750 631 930 669 praesentes
954 630 985 659 et
1008 625 1070 659 for-

330 688 385 712 san
407 678 483 712 alias
506 678 626 712 litteras
651 679 839 723 apostolicas
863 689 959 723 super
982 689 1070 723 prae-

330 731 433 765 missis
444 731 590 765 omnibus
599 736 629 764 et
642 732 784 775 singulis,
798 733 860 765 tam
879 732 1069 766 coniunctim

329 795 423 830 quarn
448 785 583 826 divisim,
594 795 630 819 ac
649 796 708 829 pro
722 785 854 829 singulis
869 786 1070 830 quibuscum-

329 848 390 882 que
409 838 698 883 prorogationibus,
715 838 849 873 decretis
873 845 904 873 et
924 840 1070 873 clausulis

329 891 359 924 in
384 892 428 925 eis
448 893 612 933 contentis,
629 893 726 935 gratis
743 892 782 926 de
800 893 945 927 mandato
962 899 1071 927 nostro

328 944 456 989 ubique,
474 945 505 978 in
521 945 668 978 omnibus
688 946 815 987 officiis,
833 952 863 979 et
879 947 1072 980 abbreviato-

329 1008 412 1040 rum,
429 999 680 1040 sollicitatorum,
698 1000 952 1040 secretariorum,
973 1001 1073 1044 plum-

328 1052 424 1096 bique
451 1059 481 1087 et
505 1053 631 1097 registri
655 1054 773 1098 absque
797 1054 901 1098 aliqua
925 1055 1072 1098 pecunia-

329 1117 401 1140 rum
425 1107 603 1148 exactione,
628 1108 721 1141 etiam
747 1118 804 1151 per
829 1108 910 1141 viam
936 1119 1069 1152 compo—

330 1160 452 1193 sitionis
476 1161 617 1193 facienda
632 1188 639 1201 ,
664 1162 749 1194 omni
774 1162 1020 1195 contradictione
1044 1168 1074 1195 et

331 1213 478 1247 dilatione
492 1214 696 1255 cessantibus,
715 1215 837 1258 signent
855 1221 885 1248 et
905 1216 1074 1260 expediant

332 1271 361 1301 et
384 1268 523 1311 expediri
548 1269 670 1301 saciant.

376 1320 391 1364 ἓ
415 1319 466 1353 20.
492 1321 559 1355 Non
589 1322 992 1367 obstantibus-praemissis
1007 1350 1014 1364 ,
1039 1333 1074 1356 ac

331 1373 370 1407 de
394 1379 480 1408 certo
504 1375 689 1409 eorumdem
715 1377 911 1410 notariorum
930 1388 1074 1417 numero,

331 1427 454 1461 etiamsi
478 1428 516 1461 ad
541 1429 629 1462 illum
655 1429 795 1463 nondum
821 1430 860 1463 sit
883 1430 1052 1463 deventum
1067 1457 1074 1470 ,

331 1481 381 1515 cui
405 1493 462 1526 per
488 1488 669 1526 praesentes
694 1483 770 1517 alias
797 1494 861 1517 non
885 1484 1075 1517 intendimus

331 1535 496 1579 derogare,
513 1547 549 1570 ac
566 1538 677 1581 regula
702 1541 811 1571 nostra
831 1538 869 1571 de
886 1538 1074 1582 praestando

332 1599 486 1623 consensu
511 1590 542 1623 in
566 1591 780 1635 pensionibus,
804 1592 903 1625 felicis
929 1592 1074 1625 recorda-

332 1643 425 1676 tionis
450 1643 494 1676 Pii
516 1644 615 1689 Papae
640 1645 677 1678 IV
702 1645 955 1689 praedecessoris
975 1645 1073 1679 nostri

333 1696 371 1730 de
395 1696 550 1730 similibus
586 1698 633 1731 vel
663 1697 869 1732 dissimilibus
900 1699 1010 1741 gratiis
1045 1698 1075 1731 in

333 1755 460 1784 camera
479 1751 653 1796 apostolica
672 1751 753 1784 infra
770 1756 832 1786 tres
850 1762 973 1785 menses
991 1763 1077 1795 prae-

334 1804 492 1837 sentandis
517 1803 564 1837 et¹
590 1804 806 1847 registrandis,
830 1816 866 1838 ac
891 1805 1076 1838 recolendae

335 1859 507 1892 memoriae
531 1859 576 1892 Pii
602 1859 702 1903 Papae
727 1860 749 1892 V
774 1861 867 1892 etiam
896 1860 1077 1903 praedeces-

335 1913 416 1945 soris
440 1912 540 1945 nostri
565 1917 674 1946 contra
699 1913 890 1956 illegitimos,
915 1925 951 1947 ac
980 1914 1078 1946 Picta-

336 1966 451 1999 viensis
480 1967 626 2007 concilii,
651 1972 680 1999 et
714 1967 783 2000 aliis
813 1967 1017 2011 apostolicis,
1042 1978 1077 2000 ac

335 2020 429 2053 etiam
455 2020 486 2052 in
511 2019 751 2060 universalibus,
769 2021 1078 2065 provincialibusque

337 2073 477 2106 conciliis
492 2073 601 2106 editis³
614 2074 801 2117 specialibus
819 2075 865 2106 vel
877 2075 1078 2117 generalibus

337 2127 614 2160 constitutionibus
638 2133 668 2160 et
692 2127 941 2161 ordinationibus
958 2134 1080 2171 aposto-

337 2180 415 2221 licis,
440 2192 475 2214 ac
500 2181 777 2222 monasteriorum,
799 2182 1015 2222 ecclesiarum,
1033 2193 1080 2215 or-

337 2233 456 2276 dinum,
473 2235 565 2268 etiam
591 2235 620 2268 S.
645 2235 770 2268 Ioannis
793 2236 1078 2280 Hieromlymssani,

338 2298 374 2321 ac
398 2288 490 2322 etiarn
516 2289 603 2322 urbis
623 2289 752 2330 Rornae,
769 2294 799 2322 et
815 2289 949 2322 aliarum
974 2289 1079 2322 civita-

339 2347 415 2382 tum,
432 2342 621 2386 oppidorum
635 2348 666 2375 et
682 2348 848 2383 terrarum,
863 2348 915 2376 aut
935 2354 1078 2376 camerae

339 2395 538 2439 praedictae,
563 2402 593 2430 et
622 2397 807 2441 quarumvis
839 2397 1078 2430 universitatum

339 2449 446 2491 (etiam
470 2450 664 2493 iuramento,
689 2451 928 2485 confirmatione
952 2457 1078 2495 aposto-

339 2503 416 2543 lica,
442 2503 489 2536 vel
514 2505 623 2547 quavis
646 2505 795 2538 firmitate
823 2505 884 2538 alia
908 2505 1079 2548 roboratis)

340 2557 476 2598 statutis,
502 2556 736 2599 stabilimentis‚
759 2558 870 2591 usibus
894 2563 924 2591 et
948 2557 1079 2598 naturis,

376 2629 387 2655 1
406 2627 626 2655 Coniunctionem
642 2631 668 2655 et
682 2637 732 2656 nos
746 2629 871 2656 addimus
883 2629 924 2664 (n.
942 2630 990 2664 T.)-

375 2672 391 2699 2
404 2673 505 2700 Vocem
520 2673 606 2701 editis
622 2681 670 2700 nos
685 2673 809 2701 addimus
821 2674 859 2708 (n.
877 2674 925 2707 τ.).

1099 305 1244 347 decretis,
1261 316 1296 339 ac
1320 304 1414 339 etiam
1438 304 1526 339 novis
1551 305 1839 347 reformationibus,

1100 364 1130 391 et
1142 359 1235 392 etiam
1251 359 1384 403 legibus,
1398 365 1460 392 tam
1475 358 1656 404 pontificiis,
1673 369 1768 403 quam
1786 359 1841 392 irn-

1101 412 1284 455 perialibus,
1310 413 1405 456 regiis
1429 418 1459 446 et
1483 411 1646 445 ducalibus
1659 439 1667 453 ,
1685 411 1777 444 etiam
1795 422 1840 444 sa-

1101 465 1162 498 cris
1179 465 1361 506 canonibus,
1379 466 1551 510 privilegiis
1565 476 1700 510 quoque,
1715 464 1842 498 indultis

1101 524 1132 551 et
1155 518 1267 552 litteris
1284 520 1474 563 apostolicis,
1491 520 1709 564 superioribus
1726 525 1756 552 et
1774 529 1843 563 per-

1102 572 1187 605 sonis
1219 582 1255 605 ac
1284 572 1361 605 locis
1392 573 1643 617 quibuscumque
1667 573 1698 606 in
1727 582 1843 616 genere

1105 625 1151 658 vel
1176 625 1207 658 in
1230 626 1348 669 specie,
1373 626 1431 659 sub
1456 626 1707 671 quibuscumque
1731 626 1845 660 tenori-

1103 678 1161 712 bus
1185 684 1216 712 et
1239 678 1359 719 formis,
1380 689 1416 712 ac
1434 689 1506 712 cum
1531 679 1692 722 quibusvis
1715 679 1845 724 deroga-

1104 732 1258 765 toriarum
1274 732 1493 775 derogatoriis,
1510 733 1642 776 aliisque
1665 733 1847 767 efficaciori-

1104 786 1180 827 bus,
1205 786 1430 819 efficacissimis
1461 791 1491 819 et
1522 786 1656 820 insolitis
1681 787 1846 828 clausulis,

1105 839 1362 883 irritantibusque
1379 845 1409 872 et
1425 839 1494 872 aliis
1511 839 1655 879 decretis,
1674 839 1767 872 etiam
1784 840 1846 872 vim

1105 894 1209 927 statuti
1224 894 1367 938 perpetui
1382 893 1625 934 continentibus,
1640 893 1734 927 etiam
1748 899 1847 934 motu,

1105 948 1236 980 scientia
1265 953 1295 981 et
1326 948 1487 992 potestatis
1518 947 1712 991 plenitudine
1743 947 1850 980 simili-

1106 1001 1174 1041 bus,
1195 1012 1231 1034 ac
1254 1001 1347 1035 etiam
1373 1000 1642 1040 consistorialiter,
1667 1005 1697 1033 et
1720 999 1796 1033 alias
1817 1000 1850 1032 in

1107 1057 1300 1088 contrarium
1312 1055 1417 1089 forsan
1428 1054 1665 1098 quomodolibet
1682 1054 1849 1095 concessis,

1107 1109 1299 1152 approbatis,
1317 1114 1347 1142 et
1368 1109 1537 1149 innovatis;
1558 1108 1639 1141 inter
1663 1108 1724 1140 alia
1747 1107 1850 1152 dispo-

1108 1162 1277 1203 nentibus,
1302 1161 1387 1206 quod
1417 1162 1569 1195 beneficia
1605 1161 1696 1194 Urbis
1725 1160 1849 1194 nonnisi

1108 1216 1262 1258 personis,
1281 1216 1374 1249 certis
1399 1215 1493 1249 modo
1517 1221 1548 1249 et
1572 1216 1672 1248 forma
1689 1214 1850 1258 qualifica-

1109 1267 1157 1307 tis,
1175 1273 1205 1300 et
1229 1268 1370 1301 oriundis
1394 1279 1431 1301 ex
1457 1268 1551 1301 certis
1576 1268 1669 1305 locis.
1694 1278 1730 1300 ac
1755 1267 1850 1300 trium

1108 1321 1255 1354 ordinum
1283 1322 1484 1362 militarium,
1510 1326 1539 1356 et
1563 1331 1711 1365 expresse
1735 1321 1852 1364 profes-

1109 1375 1160 1415 sis,
1182 1375 1318 1408 conferri
1339 1379 1369 1409 et
1388 1374 1603 1408 commendari
1629 1375 1766 1413 soleant;
1787 1373 1853 1418 qui-

1108 1428 1166 1461 bus
1190 1428 1359 1469 omnibus,
1384 1428 1506 1461 etiamsi
1530 1428 1605 1461 alias
1636 1438 1694 1471 pro
1725 1427 1851 1461 illorum

1109 1481 1273 1514 sufficienti
1299 1481 1504 1524 derogatione
1528 1481 1566 1514 de
1587 1480 1658 1522 illis,
1678 1490 1853 1524 eorumque

1108 1534 1180 1568 totis
1190 1535 1353 1568 tenoribus
1365 1534 1520 1578 specialis,
1533 1533 1689 1578 specifica,
1703 1543 1853 1578 expressa

1108 1593 1139 1621 et
1163 1588 1332 1629 individua,
1349 1598 1386 1621 ac
1404 1588 1443 1621 de
1461 1587 1558 1621 verbo
1575 1587 1613 1620 ad
1631 1587 1773 1627 verbum,
1790 1596 1853 1620 non

1110 1646 1213 1676 autem
1238 1653 1294 1687 per
1319 1642 1476 1675 clausulas
1501 1642 1665 1685 generales
1689 1641 1772 1674 idem
1798 1641 1854 1674 im-

1109 1700 1280 1740 portantes,
1296 1696 1413 1730 mentio
1430 1707 1485 1729 seu
1506 1695 1634 1740 quaevis
1653 1695 1714 1728 alia
1730 1705 1854 1739 expres-

1110 1750 1156 1783 sio
1174 1750 1319 1783 habenda
1334 1744 1503 1793 autaliqua
1520 1749 1579 1782 alia
1589 1748 1742 1793 exquisita
1753 1748 1854 1782 forma

1111 1804 1148 1836 ad
1165 1804 1225 1837 hoc
1245 1803 1397 1836 servanda
1421 1803 1511 1843 soret,
1529 1813 1640 1836 eorum
1666 1808 1801 1841 tenores,
1818 1811 1854 1834 ac

1111 1858 1135 1890 si
1161 1857 1199 1890 de
1224 1857 1320 1890 verbo
1345 1857 1383 1890 ad
1408 1857 1551 1896 verbum,
1575 1856 1654 1891 nihil
1679 1856 1803 1899 penitus
1823 1865 1854 1888 o-

1113 1912 1218 1951 misso,
1237 1917 1267 1944 et
1291 1912 1393 1944 forma
1418 1911 1449 1943 in
1467 1911 1528 1943 illis
1545 1910 1659 1942 tradita
1678 1910 1854 1950 observata,

1112 1965 1220 1998 inserti
1246 1965 1357 2005 forent,
1382 1964 1602 2008 praesentibus
1626 1974 1685 2007 pro
1710 1963 1802 2007 plene
1825 1968 1855 1995 et

1112 2019 1304 2052 sufficienter
1328 2018 1485 2063 expressis
1509 2018 1669 2058 habentes,
1694 2016 1755 2049 illis
1778 2016 1854 2049 alias

1113 2073 1144 2105 in
1158 2084 1214 2106 suo
1231 2073 1347 2107 robore
1367 2072 1593 2117 permansuris,
1607 2072 1665 2104 hac
1682 2071 1748 2104 vice
1768 2070 1855 2103 dum—

1114 2132 1206 2167 taxat,
1220 2127 1398 2172 specialiter
1422 2132 1452 2159 et
1476 2136 1624 2170 expresse
1644 2125 1755 2158 harum
1774 2124 1854 2157 serie

1113 2180 1314 2223 derogamus,
1332 2179 1499 2214 contrariis
1523 2179 1786 2223 quibuscumque;
1803 2181 1854 2211 aut

1113 2235 1138 2267 si
1163 2235 1326 2277 quibusvis
1352 2233 1564 2267 communiter
1594 2232 1640 2265 vel
1668 2231 1791 2264 divisim
1816 2231 1855 2264 ab

1112 2288 1224 2322 eadem
1248 2289 1288 2321 sit
1312 2288 1390 2322 Sede
1415 2288 1582 2327 indultum,
1599 2286 1683 2330 quod
1700 2284 1855 2325 interdici,

1113 2343 1259 2387 suspendi
1285 2343 1332 2375 vel
1357 2340 1625 2375 excommunicari
1648 2349 1711 2372 non
1735 2338 1856 2382 possint

1113 2407 1169 2440 per
1193 2397 1311 2429 litteras
1336 2394 1525 2438 apostolicas
1544 2403 1606 2426 non
1626 2392 1774 2425 facientes
1794 2391 1855 2436 ple-

1113 2460 1186 2482 nam
1211 2454 1242 2482 et
1265 2458 1456 2492 expressam,
1477 2457 1513 2479 ac
1537 2446 1575 2478 de
1599 2445 1697 2478 verbo
1721 2444 1760 2477 ad
1784 2454 1854 2477 ver-

1112 2503 1188 2535 bum
1205 2503 1243 2535 de
1261 2502 1382 2534 indulto
1398 2499 1579 2534 huiusmodi
1597 2498 1798 2532 mentionem.

1159 2557 1173 2600 g
1197 2556 1248 2589 21.
1268 2555 1416 2588 Volumus
1436 2559 1552 2594 autem,
1570 2552 1654 2596 quod
1671 2551 1854 2585 earumdem

1114 2609 1328 2654 praesentium
1343 2607 1559 2652 transumptis,
1572 2607 1667 2640 etiam
1680 2605 1854 2650 impressis,

1115 2673 1150 2695 ac
1175 2663 1277 2705 sigillo
1309 2666 1338 2695 et
1368 2672 1463 2695 manu
1489 2661 1620 2695 alicuius
1645 2669 1798 2705 personae
1822 2658 1854 2690 in

1766 246 1802 282 91
1855 258 1903 285 An.
1925 259 1952 284 c.
1971 259 2038 287 ¹62³

1910 2555 2054 2583 Transumptts

1870 2583 1939 2603 danda
1949 2583 2009 2604 fides.
