2269 3235
102 241 151 268 An.
173 239 202 268 C.
219 238 287 267 1625

142 941 288 963 Procuratoris

104 968 208 997 generalis
228 968 288 988 Ordi-

103 1000 136 1017 nis
150 999 234 1022 proces.

134 1845 250 1870 Indnltum,
266 1845 291 1866 do

109 1878 150 1900 quo
163 1873 183 1893 tu
198 1872 290 1894 rubrica.

915 237 1057 262 URBANUS
1078 237 1134 261 vm
1154 237 1201 261 Pr.

299 286 395 321 donat
410 286 440 319 in
458 285 562 327 caelis,
578 285 661 319 vices
684 295 874 330 quamquam
894 285 1041 318 immeriti

301 344 446 385 gerentes
472 339 503 372 in
527 339 632 381 terris,
653 351 690 373 ex
711 339 850 373 iniuncto
874 339 964 375 nobis
988 339 1040 371 dc-

301 404 397 438 super
421 393 585 438 pastoralis
609 393 702 426 officii
735 392 839 426 debito
870 402 1042 435 procurare

301 452 456 487 tenemur,
481 451 516 479 ut
540 446 722 480 eorumdem
747 455 910 478 servorum
928 444 1040 477 Christi

301 500 405 534 debita
422 499 581 533 veneratio
598 499 629 532 in
648 499 713 532 dies
739 498 839 541 inagis
855 508 1041 542 promovea-

300 558 362 594 tur,
378 553 586 596 laudeturque
610 551 759 585 Dominus
780 551 812 583 in
833 551 947 584 sanctis
968 551 1040 583 suis.

300 607 511 647 Quamobrem
532 605 671 638 fidelium
697 604 922 648 quorumlibet,
944 615 1038 648 prae-

302 659 410 694 sertim
428 670 502 692 vero
520 658 576 691 sub
591 657 677 691 suavi
691 657 854 700 religionis
868 657 941 700 iugo
956 658 1044 690 Altis-

302 713 382 747 simo
398 711 625 751 famulantium,
642 710 731 751 votis,
752 720 833 754 quae
852 710 1043 754 peculiarem

303 770 482 801 sanctorum
505 764 687 799 huiusmodi
710 765 828 797 cultum
853 764 1041 808 respiciunt,

302 820 436 853 libenter
455 818 632 860 annuimus,
657 822 753 862 prout
778 817 988 861 conspicimus
1013 818 1042 850 in

301 873 435 907 Domino
456 871 624 905 salubriter
641 871 799 915 expedire.

349 926 364 970 ἓ
381 926 410 959 1.
425 925 504 959 Sane
521 925 654 958 dilectus
671 924 754 957 filius
767 923 901 957 Didaous
918 924 956 957 de
976 934 1044 957 san-

304 983 354 1013 cto
367 978 562 1023 Raymundo,
581 982 770 1022 procurator
790 977 946 1020 generalis
958 976 1045 1011 Ordi-

303 1033 352 1066 nis
362 1033 496 1065 fratrum
514 1032 777 1065 Discalceatorum
791 1036 1043 1075 nuncupatorum

304 1088 335 1120 B.
354 1087 468 1120 Mariae
485 1087 522 1119 de
540 1087 681 1120 Mercede
709 1086 936 1130 redemptionis
954 1086 1046 1130 capti-

304 1151 426 1181 vorum,
451 1140 542 1173 nobis
573 1150 675 1184 nuper
706 1139 818 1183 exponi
843 1139 936 1179 fecit,
961 1140 1046 1183 quod

303 1195 418 1229 fratres
434 1193 596 1238 praedicti,
617 1204 676 1237 pro
698 1203 745 1233 eo,
766 1203 858 1236 quem
880 1204 956 1236 erga
976 1203 1045 1226 san-

305 1253 389 1281 ctum
403 1246 622 1292 Raymundum
638 1248 826 1288 Nonnatum,
841 1246 979 1279 eiusdem
995 1246 1047 1280 Or-

304 1300 396 1340 dinis,
413 1300 488 1333 dum
506 1299 590 1341 vixit,
612 1299 835 1343 professorem,
853 1309 888 1331 ac
913 1299 941 1331 S.
960 1299 993 1332 R.
1013 1300 1044 1332 E.

305 1353 508 1392 cardinalem,
529 1357 651 1395 gerunt,
677 1351 852 1384 devotionis
870 1352 991 1393 affectu,
1018 1357 1047 1384 et

305 1406 343 1440 ad
367 1405 542 1449 augendam
566 1405 679 1439 Christi
704 1405 843 1437 fidelium
870 1406 1046 1448 ergaillum

304 1459 514 1499 devotionem,
531 1458 669 1492 officium
687 1462 716 1491 et
736 1458 863 1491 missam
882 1458 919 1491 de.
936 1459 1046 1492 eodem

305 1518 412 1547 sancto
425 1512 620 1557 Raymundo,
632 1517 667 1545 ut
680 1513 770 1553 infra,
784 1512 910 1545 recitari
927 1518 957 1545 et
970 1514 1047 1546 cele-

304 1566 390 1600 brari
408 1576 499 1610 posse
517 1576 718 1610 summopere
736 1565 931 1604 deside1·ant;
956 1566 1047 1599 nobis

305 1625 476 1664 propterea
493 1618 576 1652 idem
593 1619 726 1651 Didacus
742 1619 837 1652 totius
854 1618 978 1652 Ordinis
994 1619 1048 1652 hu-

306 1673 442 1707 iusmodi
457 1672 585 1706 nomine
603 1672 766 1705 humiliter
780 1672 951 1716 supplicari
966 1673 1045 1714 fecit,

305 1732 339 1761 ut
355 1727 393 1760 de
410 1727 588 1770 opportuna
605 1725 643 1758 ad
660 1726 719 1759 hoc
739 1725 863 1759 licentia
881 1726 1047 1770 providere

306 1781 344 1815 de
360 1780 552 1823 benignitate
569 1779 740 1823 apostolica
758 1779 970 1822 dignaremur.

352 1834 367 1878 ἓ
390 1833 419 1867 2.
445 1833 507 1866 Nos
532 1832 637 1875 igitur,
658 1832 717 1876 piis
742 1832 847 1865 Didaci
865 1837 894 1865 et
914 1834 1045 1866 fratrum

307 1886 542 1932 praedictorum
563 1885 642 1919 votis
658 1885 689 1918 in
702 1886 883 1929 praemissis
899 1896 1047 1927 annuere,

307 1941 441 1984 illosque
473 1939 659 1984 specialibus
693 1939 853 1972 favoribus
884 1944 914 1971 et
938 1939 1047 1981 gratiis

307 1993 457 2039 prosequi
496 1993 645 2032 volentes,
679 1997 709 2025 et
740 2003 850 2025 eorum
875 1993 1048 2036 singulares

306 2057 457 2093 personas
474 2056 491 2079 a
511 2045 674 2090 quibusvis
698 2046 1048 2087 excommunicationis,

307 2099 521 2144 suspensionis
536 2104 565 2131 et
579 2098 745 2139 interdicti,
756 2098 887 2142 aliisque
904 2099 1048 2131 ecc-lesia-

308 2154 392 2187 sticis
409 2152 581 2193 sententiis,
595 2151 736 2185 censuris
754 2157 783 2184 et
806 2152 926 2196 poenis,
944 2163 961 2184 a
980 2152 1048 2185 iure

309 2208 356 2241 vel
373 2207 410 2240 ab
427 2207 565 2247 homine,
582 2205 691 2250 quavis
712 2206 880 2239 occasione
890 2207 937 2239 rel
954 2209 1048 2239 causa

309 2261 390 2301 latis,
405 2261 431 2294 si
447 2261 560 2305 quibus
577 2260 816 2304 quomodolibet
832 2260 972 2294 innodati
990 2261 1050 2293 exi-

311 2317 404 2354 stunt,
428 2314 466 2346 ad
489 2314 632 2347 effectum
656 2314 867 2358 praesentium
889 2314 1050 2347 dumtaxat

311 2367 583 2410 consequendum,
608 2367 721 2400 harum
747 2367 827 2400 serie
851 2367 1049 2400 absolventes

312 2424 342 2453 et
352 2420 510 2453 absolutos
519 2420 586 2453 sore
599 2426 772 2462 censentes,
785 2421 967 2454 huiusmodi
982 2432 1051 2465 sup-

311 2473 532 2518 plicationibus
564 2474 724 2516 inclinati,
750 2475 788 2508 de
820 2476 1048 2508 venerabilium

310 2527 445 2560 fratrum
468 2531 649 2561 nostrorum
674 2528 702 2562 S.
724 2529 758 2562 R.
784 2529 817 2562 E.
843 2528 1049 2562 cardinalium

312 2581 410 2614 sacris
435 2580 546 2614 ritibus
566 2582 819 2625 praepositorum
852 2582 997 2622 consilio;
1018 2588 1051 2616 ut

311 2635 350 2669 de
366 2634 475 2669 eodem
493 2640 599 2669 sancto
616 2636 798 2680 Raymundo
815 2636 865 2670 die
884 2636 950 2669 eius
970 2637 1049 2670 sesto

1719 222 1783 256 383

1076 285 1213 319 officium
1233 289 1262 317 ct
1279 284 1373 316 missa
1390 282 1427 315 de
1445 281 1603 316 communi
1622 280 1813 314 Confessoris

1077 348 1138 370 non
1165 337 1323 370 Pontificis
1349 337 1431 369 iuxta
1457 335 1598 369 rubricas
1628 334 1761 367 missalis
1786 338 1815 368 ct

1077 391 1223 423 breviarii
1257 390 1379 423 romani
1411 390 1449 422 ab
1482 388 1627 422 omnibus
1664 387 1814 431 praedicti

1077 444 1201 477 Ordinis
1225 444 1387 486 utriusque
1414 454 1506 475 sexus
1532 441 1727 484 regularibus
1744 451 1815 485 pcr-

1077 496 1160 528 sonis
1186 499 1304 529 tantuin
1331 496 1454 528 recitari
1482 501 1511 527 et
1536 494 1689 528 celebrari
1714 504 1816 538 respe-

1077 549 1157 581 ctive
1191 549 1289 581 libere
1320 554 1349 581 et
1385 549 1467 581 licite
1506 549 1604 591 possit
1635 553 1665 581 et
1696 548 1815 587 valeat,

1077 601 1249 644 apostolica
1263 601 1458 640 auctoritate,
1471 606 1578 633 tenore
1591 601 1816 644 praesentium,

1077 654 1234 687 licentiam
1253 659 1283 686 et
1302 654 1480 687 facultatem
1499 654 1700 686 concedimus
1717 659 1747 686 et
1762 654 1816 686 im-

1077 708 1241 751 partimur.

1122 763 1136 806 §
1160 761 1189 795 3.
1215 762 1283 795 Non
1317 760 1512 794 obstantibus
1544 760 1817 793 constitutionibus

1079 821 1109 849 et
1133 814 1384 849 ordinationibus
1417 813 1619 858 apostoliciS,
1644 814 1818 858 ceterisque

1080 869 1247 904 contrariis
1264 869 1525 912 quibuscumque.

1124 924 1138 967 ἓ
1156 923 1185 956 4.
1201 923 1351 955 Volumus
1369 927 1483 962 autem,
1504 921 1587 965 quod
1606 921 1818 965 praesentium

1079 977 1293 1020 transumptis,
1314 976 1407 1009 etiarn
1428 975 1598 1018 impressis,
1616 985 1711 1007 manu
1729 975 1821 1007 alicu-

1081 1031 1128 1063 ius
1153 1030 1267 1063 notarii
1292 1029 1409 1073 publici
1436 1028 1632 1072 subscriptis,
1658 1038 1693 1060 ac
1717 1027 1819 1071 sigillo

1080 1083 1211 1116 alicuius
1227 1092 1380 1126 personae
1394 1082 1425 1114 in
1442 1081 1653 1114 ecclesiastica
1670 1080 1820 1123 dignitate

1081 1137 1268 1170 constitutae
1292 1135 1430 1176 munitis,
1456 1135 1563 1167 eadem
1589 1144 1719 1178 prorsus
1743 1133 1820 1166 fides

1080 1191 1197 1233 ubique
1222 1189 1417 1228 adhibeatur,
1438 1199 1518 1232 quae
1538 1188 1614 1232 ipsis
1642 1186 1817 1231 praesenti-

1081 1245 1139 1276 bus
1162 1244 1386 1284 adhiberetur,
1412 1243 1436 1275 si
1462 1243 1563 1276 forent
1587 1242 1742 1275 exhibitae
1772 1241 1819 1274 vel

1081 1302 1234 1332 ostensae.

1126 1352 1235 1385 Datum
1261 1352 1400 1391 Romae,
1425 1350 1507 1394 apud
1532 1350 1560 1383 S.
1586 1349 1715 1382 Mariam
1732 1348 1823 1382 Maio-

1082 1416 1159 1444 rem,
1182 1405 1238 1437 sub
1255 1405 1370 1437 annulo
1387 1404 1571 1443 Piscatoris,
1589 1403 1639 1436 die
1656 1413 1675 1435 v
1695 1412 1822 1436 novem-

1082 1459 1147 1491 bris
1164 1468 1302 1499 xincxxv,
1327 1458 1526 1502 pontificatus
1550 1456 1649 1490 nostri
1673 1467 1754 1490 anno
1779 1465 1821 1489 111.

1118 1521 1176 1547 Dat.
1198 1522 1242 1548 die
1262 1521 1278 1547 5
1298 1520 1453 1547 novembris
1475 1519 1552 1553 1625,
1574 1519 1670 1555 pontif.
1691 1527 1762 1545 anno
1783 1524 1820 1545 111.

1386 1670 1519 1704 CLXVII.

1084 1752 1175 1793 Quod
1201 1753 1236 1784 in
1258 1752 1451 1795 principatu
1476 1750 1692 1785 Catlzalom'ae
1716 1761 1753 1783 ac
1777 1761 1826 1784 co-

1126 1806 1247 1839 mitatu
1270 1805 1465 1839 Rossilvtomsss
1490 1809 1518 1837 et
1546 1805 1730 1839 Ceritam‘ae
1754 1814 1822 1837 ser-

1127 1864 1218 1893 vetur
1243 1860 1430 1892 constitutio
1457 1859 1606 1900 Greqoriz·
1630 1858 1713 1891 XIV
1728 1868 1823 1902 super

1127 1914 1338 1945 immunitate
1363 1912 1572 1945 ecclesiarum
1583 1911 1601 1943 ¹.

1082 1993 1307 2022 Venerabilibus
1329 1993 1472 2020 fratribus
1494 1992 1728 2027 archiepiscopis
1750 1995 1780 2020 et
1795 2000 1826 2020 e-

1118 2038 1261 2073 piscopis,
1277 2038 1306 2065 in
1326 2038 1498 2072 principatu
1513 2037 1704 2065 Cathaloniae
1721 2040 1752 2064 et
1775 2045 1825 2065 co-

1119 2084 1229 2111 mitatu
1250 2083 1427 2110 Rossilionis
1447 2085 1478 2110 et
1495 2082 1661 2110 Ceritaniae
1682 2089 1733 2116 pro
1749 2085 1825 2109 tem-

1118 2136 1189 2163 pore
1210 2128 1405 2161 constitutis,

1286 2182 1422 2208 Urbanus
1444 2181 1523 2215 Papa
1543 2182 1619 2208 VIII.

1278 2243 1471 2271 Venerabiles
1499 2244 1609 2270 fratres
1622 2265 1629 2277 ,

1119 2289 1247 2316 salutem
1273 2291 1304 2315 et
1323 2288 1520 2322 apostolicam
1539 2287 1788 2315 benedictionem.

1129 2369 1144 2412 g
1173 2368 1196 2400 l.
1223 2368 1342 2411 Exponi
1367 2367 1457 2400 nobis
1474 2378 1574 2411 nuper
1590 2367 1661 2400 fecit
1678 2367 1825 2399 charissi-

1085 2432 1154 2454 mus
1179 2422 1210 2453 in
1235 2421 1357 2454 Christo
1377 2420 1459 2453 filius
1476 2425 1582 2453 noster
1599 2420 1759 2464 Philippus
1776 2420 1825 2453 Hi-

1085 2475 1265 2519 spaniarum
1290 2485 1344 2507 rex
1370 2474 1552 2514 catholicus,
1577 2474 1661 2517 quod
1686 2474 1717 2506 in
1740 2474 1825 2518 prin-

1085 2529 1188 2574 cipatu
1210 2527 1408 2562 Cathaloniae
1421 2538 1456 2560 ac
1474 2527 1623 2562 comitatu
1640 2527 1824 2561 Rossilionis

1122 2647 1131 2672 1
1155 2644 1192 2671 Ex
1208 2643 1316 2679 Regest.
1341 2643 1367 2671 in
1383 2643 1483 2671 Secret.
1502 2643 1580 2671 BreV.

1830 231 2010 260 An.c.1625

1902 774 2016 799 Dei-ozano

1833 802 1992 822 contrariorum.

1870 933 1932 953 Fides
1948 933 2017 954 danda

1834 962 1977 986 transumptis.

1892 2372 2024 2394 lmmunitata

1840 2400 2024 2421 ecclesiasti-fanis

1840 2428 1860 2448 in
1875 2428 1927 2447 locis
1946 2426 2025 2446 facino-

1840 2454 1882 2475 rosi
1928 2453 2023 2473 hominos

1840 2480 1987 2501 abutebantur.
