2269 3235
910 257 1078 282 ...11-

230 316 296 341 Edit.
313 317 386 340 Tnur.
778 311 845 336 Edit.
863 311 935 335 Rom.
1023 308 1088 332 Edit.
1107 309 1179 332 Taur.
1572 307 1639 331 Edit,
1657 308 1729 331 Rom,

245 358 316 381 Tom.
334 363 376 380 xiii
748 353 817 376 Tom.
833 359 866 379 vi,
883 354 946 383 part.
961 358 968 374 1
1038 349 1107 372 Tom.
1122 356 1164 372 xm
1549 348 1619 371 Tom.
1635 355 1667 376 vx,
1681 351 1744 379 part*
1758 354 1765 370 ι

233 415 292 439 1696
447 412 507 437 CCII
524 412 714 436 Sacrosanctum
726 409 882 442 apostolatus
902 428 906 433 .
928 409 972 432 189
1025 406 1084 430 1697
1245 405 1303 430 CCL
1319 405 1347 429 In
1360 404 1425 429 Sede
1434 404 1516 429 Princ.
1530 404 1700 436 apostolorum
1717 405 1763 428 999

257 466 269 478 a>
436 454 508 478 CCIII
524 451 658 477 Pastor-alis
668 450 745 475 officii
757 451 845 474 nobis.
872 469 877 474 .
900 469 907 474 .
928 450 972 473 183
1049 456 1061 470 2
1235 446 1304 469 CCLI
1321 445 1419 477 Exponi
1435 444 1508 468 nobis
1529 452 1610 477 nuper
1622 444 1697 469 fecer.
1717 444 1763 468 930

258 506 269 518 »
437 495 507 518 CCIV
524 494 603 517 Decet
612 493 752 516 Romanum
760 490 908 515 Pontificem
928 490 972 513 184
1049 495 1062 509 ι
1220 486 1301 509 CCLII
1318 485 1400 510 Hodie
1412 493 1458 518 pro
1469 487 1541 518 parte
1551 484 1701 509 dilectorum
1718 484 1762 508 931

260 546 271 559 >a
449 534 508 558 CCV
525 531 658 557 Salvatoris
671 535 697 556 et
713 531 813 555 Domini
831 530 910 555 nostri
929 530 972 553 185
1051 536 1062 549 κ
1205 526 1298 549 CCLIII
1316 525 1494 550 Sanctissimus
1508 526 1575 550 D.N.
1585 525 1702 549 Urbanus
1718 524 1764 548 939

259 586 271 599 ιι
439 574 510 598 CCVI
527 572 654 604 Spirituali
672 571 874 596 christifidelium
903 588 909 594 .
929 570 972 593 186
1049 576 1061 589 »
1205 567 1298 590 CCLIV
1315 566 1465 590 Immortalis
1483 566 1529 590 Dei
1547 565 1614 589 filius
1631 585 1636 589 .
1663 584 1668 590 .
1695 573 1700 578 “
1718 565 1764 589 933

261 626 273 639 »
425 614 508 638 CCVII
525 612 633 636 Iniuneti
647 611 719 635 nobis
737 610 876 643 apostolici.
903 628 908 633 .
929 610 973 633 187
1050 617 1062 630 ι
1218 606 1299 629 CCLV
1316 606 1341 630 Si
1354 614 1488 638 processus
1500 605 1672 639 inquisitionis
1695 624 1700 629 .
1719 605 1765 629 934

260 667 270 679 >a
412 654 506 678 CCVIII
522 652 591 677 AliaS
604 661 617 676 a
629 652 711 677 felicis
727 651 910 676 recordationis
928 651 973 674 188
1049 655 1060 667 λ·
1205 646 1297 669 CCLVI
1314 646 1443 670 Creditum
1453 646 1589 670 humilitati
1600 648 1700 669 nostrae
1718 646 1764 669 935

433 694 506 717 CCIX
522 692 561 716 Ad
573 692 664 716 uberes
674 695 699 716 et
710 699 801 716 suaves
814 691 910 714 fructus
929 691 973 713 189
1050 697 1062 709 τ»
1196 687 1301 710 CCLVII
1317 687 1416 718 Exponi
1434 687 1506 711 nobis
1525 695 1607 719 nuper
1623 687 1684 711 fecit
1696 705 1701 710 .
1720 687 1766 711 936

261 746 272 758 ‚.
444 734 504 757 CCX
521 733 597 759 Alias.
613 732 695 757 felir-is
707 731 907 756 recordationis.
928 731 973 755 190
1050 736 1061 749 »
1187 727 1303 750 CCLVIII
1320 726 1455 751 Pastoralis
1475 727 1552 751 officii
1572 727 1644 751 nobis
1665 746 1670 751 .
1695 745 1701 751 .
1719 727 1765 750 937

262 785 272 797 »
433 774 506 797 CCXI
523 772 698 805 Singularibus
716 775 773 796 tuae
791 771 816 795 in
834 779 879 795 nos
902 790 908 795 .
929 771 972 795 191
1050 776 1061 789 n
1208 768 1301 790 CCLIX
1319 767 1453 791 Salvator-is
1468 770 1494 793 et
1510 767 1612 791 Domini
1624 767 1703 791 nostri
1719 767 1766 790 938

260 825 271 838 »
422 814 507 837 CCXII
525 814 715 837 sacrosanctum
729 812 884 845 apostolatus
903 829 908 836 .
929 811 974 834 199
1050 816 1061 829 ³·
1220 808 1300 831 CCLX
1319 807 1454 832 Salvatoris
1467 811 1493 832 et
1510 807 1612 832 Domini
1625 806 1704 831 nostri
1721 807 1767 831 939

258 865 270 877 »
410 854 506 878 CCXIII
522 855 642 886 Accepto,
667 853 735 887 quod
752 856 855 877 sanetae
872 871 877 876 .
902 871 907 876 .
928 851 972 875 193
1049 855 1061 869 ἰ
1210 848 1303 871 CCLXI
1320 848 1398 872 Sedes
1408 847 1553 880 apostolica.
1569 848 1612 880 pia
1623 851 1704 872 mater
1720 847 1767 871 240

258 904 269 918 ν
409 895 506 918 CCXIV
522 894 593 918 Licet
605 894 689 919 nullus
702 893 879 926 episcoporum
901 909 907 916 .
928 891 973 915 194
1049 897 1060 909 π
1199 887 1304 911 CCLXII
1321 888 1441 912 Debitum
1452 888 1586 921 pastoralis
1599 887 1676 912 officii
1696 907 1702 912 .
1722 888 1765 911 941

258 945 270 958 v
420 935 505 958 CCXV
521 935 550 958 In
563 934 765 966 supereminenti
776 933 848 957 Sedis
859 933 906 964 Ap.
928 931 972 955 195
1049 935 1062 950 ‘⁸
1189 928 1306 952 CCLXIII
1322 930 1350 953 In
1368 937 1487 961 supremo
1508 929 1663 961 apostolatus
1696 947 1702 952 .
1721 929 1767 953 949

257 985 269 997 »
411 975 508 999 CCXV1
524 974 638 999 Eximius
659 974 797 998 maiestatis
814 976 873 997 tuae
903 991 908 996 ,
928 972 973 995 196
1051 978 1062 991 »
1188 969 1304 992 CCLXIV
1321 970 1391 994 Inter
1407 972 1492 994 cetera
1508 969 1610 1002 pietatis
1627 976 1705 1001 opera
1721 969 1767 992 24³

258 1025 270 1039 w
399 1015 508 1039 CCXVII
524 1014 623 1039 Muneri
640 1016 727 1038 nostro
745 1013 882 1046 apostolico
903 1031 908 1035 .
929 1012 973 1035 197
1197 1009 1301 1032 CCLXV
1316 1010 1345 1033 In
1366 1011 1485 1042 supremi}⁴
1502 1009 1644 1033 militantis.
1666 1029 1670 1034 .
1696 1027 1702 1033 .
1720 1009 1766 1032 944

258 1065 269 1078 »
321 1051 335 1067 Ψ
387 1055 507 1079 CCXVIII
523 1055 637 1079 Eximius
649 1053 789 1078 maiestatis
800 1056 859 1076 tuae
872 1071 877 1077 .
903 1070 908 1075 .
929 1051 973 1074 198
1182 1048 1298 1072 CCLXVI
1315 1049 1354 1073 Ad
1371 1049 1502 1073 militantis
1515 1049 1645 1074 Ecclesiae
1664 1068 1670 1074 .
1695 1068 1700 1073 .
1719 1049 1766 1073 945

259 1105 270 1118 s»
411 1096 509 1119 CCXIX
527 1096 596 1123 Cum,
611 1094 675 1118 sicut
687 1093 759 1118 nobis
773 1101 854 1125 nuper
872 1111 877 1116 .
902 1111 906 1116 .
928 1092 972 1115 199
1170 1089 1299 1113 CCLXVII
1316 1090 1385 1117 Cum,
1399 1089 1465 1114 sicut
1482 1089 1555 1113 nobis
1568 1088 1679 1113 innotuit
1695 1107 1701 1113 .
1721 1089 1767 1113 946

259 1146 270 1160 »
423 1136 509 1159 CCXX
527 1134 673 1166 Singulares
686 1138 762 1166 atque
775 1133 882 1158 eximiae
901 1151 906 1156 ,
927 1132 973 1155 200
1049 1138 1061 1151 ἓ
1156 1128 1297 1152 CCLXVIII
1315 1130 1352 1153 De
1369 1129 1449 1153 salal&
1467 1129 1587 1153 domInICI
1602 1128 1702 1161 gregis.
1721 1129 1766 1152 2⁴17

261 1187 273 1199 »
413 1176 510 1199 CCXXI
528 1175 719 1199 Conservationi
731 1178 757 1198 et
768 1175 908 1197 manutent.
927 1173 971 1196 901
1183 1169 1298 1193 CCLXIX
1316 1171 1377 1194 Cum
1394 1170 1503 1202 primum
1521 1169 1553 1193 ad
1570 1169 1671 1194 summi.
1695 1189 1700 1193 .
1720 1170 1766 1193 ‘248

260 1225 271 1237 »
399 1216 509 1239 CCXXII
525 1216 654 1239 Romanus
666 1214 784 1238 Pontifex
801 1213 877 1245 aequi
902 1231 907 1236 .
927 1213 972 1235 909
1050 1218 1061 1231 »
1192 1210 1297 1233 CCLXX
1314 1211 1343 1234 In
1360 1212 1479 1243 suprema
1495 1210 1629 1243 pastoralis
1663 1229 1669 1235 .
1694 1229 1698 1234 .
1718 1210 1764 1234 249

260 1266 271 1278 1»
389 1256 511 1279 CCXXIII
527 1253 910 1279 DecetRomauumPontificem
928 1253 973 1276 903
1049 1259 1061 1271 »
1183 1250 1301 1274 CCLXXI
1318 1251 1449 1275 Commissi
1466 1252 1539 1275 nobis
1557 1260 1603 1283 per
1631 1270 1637 1276 .
1663 1270 1668 1275 .
1693 1269 1698 1275 .
1717 1252 1762 1275 250

261 1306 272 1319 >0
388 1296 510 1319 CCXXIV
525 1295 699 1319 Humanarum
712 1302 796 1318 rerum
813 1302 844 1318 ea
861 1296 907 1318 est,
943 1294 973 1317 87
1047 1298 1060 1312 ἱ
1171 1290 1301 1314 CCLXXII
1317 1291 1445 1315 Romanus
1461 1291 1586 1319 Pontifex,
1602 1291 1674 1315 CUIUS
1692 1310 1698 1315 .
1717 1291 1761 1315 251

259 1345 271 1358 »
397 1335 508 1358 CCXXV
524 1335 593 1362 Cum,
612 1335 678 1358 sicut
695 1334 839 1365 accepimus
870 1352 875 1358 .
902 1351 907 1356 .
926 1334 972 1356 904
1049 1340 1060 1353 »
1163 1331 1305 1354 CCLXXIII
1323 1332 1383 1355 Cum
1401 1339 1446 1355 nos
1464 1331 1526 1355 alins
1544 1331 1677 1356 facultates
1695 1350 1700 1355 .
1721 1331 1767 1354 959

257 1385 269 1398 ι
387 1375 508 1398 CCXXVI
525 1374 603 1398 Felici
621 1382 650 1398 ac
666 1382 788 1406 prospero
801 1376 907 1398 monast.
927 1374 972 1397 905
1049 1381 1060 1393 ιο
1165 1371 1305 1395 CCLXXIV
1322 1372 1398 1400 Alias,
1418 1381 1463 1404 pro
1483 1376 1554 1404 parte
1574 1372 1660 1396 dilecti
1693 1391 1698 1396 .
1717 1372 1762 1395 991

258 1426 269 1439 ι
375 1415 508 1438 CCXXVII
524 1416 561 1438 Ex
579 1414 664 1438 debito
676 1414 830 1446 apostolicae
842 1422 908 1439 serv.
927 1414 973 1437 906
1024 1411 1084 1434 16-28
1174 1412 1305 1435 CCLXXV
1321 1412 1430 1436 Iniuncti
1443 1412 1516 1436 nobis
1528 1411 1660 1444 apostolici
1694 1430 1699 1435 .
1719 1411 1765 1434 ‘25³

258 1464 270 1477 ι
363 1454 508 1478 CCXXVIII
524 1453 594 1478 Alias
604 1462 617 1478 a
627 1454 700 1478 nobis
711 1457 877 1478 emanarunt.
902 1473 907 1478 .
927 1455 973 1477 907
1049 1460 1060 1473 a
1166 1452 1305 1475 CCLXXVI
1323 1453 1351 1476 In
1367 1452 1553 1484 superminenti
1565 1451 1702 1484 Apostolic.
1722 1452 1768 1475 954

231 1495 289 1518 1697
382 1495 504 1518 CCXXIX
523 1495 591 1523 Cum,
607 1495 672 1519 sicut
685 1495 793 1520 dilectus
807 1495 873 1519 filius
902 1514 907 1518 .
927 1495 973 1518 908
1148 1492 1301 1516 CCLXXVII
1318 1493 1405 1525 Nuper
1416 1501 1461 1525 pro
1472 1495 1544 1525 parte
1555 1492 1703 1517 dilectorum
1721 1493 1768 1516 9⁴19

258 1546 269 1558 »
397 1536 507 1558 CCXXX
524 1535 594 1560 AIiZas
609 1535 690 1560 felicis
703 1535 886 1559 recordationis
903 1554 907 1558 .
928 1536 973 1559 909
1137 1534 1301 1557 CCLXXVIII
1318 1535 1447 1558 Romanus
1471 1534 1603 1561 Pontifex,
1631 1533 1706 1566 aequi
1723 1534 1768 1558 255

384 1576 509 1599 CCXXXI
525 1576 554 1599 In
566 1575 603 1600 eis
620 1575 758 1607 praecipue
772 1575 908 1599 sollicitud.
927 1576 973 1599 910
1160 1573 1300 1597 CCLXXIX
1317 1574 1387 1598 Alias
1400 1582 1414 1597 a
1429 1573 1511 1598 felicis
1523 1573 1705 1598 recordationis
1722 1574 1767 1597 956

259 1627 270 1639 ι»
374 1616 508 1639 CCXXXII
525 1616 594 1644 Cum,
617 1616 684 1642 sicut
702 1616 776 1640 nobis
793 1623 875 1647 nuper
902 1635 907 1639 .
928 1616 972 1639 911
1174 1613 1302 1637 CCLXXX
1320 1614 1418 1645 Exponi
1441 1614 1514 1638 nobis
1537 1622 1619 1646 nuper
1638 1633 1643 1639 .
1669 1633 1673 1637 .
1700 1633 1705 1637 .
1723 1614 1769 1637 957

259 1666 270 1679 ν
361 1656 507 1680 CCXXXIII
524 1655 635 1679 Pastoris
648 1655 751 1683 aeterni,
768 1655 810 1687 qui
822 1663 868 1687 pro
899 1674 904 1679 .
928 1656 974 1678 919
1159 1654 1302 1677 CCLXXXI
1320 1655 1392 1683 Cum,
1414 1654 1480 1678 sicut
1501 1654 1647 1686 accepimus
1667 1673 1671 1678 .
1697 1674 1701 1678 .
1721 1655 1767 1678 958

259 1706 270 1718 ν
366 1696 511 1720 CCXXXIV
527 1696 663 1720 Pastoralis
676 1696 751 1720 officii
767 1696 839 1719 nobis
851 1695 911 1720 licet
928 1696 973 1719 913
1051 1703 1062 1715 ι)
1146 1694 1301 1717 CCLXXXII
1318 1694 1395 1723 Alias,
1415 1694 1518 1719 nomine
1531 1694 1679 1719 dilectorum
1699 1713 1703 1718 .
1723 1694 1768 1718 966

259 1746 269 1759 ιο
375 1737 507 1760 CCXXXV
524 1737 563 1761 Ad
575 1737 667 1761 uberes
679 1740 705 1761 et
714 1745 806 1761 suaves
816 1737 910 1760 Fructus
927 1737 973 1760 914
1051 1743 1062 1756 »
1138 1733 1302 1757 CCLXXXIII
1319 1734 1482 1766 Apostolatus
1498 1734 1617 1758 offiicium
1637 1752 1642 1757 .
1669 1753 1673 1758 .
1699 1752 1704 1757 .
1722 1734 1768 1758 959

258 1786 269 1799 »
366 1778 508 1801 CCXXXVI
524 1778 673 1810 Expositum
685 1777 758 1802 nobis
771 1785 853 1809 nuper
865 1777 912 1800 fuit
928 1777 974 1800 915
1051 1783 1062 1795 »
1135 1774 1301 1797 CCLXXXIV
1317 1775 1437 1798 AEternus
1455 1775 1539 1798 re'rum
1557 1774 1678 1798 Conditor
1695 1793 1700 1798 ,
1720 1775 1767 1798 960

258 1828 269 1840 n
349 1818 505 1841 CCXXXVII
522 1819 556 1841 Ut
567 1818 670 1842 decreta
682 1817 743 1841 aliAs
755 1818 801 1841 sub
814 1817 854 1841 die
872 1837 877 1841 .
903 1836 907 1841 .
927 1817 973 1840 916
1050 1823 1062 1836 >>
1149 1815 1302 1838 CCLxxxv
1320 1814 1400 1843 AliaS,
1426 1823 1471 1847 pro
1488 1817 1560 1847 parte
1583 1815 1669 1838 dilecti
1697 1834 1702 1838 .
1721 1814 1765 1838 961

259 1868 270 1881 ι
339 1858 507 1881 CCXXXVIII
524 1858 562 1881 Ab
575 1857 617 1881 illa
630 1858 679 1883 die.
691 1866 741 1890 qua
752 1857 852 1881 divinae
872 1876 878 1881 .
902 1876 907 1881 .
927 1858 973 1880 917
1051 1864 1062 1877 5>
1136 1855 1302 1878 CCLXXXVI
1318 1855 1391 1882 Quod
1408 1855 1438 1878 ab
1456 1855 1528 1878 initio
1540 1854 1703 1887 pontificatus
1721 1855 1767 1878 969

256 1907 269 1921 υ
365 1898 507 1921 CCXXXIX
524 1898 653 1922 Romanus
668 1898 793 1923 Pontifex.
808 1897 884 1929 aequi
902 1916 907 1920 .
928 1897 973 1921 918
1050 1905 1061 1918 τ)
1122 1896 1303 1919 CCLXXXVII
1318 1895 1450 1919 Militantis
1474 1895 1542 1920 Eecl.
1561 1895 1679 1927 regimini
1698 1915 1702 1919 .
1723 1895 1768 1919 963

259 1949 270 1961 »
428 1939 509 1962 CCXL
526 1939 662 1963 Pastoralis
689 1939 796 1963 Romani
816 1938 907 1962 Pontis,
928 1939 973 1962 219
1051 1945 1062 1958 ι)
1109 1936 1300 1960 CCLXXXVIII
1317 1936 1505 1968 Circumspecta
1513 1936 1619 1960 Romani
1632 1937 1705 1960 Pont.
1723 1937 1769 1960 964

258 1987 270 2000 »
378 1972 385 1977 ’
415 1979 508 2002 CCXLI
524 1979 623 2011 Exponi
641 1979 714 2003 nobis
730 1987 812 2011 nuper
824 1978 884 2003 fecit
903 1997 907 2002 .
927 1979 973 2002 990
1051 1985 1062 1999 θ
1136 1977 1301 2000 CCLXXXIX
1317 1978 1446 2001 Romanus
1458 1977 1583 2005 Pontifex,
1604 1985 1618 2001 e
1635 1976 1700 2001 subl.
1720 1977 1766 2000 965

259 2028 272 2041 ι
406 2019 510 2042 CCXLII
526 2020 556 2042 In
573 2027 691 2051 supremo
708 2019 878 2051 apostolatus.
902 2038 908 2043 .
928 2020 971 2043 991
1051 2026 1062 2039 >)
1221 2017 1303 2040 CCXC
1320 2017 1451 2040 Commissi
1469 2016 1542 2040 nobis
1560 2025 1607 2048 per
1635 2036 1641 2041 .
1666 2036 1672 2041 .
1696 2035 1701 2041 .
1721 2017 1767 2040 967

258 2066 269 2079 n
413 2059 511 2082 CXLIII
527 2060 655 2083 Romanus
668 2059 792 2086 Pontifex,
813 2067 889 2091 quem
903 2078 908 2082 .
928 2060 974 2083 929
1051 2066 1063 2079 :a
1208 2057 1302 2080 CCXCI
1317 2056 1449 2080 Militantis
1471 2057 1540 2081 Eccl,
1559 2056 1677 2088 regimini
1697 2075 1702 2080 .
1722 2056 1768 2080 968

259 2108 271 2121 ιο
415 2099 512 2122 CXLIV
529 2099 587 2123 Zelo
607 2099 696 2123 domus
713 2100 759 2123 Dei
778 2106 824 2124 nos
843 2119 847 2123 .
874 2119 879 2123 .
904 2119 908 2123 .
928 2100 974 2123 993
1051 2106 1063 2120 »
1198 2098 1303 2121 CCXCII
1319 2097 1389 2121 Alias
1401 2105 1415 2121 a
1427 2098 1500 2121 nobis
1512 2100 1672 2122 emanarunt.
1697 2116 1703 2121 .
1737 2098 1768 2120 83

261 2148 272 2161 t
425 2139 511 2162 CXLV
527 2140 627 2163 Decens
644 2142 669 2163 et
686 2147 795 2171 aequum
813 2147 870 2163 esse
904 2158 909 2163 .
928 2141 973 2163 994
1052 2148 1063 2160 ιι
1190 2138 1305 2161 CCXCIII
1322 2137 1391 2161 Alias
1404 2146 1418 2161 a
1429 2137 1511 2162 felicis
1523 2137 1707 2162 recordationis
1723 2138 1770 2162 264

260 2188 272 2200 ι
409 2179 508 2202 CXLVI
525 2179 648 2207 Quoniam
667 2179 768 2204 divinae
785 2179 908 2203 bonitati.
928 2180 974 2203 995
1189 2178 1305 2201 CCXCIV
1321 2177 1392 2201 Alias
1408 2186 1454 2209 pro
1470 2181 1542 2210 parte
1560 2178 1641 2202 bonae
1667 2197 1672 2202 .
1697 2196 1701 2202 .
1721 2178 1768 2201 970

260 2228 272 2240 ι
399 2218 508 2242 CXLVII
525 2219 649 2247 Quoniam
667 2219 769 2243 divinae
786 2219 907 2243 bonitati.
928 2219 974 2242 996
1200 2218 1303 2242 CCXCV
1320 2218 1357 2242 Ex
1374 2218 1481 2242 iniuncti
1503 2218 1576 2242 nobis
1599 2217 1704 2251 apostol.
1724 2219 1769 2242 971

261 2267 273 2279 n
388 2258 510 2282 CXLVIII
527 2258 663 2283 Salvatoris
675 2266 701 2283 et
716 2259 818 2282 Domini
831 2258 911 2282 nostri
928 2259 973 2282 997
1187 2258 1303 2282 CCXCVI
1319 2259 1347 2282 In
1365 2258 1470 2290 speculo
1486 2258 1619 2283 militantis
1636 2258 1702 2283 Eccl.
1723 2259 1769 2282 979

260 2305 272 2319 »
413 2298 509 2322 CXLIX
527 2299 645 2330 Spectata
665 2299 708 2323 diu
731 2299 906 2331 circumspect.
926 2299 974 2323 998
995 2326 1000 2330 ,
1050 2307 1062 2319 7»
1174 2298 1303 2322 CCXCVII
1319 2298 1419 2330 Exponi
1442 2298 1515 2323 nobis
1536 2307 1619 2330 nuper
1637 2318 1642 2322 .
1668 2317 1675 2325 .
1699 2318 1703 2322 .
1724 2299 1768 2322 973

857 2420 1141 2446 ERRATA-CORRIGE

237 2486 298 2519 Pay-
725 2490 800 2522 Leye:
1031 2491 1092 2522 Paq.
1522 2488 1582 2520 Leye
1590 2498 1597 2512 .’

236 2537 281 2560 343
298 2544 313 2560 a
383 2537 456 2561 CLVI
722 2540 820 2563 CXLVI
1029 2540 1076 2564 417
1094 2539 1105 2563 b
1185 2539 1270 2564 CLXII
1522 2538 1655 2563 CLXXVII

237 2577 283 2601 367
299 2585 315 2600 α
393 2577 491 2601 CLVIII
727 2580 812 2603 CLVII
1029 2581 1136 2604 419-456
1154 2581 1166 2604 b
1183 2581 1429 2604 CLXXXVIII-CCII
1522 2580 1772 2604 CLXXVIII-CXCII

237 2617 284 2641 389
300 2617 312 2640 b
391 2617 465 2641 CLVI
718 2620 816 2643 CLXVI
1029 2623 1074 2646 517
1091 2630 1105 2645 α
1186 2623 1290 2645 CXXXI
1519 2621 1642 2645 CCXXXI

236 2657 282 2682 409
299 2658 312 2681 b
391 2658 537 2683 CLXXXVI
721 2661 845 2685 CLXXVI
