2269 3235
251 268 297 296 An.
317 268 343 295 c.
369 267 434 296 ιδῃ
480 260 544 294 176

276 808 384 829 Clausulas
394 813 433 834 ap-

248 837 315 860 ponit.

319 1181 432 1202 Servitium

250 1214 300 1229 vero
329 1209 433 1228 eeclesiae

250 1242 287 1261 pei·
309 1235 433 1255 substitutus

249 1262 355 1288 praecipit
370 1261 434 1282 adim-

250 1290 308 1314 pleri.

283 2575 340 2595 Alias
353 2576 441 2601 apponit

253 2601 320 2627 tofles.

449 322 573 352 sanctae
592 318 750 352 Romanae
766 317 924 352 Ecclesiae
949 318 1134 359 cardinales,
1155 329 1187 351 e-

448 371 522 404 tiam
546 371 583 404 de
604 372 699 404 latere
724 372 842 414 legatos
867 376 896 404 ct
920 372 1062 412 nuncios,
1079 371 1188 415 quavis

447 425 631 458 auctoritate
646 425 809 467 fungentes
820 424 953 467 (sublata
967 424 1021 465 eis,
1034 430 1064 457 et
1078 436 1187 458 eorum

447 478 585 518 cuilibet,
597 478 706 521 quavis
715 478 805 510 aliter
823 477 979 510 iudicandi
995 483 1024 511 et
1038 478 1190 522 interpre—

447 530 531 563 tandi
556 531 700 563 tacultate
725 535 755 563 et
778 531 976 575 auctoritate)
998 531 1128 565 iudicari
1153 543 1188 565 ac

447 583 570 616 deliniri
588 583 717 617 debere:
744 585 868 618 irritum
895 596 1021 629 quoque
1038 590 1068 619 et
1088 586 1187 627 inane,

447 637 471 669 si
490 647 580 670 secus
597 648 692 681 super
709 638 756 670 liis
780 648 797 671 a
822 649 991 682 quoquam,
1012 640 1121 683 quavis
1134 651 1188 673 au-

447 691 601 731 ctoritate,
612 691 746 725 scienter
758 692 804 725 vel
819 692 1010 735 ignoranter,
1022 694 1189 736 contigerit

447 745 603 785 attentari,
617 745 827 778 decernimus.

492 799 507 842 g
525 797 554 831 5.
576 798 784 832 Decernentes
802 799 910 839 etiam,
924 810 988 840 vos,
1013 799 1189 843 quinquen-

447 851 500 884 nio
524 861 580 895 per
604 855 784 895 praesentes
809 862 959 885 concesso
983 852 1125 892 durante,
1147 852 1191 885 in-

448 904 535 937 dulto
555 915 591 937 ac
620 905 755 948 desuper
783 905 930 939 consectis
959 905 1072 937 litteris
1098 915 1189 948 prae-

447 957 537 991 dictis
562 958 659 991 libere
684 963 713 990 et
732 958 815 990 licite
833 958 875 990 uti
896 968 998 1002 posse,
1017 968 1052 990 ac
1065 958 1188 992 irritum

448 1016 478 1044 et
502 1011 608 1050 inane,
633 1011 658 1043 si
683 1021 772 1043 secus
785 1021 879 1054 super
904 1011 953 1043 his
978 1021 995 1043 a
1019 1021 1189 1054 quoquam,

447 1064 555 1107 quavis
569 1064 765 1104 auctoritate,
780 1064 914 1097 scienter
932 1064 980 1097 vel
996 1064 1189 1107 ignoranter,

448 1117 616 1160 contigerit
640 1117 795 1150 attentari.

492 1171 507 1214 ἓ
531 1170 559 1203 6.
587 1171 737 1204 Volumus
761 1176 876 1213 autem,
898 1176 928 1204 et
945 1171 1129 1204 earumdem
1149 1177 1191 1204 te-

447 1234 525 1257 nore
539 1224 751 1267 praesentium
770 1224 962 1265 ordinamus
976 1234 1014 1257 ne
1029 1225 1189 1264 eeclesiae,

448 1277 608 1321 inquibus
626 1287 779 1321 personae
806 1278 984 1311 nominatae
1009 1278 1190 1311 huiusmodi

448 1330 557 1373 vigore
567 1331 817 1364 nominationum
828 1336 880 1364 aut
891 1331 1093 1364 collationum
1105 1342 1192 1375 prae-

449 1384 604 1417 dictarum
623 1385 824 1418 canonicatus
841 1388 870 1419 et
886 1385 1082 1429 praebendas
1105 1396 1192 1429 prae-

449 1438 549 1471 dictos
584 1438 799 1479 obtinuerint,
835 1439 875 1472 ob
911 1449 1019 1472 earum
1052 1440 1188 1483 impedi-

449 1497 588 1526 mentum
613 1493 644 1525 in
669 1493 802 1536 legendo
828 1493 942 1526 debitis
966 1493 1192 1527 defraudentur

449 1545 619 1590 obsequiis,
644 1551 697 1579 aut
721 1547 823 1579 cultus
848 1546 972 1579 divinus
994 1547 1025 1579 in
1048 1547 1108 1579 illis
1132 1547 1191 1580 mi-

449 1605 565 1633 nuatur
580 1627 587 1641 ,
611 1605 645 1632 ut
669 1599 796 1632 eaedem
821 1610 993 1643 personae,
1018 1601 1043 1633 si
1068 1600 1129 1633 illis
1154 1603 1191 1634 ea

450 1653 540 1693 hora,
554 1664 614 1696 qua
629 1653 696 1697 ipsa
710 1653 812 1685 divina
827 1653 927 1686 officia
938 1653 1191 1694 celebrabuntur,

449 1707 618 1750 legendum
629 1706 707 1746 fuit¹,
716 1712 790 1739 tune
800 1717 858 1750 per
866 1706 996 1740 idoneos
1006 1707 1192 1740 substitutos

449 1760 525 1793 inibi
543 1759 694 1793 deserviri
711 1760 814 1793 facere
838 1760 968 1803 possint,
986 1765 1016 1793 et
1032 1760 1074 1792 ita
1091 1760 1193 1794 deser—

450 1813 562 1847 viendo
587 1825 646 1858 pro
670 1813 881 1846 residentibus
900 1818 930 1846 et
950 1814 1192 1847 inservientibus

450 1867 646 1908 habeantur,
671 1878 706 1900 ac
731 1867 967 1900 distributiones
995 1867 1192 1911 quotidianas

450 1921 613 1954 lucrentur
638 1920 669 1952 in
694 1920 839 1954 omnibus
865 1925 895 1953 et
919 1931 977 1964 per
997 1921 1113 1962 omnia,
1138 1933 1192 1966 pe-

450 1974 540 2008 rinde
553 1985 588 2008 ac
602 1974 626 2007 si
638 1974 847 2018 personaliter
867 1974 1072 2016 deservirent,
1083 1976 1193 2009 diebus

450 2027 617 2061 dominicis
642 2031 671 2061 et
691 2028 808 2060 festivis
832 2028 1109 2072 principalioribus
1135 2029 1193 2073 (vi-

451 2082 573 2115 delicet:
598 2082 722 2116 Domini
748 2082 851 2116 Nostri
869 2082 938 2115 Iesu
955 2083 1067 2116 Christi
1085 2088 1115 2115 ct
1131 2083 1195 2125 glo-

452 2136 644 2170 riosissimae
668 2135 815 2178 Virginis,
834 2135 1001 2169 Beatorum
1021 2136 1194 2179 Apostolo-

452 2200 544 2229 rum,
569 2194 608 2229 et,
635 2189 666 2221 in
694 2199 829 2232 quorum
851 2189 1005 2222 honorem
1034 2189 1194 2222 dedicatae

452 2247 525 2275 sunt
549 2242 650 2275 dictae
667 2243 827 2282 ecclesiae,
849 2243 1049 2287 aliorumque
1069 2243 1195 2277 Sancto-

452 2308 533 2337 rum,
551 2308 687 2341 quorum
708 2297 774 2330 dies
794 2297 826 2329 in
851 2297 982 2340 singulis
1002 2297 1120 2330 eisdem
1143 2308 1194 2331 ec-

453 2351 556 2384 clesiis
587 2351 744 2384 solemnes
775 2361 810 2383 ac
843 2351 983 2384 celebres
1018 2351 1194 2395 habentur)

453 2405 603 2449 exceptis,
629 2405 743 2449 quibus
763 2404 820 2438 eis‘z
844 2415 907 2438 non
931 2416 987 2449 per
1011 2405 1194 2440 substitutos

454 2459 640 2502 praedictos,
665 2458 719 2491 sed
744 2469 801 2502 per
826 2469 859 2492 se
881 2459 967 2503 ipsos
987 2460 1195 2503 personaliter

455 2512 615 2545 deservire
635 2517 816 2552 teneantur;

499 2566 515 2609 ἓ
543 2565 571 2598 7.
604 2565 756 2610 Quodque
783 2565 964 2600 huiusmodi
993 2565 1194 2599 canonicatus

491 2638 502 2664 1
521 2637 616 2664 Potius
632 2637 769 2671 legeretur
788 2638 878 2672 suerit
896 2638 934 2674 (R.
951 2639 999 2673 T.).

490 2681 506 2708 2
525 2682 608 2709 Vides
623 2682 714 2717 potius
727 2683 774 2710 itti
793 2691 875 2718 quam
891 2683 931 2710 eis
946 2683 1093 2717 legendum
1112 2682 1191 2718 (uxr).

1023 269 1202 294 BULLARIUM
1225 269 1379 295 ROMANUM

1221 323 1251 351 et
1267 317 1464 362 praebendae
1487 317 1632 361 personis
1649 317 1686 350 ad
1699 317 1910 362 profitendum
1925 317 1957 352 in

1221 372 1327 416 aliqua
1359 382 1395 405 ex
1427 371 1517 405 dictis
1551 371 1808 405 universitatibus
1838 371 1959 406 idoneis

1222 426 1378 469 repertiS‚
1408 424 1461 469 qui
1493 424 1696 458 iureiurando
1724 424 1763 457 ad
1792 424 1959 468 profitendi

1223 488 1336 512 munus
1360 478 1526 521 diligenter
1542 477 1752 510 exercendum
1770 487 1837 511 sese
1853 478 1962 512 astrin-

1222 536 1305 574 gant,
1319 531 1481 564 dumtaxat
1500 531 1710 571 conserantur,
1727 531 1876 575 ipsaeque
1892 542 1962 575 per-

1222 595 1316 618 sonae
1338 585 1516 629 praedictos
1537 584 1737 618 canonicatus
1762 589 1792 617 et
1811 585 1963 628 praeben-

1222 638 1286 679 das
1297 649 1353 682 per
1363 648 1413 671 eas
1427 637 1607 671 huiusmodi
1621 637 1845 671 nominationis
1854 638 1962 681 vigore

1222 691 1418 732 obtinendos,
1431 692 1489 724 nisi
1504 691 1534 724 in
1548 691 1694 724 manibus
1707 691 1892 732 nostris,aut
1904 702 1962 736 pro

1224 751 1366 789 tempore
1383 745 1542 778 existentis
1560 745 1691 779 Romani
1709 745 1878 786 Pontificis,
1891 755 1963 779 cum

1224 799 1369 842 specifica
1394 799 1552 832 mentione
1577 798 1661 843 quod
1687 799 1756 831 illos
1774 798 1882 842 vigore
1910 809 1964 833 no-

1225 851 1403 885 minationis
1434 851 1616 885 huiusmodi
1652 851 1837 895 consequuti
1871 857 1963 894 sunt,

1224 904 1385 947 resignare
1417 910 1469 937 aut
1499 906 1575 938 alias
1598 905 1757 938 dimittere
1786 905 1964 939 nullatenus

1225 957 1356 1000 possint,
1365 957 1503 1001 alioquin
1513 958 1713 992 canonicatus
1727 962 1756 992 et
1767 959 1965 1002 praebendae

1225 1010 1405 1043 huiusmodi
1423 1015 1532 1043 vacent
1557 1021 1593 1044 eo
1618 1011 1699 1055 ipso,
1724 1012 1766 1045 ita
1789 1017 1823 1045 ut
1842 1012 1880 1045 de
1905 1013 1965 1046 illis

1224 1074 1280 1108 per
1305 1063 1417 1097 Sedem
1434 1064 1647 1108 Apostolicam
1666 1064 1826 1098 dumtaxat
1841 1065 1965 1110 disponi

1225 1118 1324 1162 possit
1331 1129 1338 1158 3
1353 1122 1448 1161 utque
1462 1128 1615 1161 personae
1630 1118 1675 1151 sic
1688 1119 1866 1152 nominatae
1880 1130 1966 1163 prae-

1224 1172 1335 1212 dictae,
1350 1172 1430 1205 insra
1455 1182 1508 1205 sex
1534 1182 1658 1205 menses
1682 1182 1699 1205 a
1716 1172 1765 1205 die
1791 1173 1966 1207 collationis

1224 1229 1254 1259 et
1278 1225 1468 1269 provisionis
1492 1230 1545 1257 aut
1566 1225 1703 1258 cuiusvis
1719 1226 1848 1259 alterius
1865 1226 1967 1270 dispo-

1224 1278 1346 1311 sitionis
1379 1278 1417 1311 de
1442 1278 1680 1312 canonicatibus
1703 1284 1734 1311 et
1758 1279 1966 1322 praebendis,

1224 1332 1262 1365 ad
1293 1342 1372 1375 quos
1402 1332 1471 1365 illas
1501 1332 1658 1366 nominari
1690 1333 1879 1376 contigerit,
1908 1333 1967 1367 sibi

1225 1385 1449 1426 faciendarum,
1473 1391 1507 1418 ut
1530 1387 1717 1430 praefertur,
1741 1397 1838 1420 novas
1861 1388 1967 1431 provi-

1225 1440 1329 1473 siones
1353 1449 1450 1483 super
1474 1439 1536 1472 illis
1551 1450 1569 1472 a
1585 1440 1669 1473 dicta
1689 1440 1768 1474 Sede
1785 1441 1966 1485 impetrare,

1225 1499 1255 1526 et
1278 1494 1398 1526 litteras
1422 1493 1610 1537 apostolicas
1635 1493 1772 1538 desuper
1800 1495 1831 1526 in
1862 1499 1962 1528 totum

1226 1547 1383 1591 expedire,
1408 1557 1444 1580 ac
1469 1547 1538 1579 iura
1563 1557 1706 1580 camerae
1730 1548 1919 1591 apostolieae
1938 1553 1969 1581 ct

1226 1601 1293 1634 aliis
1318 1606 1487 1645 propterea
1511 1601 1615 1634 debita
1640 1602 1822 1645 persolvere
1839 1602 1969 1636 omnino

1227 1658 1410 1694 teneantur;
1435 1654 1590 1698 alioquin,
1615 1654 1705 1687 dictis
1731 1665 1782 1687 set-2
1809 1655 1969 1688 mensibus

1226 1708 1349 1752 elapsis,
1375 1708 1578 1741 canonicatus
1601 1713 1632 1740 et
1648 1708 1847 1752 praebendae
1864 1709 1970 1743 huius-

1227 1761 1311 1794 modi
1335 1767 1444 1794 vacent
1458 1771 1494 1795 eo
1509 1761 1588 1805 ipso,
1609 1761 1651 1794 ita
1663 1766 1696 1794 ut
1722 1762 1800 1802 aliis,
1818 1772 1874 1805 per
1891 1773 1971 1795 eam-

1226 1815 1296 1849 dem
1315 1815 1427 1849 Sedem
1445 1820 1559 1855 tamen,
1569 1815 1668 1848 libere
1686 1815 1822 1849 conferri
1839 1816 1969 1860 possint.

1271 1869 1285 1912 g
1303 1869 1331 1903 8.
1349 1869 1418 1902 Non
1433 1868 1629 1902 obstantibus
1643 1869 1837 1913 praemissis,
1851 1879 1887 1903 ac
1901 1880 1972 1903 con-

1227 1922 1442 1956 stitutionibus
1456 1927 1486 1955 et
1502 1921 1754 1956 ordinationibus
1779 1923 1971 1966 apostolicis,

1226 1985 1350 2009 necnon
1379 1975 1584 2008 ecclesiarum
1609 1975 1847 2019 praedictarum
1865 1977 1972 2020 (etiam

1228 2029 1414 2069 iuramento,
1446 2028 1685 2063 confirmatione
1719 2030 1898 2073 apostolica,
1923 2030 1972 2063 vel

1227 2083 1336 2126 quavis
1361 2082 1509 2116 firmitate
1529 2082 1589 2115 alia
1612 2083 1782 2126 roboratis)
1796 2083 1918 2116 statutis
1942 2088 1973 2117 et

1228 2135 1528 2177 consuetudinibus,
1556 2135 1730 2179 privilegiis
1754 2146 1900 2179 quoque,
1926 2135 1972 2169 in-

1228 2189 1323 2222 dultis
1348 2194 1378 2222 et
1402 2189 1513 2223 litteris
1533 2189 1723 2233 apostolicis,
1738 2189 1855 2222 eisdem
1877 2189 1973 2223 eccle-

1228 2243 1281 2276 siis
1295 2248 1325 2275 et
1341 2243 1496 2286 capitulis,
1514 2243 1572 2275 sub
1586 2242 1838 2286 quibuscumque
1852 2243 1971 2276 tenori-

1228 2296 1286 2329 bus
1311 2301 1341 2328 et
1364 2296 1493 2336 formis,
1525 2306 1560 2328 ac
1588 2306 1659 2328 cum
1688 2296 1851 2339 quibusvis
1876 2296 1972 2330 etiam

1229 2349 1502 2393 derogatoriarum
1523 2349 1744 2392 derogatoriis,
1762 2350 1895 2394 aliisque
1910 2351 1973 2384 effi-

1229 2403 1404 2437 cacioribus
1418 2406 1448 2436 et
1461 2403 1593 2436 insolitis
1605 2403 1764 2444 clausulis,
1777 2403 1972 2438 irritantibus

1229 2463 1259 2490 et
1278 2457 1346 2490 aliis
1361 2456 1505 2496 decretis,
1524 2457 1616 2490 etiam
1638 2457 1756 2490 iteratis
1772 2457 1892 2490 vicibus
1903 2468 1974 2491 con-

1229 2510 1346 2551 cessis,
1378 2510 1561 2554 approbatis
1593 2515 1623 2543 et
1655 2510 1819 2543 innovatis.
1856 2511 1974 2550 Quibus

1229 2565 1375 2599 omnibus
1399 2569 1429 2597 et
1453 2564 1594 2607 singulis,
1620 2565 1740 2599 etiamsi
1766 2565 1804 2598 de
1829 2564 1899 2605 illis,
1925 2575 1974 2598 eo-

1230 2629 1363 2662 rumque
1373 2618 1445 2651 totis
1458 2618 1632 2659 tenoribus,
1646 2618 1799 2662 specialis,
1814 2617 1972 2662 specifica,

1230 2672 1389 2706 individua
1405 2676 1436 2706 et
1452 2682 1612 2716 expressa,
1631 2682 1666 2705 ac
1683 2671 1722 2706 de
1738 2671 1835 2706 verbo
1851 2670 1890 2704 ad
1908 2682 1975 2706 ver-

1969 270 2017 297 Αη.
2038 269 2068 298 C.
2090 270 2160 298 162⁴

2026 1877 2119 1903 Dei-ngat
2134 1876 2171 1898 ob·

1986 1904 2098 1926 stantibus.
