2269 3235
242 266 328 292 Aac.
353 266 420 294 1825

264 911 344 932 Causae
358 912 420 932 eden·

237 937 258 958 di
266 937 319 959 baec
329 938 421 960 decreta.

466 257 530 290 53:343

756 315 800 348 CX
806 315 863 348 LV.

442 395 571 428 Decreta
603 396 634 428 S.
670 395 937 437 Conqrcqatz'om's
972 396 1110 429 Conciliz'
1142 397 1179 430 de

483 448 694 481 celebratione
713 449 901 487 missarmn„
918 460 955 482 ac
977 449 1014 482 de
1033 450 1179 493 prohibi-

483 502 568 533 !ione
599 501 677 533 illas
707 501 900 534 moderandi
923 513 978 536 seu
1005 503 1178 537 reducenda¹

481 554 601 597 absque
617 554 709 587 Sedis
726 555 930 598 Apostoti'cae
955 556 1096 589 licentia..
1114 557 1178 590 Nec

480 616 546 639 non
569 606 608 639 de
627 607 815 640 earumdem
839 609 990 642 oneribus
1012 611 1178 655 perpetuis

480 659 695 703 suscipiendis
708 672 720 701 ‚·
741 664 770 693 et
800 661 838 694 de
865 661 1095 705 reliqz'osorum
1119 673 1179 696 nu-

481 722 567 745 mero
590 712 682 746 ultra
705 713 852 747 redditus
877 718 907 747 et
930 720 1096 748 consuetas
1121 716 1178 749 ele-

481 775 650 809 emosynas
664 766 806 800 locorum
818 768 1026 811 reyularium
1042 779 1108 801 non
1121 769 1178 802 Ιια-

482 818 580 852 bendo
591 818 609 851 ¹.

480 898 556 933 Cum
578 909 671 943 saepe
695 899 856 942 contingat
878 900 909 932 in
927 899 1113 943 quibusdam
1131 911 1177 934 ec-

437 951 539 985 clesiis
564 957 626 984 tam
647 962 797 994 magnum
822 952 991 985 missarum
1017 953 1176 986 celebran-

436 1005 547 1038 darum
579 1015 748 1038 numerum
774 1015 810 1038 ex
835 1006 929 1038 variis
953 1006 1175 1039 defunctorum

436 1058 552 1091 relictis
565 1063 617 1091 aut
632 1059 759 1103 piorum
773 1060 979 1103 eleemosynis
992 1060 1174 1104 impositum

435 1122 511 1152 esse,
529 1117 563 1144 ut
580 1112 641 1145 illis
658 1123 715 1156 pro
733 1113 865 1156 singulis
890 1113 999 1146 diebus
1024 1115 1176 1157 praescri-

433 1166 493 1209 ptis
506 1171 641 1209 nequeat
654 1167 810 1207 satisfieri3
825 1173 855 1200 et
868 1173 972 1201 tamen
985 1178 1065 1201 nova
1079 1179 1175 1202 onera

433 1219 599 1252 missarum
610 1220 642 1252 in
651 1219 717 1253 dies
731 1221 951 1264 suscipiantur,
963 1222 1096 1265 indeque
1109 1222 1172 1265 fiat,

433 1278 466 1306 ut
489 1273 658 1317 depereant
682 1274 750 1317 piae
776 1275 955 1308 testantium
980 1276 1173 1317 voluntates,

433 1326 582 1360 obstricta
599 1326 851 1360 benefactoribus
868 1328 945 1360 fides
962 1329 1107 1369 violetur,
1125 1329 1174 1361 de-

432 1379 610 1412 functorum
647 1380 769 1412 animae
797 1380 957 1424 suffragiis
985 1381 1170 1425 priventur,

432 1433 571 1466 ecclesiis
582 1433 706 1466 debitus
716 1434 917 1467 subtrahatur
927 1434 1039 1475 cultus,
1049 1446 1085 1468 ac
1095 1436 1174 1468 chri—

433 1486 580 1520 stifideles
605 1487 692 1529 gravi
717 1487 863 1521 seandalo
888 1488 1006 1529 affecti,
1032 1489 1172 1532 plerum-

432 1551 492 1584 que
509 1551 525 1572 a
543 1540 697 1573 similibus
722 1541 882 1574 charitatis
906 1542 1056 1585 operibus
1074 1547 1172 1576 retra-

432 1593 563 1626 hantur:
582 1605 715 1638 eumque
732 1594 780 1628 his
798 1595 888 1627 malis
906 1595 1078 1629 niaximum
1093 1596 1173 1629 inter

433 1650 536 1678 cetera
561 1647 732 1680 fomentum
758 1648 919 1691 praebeat,
945 1647 1015 1680 aut³
1032 1649 1115 1691 quod
1141 1650 1172 1689 ii,

432 1699 485 1742 qui
505 1699 615 1732 missas
640 1711 735 1744 supra
757 1700 838 1734 vires
856 1701 1058 1734 celebrandas
1079 1702 1173 1734 susci-

432 1753 530 1796 piunt,
555 1759 697 1797 sperent,
723 1754 790 1786 illas
814 1754 902 1787 brevi
926 1754 965 1787 ad
988 1753 1172 1798 pauciorem

432 1816 599 1839 numerum
624 1817 641 1839 a
666 1807 884 1851 superioribus
908 1807 1094 1842 reductum³
1118 1809 1172 1850 iri,

432 1864 485 1892 aut
508 1859 592 1904 quod
618 1860 768 1901 ecclesiis,
787 1865 871 1894 sorte
890 1861 1096 1905 pecuniarum
1122 1862 1173 1895 ab·

432 1915 566 1958 sumpta,
581 1914 769 1958 plerumque
781 1915 864 1947 nuda
877 1919 1059 1950 remaneant
1076 1926 1172 1949 onera

432 1967 599 2001 missarum
630 1968 747 2012 absque
771 1969 836 2001 ullo
861 1969 1092 2011 emolumento,
1119 1975 1172 2003 aut

431 2020 515 2065 quod
539 2021 736 2066 eleemosyna
755 2032 814 2066 pro
830 2021 891 2054 illis
916 2022 1113 2056 celebrandis
1133 2024 1172 2056 sit

431 2073 508 2108 adeo
541 2074 659 2115 tenuis,
684 2079 717 2107 ut
739 2084 803 2108 non
834 2075 924 2108 facile
955 2075 1169 2119 inveniantur,

431 2128 484 2172 qui
512 2128 607 2161 velint
632 2127 705 2161 huic
729 2138 762 2161 se
787 2128 911 2161 muneri
940 2129 1115 2172 subiicere,
1142 2134 1172 2163 et

432 2182 571 2216 redditus
608 2182 757 2216 ecclesiae
791 2188 843 2216 aut
878 2183 1061 2216 monasterii
1094 2183 1184 2217 adeo.

432 2235 546 2279 exigui,
560 2240 594 2268 ut
611 2236 757 2269 sacerdos
769 2246 827 2280 pro
841 2237 1017 2270 necessaria
1035 2237 1091 2270 sua
1109 2247 1173 2270 sus-

430 2290 600 2323 tentatione
624 2291 714 2324 novis
739 2301 771 2323 se
797 2291 946 2324 oneribus
972 2291 1171 2334 obstringere

431 2344 650 2388 compellatur:
677 2355 765 2378 sacra
794 2345 1003 2389 Congregatio
1028 2346 1170 2379 cardina-

467 2451 475 2476 t
496 2450 580 2486 Super
595 2451 637 2478 his
653 2451 769 2478 decretis
790 2451 889 2479 multae
904 2455 999 2487 postea
1014 2455 1076 2479 sunt
1095 2455 1170 2479 ortae

430 2494 621 2528 dubitationes,
645 2496 744 2531 quibus
769 2496 865 2524 eadem
890 2505 967 2524 saera
991 2497 1170 2532 congregatio

430 2540 579 2574 respondit,
600 2544 625 2567 et
644 2541 687 2567 SS.
705 2541 734 2567 D.
752 2542 786 2568 N.
807 2550 938 2577 responsa
958 2542 1126 2569 confirmavit
1146 2545 1172 2569 et

431 2584 601 2619 approbavit,
619 2593 688 2620 quae
703 2585 793 2612 omnia
808 2595 868 2613 mox
884 2586 931 2613 tibi
947 2586 1098 2613 subiiciam.

464 2628 481 2655 2
496 2628 592 2655 Vocem
608 2632 660 2657 aut
674 2634 738 2665 puto
755 2630 814 2657 heic
829 2630 968 2657 abundare
983 2632 1020 2666 (a.
1038 2632 1086 2665 T.).

466 2673 481 2699 3
497 2672 590 2708 Aptius
604 2672 740 2707 legeretur
756 2675 887 2702 reductas
904 2675 939 2710 tn.
956 2674 1003 2709 τ.).

1020 268 1197 293 nuttAan
1222 267 1376 293 nottANUM

1970 273 2020 300 An.
2033 273 2060 299 C.
2081 273 2151 300 1625

1213 317 1289 349 lium
1314 316 1442 351 Concilii
1461 317 1632 351 Tridentini
1653 318 1871 364 interpretum,
1890 322 1951 354 ani-

1214 370 1423 411 madvertens,
1448 371 1599 403 facturam
1625 381 1656 404 se
1674 382 1742 404 rem
1758 373 1821 406 Deo
1841 374 1950 417 gratis-

1214 424 1345 464 simam,
1369 424 1575 467 charitatique
1600 434 1635 456 ac
1659 423 1795 458 iustiliae
1815 426 1950 460 maxime

1213 483 1464 517 consentaneam,
1479 477 1503 509 si
1521 487 1579 521 pro
1594 477 1714 510 viribus
1731 482 1850 521 satagat
1866 479 1950 513 hunc

1213 530 1407 563 teterrimum
1426 530 1558 563 abusum
1573 540 1589 563 e
1603 530 1773 563 christiana
1790 531 1950 576 republica

1213 584 1388 616 convellere
1406 588 1498 627 atque
1524 584 1699 625 eradicare,
1725 583 1775 617 SS.
1794 584 1826 617 D.
1845 585 1879 618 N.
1898 585 1951 618 Ur-

1212 636 1283 669 bani
1304 636 1407 669 divina
1432 637 1628 681 providentia
1646 638 1746 682 Papae
1763 638 1828 671 VIII
1848 642 1951 672 aucto-

1212 690 1302 724 ritate
1327 690 1384 723 sibi
1409 691 1587 735 specialiter
1611 692 1772 734 attributa,
1791 691 1950 725 infrascri-

1210 748 1265 786 pta
1289 743 1415 776 decreta
1440 743 1544 777 edidit.

1255 795 1270 837 g
1294 795 1323 828 ²1.
1344 797 1387 829 Ac
1406 796 1511 840 primo
1530 796 1671 830 districte
1690 797 1846 841 prohibet,
1857 803 1951 842 atque
1992 811 2031 842 Ρη)
2046 812 2150 833 reductio-

1211 847 1378 890 interdieit,
1396 859 1435 881 ne
1453 849 1594 894 episcopi
1612 850 1644 883 in
1661 850 1846 884 dioecesana
1863 861 1952 896 syno-
1965 843 2151 894 ggssgffigssmoss:

1210 899 1260 940 do,
1274 905 1327 933 aut
1345 901 1508 943 generales
1525 902 1556 934 in
1573 903 1717 946 capitulis
1737 904 1949 947 generalibus,
1965 897 2020 939 '312ss
2035 891 2148 939 §gdeusain'

1209 953 1257 985 vel
1273 953 1348 985 alias
1362 954 1597 997 quoquomodo,
1611 955 1762 990 reducant
1775 967 1871 990 onera
1887 958 1950 990 ulla

1210 1005 1377 1038 missarum
1404 1007 1673 1049 celebrandarum,
1700 1012 1753 1042 aut
1771 1014 1843 1052 post
1866 1009 1950 1044 idem

1209 1058 1381 1091 Concilium
1407 1059 1562 1103 imposita,
1583 1064 1636 1092 aut
1660 1060 1690 1093 in
1715 1061 1823 1094 limine
1846 1062 1952 1096 sunda-

1209 1112 1319 1152 tionis;
1345 1112 1399 1146 sed
1423 1123 1482 1156 pro
1506 1113 1556 1146 his
1580 1113 1727 1147 omnibus
1751 1114 1950 1156 reducendis,

1208 1172 1259 1199 aut
1274 1167 1484 1209 moderandis,
1498 1168 1546 1200 vel
1564 1168 1804 1211 commutandis,
1818 1169 1857 1202 ad
1873 1170 1952 1213 Apo-

1208 1220 1349 1253 stolicam
1375 1221 1487 1254 Sedent
1506 1226 1698 1262 recurratur,
1716 1232 1807 1266 quae,
1828 1233 1863 1256 re
1884 1223 1951 1256 dili-

1208 1277 1318 1315 genter
1338 1275 1514 1317 perspecffi,
1539 1274 1571 1306 id
1595 1279 1718 1315 statuet,
1744 1275 1828 1318 quod
1849 1276 1950 1319 magis

1208 1326 1238 1358 in
1252 1326 1385 1360 Domino
1406 1327 1555 1370 expedire
1573 1327 1792 1361 arbitrabitur:
1811 1329 1951 1373 alioquin

1208 1379 1424 1420 reductiones,
1456 1380 1689 1414 moderationes
1714 1386 1743 1413 et
1775 1387 1949 1415 commuta·

1208 1433 1306 1466 tiones
1338 1433 1540 1475 huiusmodi,
1566 1434 1591 1467 si
1616 1445 1693 1478 quas
1723 1440 1832 1468 contra
1855 1436 1948 1469 huius

1189 1496 1191 1506 ·
1208 1487 1431 1530 prohibitionis
1448 1488 1580 1520 formam
1596 1487 1666 1520 sieri
1683 1488 1861 1531 contigerit,
1881 1499 1948 1522 orn-

1207 1540 1282 1573 nino
1306 1541 1407 1573 nullas
1432 1545 1525 1585 atque
1550 1541 1658 1574 inanes
1683 1541 1831 1575 decernit.

1253 1595 1267 1637 §
1291 1594 1319 1627 ⁶2.
1345 1594 1479 1636 Deinde,
1501 1595 1566 1636 ubi,
1591 1605 1650 1638 pro
1673 1595 1819 1639 pluribus
1845 1596 1948 1630 missis
1990 1608 2076 1644 aiassae
2092 1608 2148 1629 ceie-

1207 1648 1298 1681 etiam
1324 1648 1464 1682 eiusdem
1485 1649 1643 1693 qualitatis
1668 1650 1874 1692 celebrandis,
1892 1651 1947 1684 sti·
1962 1635 2147 1682 {lss‘lffieafflstssl

1207 1702 1329 1745 pendia,
1347 1707 1637 1746 quantumcumque
1653 1702 1828 1747 incongrua
1842 1708 1872 1738 et
1887 1704 1949 1737 exi-
1963 1690 2010 1736 Ῐιῖἷ.
2033 1688 2147 1713 ⁶¹⁸⁰⁰‘⁰⁵y'

1207 1766 1278 1799 gua,
1296 1755 1359 1788 sive
1377 1755 1416 1788 ab
1437 1758 1498 1788 una
1519 1756 1582 1789 sive
1602 1766 1619 1788 a
1643 1756 1787 1800 pluribus
1804 1758 1948 1801 personis

1207 1809 1319 1842 collata
1347 1808 1465 1841 fuerint
1493 1812 1546 1842 aut
1577 1809 1779 1842 conferentur
1803 1809 1834 1842 in
1857 1810 1944 1843 sutu-

1206 1872 1289 1903 rum,
1303 1862 1529 1905 sacerdotibus,
1544 1862 1694 1903 eeclesiis,
1713 1862 1865 1907 capitulis,
1883 1863 1947 1897 col-

1205 1915 1305 1959 legiis,
1330 1915 1558 1960 hospitalibus,
1583 1916 1803 1959 societatibus,
1830 1927 1945 1950 mona-

1206 1970 1318 2011 steriis,
1336 1969 1552 2011 conventibus,
1570 1970 1883 2014 congregationibus,
1895 1971 1948 2005 do-

1207 2023 1329 2064 mibus,
1354 2034 1390 2056 ac
1413 2023 1491 2056 locis
1514 2023 1575 2067 piis
1600 2024 1861 2068 quibuscumque,
1884 2028 1947 2059 tam

1206 2076 1400 2110 secularibus
1424 2087 1519 2121 quam
1538 2077 1748 2120 regularibus,
1766 2087 1854 2111 sacra
1873 2078 1949 2112 Con-

1206 2130 1348 2174 gregatio
1379 2130 1436 2163 sub
1468 2130 1675 2164 obtestatione
1707 2130 1803 2163 divini
1840 2131 1946 2165 iudicii

1206 2183 1332 2216 mandat
1346 2194 1381 2217 ac
1398 2184 1559 2228 praecipit,
1572 2188 1605 2218 ut
1616 2183 1758 2217 absolute
1774 2189 1820 2218 tot
1834 2185 1946 2218 missae

1206 2237 1416 2279 celebrentur,
1437 2241 1514 2280 quot
1538 2236 1576 2269 ad
1600 2237 1755 2270 rationem
1776 2237 1945 2271 attributae

1205 2290 1422 2334 eleemosynae
1447 2289 1660 2334 praescriptae
1684 2290 1822 2330 fuerint,
1847 2290 1890 2323 ita
1913 2296 1947 2324 ut

1205 2343 1343 2387 alioquin
1368 2343 1399 2384 ii,
1424 2343 1462 2376 ad
1487 2354 1565 2387 quos
1589 2344 1741 2388 pertinet,
1766 2353 1840 2376 suae
1865 2343 1943 2377 obli-

1205 2397 1322 2440 gationi
1347 2407 1410 2430 non
1427 2397 1626 2437 satisfaciant,
1651 2397 1792 2441 quinimo
1808 2397 1946 2440 graviter

1205 2455 1336 2495 peccent
1359 2455 1389 2484 et
1412 2450 1451 2483 ad
1475 2451 1707 2484 restitutionem
1732 2455 1904 2485 teneantur.

1250 2504 1317 2547 §3
1343 2504 1375 2537 Id
1408 2515 1482 2537 vero
1513 2508 1546 2538 ut
1578 2504 1725 2549 deinceps
1759 2505 1946 2538 observetur
1987 2511 2143 2532 Rovocauom-

1961 2537 2064 2559 dultorum
2083 2539 2144 2559 satis-

1206 2558 1353 2598 exactius,
1372 2568 1460 2591 sacra
1484 2558 1692 2602 Congregatio
1713 2558 1824 2592 eadem
1838 2563 1944 2592 aucto·
1960 2564 2051 2585 facien-ii
2085 2565 2145 2585 oneri

1959 2591 2093 2616 plurimarum
2100 2591 2148 2612 mis·

1206 2611 1297 2644 ritate
1321 2615 1447 2645 revocat
1470 2612 1636 2656 privilegia
1652 2616 1682 2646 et
1701 2612 1819 2645 indulta
1839 2612 1945 2645 omnia
1959 2618 2144 2667 {gffissfflwg'i’t'g

1206 2665 1367 2709 quibusvis
1390 2665 1543 2710 personis,
1563 2665 1712 2708 ecclesiis,
1730 2676 1765 2699 ac
1780 2665 1857 2699 locis
1873 2665 1943 2710 piis,
1960 2669 2100 2692 orationibus·
