2269 3235
241 306 288 331 Λιι.
308 306 334 332 ¹1.
357 305 424 331 '16¹2ss

327 1919 332 1930 .
346 1891 413 1957 ..asciti
440 1908 484 1937 tot
496 1903 647 1936 decorum
662 1902 888 1946 praerogativis
901 1902 1087 1944 insignitiad
1101 1902 1181 1934 chri-
1196 1922 1197 1942 ,

476 297 484 327 l
501 296 510 327 'i
524 297 535 327 ἰ

440 364 527 397 pora,
552 363 643 397 quae,
672 353 793 385 (livinae
819 352 972 396 largitatis
996 353 1179 386 muneribus

440 406 586 447 tectinda,
611 406 825 450 spiritualibus
849 416 907 439 nos
931 416 992 439 non
1017 407 1179 440 cumulent

440 459 540 498 bonis,
554 470 590 491 ac
606 469 777 502 numquam
793 458 830 491 ad
849 458 1037 491 ineffabilem
1055 459 1108 492 Dei
1125 460 1179 492 ini-

439 511 653 551 sericordiam,
671 511 736 543 eius
758 511 935 555 adspirante
960 512 1072 555 gratia,
1088 513 1178 546 nobis

438 565 538 599 aditus
563 565 802 608 praecludatur3
824 565 1028 598 nihilominus
1044 571 1098 607 tot,
1117 571 1179 599 tan—

440 623 530 661 taque
553 629 591 651 eo
615 628 696 651 anno
717 618 754 651 ad
773 619 936 651 hominum
963 619 1178 653 sanctificatio-

439 681 508 703 nem
527 671 678 704 beneficia
693 672 822 705 caelitus
836 678 1033 715 promanant,
1051 678 1084 705 ut
1099 683 1178 716 pene

438 734 548 757 omnes
558 735 664 757 sacros
677 725 841 759 thesauros
850 725 953 757 divina
965 726 1178 759 munificentia

439 778 468 810 iu
493 778 714 811 christifideles
736 779 913 813 diffundere
929 780 1079 813 videatur.
1098 781 1177 820 Qua-

438 837 568 876 propter
595 833 620 866 si
645 834 925 877 quinquagesimus
950 845 1059 875 annus,
1084 846 1177 879 quem

440 887 519 918 lteus
533 886 657 931 Moysen
678 888 872 921 sanctificare
891 888 990 927 iussit,
1003 888 1178 921 incredibili

438 939 648 973 hebraeorum
680 941 810 984 plausu,
835 946 928 983 atque
958 941 1178 974 inaestimabili

438 993 552 1035 gaudio
576 994 800 1037 excipiebatur,
825 998 943 1037 quanto
968 994 1067 1037 magis
1091 994 1179 1027 decet

437 1046 643 1078 christianum
674 1046 784 1079 orbem
817 1057 907 1079 sacro
939 1047 1064 1080 iubilaei
1098 1058 1179 1087 anno

438 1105 621 1132 recurrente
643 1100 749 1133 laetari
764 1100 779 1131 ἵ)
796 1100 966 1133 Laboriosa
983 1111 1020 1133 eo
1036 1094 1180 1145 tempore

437 1152 647 1195 agriculturae
664 1164 761 1197 opera
775 1153 1061 1187 intermittebantur
1073 1181 1080 1194 ,
1097 1164 1179 1187 nunc

437 1207 568 1250 proprio
593 1206 725 1250 quisque
750 1218 882 1250 parcens
906 1207 1017 1248 labori,
1048 1208 1179 1249 fruetus,

437 1271 516 1303 quos
540 1260 653 1293 Christi
678 1260 823 1300 Domini,
849 1260 1001 1304 Deiparae
1027 1261 1178 1303 Virginis,

437 1324 473 1347 ac
489 1313 675 1346 Sanctorum
693 1313 804 1346 merita
824 1314 1034 1357 protulerunt,
1058 1313 1180 1346 uberri-
1196 1351 1197 1363 ἵ

438 1378 505 1401 utos
530 1367 679 1412 percipit,
697 1367 837 1400 districta
856 1373 928 1400 tunc
948 1367 1086 1410 praedia,
1104 1367 1178 1399 alie-
1195 1374 1197 1414 5

439 1421 532 1464 nique
552 1421 629 1453 iuris
655 1421 766 1454 ell'ecta
783 1421 1069 1464 recuperabantur,
1096 1431 1178 1453 nunc

439 1474 578 1514 virtutes,
596 1474 679 1507 dona
695 1479 725 1507 et
742 1474 863 1514 merita,
881 1474 996 1518 quibus
1020 1474 1178 1517 peccando

439 1528 551 1561 merito
576 1528 731 1569 exuimur,
748 1528 870 1561 liberali
886 1528 941 1561 Dei
961 1528 1178 1561 misericordia

439 1581 624 1626 recipimus,
650 1582 757 1615 exules
793 1586 865 1614 tunc
889 1581 1024 1625 patriam
1049 1585 1196 1625 repete-=

439 1636 529 1675 bant,
554 1645 636 1667 nunc
670 1634 708 1667 ad
733 1635 873 1673 caelum,
904 1634 986 1667 uude
1019 1635 1179 1667 exulantes

441 1689 470 1721 in
494 1689 553 1721 hac
577 1689 789 1733 lacrymarum
814 1688 893 1721 valle
925 1688 1039 1721 misere
1064 1699 1174 1731 perer-

440 1753 555 1783 ramus,
576 1743 636 1776 iter
662 1743 752 1775 nobis
769 1746 1039 1786 praemonstratur
1055 1747 1083 1776 et
1111 1753 1180 1786 ape-

441 1795 530 1828 ritur.

484 1849 498 1892 §
518 1849 547 1881 ·l.
566 1850 627 1882 Vos
648 1849 753 1891 igitur,
775 1849 920 1882 catholici
940 1849 1110 1892 principes,
1127 1849 1179 1892 qui

439 1957 571 1991 stianam
596 1956 743 2000 pietatem
768 1956 1015 2000 promovendam
1040 1945 1197 1994 arctiori-i

439 2011 507 2051 buS,
524 2021 617 2054 quam
638 2010 744 2049 ceteri,
761 2009 960 2052 obligationis
977 2009 1108 2041 nexibus
1126 2009 1180 2041 ob-

439 2064 536 2098 stricti
550 2064 634 2104 estis,
647 2074 702 2097 vos
719 2074 838 2101 omnes,
857 2062 1085 2102 christifideles,
1103 2073 1181 2106 quos

440 2119 578 2152 Romana
603 2117 741 2150 Ecclesia
773 2122 916 2149 materno
945 2116 1068 2159 gremio
1093 2127 1179 2149 coiu-

439 2172 602 2216 plectitur‚
627 2171 665 2204 ad
701 2170 958 2203 iucundissimam
990 2169 1199 2224 sacrosancti,

440 2224 532 2257 huius
546 2224 673 2257 iubilaei
684 2223 941 2263 celebrationem,
952 2224 1092 2266 paterna,
1102 2232 1180 2266 quae
1198 2246 1199 2262 ,

441 2284 529 2321 urget
544 2288 610 2318 nos,
625 2277 775 2310 charitate
791 2287 939 2310 vocamus
957 2281 985 2308 et
1003 2276 1179 2316 invitamus,

440 2343 475 2364 ac
500 2331 588 2375 quasi
614 2331 689 2364 tuba
714 2331 882 2363 exaltantes
907 2340 1015 2363 vocem
1041 2334 1180 2362 nostram

442 2386 626 2430 prophetica
646 2386 675 2418 in
701 2396 755 2418 vos
769 2385 896 2418 oracula
913 2384 1135 2425 convertimus,
1153 2388 1181 2416 et

442 2441 631 2472 =·lamarnus:
657 2438 767 2471 ‚ludite
792 2439 888 2479 haec,
919 2448 1027 2470 omnes
1051 2443 1181 2480 gentes,

441 2494 569 2526 auribus
592 2493 764 2537 percipite,
792 2492 845 2536 qui
877 2491 1025 2525 habitatis
1050 2491 1181 2531 orbem;

442 2547 609 2580 :alveniunt
627 2546 693 2579 dies
710 2546 920 2590 poenitentiae
940 2546 977 2578 ad
1001 2545 1183 2578 redimenda

443 2605 582 2644 peccata,
602 2600 647 2643 ad⁸
665 2599 829 2633 salvandas
855 2599 991 2638 animas3
1017 2598 1184 2642 appropin-

443 2658 517 2698 quat
541 2658 685 2697 tempus,
710 2663 772 2696 quo
795 2653 848 2686 Dei
883 2652 1100 2686 misericordia
1130 2662 1184 2685 eos

444 2707 568 2740 tandem
583 2711 753 2748 convertat,
764 2717 842 2749 quos
856 2717 923 2739 sera
934 2706 1000 2739 eius
1012 2705 1183 2739 ulciscendi

1024 304 1200 329 nutantum
1226 305 1379 330 ROMANUM

1213 354 1355 387 voluntas
1370 353 1424 387 diu
1443 355 1598 395 toleravit,
1617 354 1771 389 hunianae
1788 356 1868 389 vitae
1883 356 1951 389 bre-

1213 407 1339 440 vitatem
1366 407 1457 441 vobis
1481 407 1539 451 ipsi
1565 407 1607 441 ob
1632 407 1740 441 oculos
1763 409 1949 453 proponite;

1213 460 1357 503 cogitate,
1371 471 1429 494 nos
1446 461 1544 494 instar
1561 471 1660 504 aquae
1679 460 1784 502 dilabi,
1804 471 1840 494 ac
1855 461 1949 494 vitam

1212 518 1350 547 nostram
1365 515 1449 547 velut
1465 524 1481 547 a
1499 519 1621 547 texente
1634 514 1783 558 praecidi.
1796 514 1834 547 Et
1847 525 1952 558 quarn-

1213 567 1258 599 vis
1271 567 1412 601 nonnulli
1430 578 1466 600 ex
1481 568 1629 601 Romanis
1642 567 1854 608 Pontificibus,
1864 578 1952 612 prae-

1213 619 1432 654 decessoribus
1446 620 1572 661 nostris,
1594 620 1694 653 eidem
1720 620 1846 653 iubilaei
1871 631 1951 655 anno

1213 674 1462 707 concelebrando
1486 673 1717 717 praescriptum
1740 673 1815 706 olim
1833 677 1952 718 tempo-

1212 725 1255 758 ris
1279 727 1413 770 spatium
1433 727 1562 771 provide
1583 730 1747 767 arctantes,
1763 731 1825 759 tam
1843 727 1953 760 solem-

1213 790 1284 811 nem
1310 781 1472 824 culparum
1503 780 1743 821 remissionem,
1768 780 1952 824 divinaeque

1213 833 1348 866 iustitiae
1377 834 1556 867 debitarum
1580 844 1753 878 poenarum
1781 834 1950 867 relaxatio-

1212 896 1284 918 nem
1309 886 1389 919 intra
1423 887 1620 930 angustiores
1654 898 1808 921 annorum
1838 888 1953 920 limites

1213 941 1446 980 contraxei·int;
1470 941 1686 982 nihilominus,
1704 942 1745 975 ob
1764 942 1951 986 paucitatem

1213 991 1335 1024 dierum
1360 997 1559 1033 nostrorum,
1583 994 1692 1037 paucis
1725 995 1811 1027 illam
1835 995 1953 1028 reditu-

1213 1043 1297 1076 ram*
1318 1049 1472 1088 putantes,
1490 1056 1678 1089 quaeramus
1693 1047 1861 1080 Dominum
1879 1048 1952 1080 dum

1213 1097 1347 1130 inveniri
1381 1103 1483 1141 potest
1505 1125 1512 1139 ,
1548 1098 1732 1132 invocemus
1770 1110 1843 1132 eum
1879 1100 1952 1133 dum

1214 1161 1314 1194 prope
1339 1155 1393 1185 est.
1418 1152 1527 1184 Venite
1551 1162 1628 1195 ergo
1653 1152 1691 1185 ad
1715 1153 1831 1193 locum,
1860 1164 1953 1197 quem

1214 1205 1308 1247 elegit
1332 1205 1504 1246 Dominus,
1529 1205 1686 1238 ascendite
1722 1205 1759 1238 ad
1792 1207 1953 1250 mysticam

1213 1259 1294 1290 lianc
1315 1259 1521 1300 Hierusalem,
1539 1264 1594 1300 tot,
1612 1259 1768 1303 tantisque
1785 1270 1802 1291 a
1821 1260 1885 1292 Deo
1901 1259 1955 1293 be-

1213 1311 1332 1344 nessciis
1346 1317 1480 1353 auctam,
1493 1317 1539 1345 tot
1556 1313 1740 1345 muneribus
1753 1313 1954 1350 cumulatam,

1214 1369 1247 1398 ut
1274 1376 1346 1399 vere
1370 1366 1408 1399 de
1433 1368 1469 1399 ea
1493 1366 1615 1399 dicatur
1640 1367 1778 1399 fluminis
1803 1367 1954 1411 impetum

1213 1419 1382 1452 laetificare
1413 1420 1570 1453 civitatem
1603 1420 1749 1461 Domini,
1775 1421 1953 1454 caelestium

1212 1483 1325 1517 nempe
1350 1474 1489 1507 fluminis
1514 1474 1697 1517 gratiarum,
1720 1475 1808 1508 cuius
1832 1485 1951 1519 oppor-

1213 1529 1288 1559 tuna
1314 1527 1497 1570 irrigatione
1529 1528 1668 1561 fidelium
1693 1528 1822 1570 janimae.
1853 1529 1956 1562 fecun-

1213 1580 1335 1614 dantur.
1362 1581 1469 1615 Venite
1487 1586 1517 1616 et
1534 1582 1642 1616 afferte
1662 1582 1795 1616 Domino
1820 1582 1953 1625 gloriam

1213 1634 1331 1667 nomini
1356 1635 1439 1675 eius,
1472 1635 1599 1669 adorate
1623 1636 1792 1669 Dominum
1818 1636 1849 1667 in
1874 1635 1954 1667 atrio

1214 1692 1320 1722 sancto
1344 1689 1420 1721 eius.
1452 1689 1530 1729 llic,
1556 1689 1611 1722 filii
1636 1689 1854 1729 dilectissimi,
1882 1699 1955 1721 vere

1214 1742 1441 1774 confitebimini
1466 1742 1530 1775 Deo
1554 1742 1586 1775 in
1610 1742 1749 1775 Ecclesia
1773 1743 1899 1785 magna,
1924 1742 1954 1774 in

1195 1796 1332 1839 ipopulo
1356 1795 1444 1838 gravi
1468 1795 1634 1828 laudabitis
1656 1806 1745 1835 eum,
1763 1795 1956 1840 quandoqui-

1214 1848 1284 1881 dem
1302 1849 1379 1881 haec
1403 1854 1450 1881 est
1474 1853 1650 1882 ceterarum
1676 1849 1881 1882 ecclesiarum
1898 1849 1956 1881 Ma-

1214 1902 1323 1944 gistra,
1341 1903 1445 1946 prima
1469 1902 1642 1935 catholicae
1666 1902 1829 1945 religionis
1849 1902 1955 1943 Sedes.

1214 1955 1310 1987 ‘Mater
1327 1955 1535 1995 credentium,
1553 1955 1640 1988 orbis
1652 1955 1761 1999 Caput,
1776 1956 1887 1988 Vertex
1905 1965 1955 1988 re-

1215 2020 1294 2041 ruiu.
1320 2008 1518 2053 Quapropter
1542 2013 1571 2043 et
1596 2009 1744 2042 caelestes
1768 2009 1956 2042 benedictio-

1214 2072 1278 2101 nes,
1295 2072 1372 2105 quas
1389 2062 1490 2103 sititis,
1508 2063 1557 2095 hic
1576 2073 1638 2095 non
1655 2073 1691 2095 ex
1710 2062 1818 2095 rivulis
1833 2062 1954 2106 petetis,

1196 2100 1198 2127 i
1215 2115 1267 2147 sed
1283 2115 1433 2148 haurietis
1451 2126 1546 2159 aquas
1564 2115 1593 2148 iu
1619 2115 1734 2157 gaudio
1758 2115 1796 2147 de
1818 2115 1955 2148 fontibus

1215 2169 1394 2208 salvatoris,
1422 2180 1519 2212 aquas
1544 2169 1687 2202 videlicet
1718 2169 1953 2210 saluberrimas,

1215 2222 1328 2265 quibus
1350 2222 1491 2262 haustis,
1529 2222 1682 2254 ellieietur
1710 2222 1739 2254 in
1767 2222 1855 2255 vobis
1888 2222 1955 2255 fons

1215 2287 1312 2320 aquae
1330 2275 1468 2309 salientis
1492 2275 1523 2308 in
1549 2276 1641 2309 vitam
1667 2280 1836 2308 aeternam.

1259 2330 1274 2372 g
1297 2329 1326 2362 Ξ.
1353 2329 1434 2362 Ilaec
1461 2329 1557 2371 igitur
1574 2340 1631 2362 nos
1648 2340 1724 2373 prae
1739 2329 1839 2362 oculis
1864 2334 1955 2373 atque

1216 2384 1246 2416 in
1272 2383 1351 2417 votis
1374 2383 1535 2424 hahentes,
1554 2384 1832 2427 Romanorumque
1858 2384 1957 2417 Ponti-

1216 2437 1308 2470 ficum
1328 2436 1607 2481 praedeeessorum
1621 2442 1803 2469 nostrorum
1819 2437 1956 2480 vestigiis

1216 2491 1435 2530 inhaerentes,
1460 2495 1487 2522 et
1514 2501 1623 2523 eorum
1649 2490 1735 2534 pium
1765 2501 1800 2523 ac
1820 2491 1958 2523 saluber-

1217 2544 1333 2576 rimum
1358 2544 1534 2577 institutum
1560 2543 1746 2583 retinentes,
1771 2543 1808 2576 de
1833 2554 1957 2576 venera-

1216 2597 1328 2629 bilium
1352 2597 1485 2629 fratrum
1510 2601 1692 2630 nostrorum
1716 2597 1744 2630 S.
1771 2597 1804 2630 R.
1830 2596 1862 2629 E.
1887 2607 1956 2629 car-

1238 2659 1264 2695 '1
1283 2668 1402 2696 Erronee
1425 2668 1489 2695 edu.
1513 2667 1592 2695 Manu
1614 2673 1640 2695 et
1659 2668 1776 2696 Cherub.
1798 2667 1958 2703 Lugdunen—

1217 2713 1685 2748 fflsleguntreddnuranztn.rff.

1965 307 2058 334 An.=;
2079 308 2147 335 1524

2009 2338 2095 2358 lnbilaei
2122 2345 2156 2359 ee-

1939 2384 1944 2388 ,
1973 2365 2110 2385 t--urauunvm
2135 2366 2155 2385 in

1972 2398 2087 2417 proximum
2118 2399 2156 2412 ‹3ss-

1934 2437 1938 2442 ,
1972 2424 2019 2438 niun
2031 2424 2109 2439 uncnv
2127 2419 2156 2438 in·

1972 2445 2022 2464 ‹tie-it
2039 2447 2056 2464 vt
2078 2445 2156 2470 pluuis-

1972 2478 2045 2491 siinain
2062 2471 2155 2497 imparti-

1972 2500 2004 2517 tur
2047 2497 2156 2522 indulgeu-

1972 2527 2021 2544 tiam
2053 2525 2156 2545 visitanti-

1972 2551 2010 2570 bus
2018 2553 2110 2576 quatuor
2117 2556 2154 2597 pa-

1972 2577 2097 2598 trizirchalus·
2131 2577 2156 2597 ‘'r-

1972 2604 2004 2624 bis
2020 2604 2130 2624 ecclosias.
