2269 3235
131 257 182 286 An.
202 255 232 285 C.
249 255 316 284 1624

163 1862 282 1884 ctausutae.

167 2554 278 2576 Decretum
296 2555 323 2577 ir·

139 2582 205 2604 vitans
220 2582 287 2604 addit.

938 252 1079 275 unnxnus

331 301 452 347 cupatis
476 302 705 347 superioribus,
724 299 885 335 monachis
910 305 939 332 et
963 310 1086 348 perso-¹

330 356 379 390 nis
413 356 612 400 regularibus
644 355 915 399 quibuscumque,
948 362 1069 385 necnon

331 410 540 451 monasteriis,
565 409 715 449 eeclesiis,
740 408 894 446 domibus,
915 406 1087 451 conventi,

331 464 390 498 bus
413 469 443 497 et
466 464 544 498 locis
568 462 766 506 regularibus
790 460 999 504 quibuslibet,
1025 466 1070 493 te-

331 527 408 551 nore
431 516 657 561 praesentium,
681 520 834 558 perpetuo
859 513 1070 554 concedimus,

332 570 476 614 dietaque
499 568 672 614 privilegia,
698 567 827 606 indulta,
847 566 1070 606 immunitates,

333 623 546 668 exemptiones
562 632 597 654 ac
621 621 737 664 gratias
754 620 931 664 spirituales
948 625 978 652 et
998 624 1073 652 tem·
1087 633 1089 645 t

332 677 456 721 porales
485 673 666 708 huiusmodi
695 672 903 717 primodictae
927 672 1068 715 Congre-

333 729 460 774 gafioni,
485 728 631 771 illiusque
655 727 805 770 generali,
823 727 998 770 ceterisque
1017 726 1072 759 ab·

332 783 466 823 batibus,
491 780 662 826 prioribus,
686 781 851 814 monachis
875 784 905 815 et
927 780 1072 824 personis

331 835 499 880 praedictis
513 862 520 876 ,
544 845 668 869 necnon
692 835 849 876 ecclesiis,
873 834 1073 868 monasteriis

331 893 361 924 et
384 889 584 932 regularibus
609 887 686 922 locis
707 889 990 928 communicamus,
1010 889 1091 921 illa-¹

331 953 392 986 que
415 943 453 975 ad
478 953 532 977 eos
556 946 586 977 et
610 943 661 975 illa
686 942 885 976 extendimus
894 953 901 982 ;
923 943 963 975 ita
989 942 1091 986 quod*

331 996 540 1039 congregatio
556 996 803 1030 Caelestinorum
828 996 997 1040 praedicta,
1017 996 1074 1028 illi-

331 1061 431 1094 usque
455 1051 621 1094 generalis,
641 1056 672 1084 et
695 1051 791 1084 ceteri
815 1050 943 1083 abbates
957 1077 964 1091 ,
984 1060 1074 1094 supe-

332 1104 454 1146 riores,
479 1104 626 1138 monachi
651 1110 681 1138 et
704 1115 857 1149 personae
882 1104 1073 1144 huiusmodi,

333 1168 507 1201 eorumque
521 1158 723 1198 monasteria,
733 1157 903 1201 prioratus,
913 1157 1073 1200 grangiae,

333 1212 455 1253 domus,
473 1212 634 1252 ecclesiae,
654 1212 803 1252 oratoria,
819 1211 953 1255 collegia
968 1217 998 1243 et
1014 1211 1075 1243 alia

333 1264 401 1298 loca
420 1265 588 1308 regularia,
605 1274 728 1298 necnon
751 1275 802 1297 res
826 1269 857 1297 et
881 1264 965 1297 bona
983 1274 1075 1307 quae-

334 1328 480 1362 cumque,
499 1318 682 1362 praemissis
706 1318 853 1351 omnibus
877 1323 908 1351 et
932 1317 1073 1360 singulis,

332 1381 396 1405 non
424 1371 526 1405 solum
557 1371 596 1404 ad
627 1371 759 1405 aliarum
792 1371 1074 1414 congregationum

333 1425 441 1467 instar,
467 1425 522 1459 sed
545 1425 770 1470 parisormiter,
788 1430 818 1458 et
835 1435 934 1469 aeque
957 1424 1074 1468 princi-

333 1478 448 1522 paliter
479 1479 545 1520 uti,
569 1479 665 1523 potiri
695 1484 725 1512 et
749 1478 888 1521 gaudere
922 1478 1022 1511 libere
1047 1482 1075 1512 et

333 1531 416 1565 licite
441 1532 572 1574 valeant,
590 1532 722 1577 perinde
738 1542 774 1565 ac
794 1532 819 1564 si
844 1532 949 1565 onmia
969 1531 1031 1564 illis
1046 1537 1075 1564 et

334 1595 445 1620 eorum
469 1585 601 1630 singulis
632 1585 812 1630 specialiter
844 1590 874 1618 et
906 1595 1075 1629 expresse,

334 1644 365 1673 et
392 1649 456 1674 non
481 1639 519 1672 ad
551 1639 669 1680 instar,
694 1638 748 1672 sed
772 1649 789 1671 a
813 1638 970 1683 principio
995 1648 1073 1671 con-

335 1703 444 1734 cessa,
469 1698 499 1726 et
523 1693 554 1726 in
585 1692 793 1737 primodictae
817 1692 1076 1735 Congregationis

335 1747 475 1781 savorem
511 1757 529 1781 a
562 1747 642 1782 Sede
676 1747 856 1792 Apostolica
890 1746 1076 1780 nominatim

336 1806 543 1834 emanassent.

381 1854 396 1897 ἓ
419 1854 449 1887 2.
485 1854 714 1894 Decernentes,
742 1858 924 1898 praesentes
958 1852 1078 1886 litteras

335 1907 422 1941 nullo
446 1918 585 1951 unquam
620 1913 765 1952 tempore
797 1908 835 1940 de
865 1907 1078 1951 subreptionis

335 1962 384 1995 vel
407 1962 604 2006 obreptionis
635 1967 688 1995 aut
716 1961 866 1995 nullitatis
901 1961 997 2001 vitio,
1023 1971 1078 1993 seu

334 2015 517 2049 intentionis
540 2020 667 2050 nostrae
691 2019 744 2050 aut
767 2016 829 2049 alio
853 2016 1001 2059 quopiam
1027 2015 1079 2048 de-

334 2069 426 2112 fectu,
443 2069 557 2110 notari,
574 2069 766 2114 impugnari,
783 2069 941 2112 redargui,
959 2079 1014 2102 seu
1034 2069 1080 2101 in-

334 2123 440 2167 fringi,
457 2129 510 2157 aut
526 2123 558 2157 in
574 2123 623 2157 ius
647 2123 697 2157 vel
720 2123 968 2158 controversiam
992 2133 1079 2156 revo-

335 2177 399 2209 cari
424 2187 533 2221 posse,
568 2177 621 2211 sed
646 2187 698 2210 eas
722 2187 846 2221 semper
871 2181 900 2210 et
925 2181 1078 2221 perpetuo

336 2230 462 2271 validas,
480 2231 588 2264 firmas
601 2235 632 2264 et
648 2231 791 2264 efficaces
804 2231 937 2265 existere
954 2236 984 2264 et
1002 2231 1078 2270 sore,

336 2293 473 2327 suosque
490 2284 649 2327 plenarios
663 2290 692 2317 et
709 2284 849 2328 integros
866 2284 996 2318 effectus
1012 2294 1079 2317 sor-

338 2336 389 2369 tiri
407 2341 437 2369 et
453 2337 605 2378 obtinere,
623 2348 659 2371 ac
675 2337 918 2381 (long-regationi
933 2337 1079 2371 Caelesti-

337 2399 451 2423 norum
476 2389 679 2432 huiusmodi,
712 2391 858 2435 illiusque
882 2391 1026 2435 personis
1049 2394 1079 2424 et

338 2443 414 2477 locis
438 2443 636 2486 regularibus
661 2455 756 2488 supra
780 2445 936 2489 expressis
961 2445 991 2477 in
1016 2455 1080 2477 om-

338 2496 430 2530 nibus
448 2501 478 2529 et
493 2507 551 2540 per
567 2497 672 2530 omnia
687 2498 869 2542 plenissime
893 2497 1078 2540 suffragari;

383 2549 451 2594 §3
477 2549 590 2594 Sicque
624 2561 681 2594 per
713 2562 931 2595 quoscumque
961 2552 1080 2584 iudices

338 2602 515 2637 ordinarios
539 2608 568 2636 et
592 2603 769 2647 delegatos,
794 2605 887 2637 etiam
913 2615 1079 2638 causarum

339 2657 444 2701 palatii
461 2657 624 2702 apostolici
638 2657 805 2699 auditores,
818 2657 936 2701 ubique
948 2658 1079 2692 iudicari

1104 251 1159 274 vni
1184 251 1231 274 rr.

1103 305 1132 332 et
1156 298 1279 331 deliniri
1313 296 1438 337 debere,
1467 307 1502 330 ac
1527 294 1649 328 irritum
1675 300 1704 327 et
1729 295 1840 334 inane,

1102 352 1127 384 si
1152 363 1241 385 secus
1272 363 1367 395 super
1399 351 1447 383 liis
1479 361 1496 383 a
1527 359 1707 394 quoquam,
1733 348 1841 392 quavis

1103 406 1297 445 auctoritate,
1317 405 1450 438 scienter
1476 405 1522 438 vel
1548 404 1747 447 ignoranter,
1768 412 1842 436 con-

1104 459 1209 501 tigerit
1234 459 1387 492 attentari.

1149 512 1163 555 §
1187 511 1216 543 4.
1242 512 1394 550 Quocirca
1432 511 1660 544 vencrabililms
1694 509 1844 542 fratribus
1859 519 1978 568 seriptis&
1993 525 2043 568 333-

1104 564 1313 607 patriarchis,
1339 564 1588 607 archiepiscopis
1612 570 1641 596 et
1666 562 1843 607 episcopis,

1104 619 1236 663 aliisque
1260 620 1403 652 locorum
1428 618 1601 652 Ordinariis
1632 619 1843 662 quibuscum-

1104 684 1176 717 que,
1193 683 1316 706 necnon
1332 672 1446 706 dilecto
1466 673 1531 706 filio
1556 683 1721 705 causarum
1739 672 1845 706 curiae

1106 738 1250 760 camerae
1267 726 1456 771 apostolicae
1474 726 1613 769 generali
1630 726 1775 768 auditori,
1789 737 1846 770 per

1106 786 1288 824 praesentes
1319 780 1547 814 cummittimus
1577 785 1606 813 ct
1640 780 1846 820 mandamus,

1106 840 1260 878 quatenus
1279 834 1411 878 quilibet
1435 845 1555 874 eorum,
1573 833 1847 878 quandocumque,

1106 899 1164 932 per
1188 899 1232 929 se,
1263 889 1311 921 vel
1336 888 1452 929 alium,
1477 898 1532 921 seu
1557 887 1645 928 alios,
1666 892 1848 931 praesentes

1108 942 1240 983 litteras,
1270 947 1300 974 et
1324 941 1355 974 in
1380 941 1424 974 eis
1450 946 1596 975 contenta
1619 951 1848 984 quaecumque,

1106 995 1159 1028 ubi
1177 1000 1207 1028 et
1222 995 1348 1038 quando
1370 1006 1448 1039 opus
1472 995 1576 1035 suerit,
1596 1004 1632 1027 ac
1648 994 1771 1038 quoties
1790 1005 1848 1038 pro

1108 1052 1197 1092 parte
1227 1048 1349 1081 abbatis
1373 1048 1529 1091 generalis
1561 1053 1590 1081 et
1620 1048 1848 1081 monachorum

1106 1102 1365 1145 Congregationis
1378 1101 1625 1135 Caelestinorum
1637 1100 1762 1135 Ordinis
1782 1111 1849 1134 san-

1107 1156 1147 1189 cti
1172 1155 1330 1189 Benedicti
1347 1155 1582 1200 praedictorum
1608 1155 1722 1189 suerint
1746 1155 1850 1200 requi-

1107 1209 1179 1250 siti,
1212 1210 1397 1243 solemniter
1432 1210 1651 1254 publicantes,
1676 1209 1782 1253 eisque
1818 1209 1850 1242 in

1107 1263 1289 1306 praemissis
1322 1263 1458 1296 efficacis
1481 1263 1670 1296 defensionis
1693 1263 1850 1307 praesidio

1107 1316 1297 1357 assistentes,
1315 1316 1430 1349 saciant
1454 1316 1639 1351 auctoritate
1655 1318 1765 1349 nostra
1788 1327 1852 1350 eas-

1108 1370 1179 1403 dem
1196 1371 1325 1414 plenum
1342 1381 1453 1404 eorum
1471 1370 1617 1404 ellectum
1637 1370 1754 1410 sortiri,
1774 1370 1852 1403 illis-

1108 1435 1169 1468 que
1186 1435 1306 1465 omnes‚
1324 1435 1403 1469 quos
1421 1430 1624 1465 concernunt,
1641 1425 1771 1469 pacifice
1791 1424 1853 1457 frui

1109 1483 1139 1511 et
1163 1479 1318 1521 gaudere3
1332 1490 1395 1512 non
1415 1479 1643 1523 permittentes,
1661 1489 1852 1522 quemquam

1109 1532 1243 1576 desuper
1264 1538 1373 1566 contra
1393 1533 1607 1577 praesentium
1625 1538 1776 1574 tenorem,
1795 1533 1852 1565 sub

1109 1586 1220 1629 quovis
1244 1591 1409 1630 praetextu
1435 1592 1464 1620 et
1489 1588 1592 1626 causa,
1613 1586 1705 1620 etiam
1731 1586 1855 1619 defectu

1110 1639 1292 1673 intentionis
1312 1644 1448 1678 nostrae,
1467 1650 1525 1683 per
1545 1650 1761 1683 quoscumque
1779 1650 1855 1683 quo-

1110 1692 1282 1726 modolibet
1318 1693 1456 1726 indebite
1494 1692 1677 1732 molestari;
1711 1692 1854 1736 quinimo

1110 1747 1259 1790 quicquid
1276 1747 1307 1779 in
1324 1746 1519 1780 contrarium
1544 1746 1690 1779 attentari
1715 1746 1762 1779 vel
1785 1746 1855 1779 fieri

1111 1801 1292 1844 continget,
1317 1801 1447 1834 omnino
1481 1811 1607 1844 semper
1631 1800 1662 1833 in
1687 1800 1855 1844 pristinum

1111 1854 1221 1898 reponi
1233 1866 1240 1895 3
1261 1854 1510 1888 contradictores
1531 1855 1686 1899 quoslibet
1704 1859 1734 1887 et
1758 1854 1856 1887 rebel-

1112 1910 1155 1941 les
1181 1909 1273 1942 etiam
1299 1920 1356 1952 per
1380 1920 1605 1953 quascumque,
1630 1909 1668 1941 de
1694 1908 1855 1952 quibusvis

1094 1962 1155 1997 ,eis
1179 1962 1346 2003 videbitur,
1377 1973 1525 1996 censuras
1549 1968 1579 1995 et
1603 1972 1719 2005 poenas
1749 1961 1852 1994 ecele-

1112 2016 1262 2056 siasticas,
1283 2027 1319 2049 ac
1343 2016 1403 2048 alia
1428 2022 1604 2059 opportuna
1629 2015 1706 2048 iuris
1731 2019 1759 2048 et
1784 2015 1855 2048 sacti

1112 2069 1262 2109 remedia,
1288 2069 1497 2113 appellatione
1521 2068 1707 2112 postposita,
1733 2079 1857 2111 compe-

1113 2122 1249 2164 scendo,
1274 2122 1487 2165 legitimisque
1511 2132 1607 2165 super
1631 2121 1680 2153 his
1704 2120 1856 2154 habendis

1112 2176 1243 2209 servatis
1267 2174 1487 2219 processibus,
1512 2184 1661 2208 censuras
1685 2179 1715 2206 et
1738 2184 1856 2218 poenas

1112 2230 1194 2274 ipsas
1219 2229 1312 2262 etiam
1344 2228 1462 2261 iteratis
1487 2228 1608 2261 vicibus
1633 2227 1855 2271 aggravando,

1113 2284 1256 2316 invocato
1276 2282 1369 2315 etiam
1394 2282 1432 2314 ad
1452 2282 1523 2323 hoc,
1543 2281 1567 2314 si
1588 2292 1667 2325 opus
1685 2281 1787 2322 suerit,
1805 2292 1857 2314 au-

1112 2337 1185 2370 xilio
1209 2336 1330 2369 brachii
1356 2335 1515 2369 secularis.

1157 2390 1213 2434 {5
1229 2390 1298 2423 Non
1311 2389 1507 2423 obstantibus
1523 2388 1714 2433 praemissis,
1731 2398 1767 2422 ac
1785 2388 1854 2433 piac
1870 2397 2006 2444 luffisstanm
2017 2396 2055 2417 tot·

1112 2443 1283 2476 memoriae
1300 2443 1448 2476 Bonifacii
1463 2443 1562 2486 Papae
1577 2442 1651 2482 tfln,
1661 2442 1754 2475 etiam
1768 2453 1856 2486 prae-

1112 2498 1287 2531 decessoris
1312 2496 1427 2537 nostri,
1452 2496 1490 2529 de
1515 2498 1586 2537 una,
1612 2501 1640 2529 et
1665 2496 1696 2528 in
1721 2496 1855 2530 concilio

1113 2552 1252 2595 generali
1273 2551 1355 2584 edita
1369 2550 1407 2583 de
1424 2550 1547 2583 duabus
1563 2550 1664 2591 dietis,
1683 2550 1855 2583 dummodo

1114 2607 1196 2639 ultra
1222 2611 1283 2638 tres
1309 2604 1406 2638 dietas
1423 2604 1536 2648 aliquis
1561 2604 1746 2637 auctoritate
1769 2615 1856 2648 prae-

1114 2658 1247 2692 sentium
1273 2658 1311 2690 ad
1337 2658 1487 2692 iudicium
1511 2668 1575 2691 non
1601 2658 1753 2699 trahatur,
1777 2658 1857 2691 aliis-

1744 235 1808 268 495
1855 244 2038 274 An.c.1624
