2269 3235
213 258 260 284 Αιι.
278 259 306 284 (ἶ.

333 260 340 284 1
347 258 399 284 ‹3⁶2ss

228 1065 315 1084 Ioanne<
327 1064 398 1089 Basili<

214 1093 259 1110 stat*
275 1091 323 1111 Nat-1
341 1090 398 1111 tides.

214 1118 299 1143 ansquo
315 1118 396 1137 „mar
415 1103 555 1136 stolicam
582 1103 693 1136 Scdem
716 1102 787 1135 fidei
812 1107 842 1135 ct
867 1102 1042 1136 devotionis
1064 1103 1156 1137 meri-

272 1546 400 1565 ttvconsmur

219 1573 319 1597 Torquatt
331 1572 400 1591 dullu-

218 1599 303 1618 muttum

219 1626 336 1652 dvputaun.

347 1598 364 1618 121
369 1601 385 1618 ct
390 1604 401 1618 a

445 249 507 281 Δ’1-9Λὶ

732 304 825 337 exul.

410 396 564 439 Sequitur
595 394 780 436 ‚calumpnia
812 393 948 425 Ioannis
988 392 1152 435 Baptistae

457 448 539 480 Nori
557 448 588 479 iu
618 447 723 478 locum
745 446 902 488 Torquati
918 445 955 478 de
974 445 1152 480 Comilibus

456 500 700 533 locumtenculis
732 499 894 542 affueratis
922 499 1148 539 militiarum,

455 564 623 586 armorum
643 557 671 585 ct
694 553 1019 597 propuqnaculorum
1048 552 1152 585 Vallis

460 606 605 639 Tellinae
640 607 676 639 in
717 612 863 639 eventum
897 606 1152 650 recuperationis

459 661 637 694 Comitatus
660 659 789 692 Rormii
802 659 819 692 ¹.

426 748 542 776 Dilecto
562 748 624 775 filio
644 747 749 775 Ioanni
771 747 925 782 Baptistae
947 748 1036 781 Naro,
1051 746 1139 774 fratri

467 792 627 827 hospitalis
644 793 672 820 S.
691 793 811 820 Ioannis
833 791 1095 826 Hierosoymitani,

625 856 761 882 Urbanus
773 856 851 889 Papa
862 855 939 882 VIII.

686 926 800 953 Dilecto
821 925 878 959 fili,

449 972 578 998 salutem
599 974 629 997 et
650 970 847 1004 apostolicam
869 970 1117 998 benedictionem.

459 1050 473 1093 ᾗ
499 1050 526 1082 l.
553 1049 773 1091 Singularibus
799 1054 868 1082 tuae
891 1049 919 1081 in
945 1059 1002 1083 nos
1020 1054 1049 1084 et
1074 1051 1156 1097 Apo-

415 1157 462 1197 tis,
477 1162 515 1199 ct,
530 1167 623 1200 quam
643 1157 671 1188 in
690 1167 723 1189 re
740 1156 865 1190 militari
884 1157 1034 1190 hactenus
1052 1161 1155 1191 osten-

414 1210 496 1249 disti,
525 1211 649 1247 virtute,
674 1210 800 1243 solertia
818 1215 844 1243 et
866 1210 1046 1243 tortitudine
1071 1209 1174 1244 indu-³

415 1264 526 1305 ciniur,
544 1269 577 1297 ut
595 1264 763 1308 praecipua
782 1264 838 1296 tibi
857 1264 1003 1296 militaria
1026 1275 1156 1298 munera

415 1318 659 1357 committamus,
685 1322 844 1361 sperantes
870 1317 899 1349 in
925 1318 1058 1351 Domino
1079 1319 1154 1361 sore,

415 1377 448 1405 ut
466 1373 496 1404 in
514 1371 697 1404 muneribus
722 1370 902 1403 huiusmodi
929 1371 1082 1404 obeundis
1099 1382 1155 1404 no-

416 1429 497 1459 strae
515 1424 552 1457 de
574 1430 601 1457 tc
622 1424 828 1468 expectationi
850 1425 1005 1457 cumulate
1031 1435 1166 1473 respon-4

417 1479 499 1511 deas.
1169 1473 1171 1480 ’

461 1533 476 1576 g
500 1533 528 1565 2.
555 1532 631 1565 Cum
656 1531 761 1575 itaquo
779 1531 872 1565 hodie
891 1531 1040 1565 dilectum
1058 1532 1157 1565 filium

418 1587 610 1630 Torquatum
636 1585 673 1617 de
698 1585 870 1619 Comitibus
894 1586 1034 1619 nobilem
1058 1597 1158 1619 roma-

418 1650 493 1672 num
520 1639 702 1672 militiarum
728 1643 758 1671 et
785 1639 948 1682 copiarum
974 1644 1037 1671 tam
1063 1650 1157 1683 eque-

419 1695 530 1728 strium
548 1705 641 1737 quam
661 1694 863 1738 pedestrium,
882 1704 1003 1727 necnon
1025 1699 1160 1727 tormen·

418 1754 522 1781 torum
547 1748 745 1787 bellicorum,
760 1758 985 1791 armorumque
1005 1747 1158 1787 omnium,
1175 1762 1177 1798 ἰ

417 1812 497 1845 quae
520 1812 579 1846 pro
603 1800 823 1833 fortalitiorum
848 1800 911 1833 sive
936 1805 1177 1844 propugnacu-‘

417 1856 521 1889 lorum
540 1854 633 1887 Vallis
650 1854 786 1887 Tcllinac
804 1854 970 1887 comitatus
988 1855 1105 1887 Bormii
1123 1865 1159 1887 ac

418 1909 527 1954 oppidi
552 1908 757 1949 Chiavennae,
784 1908 981 1951 aliorumque
1005 1908 1157 1950 locorum,

418 1974 498 2007 quae
518 1963 549 1995 in
569 1962 667 1995 felicis
691 1961 919 1995 recordationis
944 1961 1089 2004 Gregorii
1107 1962 1159 1995 Pa-

419 2028 476 2061 pae
500 2017 549 2049 XV
567 2016 818 2059 praedecessoris
836 2016 945 2056 nostri,
964 2015 1027 2048 sive
1044 2016 1160 2049 nostris

420 2076 449 2104 et
463 2070 551 2104 Sedis
568 2069 764 2113 Apostolicae
781 2070 927 2102 manibus
942 2069 1083 2113 deposita
1099 2071 1160 2102 suc-

420 2129 508 2165 rant,
533 2123 774 2167 recuperatione
807 2122 963 2155 conscribi
988 2127 1017 2157 et
1040 2124 1159 2156 moveri

420 2178 594 2222 respective
619 2178 796 2220 contigerit,
821 2178 1086 2211 locumtenentem
1112 2189 1161 2221 gc-

419 2233 558 2265 neralem
583 2242 654 2265 cum
680 2231 899 2273 facultatibus,
925 2241 960 2263 ac
986 2231 1043 2263 sub
1068 2231 1160 2265 certis

420 2286 513 2319 modo
534 2292 563 2319 et
587 2286 689 2319 forma
708 2290 780 2318 tunc
801 2285 968 2328 expressis,
985 2285 1159 2328 apostolica

420 2339 605 2373 auctoritate
629 2339 667 2371 ad
692 2344 835 2372 nostrum
860 2344 890 2371 et
920 2338 1008 2372 Sedis
1033 2339 1161 2382 Aposto-

420 2394 497 2426 lieae
521 2392 754 2437 beneplacitum
779 2392 965 2432 fecerimus,
995 2393 1161 2425 constitue-

421 2447 521 2479 rimus
545 2453 574 2479 et
598 2446 864 2490 deputaverimus,
885 2449 980 2489 prout
998 2445 1028 2478 in
1045 2446 1161 2479 nostris

422 2502 558 2544 desuper
583 2501 613 2533 in
638 2500 731 2533 simili
757 2500 859 2533 forma
880 2500 987 2533 Brevis
1004 2499 1159 2544 expeditis

422 2554 543 2595 litteris,
561 2564 695 2597 quarum
716 2558 840 2586 tenores
864 2553 1082 2597 praesentibus
1102 2563 1160 2597 pro

460 2670 469 2696 1
490 2669 526 2697 Ex
541 2669 649 2705 Regest.
668 2669 693 2696 in
708 2669 808 2697 Secret.
826 2669 902 2697 BreV.

1000 255 1178 278 {imitanum
1204 254 1356 278 nOMANUM

1186 302 1342 346 expressis
1366 301 1477 335 haberi
1501 301 1656 342 volumus,
1682 302 1806 346 plenius
1830 302 1925 336 conti-

1185 359 1294 388 netur:

1229 409 1244 452 ᾗ
1268 408 1296 441 3.
1323 410 1396 449 Nos,
1410 407 1522 451 siquid
1537 407 1720 440 humanitus
1739 407 1840 441 eidem
1852 408 1926 442 Tor-

1187 515 1288 547 minus
1319 514 1443 547 muneri
1472 513 1654 546 huiusmodi
1680 523 1792 546 vacare
1815 519 1924 557 queat„

1186 568 1425 612 quomodolibet
1450 566 1607 611 impediri,
1633 577 1688 600 seu
1708 576 1778 599 eum
1796 576 1853 611 per
1870 577 1926 600 nos

1186 622 1225 654 ad
1244 621 1303 655 alia
1321 621 1427 654 munia
1453 620 1597 654 obeunda
1620 619 1779 663 designari
1804 619 1925 653 contin-

1187 678 1248 718 gat,
1274 674 1354 708 selici
1379 674 1563 708 militiarum
1584 678 1614 707 et
1635 683 1798 706 armorum
1823 673 1928 706 huius-

1188 728 1272 761 modi
1290 727 1447 771 regimini,
1461 732 1613 771 quantum
1627 737 1697 760 eum
1712 726 1846 760 Domino
1858 737 1929 771 pos-

1188 791 1305 821 sumuS‚
1331 781 1496 814 consulere
1520 781 1669 821 volentes,
1690 783 1776 814 motu
1797 780 1929 824 proprio

1188 840 1218 867 et
1242 844 1278 867 ex
1304 836 1389 867 certa
1415 834 1545 867 seientia
1570 844 1605 867 ac
1630 835 1754 867 matura
1778 833 1929 867 delibera-

1189 889 1273 921 tione
1289 888 1415 929 nostris,
1434 888 1534 932 deque
1559 888 1750 932 apostolicae
1767 887 1929 932 potestatis

1189 941 1395 985 plenitudine,
1412 946 1442 974 te
1459 941 1490 973 in
1507 951 1617 974 omnes
1634 946 1664 974 et
1681 940 1821 983 singulos
1841 950 1930 974 even-

1189 999 1239 1027 tus
1264 993 1451 1037 praedictos
1471 993 1608 1026 militum
1626 998 1656 1026 et
1675 994 1848 1037 copiarum,
1861 1003 1931 1027 nec-

1190 1057 1251 1081 non
1263 1050 1493 1081 tormentorum
1507 1047 1706 1088 bellicorum,
1720 1057 1756 1080 ac
1769 1057 1930 1080 armorum

1190 1101 1332 1134 omnium
1351 1100 1586 1145 praedictorum
1601 1101 1867 1134 locumtenentem
1881 1111 1932 1144 ge-

1191 1155 1329 1187 neralem
1348 1154 1377 1187 in
1396 1154 1499 1188 locum
1517 1154 1591 1188 dicti
1604 1154 1752 1198 Torquati
1777 1165 1848 1188 cum
1867 1165 1932 1188 orn-

1191 1207 1282 1241 nibus
1308 1212 1337 1240 et
1361 1208 1492 1251 singulis
1523 1208 1800 1252 praeeminentiis,
1825 1213 1932 1242 aucto-

1191 1261 1354 1302 ritatibus,
1395 1261 1680 1303 iurisdictionibus,
1714 1261 1932 1302 facultatibus,

1173 1321 1175 1332 ¹
1191 1312 1435 1357 provisionibus,
1452 1314 1932 1358 emolumentis,praerogativis,

1192 1367 1323 1407 iuribus,
1348 1367 1585 1411 honoribusque
1606 1372 1636 1400 et
1659 1367 1808 1401 oneribus
1834 1368 1932 1402 solitis

1192 1425 1221 1453 et
1250 1420 1407 1453 consuetis
1438 1421 1477 1453 ad
1507 1421 1750 1454 locumtenentis
1778 1421 1933 1464 generalis

1191 1474 1374 1508 huiusmodi
1399 1474 1538 1508 officium
1565 1475 1603 1508 de
1630 1474 1697 1508 iure
1721 1475 1770 1508 vel
1789 1485 1929 1519 consuc-

1192 1529 1317 1569 tudine,
1343 1533 1394 1562 aut
1418 1539 1456 1561 ex
1481 1529 1610 1573 speciali
1641 1528 1759 1572 gratia,
1786 1529 1834 1561 vel
1858 1529 1934 1562 alias

1193 1582 1430 1626 quomodolibet
1459 1582 1672 1626 spectantibus
1700 1586 1730 1616 ct
1753 1582 1935 1626 pertinenti-
1984 1578 1990 1583 ’

1192 1637 1261 1677 bus,
1286 1637 1473 1670 auctoritate
1497 1637 1682 1680 apostolica,
1708 1642 1817 1670 tenore
1842 1647 1933 1680 prae-

1193 1691 1339 1733 sentium,
1355 1701 1411 1734 per
1425 1690 1554 1723 modum
1576 1690 1776 1734 provisionis,
1791 1690 1933 1731 facimus,

1193 1744 1413 1777 constituimus
1437 1748 1466 1777 et
1490 1744 1687 1788 deputamus.

1238 1798 1252 1841 ἓ
1276 1797 1305 1830 4.
1323 1797 1462 1840 Tibique,
1481 1801 1512 1831 ut
1529 1797 1776 1841 propugnacula,
1794 1797 1858 1830 sive
1874 1797 1934 1830 sor-

1194 1851 1299 1892 talitia,
1325 1852 1442 1896 oppida
1466 1852 1513 1885 vel
1539 1853 1624 1893 loca,
1649 1862 1729 1895 quae
1753 1851 1933 1896 recuperari

1193 1905 1378 1948 eontigerit„
1404 1906 1451 1938 vol
1481 1910 1668 1949 recuperata
1700 1905 1834 1947 suerint,
1862 1916 1935 1938 cum

1194 1959 1340 1991 omnibus
1352 1964 1381 1992 et
1394 1959 1525 2002 singulis
1543 1959 1718 2001 tormentis,
1736 1959 1841 2000 armis,
1856 1958 1936 1992 aliis-

1194 2023 1254 2057 que
1279 2013 1530 2056 quibuscumque
1555 2012 1784 2046 munitionibus
1809 2018 1839 2045 ct.
1863 2023 1936 2057 sup-

1194 2067 1403 2111 pellectilibus
1423 2067 1455 2099 in
1473 2067 1534 2099 illis
1559 2067 1773 2107 existentibus,
1791 2066 1822 2099 in
1839 2066 1934 2110 depo-

1194 2121 1288 2154 situm
1306 2126 1415 2154 nostro
1431 2126 1461 2153 et
1478 2121 1565 2154 Sedis
1582 2120 1780 2164 Apostolicae
1796 2120 1933 2160 nornine,

1195 2178 1225 2206 et
1248 2174 1338 2207 tilulo
1363 2173 1512 2217 depositi,
1535 2173 1687 2217 recipere,
1705 2173 1736 2205 in
1760 2172 1934 2217 iisdemque

1194 2227 1452 2271 propugnaculis,
1477 2226 1542 2259 sive
1565 2226 1730 2268 fortalitiis,
1748 2226 1871 2270 oppidis
1887 2227 1934 2259 vel

1195 2281 1271 2314 locis
1296 2280 1492 2324 recuperatis
1507 2285 1553 2313 tot
1570 2280 1684 2313 milites
1701 2280 1935 2324 praesidiarios,

1195 2344 1317 2367 necnon
1348 2334 1526 2378 capitaneos
1551 2338 1581 2366 et
1605 2333 1753 2366 officiales
1777 2333 1882 2377 (nobis
1906 2339 1937 2367 et

1195 2388 1391 2432 Apostolicae
1415 2386 1508 2421 Sedi1
1529 2387 1670 2420 subditos
1700 2387 1880 2429 dumtaxat,
1907 2391 1937 2421 ct

1187 2444 1257 2475 'non
1274 2442 1399 2485 alteri),¹
1410 2444 1487 2485 quot
1512 2440 1566 2473 tibi
1590 2451 1648 2485 pro
1674 2440 1801 2474 illorum
1823 2441 1937 2474 securi-

1196 2500 1256 2528 tate
1282 2500 1311 2528 ct
1335 2494 1475 2528 custodia
1500 2494 1677 2527 necessaria
1698 2504 1765 2527 esse
1788 2494 1937 2527 videbun-

1197 2553 1261 2591 tur,
1288 2548 1461 2589 collocare,
1486 2557 1608 2580 necnon
1634 2547 1836 2589 officialibus,
1861 2557 1936 2590 quo-

1233 2667 1243 2691 1
1266 2664 1338 2692 Edit.
1358 2663 1437 2693 nain.
1458 2663 1524 2700 legit
1541 2663 1622 2692 secus
1641 2663 1679 2699 (a.
1697 2664 1744 2699 τ.).

1940 254 1989 280 Λη.
2009 253 2036 280 C.
2055 252 2123 281 1626

1976 421 1999 442 Ei
2016 423 2124 443 substitui-

1941 450 1973 469 tur
1983 449 2071 470 loannes
2084 450 2124 470 Ha·-

1185 466 1279 505 quato
1296 460 1426 501 eveniat,
1440 465 1493 493 aut
1510 460 1613 503 ipsum
1627 459 1830 503 Torquatum,
1847 471 1925 504 quo-
1940 476 2004 502 posta
2019 476 2101 497 uanus.

1992 1808 2042 1829 Cum
2058 1809 2132 1830 iisdem

1949 1835 2093 1857 facultaubus.
