2269 3235
62 277 110 303 An.
126 274 154 302 C.
176 274 244 302 ¹625

83 494 105 515 tn
114 493 244 514 obedientia-

62 520 116 541 tibus
138 521 182 541 dies
204 520 245 540 dis-

63 552 135 568 cessus
153 548 173 567 et
191 547 245 567 redi-

72 580 96 595 us
104 573 244 595 adnotandus.

85 1132 200 1158 apostatae
208 1136 248 1152 non

66 1157 177 1180 retinendi.

91 1557 114 1578 In
124 1562 253 1584 unaquaque

71 1590 178 1611 provincia
219 1590 253 1605 ca-

71 1611 159 1633 thedrae
186 1611 253 1637 phito-

70 1638 158 1664 sophiae
167 1640 188 1658 οι
195 1637 254 1658 theo-

71 1665 139 1712 ‹pgiae
146 1664 254 1685 instituen-

87 1697 119 1713 ae.

108 2407 138 2428 De
154 2409 266 2428 transeun-

81 2434 137 2455 tibus
147 2434 173 2455 ab
185 2436 226 2455 una
238 2434 265 2454 ad

81 2461 145 2481 aliam
181 2462 265 2487 provin·

82 2487 144 2509 ciam.

862 274 1004 298 unssAnus

260 331 355 365 proce
368 321 478 354 fratres
492 322 646 365 regularis
659 321 880 355 observantiae
897 322 997 354 subia-

260 374 385 415 cebunt,
402 374 460 406 nisi
481 375 578 418 patris
595 375 731 408 custodis
746 374 995 408 Reformatorum
1013 389 1015 396 ¹

259 427 401 460 voluntas
416 428 591 469 accesserit,
609 434 701 471 atque
718 438 897 461 consensus.

304 480 364 513 Pro
395 481 546 514 evitandis
576 482 710 513 fratrum
742 479 978 523 evagationibus
990 506 998 520 ‚

260 533 425 566 ordinatur
448 539 477 566 ct
500 534 706 577 praecipitur,
727 539 770 574 ut,
788 533 999 577 quotiescum-

260 597 321 630 que
345 597 454 620 eorum
473 587 584 630 aliquis
610 597 627 619 a
651 597 708 620 suo
733 587 896 631 superiore
912 585 1017 619 extra'

261 640 473 683 provinciam,
499 641 545 673 vel
570 638 682 673 etiam¹
704 645 892 673 conventum
918 640 1000 673 intra

261 695 472 738 provinciam,
497 695 629 728 exeundi
654 694 831 727 facultatem
856 694 1018 738 impetra-'

262 748 350 789 verit,
369 748 398 780 in
416 748 498 781 illius
522 748 700 781 obedientia
717 748 783 781 dies
803 743 1000 782 determinati

261 801 460 843 assignentur
488 812 562 834 suae
588 801 866 845 peregrinationis,
891 801 1001 845 suique

261 854 418 895 reditus²;
443 865 501 888 nec
525 855 623 899 possit
647 856 811 899 accingere
837 866 869 888 se
897 855 1000 889 itineri

262 911 291 939 et
308 907 435 941 obtenta
452 908 598 940 facultate
614 908 762 951 gaudere,
780 908 839 941 nisi
857 908 1001 942 obedien-

262 960 351 994 tiales
376 961 497 994 litterae
522 961 610 1006 prius
626 962 820 1005 registratae‚
838 967 868 995 et
884 973 901 994 a
914 967 1002 1006 patre

262 1014 407 1048 ministro
432 1015 496 1048 sive
520 1016 694 1058 guardiano
718 1016 912 1059 subscriptae
937 1016 1001 1048 fue-

263 1067 339 1100 rint:
358 1068 389 1101 in
406 1069 518 1112 quibus
532 1069 597 1102 dies
610 1069 767 1102 discessus
784 1069 958 1102 adnotetur.

308 1123 475 1166 Apostatae
491 1133 548 1155 nec
564 1123 758 1166 recipiantur
778 1133 835 1156 nec
853 1123 1004 1156 retinean-

264 1179 316 1206 tur
329 1174 360 1207 in
374 1175 483 1208 alienis
496 1175 677 1219 provinciis,
691 1176 729 1208 ad
745 1186 820 1219 quas
834 1175 1005 1219 quomodo·

265 1238 401 1271 cumque
425 1228 615 1271 cosugerintt
634 1229 697 1270 sed,
715 1229 767 1261 ubi
784 1229 920 1272 primum
944 1229 1006 1261 fue-

265 1281 328 1315 rint
343 1281 476 1315 absoluti
494 1282 578 1314 iuxta
595 1281 853 1315 consuetudinem
874 1288 904 1314 et
920 1281 1006 1314 Ordi-

265 1334 313 1367 nis
328 1335 575 1375 constitutiones,
589 1335 627 1367 ad
644 1335 790 1379 proprias
807 1335 1005 1368 remittantur

266 1388 324 1420 sub
347 1391 448 1432 poena
474 1388 658 1432 privationis
682 1389 858 1422 officiorum
883 1388 1007 1432 provin—

267 1440 374 1482 cialis,
400 1441 463 1474 sive
493 1441 656 1484 guardiani
671 1469 678 1481 ,
702 1447 755 1474 aut
782 1442 1024 1485 cuiuscumque.

267 1493 396 1526 alterius
419 1495 591 1537 superioris
616 1495 683 1538 ipso
708 1495 788 1528 facto
806 1495 1005 1528 incurrenda.

311 1547 386 1580 Cum
411 1547 495 1580 Ordo
519 1554 625 1581 noster
650 1549 832 1591 seraphicus
850 1548 888 1580 ad
912 1548 1024 1581 totius*

268 1601 425 1634 Ecclesiae
440 1601 627 1644 obsequium
641 1602 679 1634 sit
692 1602 860 1642 institutus,
879 1607 943 1634 toto
961 1612 1009 1634 co-

268 1659 344 1687 natu
369 1654 583 1687 innitendum3
596 1659 652 1694 est,
670 1660 704 1687 ut
720 1665 782 1687 non
802 1655 904 1688 solum
923 1655 954 1687 in
971 1665 1007 1687 eo

269 1707 398 1740 scientia
414 1717 476 1740 non
493 1711 610 1750 pereat,
627 1707 680 1739 sed
698 1707 728 1739 in
753 1707 820 1740 dies
844 1712 1006 1749 augeatur.

269 1761 341 1794 Ideo
358 1760 547 1801 decernitur,
561 1766 653 1804 atque
668 1761 824 1798 statuitur,
840 1766 872 1793 nt
893 1761 922 1793 in
937 1771 1010 1804 qua-

270 1814 345 1847 libet
363 1814 534 1857 provincia,
551 1814 606 1846 ubi
623 1815 773 1846 hactenus
790 1814 1009 1846 desiderantur

272 1872 301 1900 et
324 1878 386 1900 non
412 1872 498 1910 sunt,
523 1868 742 1912 philosophiae
773 1873 802 1900 et
833 1868 1027 1911 theologiae<

273 1921 371 1953 studia
389 1921 549 1964 erigantur
565 1926 595 1954 et
611 1921 826 1954 instituantur:
845 1921 959 1964 quibus
973 1932 1008 1954 ex

273 1974 382 2007 eadem
395 1975 553 2018 provincia
565 1980 668 2019 patres
680 1976 813 2009 lectores
822 1987 859 2009 ex
870 1976 1014 2009 doctiori-

273 2028 333 2060 bus
346 2028 577 2071 praeficiantur:
592 2034 801 2073 caveaturque
814 2040 853 2063 ne
866 2029 1012 2073 deinceps

274 2081 305 2113 in
322 2082 437 2114 alienas
461 2082 638 2125 provincias
664 2083 822 2116 studentes
840 2083 1012 2124 mittantur,

274 2139 327 2166 aut
342 2135 585 2178 praedicatores,
602 2136 660 2168 nisi
682 2136 713 2168 in
731 2146 803 2168 casu
828 2136 934 2181 aliquo
959 2148 1013 2169 ur-

276 2188 369 2230 genti,
383 2188 421 2221 de
435 2199 496 2232 quo
510 2194 572 2221 tam
587 2190 729 2222 minister
741 2190 906 2232 generalis,
921 2201 1012 2233 quam

277 2241 509 2275 commissarius
526 2243 617 2275 iudex
634 2248 710 2276 esto.
724 2244 788 2276 Hac
806 2244 873 2286 lege
891 2244 1015 2287 provin-

279 2294 345 2327 ciae
367 2295 588 2329 ultramarinae
612 2307 674 2330 non
698 2302 853 2337 tenentur,
871 2300 933 2340 qua
954 2303 1016 2330 stu-

279 2347 418 2380 dentium
439 2354 468 2382 et
487 2350 640 2383 lectorum
661 2351 824 2394 penuriam
842 2351 1014 2394 patiuntur.

323 2401 483 2447 Transi1us
498 2402 536 2434 ab
556 2405 618 2435 una
641 2403 679 2436 ad
703 2404 795 2436 aliam
820 2404 1014 2447 provinciam

280 2455 490 2499 plurimorum
518 2460 563 2490 est
592 2468 684 2490 causa
712 2458 879 2498 malorum,
903 2457 1017 2501 quibus

280 2509 445 2553 provisum
469 2509 536 2542 fore
559 2509 750 2552 iudicamus,
776 2511 801 2544 si
826 2510 910 2554 quod
934 2521 1017 2544 nunc

318 2591 328 2616 1
345 2589 490 2616 Videretur
502 2589 546 2616 hic
560 2589 715 2617 addendum
731 2592 769 2618 ad
783 2591 877 2618 aliurn
892 2591 930 2626 (R.
946 2592 996 2623 T.).

316 2633 333 2661 2
348 2633 493 2669 Perperam
508 2634 551 2662 ed.
570 2634 650 2661 Mein.
666 2635 750 2662 habet
768 2636 899 2664 redditus
916 2636 953 2671 (n.
969 2638 1016 2668 Τ.).

318 2679 333 2707 3
349 2678 441 2708 Potius
456 2680 515 2715 lege
531 2680 698 2708 enitendum
711 2681 748 2715 (a.
766 2681 813 2715 Τ.).

1029 274 1085 298 vin
1109 275 1157 298 Pr.
1675 266 1738 299 395
1785 276 1833 301 An.
1849 276 1876 301 c,
1901 277 1966 302 1⁶22&

1030 322 1185 364 statuitur,
1212 323 1243 354 in
1267 327 1429 366 posterum
1454 322 1647 362 observetur,
1666 328 1698 354 ut
1716 323 1770 355 sci-

1030 374 1111 416 licet,
1136 375 1189 418 qui
1214 377 1269 407 suxi
1292 379 1413 419 sponte,
1439 376 1509 409 licet
1533 376 1659 409 obtenta
1684 376 1770 419 prius

1032 427 1176 467 licentia,
1202 428 1240 460 ad
1271 428 1403 461 alienam
1429 429 1620 472 provinciam
1647 429 1773 462 transic-

1032 486 1104 513 runt
1120 481 1242 521 fratres,
1260 487 1322 514 tam
1342 483 1543 526 incorl'iorati,
1561 494 1653 526 quani
1673 483 1772 515 incor-

1032 533 1176 577 porandi,
1194 534 1225 566 in
1245 536 1281 567 ea
1299 535 1414 575 locum,
1435 537 1576 569 ordinem
1596 541 1624 568 et
1645 547 1772 579 pracce-

1032 586 1169 619 dentiam
1188 597 1205 619 a
1221 586 1397 620 dietantum
1417 588 1677 632 incorporationis
1689 599 1772 627 suae,

1033 650 1094 673 non
1118 645 1220 673 autem
1247 651 1264 673 a
1288 641 1338 673 die
1365 641 1553 684 receptionis
1579 642 1701 673 habitus
1728 642 1771 674 vel

1033 694 1165 728 emissae
1181 694 1393 738 professionis,
1409 699 1533 726 teneant
1550 700 1580 727 et
1597 695 1738 726 habeant.

1075 747 1118 780 Ad
1133 747 1542 781 tollendamambitionemct
1553 747 1773 779 eliniinznnlm‘n
1819 763 1846 782 it·
1859 763 1974 791 privitan

1034 801 1258 833 relaxationem
1285 801 1475 841 decernitur,
1493 806 1536 842 ut7
1556 800 1640 832 iuxta
1660 800 1775 843 Grego-
1792 792 1874 836 ll‘fi'li's'as
1889 791 1974 836 322¹ssssss

1035 853 1072 886 rii
1090 854 1140 886 XV
1161 854 1269 895 Breve,
1286 854 1390 887 nullus
1407 854 1512 897 aliquo
1531 854 1661 896 gaudeat
1681 853 1775 896 privi-
1792 850 1826 862 *³*

1035 907 1117 950 legio
1135 918 1172 940 ex
1186 918 1384 951 quacumque
1402 909 1506 948 causa,
1525 907 1608 950 quod
1622 918 1677 950 per
1693 908 1777 949 hfgcs

1036 965 1065 993 et
1086 961 1210 994 Ordinis
1235 965 1347 994 statuta
1371 972 1387 993 a
1412 961 1490 993 Sede
1506 961 1684 1004 Apostolica
1708 971 1778 993 con-

1035 1014 1159 1046 firmata
1176 1025 1360 1047 concessum
1378 1024 1441 1047 non
1460 1014 1564 1047 fuerit.

1081 1067 1165 1100 Sicut
1182 1072 1331 1100 statutum
1350 1068 1387 1101 de
1405 1068 1561 1110 erigendis
1573 1068 1779 1101 counnunita-
1860 1081 1977 1110 commun·-

1038 1120 1120 1153 tihus
1137 1120 1168 1152 in
1185 1130 1376 1164 unoquoque
1397 1126 1552 1153 conventu
1569 1121 1605 1153 ad
1626 1121 1777 1153 maiorem
1794 1110 1847 1153 ¹:3⁶⁵
1863 1109 1978 1153 ”ἓἰἑ”ἰ’ζ.ῗ,’.’ἷ,“ἷ

1037 1174 1229 1218 paupertatis
1248 1174 1478 1207 observantiam
1497 1178 1527 1208 et
1553 1175 1683 1207 fratrum
1710 1185 1780 1207 con-
1795 1160 1979 1209 liis?'l'ss'ss'ess-[iifilss

1038 1229 1223 1262 solationem
1248 1229 1431 1270 innovatur,
1453 1229 1494 1261 ita
1518 1228 1698 1271 guardianis
1723 1229 1779 1260 sub

1037 1284 1140 1326 poena
1153 1293 1283 1315 suorum
1298 1281 1475 1315 officiorum
1493 1282 1676 1326 privationis
1694 1292 1781 1325 prae-

1039 1335 1163 1379 cipitur,
1183 1340 1226 1378 ut,
1245 1336 1324 1368 infra
1349 1335 1482 1368 duorum
1509 1336 1662 1367 niensium
1689 1345 1705 1367 a
1725 1346 1781 1367 suo

1039 1388 1182 1431 ingresso
1207 1389 1359 1432 spatium,
1384 1389 1624 1421 communitates
1649 1388 1780 1430 erigant,

1040 1442 1071 1474 in
1089 1442 1213 1485 quibus,
1235 1452 1314 1484 quae
1333 1441 1509 1474 necessaria
1530 1447 1599 1473 sunt
1622 1441 1780 1480 fratribus,

1040 1500 1250 1535 asserventur,
1261 1505 1318 1527 suo
1330 1500 1473 1537 tempore
1490 1494 1550 1525 illis
1566 1493 1781 1526 distrihucnsln

1041 1553 1070 1580 et
1090 1548 1370 1587 subministranda,
1387 1547 1564 1579 huiusmodi
1579 1554 1683 1579 autem
1701 1558 1783 1579 coin-

1042 1602 1208 1635 munitates
1233 1602 1270 1633 (lc
1291 1601 1499 1644 eleemosynis
1518 1605 1729 1634 conventuum
1754 1606 1783 1632 et

1042 1656 1209 1699 superfluis
1228 1656 1361 1688 fratrum
1381 1655 1560 1697 erigantur3
1581 1655 1695 1697 quibus
1716 1655 1784 1686 uni-

1042 1719 1112 1741 cum
1138 1708 1255 1740 habere
1280 1708 1441 1748 habitum,
1467 1712 1496 1741 et
1526 1708 1663 1740 tunicam
1690 1717 1784 1739 unam

1042 1761 1242 1801 conceditur,
1267 1761 1396 1794 alteram
1429 1771 1502 1793 vero
1529 1760 1685 1801 tunicam,
1710 1770 1785 1793 non-

1043 1814 1100 1847 nisi
1115 1825 1150 1847 ex
1167 1814 1350 1847 necessitate
1368 1814 1579 1857 etsuperioris
1598 1813 1785 1847 condescen-

1043 1868 1128 1901 sione
1147 1872 1176 1901 et
1195 1868 1330 1900 licentia.

1088 1921 1239 1954 Omnibus
1256 1926 1286 1954 et
1300 1921 1431 1964 singulis
1445 1921 1586 1965 patribus
1604 1921 1785 1964 guardianis
1830 1931 1897 1962 nuni
1913 1931 1938 1951 ae
1954 1932 1985 1951 vt-

1045 1975 1102 2007 sul)
1112 1977 1214 2018 poena
1232 1975 1415 2018 privationis
1431 1975 1523 2008 officii
1540 1975 1740 2018 praecipitur,
1754 1980 1787 2007 ut
1801 1961 1984 2005 '2¹13‘n13‘12ffll'51315

1045 2029 1069 2061 si
1086 2028 1114 2060 in
1126 2029 1189 2061 suis
1207 2028 1538 2067 conventilnisvincac,
1553 2039 1607 2060 seu
1624 2034 1711 2071 pratu
1725 2030 1787 2061 fuc-

1046 2082 1117 2124 rint,
1135 2092 1172 2114 ex
1190 2081 1304 2125 quibus
1318 2082 1424 2113 vinum
1442 2082 1479 2113 ad
1498 2082 1667 2113 hiltino-ndum
1682 2087 1709 2113 et
1728 2083 1788 2114 foe-

1047 2145 1122 2167 num
1147 2134 1184 2167 ad
1211 2135 1407 2167 vendendum
1433 2135 1602 2177 colligitur,
1621 2140 1788 2178 antequam

1048 2199 1064 2220 a
1089 2199 1145 2221 suo
1172 2189 1316 2231 ingressu
1341 2189 1402 2221 duo
1417 2199 1539 2221 menses
1560 2189 1787 2231 compleantur,

1048 2242 1134 2274 omni
1159 2242 1337 2286 posthabita
1370 2242 1588 2283 excusatione,
1613 2242 1732 2282 tollant,
1761 2247 1790 2275 et

1048 2296 1116 2328 aliis
1132 2296 1240 2329 usibus
1260 2296 1420 2339 permissis
1443 2300 1565 2339 terrani
1579 2296 1743 2338 applicent.

1094 2350 1207 2382 Iterato
1221 2350 1376 2389 statuitur,
1390 2353 1423 2383 ut
1435 2349 1597 2392 guardiani
1614 2350 1671 2381 sul»
1688 2351 1789 2392 poena
1819 2358 1861 2394 ’ὓς
1881 2357 1978 2394 vejmngh

1050 2402 1264 2446 suspensionis
1287 2413 1305 2435 a
1329 2403 1392 2435 suis
1410 2403 1520 2435 officiis
1541 2403 1633 2435 cellas
1657 2403 1789 2435 fratrum
1806 2386 1891 2404 'fimum
1906 2385 1971 2404 ww

1050 2456 1182 2499 singulis
1207 2452 1367 2488 mensibus
1393 2456 1526 2495 visitent,
1552 2457 1684 2499 indeque
1710 2459 1791 2488 aufe-

1050 2516 1120 2543 rant
1149 2509 1301 2553 quidquid
1329 2510 1485 2553 perfectae
1512 2515 1541 2543 et
1566 2510 1791 2543 Franciscauac

1051 2568 1228 2608 repugnant
1251 2563 1437 2606 paupertati.

1096 2618 1274 2650 Renovatur
1290 2622 1440 2649 statutum
1458 2622 1566 2650 eontra
1583 2618 1652 2651 illos
1669 2618 1791 2655 fratres,
1808 2622 1991 2675 Ubg‘jssnljgjffirni:

1052 2670 1105 2714 qui
1122 2670 1185 2704 suis
1207 2669 1423 2716 superioribus
1448 2670 1607 2712 insultant,
1625 2671 1720 2704 verba
1745 2671 1791 2703 in-
1807 2676 1853 2696 bus-
