2269 3235
121 298 169 324 An.
187 297 216 323 C.
239 297 306 324 1624

363 345 442 378 aliis
467 345 632 378 iudicibus
657 349 754 378 antea
786 347 891 387 cepta-s·
922 343 972 376 rel
1002 343 1057 376 in-

361 403 522 439 structas,
554 410 591 432 ac
618 400 655 432 in
685 403 773 432 statu
804 398 841 431 in
869 407 933 440 quo
964 407 1056 440 repe-

361 453 498 486 riuntur
510 452 529 486 ¹.

528 525 665 553 Urbanus
677 524 757 557 Papa
766 524 845 556 vm,

316 578 544 606 Venerabilihus
575 577 721 606 fratribus
755 577 880 611 Ulpiano
909 575 1059 609 archiepi-

352 630 441 657 scopo
460 623 616 656 Theatino,
638 629 754 649 necnon
777 620 922 655 Raphaeli
947 621 1059 655 Zacyn-

351 668 485 700 wiensi,
516 667 637 695 Octavio
668 665 886 698 Caballicensi,
911 665 1059 692 Ludovico

354 711 424 739 olim
444 711 592 746 Aniensi,
613 710 741 738 Antonio
763 711 924 737 casertano
940 712 971 737 et
991 709 1058 736 Ale-

353 757 465 785 xandro
485 764 580 791 nuper
600 755 773 784 Hieracensi
794 754 954 789 episcopis.

520 809 712 837 Venerabiles
732 809 856 843 fratres,

353 854 484 881 salutem
504 856 536 880 et
555 854 753 887 apostolicam
772 853 1022 881 benedictionem.

361 925 399 958 Ut
419 925 450 958 in
472 925 694 969 prosequendo
714 925 899 959 visitationis
916 925 1060 958 ecelesia-

316 989 387 1012 rum
412 984 443 1012 et
467 980 593 1024 piorum
613 980 757 1013 locorum
774 979 867 1012 liuius
884 980 983 1012 almae
1001 979 1058 1012 Ur-

315 1033 365 1066 bis
388 1039 515 1066 nostrae
540 1044 681 1073 munere,
707 1033 745 1066 ad
769 1033 853 1077 quod
878 1044 932 1066 vos
957 1032 1058 1066 nomi—

316 1087 413 1120 natim
438 1098 474 1120 ex
499 1088 720 1131 episcoporum
742 1087 853 1120 ordine
873 1086 1058 1129 delegimus,

318 1151 430 1174 causae
451 1147 655 1175 occurrentes
670 1141 766 1181 omni,
784 1151 844 1185 qua
860 1140 929 1173 fieri
947 1144 1057 1184 potest,

316 1195 486 1236 celeritate,
508 1195 626 1228 iustitia
647 1195 814 1235 mediante,
839 1194 1058 1234 terminentur,

317 1254 469 1292 quantum
495 1259 567 1282 cum
592 1249 726 1282 Domino
751 1259 930 1292 possumus,
955 1249 1060 1292 provi-

317 1302 390 1335 dere
415 1303 572 1335 volentes:

360 1355 375 1398 ξ
399 1355 428 1388 1.
453 1356 538 1388 Motu
562 1355 705 1399 proprio,
726 1360 755 1388 et
773 1365 809 1388 ex
827 1356 913 1388 certa
931 1354 1059 1388 scientia

318 1411 437 1449 nostra,
451 1401 549 1450 robis,
567 1415 610 1449 ut,
624 1410 706 1444 ultra
726 1410 803 1442 alias
820 1410 981 1442 facultates
1002 1421 1059 1453 per

316 1462 456 1495 diversas
487 1467 611 1497 nostras
640 1463 670 1496 in
701 1463 795 1496 simili
824 1463 925 1496 forma
952 1463 1059 1495 Brevis

317 1516 477 1560 expeditas
493 1517 614 1550 litteras
636 1517 724 1550 vobis
748 1517 923 1557 attributas,
949 1527 1059 1550 omnes

316 1574 346 1603 et
357 1570 496 1613 singulas
508 1581 616 1604 causas
630 1570 794 1604 occasione
808 1570 993 1603 visitationis
1004 1570 1059 1603 hu-

116 1618 230 1664 25¹³p¹¹s²332³
243 1618 301 1668 3⁰:22}
317 1623 462 1664 iusmodi,
489 1635 595 1658 coram
615 1625 867 1669 quibuscumque
892 1624 1058 1665 iudicibus,

116 1665 301 1712 iii‘fmoe‘mmw'
317 1682 380 1710 tam
405 1678 574 1712 ordinariis
599 1690 692 1723 quam
710 1679 871 1722 delegatis,
888 1678 1058 1722 pendentes

316 1736 346 1766 et
365 1732 459 1765 etiam
476 1732 696 1773 instructas,in
714 1738 795 1765 statu
813 1737 843 1765 et
858 1732 1002 1765 terminis
1027 1732 1057 1764 in

316 1785 432 1829 quibus
449 1787 662 1830 reperiuntur,
684 1798 756 1819 cum
781 1786 928 1819 omnibus
948 1791 978 1818 et
994 1786 1057 1818 sin-

315 1839 397 1881 gulis
414 1849 522 1872 earum
547 1840 770 1879 incidentibus,
795 1839 1056 1883 dependentibus,

315 1893 559 1935 emergentibus,
572 1893 700 1926 annexis
713 1898 743 1926 et
756 1893 915 1933 connexis,
930 1899 1057 1937 totoque

314 1946 442 1988 negotio
459 1947 636 1990 principali,
657 1947 696 1979 ad
718 1957 783 1987 vos,
801 1947 987 1980 auctoritate
1004 1957 1057 1979 no-

314 2001 388 2038 stra,
413 2010 555 2040 avocare,
581 2000 712 2044 illasque
738 2000 919 2040 summarie,
941 2000 1057 2044 simpli-

314 2052 392 2085 citer
417 2059 446 2086 et
470 2054 507 2086 de
532 2055 636 2098 plano,
662 2054 728 2087 sinc
751 2055 885 2098 strepitu
905 2058 935 2088 et
954 2054 1056 2097 figura

314 2106 432 2147 iudicii,
450 2108 516 2140 sola
529 2108 600 2140 sacti
615 2108 743 2141 veritate
761 2108 902 2152 inspecta
920 2114 949 2140 et
962 2119 1055 2141 manu

314 2161 413 2204 regia,
430 2161 549 2201 audire,
574 2172 776 2204 cognoscere,
802 2167 831 2194 et
855 2161 916 2195 fine
940 2162 1056 2203 debito,

316 2219 411 2258 prout
436 2215 513 2247 iuris
538 2215 642 2256 suerit,
667 2215 848 2256 terminare,

144 2281 302 2312 agennum&-
361 2269 375 2311 ἓ
399 2268 427 2301 ⁶2.
454 2268 619 2302 Praeterea
639 2268 707 2312 <ubi
724 2269 891 2311 contigerit
907 2269 999 2302 alicui
1018 2270 1057 2302 al-

119 2308 302 2364 Zifs⁵'f⁵r'n1¹>¹¹sa‘r¹iii1]
317 2323 386 2363 tari,
411 2323 504 2356 etiam
528 2334 586 2367 pro
604 2324 758 2356 defunctis
775 2324 985 2368 privilegiato,
1003 2335 1057 2357 seu

118 2361 302 2434 {ffiniii'uiidia'
318 2377 494 2420 cappellae,
515 2383 578 2411 tam
599 2389 749 2421 magnum
782 2379 949 2411 missarum
975 2379 1056 2411 cele-

119 2418 302 2474 ..„21154›⁵‡E'3¹¹p“33
318 2431 511 2464 brandarum
535 2442 703 2465 numerum
729 2443 765 2465 ex
791 2432 885 2465 variis
901 2432 1058 2465 defuncto-

119 2470 303 2523 ἷῖῗζυῗιίἑξῖζῡῖῧίξ
318 2495 388 2517 rum
413 2485 524 2527 legatis
549 2486 730 2530 impositum
756 2497 840 2527 esse,
866 2492 900 2519 ut
927 2487 1058 2529 singulis

118 2525 303 2573 ῗῖἷιέῗῖηᾶῖιῗέἕῖἓ
318 2538 428 2571 diebus
442 2539 647 2583 praescriptis
664 2546 799 2584 nequeat
816 2541 876 2573 illis
894 2540 1057 2583 satisfieri)

119 2578 252 2603 prixitpgfiaia
282 2582 303 2599 et

118 2606 302 2631 nonpruitegiata
318 2592 468 2636 quicquid
492 2593 593 2636 magis
617 2593 655 2626 ad
679 2594 734 2627 Dei
757 2595 932 2636 honorem,
957 2595 1058 2628 ecele-

143 945 227 975 Causae
239 945 301 966 huius

117 973 282 994 constitutionis.

145 1373 242 1393 facultas
253 1373 302 1392 *isi-

118 1400 202 1419 tationis
211 1404 301 1419 avocan-

117 1426 137 1445 di
153 1426 179 1445 ad
195 1432 217 1446 se
239 1431 301 1451 quas-

117 1458 205 1478 cumque
225 1458 301 1473 causas

117 1479 231 1499 occasione
271 1479 301 1498 di-

116 1509 162 1526 ctae
175 1506 301 1526 visitationis

115 1538 186 1553 coram
216 1532 301 1558 quibus<

117 1560 146 1579 ris
196 1559 302 1579 iudicibus

116 1585 239 1611 pendentes,
255 1592 300 1605 eas-

353 2665 366 2691 1
384 2664 464 2700 Haec,
481 2664 567 2692 serius
582 2665 653 2700 data,
670 2665 731 2694 heic
751 2667 860 2702 ponitur
874 2666 980 2694 ratione
999 2674 1057 2693 ma-

318 2709 400 2738 teriae
416 2713 453 2744 (n.
469 2710 517 2736 τ).

927 293 1069 318 ΗΒΒΛΝΠΞ
1094 293 1150 317 vm
1175 294 1222 317 1³1³.

1737 280 1801 315 433
1848 291 1942 318 Aac.
1963 290 2032 319 1625

1094 341 1211 374 siarum
1237 341 1422 381 utilitatem,
1440 340 1634 384 salutemque
1655 340 1832 372 animarum
1850 354 1990 374 transterendi
2012 355 2033 373 οι

1094 405 1216 435 eorum,
1242 395 1294 438 qui
1320 396 1422 438 legata
1447 394 1499 438 pia
1516 394 1722 438 reliquerunt,
1740 393 1833 426 etiam
1849 379 2034 432 iiffssssjssdssffl'e'ta‘ss

1094 459 1151 491 per
1170 449 1408 482 translationem
1427 448 1526 492 partis
1543 448 1712 481 missarum
1730 446 1836 480 huius-

1094 500 1178 533 modi
1203 501 1241 533 ad
1266 501 1349 533 aliud
1373 501 1471 534 altare
1502 512 1557 535 seu
1589 501 1717 541 altaria,
1740 500 1835 533 etiam

1093 563 1156 587 non
1180 553 1387 597 privilegiata,
1408 554 1548 587 videritis
1568 554 1727 598 expedire,
1744 564 1779 587 re
1795 558 1837 586 ta-

1093 617 1165 639 men
1189 606 1358 649 diligenter
1381 610 1559 651 perspecta,
1584 613 1721 640 statuere
1739 611 1769 640 et
1788 618 1837 640 or-

1092 659 1231 701 dinare¹,
1248 665 1283 693 ut
1307 661 1338 692 in
1362 660 1407 693 eis
1432 660 1630 693 commodius
1654 671 1689 693 ac
1713 661 1836 704 plenius

1093 713 1161 756 piae
1178 712 1399 745 defunctorum
1411 712 1563 746 voluntati
1581 713 1721 753 satisfiat,
1738 719 1836 747 trans-

1092 768 1184 808 ferre,
1210 773 1377 811 ceteraque
1391 768 1496 801 omnia
1512 773 1542 801 et
1562 768 1685 811 singula
1702 768 1732 800 in
1749 778 1836 812 prae-

1092 821 1213 862 missis,
1239 826 1269 854 et
1293 821 1376 854 circa
1401 832 1437 854 ea
1460 821 1652 862 necessaria,
1678 831 1733 854 seu
1757 832 1835 865 quo-

1093 875 1267 908 modolibet
1290 880 1486 919 opportuna,
1510 875 1603 909 etiarn
1629 875 1654 908 si
1679 876 1752 908 talia
1775 876 1837 908 sint

1093 929 1140 961 vel
1166 929 1281 962 fuerint
1309 940 1389 972 quae
1421 929 1521 972 magis
1553 929 1741 973 specialem,
1766 939 1837 973 spe-

1093 984 1213 1017 cificam
1231 990 1261 1017 et
1276 995 1459 1028 expressam
1478 984 1678 1028 requirerent
1703 983 1837 1017 mentio-

1093 1048 1175 1078 nem,
1189 1038 1301 1078 sacere,
1316 1038 1432 1078 dicere,
1443 1048 1554 1081 gerere
1568 1043 1598 1070 et
1611 1037 1722 1080 exequi
1737 1037 1837 1070 libere

1093 1097 1123 1124 et
1146 1091 1229 1125 licite
1254 1092 1380 1135 possitis
1396 1095 1426 1125 et
1442 1091 1580 1132 valeatis,
1595 1091 1767 1135 apostoliea
1784 1101 1838 1124 au-

1093 1146 1247 1185 ctoritate,
1274 1150 1382 1178 tenore
1407 1145 1630 1189 praesentium,
1656 1145 1780 1188 plenam
1807 1149 1837 1177 et

1093 1199 1229 1242 amplam
1255 1199 1433 1232 facultatem
1452 1198 1655 1232 concedimus
1672 1204 1701 1231 et
1722 1199 1837 1242 imper-

1093 1252 1198 1285 timur.

1138 1306 1152 1348 ξ
1177 1304 1206 1338 3.
1232 1306 1301 1339 Non
1321 1305 1518 1339 obstantibus
1541 1305 1704 1349 quibusvis
1725 1305 1836 1338 consti-

1094 1358 1266 1391 tutionibus
1291 1364 1319 1391 et
1351 1359 1601 1392 ordinationibus
1630 1359 1832 1402 apostolicis,

1093 1412 1268 1455 ceterisque
1292 1412 1459 1445 contrariis
1484 1412 1746 1457 quibuscumque.

1137 1466 1248 1499 Datum
1277 1467 1404 1505 Romae,
1429 1466 1511 1510 apud
1536 1466 1565 1499 S.
1589 1466 1718 1499 Mariam
1742 1465 1836 1499 Maio-

1093 1530 1178 1559 rem,
1204 1519 1262 1552 sub
1287 1520 1403 1552 annulo
1428 1519 1615 1560 Piscator-is,
1640 1518 1690 1551 die
1711 1528 1744 1551 xl
1769 1518 1835 1551 iulii

1093 1582 1247 1614 nncxxn‘,
1272 1573 1472 1616 pontificatus
1497 1572 1597 1606 nostri
1621 1583 1703 1606 anno
1728 1583 1746 1605 ῐ.

1131 1636 1188 1663 Dat.
1210 1635 1253 1663 die
1276 1638 1303 1663 ll
1328 1636 1385 1662 iulii
1407 1636 1487 1669 1624,
1504 1635 1599 1671 pontif.
1621 1643 1664 1662 an.
1686 1642 1703 1662 1.

1865 1313 1978 1342 [In-rogatio
1987 1319 2036 1334 con·

1853 1342 1974 1360 [rari-irum*

1444 1790 1475 1822 L.

1090 1871 1334 1915 Hispaniarum
1363 1881 1442 1911 γεω,
1477 1871 1610 1914 eiusque
1641 1870 1791 1902 ministri
1818 1881 1838 1902 a.

1135 1925 1281 1957 censuris
1306 1924 1532 1964 absolvuntur,
1561 1924 1597 1956 in
1621 1934 1704 1967 quas
1728 1924 1839 1956 incur-

1135 1983 1258 2017 rerant,
1277 1979 1314 2011 ob
1339 1982 1489 2011 exactum
1509 1977 1675 2021 quoddam
1699 1977 1836 2020 vecliyal

1134 2032 1174 2064 ab
1192 2031 1414 2064 ecclesiasticis
1428 2032 1464 2063 in
1477 2030 1594 2074 oppido
1608 2030 1749 2070 Mamm,
1768 2029 1837 2062 abs-

1134 2094 1196 2128 que
1220 2084 1311 2117 Sedis
1335 2083 1542 2127 Apostolicae
1568 2081 1734 2116 licemini?

1092 2163 1271 2191 charissimo
1291 2164 1322 2190 in
1344 2163 1462 2190 Christo
1482 2163 1544 2190 filio
1565 2165 1668 2189 nostro
1690 2161 1835 2196 Philippo,

1222 2209 1434 2242 Hispaniarum
1453 2208 1518 2242 regi
1539 2208 1703 2241 catholico,

1296 2257 1431 2284 Urbanus
1453 2258 1532 2291 Papa
1552 2257 1627 2284 vm.

1181 2317 1360 2344 charissime
1380 2316 1411 2343 in
1432 2317 1550 2344 Christo
1570 2316 1613 2343 fili
1634 2319 1749 2347 noster,

1128 2363 1258 2389 salutem
1278 2365 1308 2389 et
1329 2361 1524 2395 apostolicam
1548 2361 1799 2388 benedictionem.

1136 2433 1332 2476 Singularia3
1346 2439 1438 2476 atque
1453 2433 1566 2465 eximia
1580 2432 1750 2464 maiestatis
1764 2437 1835 2464 tuae
1878 2441 1999 2463 axamitum.

1092 2488 1123 2521 in
1148 2498 1204 2521 nos
1230 2492 1258 2519 et
1280 2487 1492 2531 Apostolicam
1513 2486 1625 2519 Sedem
1643 2485 1715 2519 fidei
1741 2491 1771 2518 et
1788 2485 1836 2519 de-

1127 2578 1139 2603 1
1164 2577 1247 2612 Lege:
1273 2585 1306 2603 ac
1329 2577 1376 2609 (ut
1395 2576 1426 2603 in
1445 2576 1530 2603 eis...
1547 2575 1685 2610 satisfiat)
1702 2578 1835 2610 utsupra

1092 2622 1253 2655 transferre
1269 2622 1306 2655 (u.
1324 2620 1374 2655 Τ,).

1127 2665 1143 2692 2
1163 2665 1200 2692 Ex
1221 2668 1320 2700 regest.
1342 2664 1369 2691 in
1388 2664 1491 2691 Secret.
1508 2664 1585 2692 Brev.

1129 2710 1144 2737 3
1159 2709 1227 2736 Edit.
1243 2709 1322 2737 Main.
1339 2709 1402 2745 legit
1419 2709 1574 2745 Singulari
1589 2710 1628 2744 (R.
1645 2709 1694 2744 T.).
