2269 3235
215 338 264 365 An.
285 338 312 364 C.
338 338 403 364 tss-zt

242 849 271 869 De
286 851 352 869 morte
364 854 397 873 ae-

214 876 291 896 nei-alis
340 878 397 896 extra

214 904 345 924 conventum.

242 1276 301 1300 Quod
317 1281 399 1300 semper

216 1305 323 1323 ratri-etur

216 1329 340 1352 §ontiisubi
357 1334 400 1348 tnn-

215 1359 281 1377 rietur
295 1358 354 1381 pater
365 1361 398 1380 gi·-

216 1381 308 1404 neralls.
331 1384 399 1402 vntum

215 1408 301 1429 habeat.

351 1308 399 1322 ''dn-

253 1699 284 1721 De
307 1700 400 1721 notifica-

218 1730 273 1748 tione
287 1728 400 1747 electorum

217 1755 237 1774 in
253 1754 351 1779 capitulis
367 1759 400 1779 ge·

217 1781 334 1802 intralibus.

451 329 513 362 ’158

412 386 609 425 commissus,
627 396 739 429 nempe
758 385 787 417 in
804 386 973 429 antiquiori
990 387 1150 429 provincia

411 450 448 472 ex
473 439 604 479 duabus,
629 449 708 482 quac
734 438 857 471 venient.
881 438 911 470 in
936 438 1090 480 ordinem,
1114 440 1152 472 ad

412 492 471 525 boc
496 498 529 525 ut
546 496 689 526 votorum
707 492 745 524 sit
767 492 882 536 paritas
900 492 930 525 in
948 493 1087 536 qualibet
1103 504 1153 527 na-

412 545 495 577 tione
513 550 539 577 et
559 545 719 589 provincia
744 545 774 577 in
795 556 856 589 qua
873 556 935 579 non
957 546 1014 579 suit
1030 547 1151 588 electio,

410 608 468 641 pro
493 598 550 631 bac
576 598 641 631 rice
666 598 785 632 carebit
809 609 865 632 suo
893 605 974 640 voto,
1000 600 1040 633 ita
1064 605 1097 633 ut
1122 601 1152 633 in

412 652 614 695 subsequenti
651 652 798 685 sexennio
833 658 1033 686 assumantur
1066 665 1152 687 eom-

412 705 499 737 missi
529 715 564 738 cx
594 705 662 738 aliis
691 705 812 739 duabus
844 707 1016 751 provinciis
1046 708 1153 741 imme-

412 758 494 791 diate
518 759 808 802 subsequentibus¹.

457 812 487 845 Si
522 824 595 847 vero
629 814 788 857 contingat
820 820 942 859 patrem
973 816 1151 859 generalem

413 866 494 899 mori
515 870 601 900 extra
621 871 820 908 conventum,
840 873 875 901 ut
891 873 965 912 puta
983 868 1013 901 in
1031 869 1152 910 itinere,

413 919 460 952 vel
485 920 516 952 in
541 920 630 961 mari,
656 921 703 954 vel
728 921 760 954 in
784 922 845 954 alio
870 921 980 965 quovis
1004 922 1084 963 loco,
1110 933 1154 956 se-

413 973 549 1006 cundum
588 974 673 1017 quod
708 974 892 1018 frequenter
925 975 1038 1008 accidit
1074 976 1154 1009 inter

413 1026 564 1059 immensa
588 1027 729 1071 pericula
753 1027 884 1068 viarum,
902 1032 975 1060 tunc
995 1028 1099 1061 nullus
1116 1039 1152 1061 ex

413 1080 646 1113 correctoribus
678 1080 883 1113 vicinioribus
915 1081 975 1114 loci
1008 1081 1154 1115 decessus

412 1132 591 1166 huiusmodi
616 1133 758 1166 intererit
782 1134 938 1176 electioni,
956 1134 1011 1168 sed
1036 1139 1155 1169 tantum

412 1186 622 1230 provinciales
646 1192 676 1220 ct
700 1188 869 1221 commissi.

457 1239 651 1284 Quamquam
670 1251 745 1274 vcro
769 1241 931 1274 commissi
956 1242 1042 1275 nullo
1061 1242 1155 1276 modo

414 1293 531 1325 assumi
556 1293 689 1326 debeant
713 1304 748 1327 ex
776 1294 893 1327 eisdem
918 1295 1097 1339 provinciis,
1118 1306 1156 1329 ex

414 1345 527 1389 quibus
554 1347 763 1390 provinciales
793 1353 899 1381 votum
932 1348 1094 1381 habebunt
1125 1349 1155 1381 in

415 1398 576 1440 electione,
591 1400 795 1434 nihilominus
810 1407 898 1445 pater
910 1406 1072 1435 corrector
1086 1412 1157 1435 con-

416 1455 544 1492 ventus,
577 1452 607 1485 in
633 1464 695 1496 quo
725 1453 840 1486 obierit
874 1454 1156 1488 reverendissimus

414 1510 503 1548 pater
536 1506 713 1548 generalis,
738 1517 864 1551 semper
889 1512 996 1541 votum
1022 1508 1155 1550 habeat,

415 1558 537 1592 etiamsi
562 1560 738 1603 reperiatur
774 1560 804 1593 in
840 1560 891 1593 illa
918 1561 1091 1604 provincia,
1125 1562 1156 1594 in

415 1623 477 1656 qua
493 1613 652 1657 continget
676 1614 901 1658 provincialem
919 1625 987 1648 esse
1005 1616 1154 1649 vocalem.

460 1666 498 1699 Ut
522 1671 626 1699 autem
652 1672 715 1700 tota
739 1668 851 1711 religio
875 1672 1003 1708 noscat,
1029 1669 1155 1712 quinam

416 1729 453 1752 ex
484 1720 730 1764 provincialibus
759 1727 789 1754 et
817 1722 996 1755 commissis
1023 1722 1156 1755 debeant

416 1772 532 1806 babere
552 1778 658 1806 votum
678 1784 736 1818 pro
756 1774 862 1807 futuro
883 1774 1031 1807 sexennio
1052 1775 1083 1807 in
1100 1776 1159 1808 cle-

417 1825 519 1859 ctione
544 1826 650 1859 vicarii
675 1827 830 1870 generalis
855 1829 949 1860 causa
975 1828 1102 1868 mortis,
1127 1828 1158 1860 in

416 1879 557 1922 quolibet
585 1880 723 1923 generali
749 1881 908 1924 capitulo,
934 1881 1014 1913 inter
1038 1881 1159 1925 reliqua

416 1935 539 1974 statuta,
556 1939 692 1977 ponatur
716 1934 896 1967 huiusmodi
921 1934 1097 1967 decretum:
1124 1935 1160 1968 St·

416 1985 585 2029 concinant
603 1987 905 2020 reverendissimnm
926 1991 1051 2030 patrem
1071 1998 1161 2031 qene-

416 2039 518 2072 ralem
531 2040 617 2073 diem
630 2040 728 2080 obire,
745 2040 831 2084 qnod
844 2041 929 2074 Deus
946 2045 1082 2081 avertat,
1099 2052 1159 2085 pro

415 2094 526 2136 futuro
543 2095 695 2127 sexennio
716 2095 742 2127 ii
761 2099 856 2128 erunt
876 2095 1022 2128 electores
1042 2096 1160 2128 vicarii

415 2147 579 2189 yeneralis
598 2148 667 2180 und
685 2158 759 2181 cnm
780 2149 932 2192 patribus
955 2148 1085 2192 collegyt's
1105 2149 1159 2182 cle-

416 2200 522 2243 sunctt'
539 2201 711 2244 yenerctlis,
732 2212 844 2246 nempe
859 2212 920 2246 pro
940 2203 1073 2235 natione
1092 2202 1160 2235 Ila-

419 2254 480 2286 lz'cc‘i
501 2259 611 2298 patres
632 2256 849 2299 provinciales
873 2256 943 2289 talis
968 2260 998 2290 et
1021 2256 1105 2297 talis,
1130 2261 1160 2289 etv

417 2308 485 2341 talis
510 2313 540 2341 et
564 2309 633 2341 talis
654 2310 825 2353 provincia
841 2310 975 2343 mittant
991 2321 1064 2343 suos
1081 2320 1160 2343 com-

418 2361 551 2401 missos;
576 2373 636 2405 pro
668 2363 798 2396 natione
829 2373 900 2395 vero
930 2363 1060 2397 Gallice
1090 2363 1160 2397 talis

419 2420 444 2446 et
468 2415 536 2447 talis
553 2416 779 2459 prom'ncialig
797 2420 826 2450 ct
850 2416 919 2449 talis
940 2422 969 2449 et
993 2417 1060 2450 talis
1082 2427 1158 2460 pro-

418 2468 527 2501 vincia
543 2469 677 2502 mittant
701 2479 773 2502 snos
793 2470 990 2511 comnm'ssos;
1016 2481 1075 2514 pro
1099 2481 1158 2504 na-

458 2568 466 2591 t
494 2565 535 2592 Sic
560 2574 654 2593 omnes
679 2566 823 2594 editiones.
854 2567 904 2594 Sed
928 2567 973 2603 qui
1002 2571 1089 2603 potest
1113 2575 1158 2595 ca-

420 2618 484 2645 pere
499 2610 595 2646 capiat.
612 2611 712 2638 Forsan
732 2611 871 2638 emendari
891 2616 981 2647 posset
994 2612 1047 2640 sic:
1063 2620 1159 2647 nempe

419 2655 475 2682 illa
494 2662 507 2682 e
525 2655 636 2682 duabus
655 2656 870 2690 antiquioribus
887 2657 1064 2691 provinciis,
1085 2665 1159 2692 qnae

419 2699 534 2727 venient
548 2699 581 2727 in
594 2700 722 2727 ordinem
738 2700 786 2735 (ad
802 2700 851 2727 hoc
866 2703 897 2728 ue
912 2704 1042 2729 votorum
1055 2702 1093 2730 sit
1104 2710 1159 2737 pa-

421 2744 541 2779 ritas...)
553 2753 607 2779 pro
624 2745 675 2772 hac
690 2745 748 2773 ricc
765 2745 881 2779 carebit,
899 2749 950 2773 etc.
967 2746 1003 2781 (tt.
1020 2747 1067 2781 ‘r.).

993 338 1172 364 nnmAtan
1195 339 1350 364 ROMANUM

1940 340 1989 368 An.
2005 341 2035 368 G.
2057 341 2124 368 1024

1186 389 1270 421 tione
1286 398 1357 420 vcro
1374 387 1554 430 Hispanico
1575 387 1644 420 talis
1661 392 1689 420 et
1710 388 1778 421 talis
1792 389 1926 432 provin-

1186 441 1290 481 cialis,
1311 445 1338 474 et
1358 440 1514 474 simililer
1534 440 1602 474 talis
1626 445 1655 472 et
1672 440 1742 473 talis
1756 442 1926 485 provincia

1185 504 1258 527 suos
1282 495 1466 527 commissos
1490 494 1716 527 destinabunt:
1743 499 1773 527 et
1797 495 1857 528 hoc
1881 495 1927 528 in-

1187 547 1372 580 violabiliter
1389 547 1567 580 servabitur
1592 547 1621 579 in
1648 547 1760 580 suturis
1784 547 1927 591 capitulis

1186 601 1395 642 generalibus.

1230 654 1388 697 Spectabit
1412 659 1516 687 autem
1540 654 1578 687 ad
1603 657 1723 697 patrem
1749 653 1902 697 collegam
1918 681 1926 695 ‚
2008 667 2070 697 iun.⁴

1186 708 1234 741 cui
1253 709 1421 741 commissa
1439 712 1531 742 erunt
1548 708 1649 751 sigilla
1665 707 1838 751 religionis,
1852 707 1926 740 dum
1942 692 2126 749 tinffsseiossl’llficffiss

1186 761 1375 803 significabit
1408 767 1543 795 mortem
1587 761 1743 805 generalis
1782 746 2125 796 oiiinibusssssll113³²⁰‘⁸³'

1186 814 1356 857 provinciis
1381 814 1516 856 Ordinis,
1537 815 1630 847 simul
1651 814 1742 847 etiam
1763 813 1928 848 notificare

1187 873 1392 909 conventum,
1418 869 1448 901 in
1473 879 1535 912 quo
1559 868 1738 912 praedictus
1762 873 1851 912 pater
1875 878 1929 912 ge-

1187 921 1301 953 neralis
1326 921 1457 961 obierit,
1475 925 1509 955 ut
1533 921 1659 962 sciatur,
1677 922 1761 965 quod
1784 921 1930 966 superior

1188 974 1271 1006 illius
1301 979 1472 1007 conventus
1500 974 1592 1007 debet
1620 975 1737 1008 habere
1763 980 1868 1009 votum
1897 975 1930 1008 in

1188 1027 1352 1067 electione,
1369 1032 1396 1059 et
1419 1027 1503 1070 quod
1522 1028 1654 1071 proinde
1673 1028 1704 1060 in
1724 1028 1777 1061 illa
1794 1029 1930 1069 natione,

1189 1080 1219 1112 in
1244 1091 1304 1124 qua
1330 1081 1407 1114 situs
1427 1085 1473 1114 est
1493 1081 1545 1113 ille
1564 1086 1744 1123 conventus,
1761 1092 1824 1115 non
1840 1082 1932 1116 debet

1188 1134 1256 1168 fieri
1281 1134 1392 1168 electio
1417 1134 1477 1167 nisi
1501 1134 1595 1167 nnius
1620 1135 1790 1175 commissi,
1818 1145 1931 1179 nempe

1189 1188 1220 1220 in
1246 1187 1417 1231 antiquiori
1448 1187 1612 1231 provincia
1637 1198 1674 1221 ex
1698 1187 1818 1221 duabus
1849 1187 1930 1229 illis,

1188 1252 1268 1285 quae
1293 1241 1475 1274 veniunt-in
1496 1241 1562 1274 vice
1588 1243 1654 1282 sua,
1678 1241 1827 1285 quoniam
1844 1251 1932 1285 supe-

1189 1296 1255 1329 rior
1275 1300 1457 1335 conventus‚
1475 1305 1546 1327 cum
1567 1294 1606 1327 sit
1626 1294 1765 1327 eiusdem
1785 1294 1930 1336 nationis⁷

1189 1348 1314 1392 supplet
1349 1359 1407 1392 pro
1443 1348 1543 1381 altero
1579 1347 1758 1381 commisso.
1791 1347 1822 1381 Si
1856 1358 1931 1381 vero

1190 1407 1277 1435 extra
1297 1405 1483 1435 conventum
1502 1401 1591 1435 obeat
1613 1406 1702 1445 pater
1719 1401 1885 1444 generalis,
1902 1405 1932 1435 ct

1190 1456 1250 1489 hoc
1262 1456 1364 1500 ipsum
1380 1455 1554 1490 notificabit
1571 1455 1750 1500 praedictus
1767 1460 1855 1499 pater
1871 1455 1932 1488 col-

1190 1510 1259 1553 lega
1284 1509 1449 1553 generalis,
1470 1514 1504 1542 ut
1529 1509 1628 1542 sciant
1652 1508 1811 1553 quaelibet
1834 1508 1933 1541 natio-

1190 1573 1244 1596 nes
1261 1563 1319 1596 sibi
1337 1563 1520 1605 deligendos
1537 1573 1604 1595 esse
1624 1563 1704 1596 duos
1725 1562 1920 1596 commissos.

1235 1616 1265 1649 Si
1283 1622 1371 1660 pater
1388 1616 1544 1659 generalis
1561 1616 1643 1649 diem
1664 1616 1788 1649 claudat
1803 1617 1931 1655 Romae,
1973 1651 2003 1672 De
2012 1624 2072 1672 ’(110ὶο
2111 1651 2131 1672 in

1191 1670 1302 1703 electio
1322 1670 1375 1703 siet
1393 1671 1519 1710 Romae,
1544 1675 1575 1703 et
1598 1670 1671 1703 illuc
1692 1680 1802 1703 omnes
1822 1670 1933 1703 electo·
1947 1678 2049 1726 ἕιυειὲιίῆὲ-νᾱ
2067 1667 2130 1699 debet

1191 1734 1242 1757 res
1263 1723 1463 1762 c011venien13
1482 1728 1512 1756 et
1532 1723 1658 1766 quidem
1677 1723 1701 1755 si
1722 1723 1877 1756 moriatur
1901 1723 1932 1755 in
2027 1719 2032 1724 ”

1192 1780 1345 1810 conventu
1359 1776 1579 1810 Sanctissimae
1589 1776 1757 1816 Trinitatis,
1768 1781 1857 1820 pater
1868 1786 1935 1809 cor-

1193 1834 1297 1862 rector
1321 1828 1403 1861 illius
1425 1834 1596 1861 conventus
1620 1832 1727 1862 votum
1752 1829 1879 1862 habebit.
1903 1829 1934 1861 in

1193 1882 1344 1916 electione
1379 1887 1409 1915 et
1443 1883 1680 1925 computabitur
1712 1893 1772 1927 pro
1806 1883 1933 1916 natione

1193 1935 1324 1975 Gallica;
1351 1935 1376 1968 si
1400 1946 1475 1968 vero
1500 1936 1530 1968 in
1555 1941 1713 1969 conventu
1735 1936 1763 1969 S.
1793 1936 1934 1969 Andreae

1194 1989 1241 2022 vel
1257 1989 1285 2021 S.
1304 1989 1474 2029 Francisci,
1503 1989 1650 2032 superior
1674 1989 1801 2022 illorum
1827 2000 1934 2034 respe—

1194 2043 1272 2076 ctive
1291 2048 1502 2076 conventuum
1520 2048 1626 2075 votum
1648 2043 1775 2076 habebit
1797 2054 1856 2087 pro
1880 2054 1931 2076 na-

1194 2097 1277 2130 tione
1295 2096 1410 2129 Italica.
1429 2096 1527 2129 Porro
1548 2096 1579 2128 in
1600 2107 1799 2140 quocumque
1820 2097 1934 2129 horum

1194 2150 1287 2184 trium
1303 2154 1515 2183 conventuum
1531 2149 1646 2182 obierit
1662 2155 1752 2193 pater
1769 2149 1934 2192 generalis,

1193 2204 1225 2236 in
1250 2214 1286 2236 eo
1311 2203 1497 2236 conveniant
1520 2207 1624 2246 patres
1649 2202 1803 2235 electores
1827 2202 1866 2235 ad
1891 2204 1934 2235 sa-

1194 2257 1335 2290 ciendam
1360 2256 1544 2289 electionem
1569 2256 1677 2289 vicarii
1702 2256 1867 2299 generalis.

1237 2311 1329 2344 Pater
1360 2310 1481 2343 zelosus
1514 2314 1620 2343 votum
1654 2309 1783 2343 habehit
1812 2309 1843 2342 in
1873 2310 1935 2343 cle-

1194 2364 1296 2397 ctione
1329 2363 1436 2396 vicarii
1469 2363 1645 2406 generalis,
1676 2362 1706 2395 in
1735 2373 1935 2407 quocumque

1193 2422 1347 2450 conventu
1371 2427 1502 2450 romano
1532 2416 1702 2449 decesserit
1727 2421 1816 2460 pater
1841 2427 1936 2460 gene-

1193 2471 1280 2511 ralis,
1297 2482 1360 2515 quo
1377 2481 1450 2503 casu
1468 2470 1552 2503 natio
1571 2470 1632 2512 illa,
1650 2470 1687 2503 dc
1705 2481 1767 2514 qua
1785 2476 1831 2504 est
1848 2474 1936 2514 pater

1193 2524 1331 2564 zelosus,
1359 2534 1421 2557 non
1455 2523 1556 2557 mittet
1583 2524 1680 2556 alium
1709 2524 1934 2557 commissum:

1193 2577 1279 2610 verbi
1304 2577 1423 2620 gratia,
1448 2578 1473 2610 si
1499 2583 1588 2621 pater
1613 2578 1733 2611 zelosus
1758 2577 1797 2610 sit
1821 2578 1935 2618 Italus,

1193 2635 1222 2665 ct
1245 2635 1334 2675 pater
1357 2630 1513 2674 generalis
1541 2631 1624 2664 diem
1650 2631 1774 2665 claudat
1798 2631 1829 2663 in
1854 2641 1932 2665 con-

1193 2690 1285 2717 ventu
1310 2685 1339 2718 S.
1369 2685 1511 2718 Andreae
1544 2685 1591 2718 vel
1624 2686 1653 2719 S.
1680 2684 1858 2725 Francisci,
1884 2696 1935 2718 su·

1194 2738 1300 2782 perior
1330 2737 1413 2771 illius
1442 2744 1614 2771 conventus
1638 2743 1666 2771 ct
1692 2743 1780 2782 pater
1811 2738 1935 2771 zelosus

2022 2316 2065 2337 XV.

1977 2343 2006 2364 De
2026 2346 2085 2370 putre
2100 2350 2132 2364 ze-

1951 2371 2002 2391 tuso.
