2269 3235
501 219 564 252 692
1043 223 1218 248 BULLARIUM
1244 223 1394 247 ῐιοΜΛΝυΜ

544 284 574 315 ct
596 292 656 324 seq.
683 279 854 319 Collegium
884 278 1099 310 Helvetiorum
1133 276 1301 309 Mediolani
1333 278 1489 317 erectum,
1517 275 1577 308 469
1604 285 1633 308 α.
1657 274 1797 320 Eiusque
1826 277 1984 321 designati

545 338 754 377 protectores,
781 332 842 364 469
869 331 894 363 Ι).

457 388 611 420 ttoni-irus
629 387 664 418 lv
682 386 873 418 Francorum
892 393 948 417 rex
967 383 1257 424 christianissimus,
1276 382 1313 416 24
1333 392 1369 421 α;
1388 382 1481 416 instat
1498 392 1555 426 pro
1571 382 1808 416 canonizatione
1826 382 1856 417 S.
1871 382 1985 426 Ignatii

546 440 686 478 Loiolao,
714 438 789 470 i'lu'il.

457 494 611 526 Hem-icus
638 492 856 531 {miliar-ingiae
882 491 946 523 dux
972 490 1124 533 oppidum
1149 489 1188 523 do
1215 488 1350 522 Lizlieim
1368 496 1385 521 a
1402 488 1564 521 Friderico
1589 489 1703 522 comite
1727 487 1868 522 Palatino
1884 488 1987 523 Rheni

543 548 626 584 omit,
656 546 715 577 167
741 556 769 577 α.
792 545 832 578 ⁴Et
856 544 1037 577 huiusmodi
1068 545 1262 588 emptionem
1289 542 1450 587 pontificia
1483 543 1670 576 auctoritate
1695 542 1774 585 petit
1798 542 1986 583 confirmari,

544 599 605 631 1⁴37
632 598 658 630 l).

455 652 654 684 normannus
679 650 870 693 suaemberg
894 652 1065 694 episcopus
1091 650 1315 690 Atrebatensis,
1342 649 1382 681 75
1408 649 1433 681 b.
1467 648 1542 681 l'iclc
1565 647 1795 682 Atrebatensis.

454 704 664 736 Hiber-uorum
690 704 856 746 collegium
883 705 913 736 in
939 705 1056 747 oppido
1084 703 1210 736 Lovanii
1236 707 1392 743 erectum,
1420 703 1479 735 266
1506 702 1532 734 b.

454 757 666 800 Hieronymus
693 757 730 789 M.
763 756 955 790 Lambardus
977 758 1194 790 universitatis
1221 756 1391 789 Perusinae
1417 754 1524 796 lector,
1551 757 1614 789 378
1639 755 1665 788 b.

453 810 665 851 Hieronymus
686 809 824 842 Visionus
847 819 992 842 camerae
1018 808 1209 852 apostolicae
1233 808 1368 841 clericus
1399 811 1430 841 et
1462 808 1689 842 Romandiolae
1714 817 1861 852 praeses,
1880 808 1940 841 181
1960 807 1986 841 b.

541 864 768 897 The-aurarius
793 864 963 906 generalis,
991 861 1054 896 422
1078 873 1113 900 ας
1141 866 1298 905 protector
1322 863 1436 894 montis
1460 862 1535 894 salis
1559 864 1744 903 instituitur,
1771 862 1832 895 423
1858 862 1884 894 b.

452 916 649 950 Hierusalem
677 921 706 950 et
732 917 797 949 loca
823 920 939 957 sancta,
966 916 1027 948 282
1053 926 1087 954 α;
1121 915 1321 957 eleemosyna
1349 925 1404 957 pro
1431 916 1468 947 iis
1494 915 1571 948 locis
1596 916 1845 957 commendatur,
1871 916 1934 948 282
1959 914 1985 948 b.

451 969 641 1012 Hippolytus
666 969 835 1002 cardinalis
861 967 1119 1001 Aldobrandinus
1144 966 1275 1001 Ordinis
1300 967 1501 1001 Minimorum
1526 971 1694 1011 protector,
1721 968 1782 1001 259
1808 967 1835 1000 h.

451 1023 673 1065 Hispaniarum
701 1023 842 1064 episcopi
867 1021 1101 1054 ecclesiasticos
1127 1020 1318 1062 compellere
1345 1025 1477 1064 possunt
1500 1022 1540 1055 ad
1571 1022 1804 1055 testificandum
1829 1022 1860 1054 in
1886 1022 1989 1055 causis

540 1075 711 1108 nobilitatis
736 1079 766 1108 et
791 1077 935 1118 puritatis
960 1075 1136 1117 sanguinis,
1163 1074 1223 1107 124
1252 1074 1279 1106 b.

452 1128 674 1171 Hispaniarum
702 1138 755 1160 rex
781 1132 811 1160 et
836 1129 903 1160 eius
928 1129 1062 1160 ministri
1094 1136 1111 1159 a
1143 1127 1286 1159 censuris
1311 1125 1519 1161 absolvuntur
1543 1127 1582 1162 ob
1607 1127 1743 1172 vectigal
1776 1130 1923 1161 exactum
1948 1125 1987 1160 ab

540 1181 782 1221 ecclesiasticis,
810 1181 871 1213 134
896 1191 925 1213 α.
951 1180 1079 1221 lterum,
1105 1180 1168 1213 365
1195 1180 1222 1212 b.
1959 1203 1961 1207 .

448 1235 596 1268 Horatius
619 1234 805 1267 Lurlovisius
825 1234 909 1267 Fiani
927 1234 1002 1274 dux,
1021 1234 1083 1266 609
1099 1234 1125 1265 b.
1145 1232 1303 1266 Fortalitia
1319 1232 1417 1267 Vallis
1438 1232 1578 1266 Tellinae
1596 1236 1627 1267 et
1639 1232 1841 1267 Chiavennae
1859 1232 1988 1266 nomine

539 1291 569 1321 S.
595 1288 686 1320 Sedis
711 1288 847 1331 depositi
873 1288 940 1320 loco
966 1289 1087 1330 recipit,
1114 1286 1192 1319 ibid.

451 1339 612 1382 Hospitale
639 1340 743 1372 Sancti
777 1340 905 1372 Antonii
930 1339 969 1372 de
1000 1340 1114 1373 Sancto
1147 1341 1283 1374 Antonio
1316 1341 1509 1383 Viennensi,
1536 1341 1598 1374 386
1631 1341 1658 1374 b.
1683 1341 1841 1375 Eximitur
1864 1339 1904 1374 ab
1930 1338 1991 1374 Or-

538 1394 732 1426 dinariorum
758 1393 987 1433 iurisdictione,
1015 1395 1052 1427 iis
1077 1396 1222 1437 exceptis
1247 1403 1329 1440 quae
1355 1396 1531 1438 respiciunt
1555 1404 1664 1429 curam
1690 1396 1868 1429 animarum
1889 1397 1920 1428 et
1944 1402 1978 1427 sa

538 1450 770 1479 crementorum
798 1446 1113 1487 administrationem,
1140 1447 1219 1480 ibid.

449 1498 603 1542 Hospitali
629 1500 658 1531 5.
685 1499 810 1531 loannis
834 1499 1130 1543 Hierosolymitani,
1157 1501 1218 1534 134
1244 1500 1280 1540 b,·
1306 1502 1350 1535 illi
1375 1504 1471 1536 multa
1497 1502 1664 1546 privilegia
1688 1511 1855 1544 concessa,
1881 1502 1943 1535 136
1969 1510 1990 1535 a

540 1556 569 1585 ot
593 1553 629 1590 [η
654 1555 759 1585 omnia
784 1554 948 1586 contii-mat
974 1553 1117 1587 Urbanus
1144 1553 1229 1595 Vlll,
1248 1555 1310 1588 136
1330 1566 1370 1594 a;
1399 1556 1515 1590 milites
1541 1556 1635 1590 huius
1656 1555 1786 1589 militiae
1804 1557 1990 1589 eximuntur

538 1615 554 1638 a
581 1606 789 1649 vectigalibus
815 1607 974 1640 solvendis
1000 1607 1169 1647 Bononiae,
1194 1607 1253 1640 154
1279 1618 1307 1649 a,
1335 1609 1397 1641 155
1418 1620 1456 1648 a;
1483 1611 1580 1653 prlori
1606 1613 1637 1643 et
1660 1609 1813 1643 militibus
1832 1611 1989 1652 prioratus

538 1659 744 1693 Alemanniae
763 1663 956 1704 praecipitur
981 1671 1019 1694 ne
1046 1661 1127 1694 bona
1153 1665 1183 1694 et
1209 1662 1376 1706 privilegia
1397 1663 1473 1697 dicti
1500 1666 1656 1706 prioratus
1681 1663 1765 1697 laedi
1789 1664 1988 1707 permittant,

540 1712 603 1746 160
628 1713 643 1746 b
668 1717 698 1747 et
721 1725 803 1758 seq.;
828 1713 900 1747 vide
923 1714 1050 1748 loannis
1064 1714 1120 1759 (S.)
1132 1714 1411 1759 Hierosolymitani
1435 1718 1556 1752 militia.

1210 1828 1224 1863 1

448 1924 553 1961 Iacobi
580 1927 637 1971 (Sl)
663 1927 773 1961 militia
798 1927 869 1961 vide
893 1927 1034 1962 Militiae.

448 1980 580 2014 lacobus
606 1981 711 2024 (Ven.)
738 1982 777 2015 de
802 1982 942 2015 Mareliia
968 1982 1136 2016 Beatorum
1161 1981 1232 2015 albo
1257 1980 1465 2022 adscribitur,
1485 1981 1548 2014 192
1573 1980 1598 2014 b.
1624 1980 1839 2027 Officiumque
1863 1986 1895 2017 et
1917 1983 1989 2017 mis-

538 2045 605 2068 sam
631 2035 669 2067 de
696 2045 733 2068 eo
766 2045 781 2068 a
815 2036 965 2069 fratribus
997 2035 1129 2070 Ordinis
1161 2035 1316 2069 Minorum
1347 2035 1449 2068 sancti
1480 2034 1641 2068 Francisci
1672 2034 1829 2069 celebrari
1859 2038 1989 2079 permit-

539 2090 625 2128 titur,
651 2089 720 2121 ibid
745 2093 774 2122 et
800 2089 861 2123 234
885 2090 900 2122 b
926 2094 957 2123 et
980 2100 1041 2134 seq.

450 2140 582 2176 Iesuatis
607 2142 755 2176 fratribus
781 2144 810 2176 S.
837 2143 1024 2186 Hieronymi
1050 2142 1205 2177 indultum
1231 2142 1416 2175 conceditur
1440 2143 1525 2175 circa
1549 2141 1710 2184 habitum,
1738 2143 1800 2176 242
1826 2153 1845 2176 α
1869 2147 1900 2177 et
1924 2154 1986 2188 seq.

451 2195 593 2238 Ignatius
620 2196 733 2234 Loiola,
761 2196 800 2229 23
826 2207 865 2235 α;
892 2206 974 2240 quae
1000 2200 1264 2239 praeecesserunt
1288 2197 1518 2229 canonizationi
1542 2197 1654 2239 ipsius,
1681 2196 1720 2229 23
1738 2196 1754 2229 b
1775 2200 1806 2230 et
1824 2207 1900 2240 seq.;
1919 2199 1988 2230 eius

541 2253 635 2287 ortus,
663 2250 701 2282 25
728 2249 760 2288 b;
788 2251 848 2292 piis
873 2254 974 2283 motus
1000 2249 1190 2283 lectionibus
1220 2259 1253 2282 se
1279 2249 1345 2282 Deo
1370 2249 1511 2289 addicit,
1536 2249 1614 2282 ibid.
1640 2249 1790 2291 Romam,
1822 2249 1988 2291 venetias,

540 2302 791 2345 Hierosolymam
818 2305 905 2346 petit,
932 2304 971 2336 26
996 2314 1039 2342 ιι;
1066 2303 1170 2336 studia
1201 2302 1371 2343 litteraria,
1398 2303 1438 2335 26
1464 2314 1504 2343 α;
1537 2312 1608 2336 eum
1639 2305 1734 2337 sociis
1765 2302 1827 2337 sibi
1859 2304 1987 2337 adscitis

540 2365 573 2387 se
600 2360 692 2388 vovet
716 2356 856 2389 Romano
881 2357 1041 2398 Pontitici,
1067 2355 1144 2389 ibid.
1170 2356 1307 2389 Instituit
1331 2356 1521 2389 Societatem
1541 2356 1624 2396 lesu,
1638 2356 1678 2389 26
1696 2356 1730 2395 b;
1749 2358 1891 2396 moritur,
1909 2355 1987 2389 ibid.

540 2407 614 2441 Eius
640 2410 781 2448 vii-tutos,
809 2409 847 2441 27
873 2420 893 2441 α
918 2413 948 2442 et
971 2420 1051 2453 seq.;
1079 2408 1248 2453 splendida
1273 2408 1426 2442 divinitus
1452 2410 1558 2453 facies,
1585 2409 1625 2442 28
1650 2419 1690 2449 α;
1717 2409 1880 2452 miracula,
1906 2410 1946 2443 28
1971 2408 1988 2442 b

541 2466 570 2493 ot
594 2472 665 2505 „³qu
692 2465 896 2503 canonizatio,
924 2464 964 2496 30
989 2463 1005 2495 b
1030 2467 1061 2496 et
1084 2474 1146 2507 seq.

455 2512 647 2555 illyricorum
674 2516 839 2558 collegium
867 2516 991 2549 Laureti
1017 2518 1194 2549 institutum
1217 2515 1290 2548 virle
1313 2516 1503 2560 Collegium.

453 2566 610 2610 Imagines
636 2578 753 2610 eorum,
780 2571 832 2613 qui
860 2570 1000 2603 nondum
1025 2580 1042 2604 a
1066 2570 1149 2603 Sede
1176 2569 1357 2612 Apostoliea
1381 2574 1454 2604 sunt
1478 2570 1671 2612 canonizati,
1693 2580 1765 2605 eum
1791 2569 1889 2614 radiis
1915 2579 1988 2615 pro-

541 2623 616 2664 poni
640 2624 723 2655 cavit
748 2622 891 2657 Urbanus
916 2624 984 2658 Vlll
1008 2623 1233 2658 constitutione
1258 2633 1350 2667 cxxx,
1378 2624 1440 2658 309
1465 2634 1486 2657 a
1509 2627 1539 2658 et
1563 2634 1625 2668 seq.
