2269 3235
260 227 307 255 Λιι.
329 227 357 255 C.
376 227 442 255 1627
490 218 555 252 544
1033 229 1211 253 mummium
1237 229 1397 253 Romnum

459 276 615 320 proprio&
636 287 653 308 a
673 276 786 319 quibus
807 276 876 308 illae
901 275 1036 309 obtineri
1053 275 1199 319 poterint,
1232 286 1314 317 rum,
1340 276 1432 310 sicuti
1456 286 1474 310 a
1497 276 1600 321 prima
1632 276 1716 312 illius
1749 279 1872 324 origine
1901 280 1969 323 fuit,

459 340 530 362 cum
553 330 591 361 ad
613 329 779 372 collegium
801 328 990 372 dirigentur)
1008 333 1038 361 et
1062 329 1129 361 sine
1150 329 1200 362 be-
1233 331 1402 374 regimini,
1431 331 1639 374 institutioni,
1664 331 1846 375 doctrinae,
1877 339 1970 379 atque

459 383 562 415 neticii
580 382 791 423 ecclesiastici,
806 387 854 414 aut
878 382 1060 425 patrimonii
1081 382 1169 416 titulo
1179 382 1197 425 ¹,
1233 384 1438 427 obedientiae,
1464 385 1521 418 sub
1545 385 1663 428 regulis
1687 390 1718 418 et
1741 387 1968 422 constitutioni-

459 446 494 467 ae
514 436 606 467 etiam
624 440 712 467 extra
730 435 943 477 legitimarum
965 435 1197 470 ordinationum
1232 438 1289 471 bus
1306 448 1362 482 per
1378 438 1493 471 dietam
1508 438 1790 482 Congregationem
1807 439 1845 473 de
1860 441 1971 485 Propa-

459 494 622 531 tempora,
654 488 826 521 dummodo
859 493 963 521 tamen
992 489 1068 522 alias
1099 489 1136 522 ad
1168 489 1197 522 id
1232 492 1332 534 ganda
1351 491 1425 524 Fide
1440 491 1630 536 approbatis,
1647 503 1725 536 quas
1737 493 1908 536 apostolica
1921 504 1972 527 au-

458 542 656 585 reperiantur
681 542 794 583 idonei,
819 543 1001 586 promoveri
1025 543 1145 587 possint
1169 548 1199 576 ct
1232 544 1374 578 ctoritate
1388 546 1622 587 confirmamus,
1646 543 1786 577 easdem'
1806 556 1823 578 a
1848 551 1972 580 rectore

458 596 587 635 valeant,
606 595 763 639 iidemque
787 596 831 629 sic
855 596 893 628 ad
918 597 1044 629 ordines
1060 596 1198 640 promoti
1232 601 1261 630 et
1282 597 1416 630 alumnis
1440 597 1607 641 praedictis
1632 602 1787 641 perpetuo
1811 598 1971 632 observari

458 649 487 680 in
513 649 721 691 originalibus
753 650 894 683 ecclesiis
926 661 998 683 eum
1030 650 1196 693 beneficia,
1233 650 1428 692 mandamus,
1445 651 1554 684 eadem
1571 651 1756 685 auctoritate
1776 651 1969 695 subiieimus,

456 707 663 745 personatus,
688 702 917 747 dignitatesque
948 714 1056 736 carum
1088 715 1198 737 vacare
1232 708 1325 747 atque
1343 704 1564 738 submittimus.

456 755 633 797 eontigerit,
659 761 721 788 tam
748 757 777 789 in
802 758 942 790 Romana
966 757 1057 791 Curia
1072 784 1079 798 ,
1104 769 1197 801 quam
1276 756 1355 799 513.
1370 757 1407 789 Et
1424 757 1551 801 insuper
1568 756 1669 790 eidem
1688 757 1821 800 collegio
1842 762 1872 791 et
1886 758 1973 792 scho-
2013 774 2126 801 Privitegia
2136 781 2171 801 ge.

455 809 539 852 apud
556 809 737 843 Ordinarios
755 810 902 853 proprios
922 813 951 844 ct
968 810 1112 853 capitula,
1130 810 1198 843 aliis
1232 809 1362 850 laribus,
1387 811 1565 843 rectoribus
1590 816 1620 843 et
1650 811 1916 854 gubernatoribus
1936 822 1972 845 ac
1987 802 2171 853 ssssm¹1¹1ss2⁰02¹0¹ffiffi

456 862 603 895 omnibus
617 889 624 903 ,
650 863 762 895 ceteris
785 863 915 906 paribus
929 891 936 905 ,
958 863 1105 896 anteferri
1138 863 1195 895 dem

1982 233 2032 262 An.
2051 233 2081 264 C.
2097 234 2164 264 1627

284 1141 337 1161 Unio
346 1146 380 1161 sex
390 1140 440 1160 ado-

257 1168 379 1188 lescentium
390 1167 441 1187 Bul-

258 1200 354 1219 garerum
395 1200 440 1213 cum

257 1221 318 1241 dinus
354 1221 441 1240 alumnis

258 1250 278 1267 rt
302 1253 373 1267 eorum
395 1253 442 1267 sus-

257 1274 354 1295 tentatio.

316 2154 442 2175 Guberninin

260 2182 342 2207 collegii
381 2182 443 2201 datur

260 2208 388 2233 presbyteris
403 2208 443 2228 So-

260 2235 343 2255 memus
358 2235 412 2256 Iesu.

1233 862 1384 895 ministris
1409 863 1514 896 onmia
1545 868 1575 896 ct
1609 874 1826 908 quaecumque
1850 865 1973 908 privile·
1987 854 2057 902 {lllllss'
2060 855 2172 903 egligffiii

456 915 558 957 beant,
584 921 613 949 et
637 927 726 949 secus
746 918 843 949 saetae
870 917 1068 960 provisiones
1092 917 1198 949 irritae

456 973 487 1001 et
512 969 618 1002 inanes
642 970 709 1013 ipso
740 969 807 1002 iure
839 970 988 1010 existant,
1013 970 1198 1003 auctoritate

457 1027 486 1055 et
514 1028 621 1055 tenore
645 1023 847 1066 praemissis,
872 1023 910 1056 de
942 1023 1070 1067 speciali
1096 1023 1197 1066 gratia

456 1076 665 1118 indulgemus.

501 1130 515 1173 g
546 1129 597 1162 111.
631 1130 852 1163 Adolescentes
884 1141 1010 1174 quoque
1040 1130 1197 1174 Bulgarici

456 1183 555 1226 regni,
580 1183 633 1226 qui
665 1194 717 1215 sex
746 1194 879 1216 numero
904 1194 960 1227 per
985 1184 1197 1228 eleemosyna-

457 1236 538 1269 rium
564 1241 707 1269 nostrum
733 1242 889 1269 secretum
915 1237 965 1269 liic
996 1237 1026 1269 in
1059 1238 1142 1270 Urbe
1167 1238 1197 1269 in

457 1289 567 1323 studiis
592 1294 805 1322 sustentantur
833 1290 949 1323 auxilio
975 1290 1197 1324 afflictissimae

456 1343 583 1376 illorum
619 1343 759 1387 patriae,
784 1348 817 1375 ut
848 1343 929 1376 inter
965 1344 1197 1377 connationales

455 1396 594 1441 Illyricos
618 1396 649 1428 in
674 1397 787 1439 pietate
811 1401 841 1429 et
866 1396 977 1429 litteris
1002 1398 1103 1440 magis
1128 1409 1200 1441 pro-

456 1450 549 1483 licere
573 1450 708 1494 possint,
732 1450 879 1494 praefatis
903 1451 1037 1483 alunmis
1062 1451 1093 1483 in
1117 1452 1197 1484 Lau-

455 1508 564 1537 retano
589 1504 722 1546 collegio
747 1504 959 1546 adiungimus,
981 1505 1095 1548 quibus
1116 1505 1197 1538 idem

455 1558 720 1602 eleemosynarius
748 1563 876 1599 noster,
901 1557 955 1591 ut*2
979 1558 1197 1602 imposterum,

456 1611 499 1643 uti
524 1611 675 1643 hactenus
700 1612 870 1653 consuevit,
893 1612 998 1644 onmia
1022 1613 1198 1645 necessaria

456 1675 516 1708 pro
548 1665 712 1698 sufficienti
750 1657 875 1698 illorun⁰i
913 1666 1139 1699 sustentatione
1169 1672 1199 1700 et

457 1718 640 1751 educatione
665 1718 904 1751 subministrare
929 1719 1050 1759 debeat,
1076 1720 1199 1753 absolu-

458 1772 560 1816 tisque
584 1773 622 1805 ab
646 1772 764 1805 eisdem
791 1773 963 1815 Bulgaricis
988 1773 1122 1806 alumnis
1139 1779 1199 1807 stu-

458 1825 517 1858 diis
542 1837 667 1870 semper
691 1826 768 1859 alios
793 1826 929 1859 vicissim
955 1827 1121 1868 substitui,
1147 1838 1199 1861 su-

458 1879 564 1924 mique
604 1890 639 1912 ex
677 1880 788 1913 eodem
826 1891 924 1923 regno
960 1892 1018 1924 per
1056 1881 1198 1914 eamdem

458 1933 740 1975 Congregationem
762 1933 800 1966 de
825 1933 1031 1977 Propaganda
1056 1934 1140 1978 Fide,
1159 1935 1198 1968 ad

459 1986 598 2030 episcopi
623 1986 805 2030 Sopliiensis
822 1997 881 2031 pro
902 1992 1045 2031 tempore
1070 1988 1200 2021 existen-

457 2040 497 2073 tis
521 2040 780 2082 nominationem,
810 2041 920 2074 eodem
957 2052 1019 2086 quo
1049 2042 1199 2076 hactenus

459 2105 591 2128 numero
608 2101 638 2128 et
654 2095 835 2139 provisione
853 2096 1060 2129 declaramus.

503 2148 582 2192 §sla
601 2149 754 2190 Ceterum,
770 2160 841 2182 eum
859 2149 1046 2183 dilectorum
1059 2150 1197 2184 tiliorum

460 2202 718 2246 presbyterorum
736 2203 899 2236 Societatis
917 2204 985 2237 Iesu
1001 2203 1033 2236 in
1050 2204 1110 2237 hoc
1127 2204 1199 2237 edu-

459 2255 642 2296 candorum,
666 2256 993 2301 instituendorumque
1017 2257 1198 2291 adolescen-

460 2308 538 2341 tium
556 2319 686 2342 nmnere
703 2309 875 2352 diligentia,
893 2310 970 2343 fides
987 2316 1017 2343 et
1035 2311 1198 2355 integritas

460 2361 491 2394 in
507 2362 575 2395 aliis
592 2362 746 2396 eiusmodi
764 2364 904 2406 collegiis
925 2369 955 2397 et
978 2364 1009 2396 in
1033 2364 1094 2398 hoc
1118 2365 1197 2409 ipso,

461 2416 599 2458 quandiu
623 2417 747 2449 Laureti
765 2422 795 2449 et
811 2417 841 2450 in
866 2417 1041 2452 Seminario
1058 2419 1198 2453 Romano

462 2470 527 2509 tuit,
546 2469 618 2503 satis
636 2470 759 2513 cognita
776 2471 815 2503 sit
832 2476 925 2516 atque
942 2477 1118 2516 perspecta,
1136 2473 1200 2506 col-

462 2523 578 2565 legium
607 2529 699 2567 atque
724 2525 883 2559 scholares
908 2526 1091 2561 huiusmodi
1119 2528 1200 2572 ipso-

502 2596 508 2620 t
535 2595 633 2620 Vocem
654 2595 737 2622 titulo
758 2604 806 2623 nos
825 2596 948 2624 addimus
968 2597 1006 2633 (R.
1023 2598 1071 2634 T.).

496 2638 512 2665 ⁶2
532 2638 624 2666 Potius
644 2639 764 2674 legerem
783 2643 809 2669 ec
828 2642 865 2676 (R.
882 2643 932 2677 T.).

1233 916 1292 958 gia,
1318 917 1545 960 exemptiones,
1566 917 1738 958 libertates,
1762 919 1923 952 facultates
1943 925 1974 952 et

1233 969 1367 1010 indulta,
1393 969 1508 1013 quibus
1532 970 1669 1003 studium
1701 972 1848 1013 generale
1872 973 1973 1006 almae

1232 1022 1324 1054 Urbis
1349 1025 1379 1056 et
1402 1022 1486 1055 illius
1510 1028 1624 1065 rector,
1650 1023 1859 1067 doctoresque
1884 1025 1913 1057 in
1935 1035 1972 1059 eo

1234 1076 1381 1118 tegentes,
1399 1076 1521 1119 aliaque
1546 1077 1678 1120 collegia
1702 1087 1974 1122 quarumcumque

1232 1129 1391 1161 nationum
1410 1135 1439 1162 et
1456 1129 1722 1173 seminariorum2,
1737 1136 1800 1163 tam
1818 1131 1849 1164 in
1864 1132 1974 1166 eadem

1232 1184 1313 1215 alma
1339 1183 1430 1226 Urbe,
1457 1194 1551 1227 quam
1573 1188 1660 1216 extra
1684 1184 1779 1225 illam,
1803 1195 1860 1228 per
1883 1196 1974 1229 prae-

1232 1237 1413 1269 decessores
1454 1241 1579 1270 nostros
1616 1237 1773 1271 Romanos
1808 1238 1974 1272 Pontifices

1232 1290 1373 1323 instituta
1397 1295 1546 1331 utuntur,
1570 1291 1735 1334 potiuntur
1760 1296 1789 1324 et
1819 1292 1973 1335 gaudent,

1232 1355 1267 1377 ac
1292 1344 1358 1387 uti,
1383 1344 1478 1388 potiri
1503 1348 1533 1378 et
1557 1345 1694 1387 gaudere
1723 1350 1872 1389 poterunt
1896 1357 1974 1390 quo-

1232 1397 1406 1431 modolibet
1430 1398 1460 1430 in
1486 1398 1645 1441 futurum,
1671 1399 1850 1442 quibusque
1878 1401 1974 1433 colle-

1232 1452 1328 1494 gium,
1350 1451 1520 1492 scholares,
1541 1456 1681 1485 rectores
1701 1456 1731 1484 et
1747 1452 1975 1495 gubernatores

1233 1504 1414 1537 huiusmodi
1438 1515 1501 1537 non
1527 1505 1629 1537 solum
1661 1504 1700 1537 ad
1725 1515 1836 1538 eorum
1861 1505 1974 1547 instar,

1233 1558 1286 1591 sed
1311 1558 1404 1590 etiam
1431 1568 1529 1601 acque
1554 1558 1771 1602 principaliter
1794 1559 1853 1601 uti,
1879 1559 1974 1603 potiri

1233 1617 1262 1644 et
1286 1611 1424 1654 gaudere
1453 1612 1593 1652 valeant,
1618 1611 1649 1644 in
1681 1612 1829 1645 omnibus
1859 1616 1888 1646 et
1917 1623 1975 1657 per

1232 1666 1347 1706 onmia,
1365 1665 1446 1699 dicta
1470 1666 1665 1706 auctoritate,
1690 1666 1972 1700 communicamus.

1277 1720 1291 1763 ἓ
1315 1719 1366 1752 Μ.
1394 1720 1558 1752 Praeterea
1582 1720 1764 1763 regentibus
1785 1725 1815 1753 et
1833 1721 1974 1765 superio·
2016 1731 2174 1761 rriviiegiasu-

1233 1773 1320 1806 ribus
1337 1773 1411 1806 dicti
1429 1773 1563 1816 collegii,
1582 1784 1654 1806 cum
1674 1774 1849 1806 assistentia
1870 1778 1974 1808 tamen
1988 1759 2174 1834 Ξῇἶὲἑῑὲἐῗιέῗιῖ

1233 1826 1400 1859 cardinalis
1425 1827 1615 1871 protectoris
1651 1827 1704 1870 qui
1736 1838 1795 1871 pro
1831 1832 1974 1871 tempore

1233 1880 1421 1913 constitutus
1445 1880 1557 1921 suerit,
1583 1886 1612 1913 et
1637 1880 1675 1913 de
1699 1880 1766 1913 eius
1790 1881 1921 1914 consilio
1945 1886 1975 1915 et

1233 1943 1381 1977 expresso
1403 1944 1579 1975 consensu,
1604 1934 1695 1977 illos,
1724 1945 1803 1979 quos
1835 1935 1866 1967 in
1891 1935 1974 1969 dicto

1233 1989 1367 2032 collegio
1392 1994 1422 2022 et
1445 1989 1521 2022 alibi
1537 2000 1595 2034 per
1612 1989 1753 2024 debitum
1773 1994 1897 2034 tempus
1915 1995 1975 2023 stu-

1232 2041 1358 2084 duisse,
1389 2053 1425 2076 ae
1456 2042 1585 2076 scientia
1615 2053 1651 2076 ac
1679 2042 1822 2076 moribus
1846 2043 1976 2077 idoneos

1233 2106 1299 2128 esse
1324 2096 1520 2140 repererint,
1545 2096 1576 2128 in
1600 2096 1748 2140 praefatis
1775 2096 1976 2131 facultatibus

1232 2148 1270 2180 ad
1294 2148 1560 2189 baccalaureatus,
1584 2149 1810 2191 licentiaturae,
1836 2149 1977 2183 doctora-

1232 2207 1343 2245 tusque
1360 2205 1389 2236 et
1406 2202 1577 2245 magisterii
1595 2202 1722 2245 gradus,
1740 2204 1861 2236 servata
1874 2203 1976 2236 forma

1232 2255 1357 2289 concilii
1381 2256 1575 2297 Viennensis,
1593 2256 1677 2289 iuxta
1697 2256 1910 2290 universitatis
1930 2257 1975 2290 al-

1232 2319 1301 2342 mae
1326 2309 1419 2342 Urbis
1440 2309 1709 2351 consuetudinem,
1727 2320 1782 2343 seu
1799 2310 1884 2352 alias,
1903 2322 1976 2356 pro-

1233 2363 1389 2404 movendi,
1410 2368 1440 2396 et
1467 2363 1611 2407 ipsorum
1641 2363 1799 2407 graduum
1817 2364 1910 2398 solita
1933 2365 1977 2399 in-

1232 2416 1333 2460 signia
1357 2416 1543 2458 exhibendi,
1569 2417 1693 2461 eisque,
1719 2418 1751 2450 in
1775 2418 1976 2453 facultatibus

1233 2470 1455 2515 suprascriptis
1479 2470 1522 2504 sic
1548 2471 1714 2515 promotis,
1739 2477 1792 2505 aut
1809 2472 1880 2506 illa⁸
1895 2473 1976 2517 legi-

1269 2553 1280 2579 1
1299 2552 1432 2587 Legerem
1446 2552 1562 2579 easdem
1578 2552 1620 2579 vel
1634 2553 1806 2589 easdemque
1819 2554 1861 2590 (R.
1877 2555 1925 2590 τ.).

1269 2597 1285 2624 2
1300 2598 1401 2624 Forsan
1416 2597 1562 2633 legendum
1575 2598 1741 2626 seminaria
1754 2601 1792 2634 (R.
1808 2599 1859 2634 T.).

1268 2642 1284 2671 3
1300 2642 1391 2670 Potius
1406 2641 1465 2678 lege
1480 2645 1507 2672 ec
1522 2642 1591 2671 illas
1607 2643 1643 2679 (a.
1660 2643 1708 2678 T.).
