2269 3235
213 267 262 294 An.
284 268 312 295 C.
332 267 399 295 1025

231 914 349 935 constituta
357 918 394 939 pa-

210 941 261 961 riter
272 941 334 962 simili
341 946 394 961 mer·

210 968 270 988 cede.

250 1768 397 1797 Necessarias-

213 1800 254 1823 que
298 1797 398 1822 apposuit

213 1823 328 1844 clausulas.

444 259 509 292 liO-'t

411 327 446 350 ae
463 317 599 349 humana
616 319 775 359 pateretur
789 313 936 355 conditio,
950 315 1147 358 perpetuitati

411 370 586 413 providere,
607 369 795 411 bonamque,
818 367 942 400 fidelem
968 373 998 400 et
1022 368 1150 411 diligen-

411 427 472 455 tem
491 423 616 455 illorum
635 431 742 454 curam
760 431 880 463 gerere,
895 425 935 462 et,
949 421 986 453 ad
1004 421 1148 454 effectum

410 475 547 515 illorum,
572 475 645 507 dum
668 485 748 518 opus
779 476 872 515 soret,
905 475 1053 509 facilioris
1077 486 1148 520 per-

409 528 586 570 quisitionis
610 534 639 561 et
663 528 873 572 reperitionis,
893 533 1011 570 notam,
1032 539 1096 571 seu,
1116 534 1150 562 ut

410 586 530 621 vocant,
556 580 757 614 rnbriecllam
778 581 810 614 in
827 581 907 615 libro
925 582 962 615 ad
980 582 1064 615 hune
1082 593 1151 627 par-

409 634 573 667 ticularem
598 635 744 669 ellectum
778 636 942 669 retinendo
967 636 1069 669 facere
1096 636 1150 669 de-

409 687 528 728 berent,
546 693 576 721 et
592 688 630 720 ad
649 688 679 721 id
699 688 827 732 obligati
848 690 1026 731 existerent,
1044 695 1074 722 et
1090 690 1150 723 hoc

410 741 659 775 conservationis
685 752 890 785 processuum
916 754 1016 784 onus,
1042 754 1150 777 curam

410 800 439 827 et
465 805 579 828 munus
599 796 760 839 praedicto
785 796 888 829 officio
908 797 1081 830 notariatus
1107 796 1151 830 sic

410 855 515 882 erecto
538 849 724 893 imposuerit
749 853 779 883 ct
801 850 998 890 annexuerit;

454 903 469 945 ξ
495 903 522 935 7.
548 903 591 935 Αο
616 902 717 935 eidem
737 902 892 944 Odoardo,
911 902 1040 946 eiusque
1060 903 1092 935 in
1109 902 1152 935 di-

411 961 461 988 cto
486 956 590 988 officio
615 956 860 996 successoribus,
890 956 1011 989 ratione
1035 956 1152 989 laboris

411 1010 455 1043 eis
472 1020 508 1042 ex
525 1009 608 1042 dicta
626 1009 864 1043 conservatione
881 1021 1089 1053 processuum
1106 1001 1153 1043 a'c-

410 1063 588 1103 crescentis,
603 1066 632 1096 et
646 1074 703 1106 pro
719 1063 801 1096 illius
817 1063 931 1096 salario
949 1068 978 1096 et
995 1063 1152 1105 mercede,

410 1116 533 1149 iuribus
556 1121 586 1148 et
610 1116 785 1159 regalibus,
816 1116 894 1150 duos
924 1116 1054 1149 ducatos
1083 1117 1152 1150 auri

410 1169 448 1202 de
465 1170 590 1202 camera
607 1180 665 1213 pro
682 1169 806 1212 singulo
823 1180 973 1213 processu
986 1170 1024 1202 ad
1039 1170 1152 1203 dictam

411 1222 531 1255 curiam
557 1234 616 1267 pro
640 1223 840 1267 expeditione
867 1224 1106 1257 trzmsmittendo
1125 1229 1155 1257 et

411 1276 455 1309 eis
484 1276 516 1308 in
539 1277 812 1309 conservationem
831 1276 982 1310 tradendo
1000 1282 1030 1309 et
1050 1277 1153 1310 consi-

411 1329 553 1372 gnando,
578 1329 637 1373 ipsi
662 1340 679 1362 a
699 1329 841 1373 quolibet
865 1341 903 1363 ex
927 1331 1154 1374 promovendis

410 1383 448 1415 ad
473 1384 619 1416 ecclesias
636 1389 666 1417 et
683 1384 872 1418 monasteria
890 1385 1083 1426 huiusmodi,
1100 1396 1153 1418 seu

410 1436 666 1471 sollicitatoribus
691 1437 722 1469 in
747 1437 829 1470 dicta
854 1438 943 1471 curia
960 1439 1037 1471 tales
1059 1449 1153 1482 expe—

410 1490 543 1524 ditiones
571 1491 849 1535 prosequentibus,
878 1492 1004 1525 realiter
1029 1496 1059 1526 et
1083 1503 1153 1526 cum

411 1544 523 1579 effectu
547 1550 578 1578 et
602 1546 720 1589 absque
744 1548 833 1579 mora
859 1557 915 1579 seu
934 1547 1083 1580 dilatione
1101 1547 1156 1579 ali-

410 1600 472 1642 qua
497 1599 732 1643 persolvendos,
750 1610 808 1644 per
828 1600 903 1633 alias
920 1611 990 1634 suas
1006 1601 1038 1633 in
1054 1601 1154 1634 forma

411 1652 517 1685 Brevis
537 1653 672 1697 desuper
689 1654 846 1687 consectas
864 1654 984 1687 litteras
1001 1654 1093 1687 etiam
1111 1665 1156 1688 as-

412 1706 614 1749 signaverit¹3

457 1759 471 1803 ξ
493 1759 522 1792 8.
540 1761 577 1793 Et
593 1760 677 1804 ipsas
694 1761 832 1794 seeundo
857 1761 955 1794 dictas
979 1762 1106 1804 litteras,
1128 1771 1156 1794 e-

414 1812 489 1846 tiam
515 1824 551 1847 ex
576 1824 613 1847 eo
638 1815 721 1858 quod
746 1815 898 1848 interesse
917 1816 1022 1849 forsan
1043 1815 1157 1848 haben-

414 1872 459 1900 tes
476 1877 531 1900 seu
547 1868 664 1901 habere
678 1869 918 1912 praetendentes
936 1869 975 1901 ad
1000 1869 1031 1902 id
1054 1869 1156 1902 vocati

412 1931 476 1955 non
499 1921 640 1961 fuissent,
665 1932 719 1954 scu
743 1922 904 1965 quibusvis
929 1933 966 1955 ex
987 1922 1097 1965 causis,
1119 1922 1156 1955 de

414 1975 627 2019 subreptionis
652 1976 699 2008 vcl
724 1975 918 2020 obreptionis
944 1976 1018 2009 vitio
1042 1976 1155 2017 notari,

414 2030 605 2074 impugnari,
630 2035 683 2063 aut
702 2031 876 2071 invalidari,
902 2041 958 2063 seu
974 2030 1013 2063 ad
1030 2031 1111 2064 viam
1128 2035 1157 2064 et

415 2084 566 2117 terminos
591 2084 668 2117 iuris
692 2084 819 2125 reduci,
837 2089 889 2117 aut
913 2083 1063 2117 adversus
1089 2084 1157 2118 illas

415 2138 637 2182 quodcumque
652 2138 739 2179 iuris,
759 2138 839 2181 sacti,
862 2138 982 2181 gratiae
1001 2139 1049 2171 vel
1074 2138 1158 2171 iusti-

415 2192 476 2225 tiae
501 2192 676 2226 remedium
698 2192 872 2237 impetrari,
889 2193 937 2225 vel
955 2192 1012 2225 sub
1030 2192 1158 2236 quibus-

416 2246 462 2279 vis
493 2246 644 2280 similium
674 2247 722 2280 vel
754 2247 954 2280 dissimilium
984 2248 1157 2291 gratiarum

416 2301 678 2344 revocationibus,
704 2301 953 2344 limitationibus,
979 2301 1159 2346 suspensio-

415 2355 520 2395 nibus,
540 2360 593 2388 aut
612 2355 680 2388 aliis
705 2355 872 2389 contrariis
890 2355 1159 2399 dispositionibus,

418 2408 507 2440 editis
528 2412 558 2441 et
577 2409 715 2451 edendis,
733 2409 959 2453 comprehendi
978 2419 1042 2443 non
1058 2420 1159 2454 posse,

418 2462 472 2494 sed
497 2474 638 2507 semper,
663 2464 708 2496 uti
734 2474 771 2497 ex
800 2464 892 2497 titulo
924 2474 1058 2498 oneroso
1090 2474 1161 2498 con-

420 2526 531 2557 cessas,
557 2517 595 2549 ab
620 2518 680 2551 illis
705 2517 819 2562 excipi,
837 2523 867 2551 et
886 2518 1010 2562 quoties
1030 2518 1099 2551 illas
1115 2528 1162 2551 re-

421 2571 535 2610 ici-ari,
561 2581 616 2603 seu
640 2572 804 2613 annullari,
823 2577 876 2605 ant
895 2572 971 2605 alias
989 2571 1162 2606 contrarias

987 266 1167 291 BULLARIUM
1190 266 1343 292 ROMANUM

1933 269 1981 297 An.
2002 270 2032 298 C.
2050 269 2119 299 1625

1182 315 1347 360 pristinum
1365 320 1395 348 et
1418 314 1645 348 validissimum
1665 320 1778 350 statum
1795 318 1920 353 restitu-

1183 375 1237 412 tas,
1263 369 1416 414 repositas
1439 372 1469 402 et
1493 368 1631 412 plenarie
1648 369 1867 415 reintegratus,
1885 382 1921 405 ac

1183 423 1220 456 de
1244 433 1325 456 novo
1351 423 1443 455 etiam
1461 422 1519 455 sub
1537 432 1735 467 quacumque
1754 424 1921 467 posteriori

1183 476 1254 509 data
1278 487 1336 521 per
1355 476 1534 509 Odoardnm
1559 481 1589 509 et
1613 486 1811 510 successores
1835 488 1923 522 prae-

1183 530 1282 564 dictos
1305 529 1567 573 quandocumque
1591 529 1736 572 eligenda
1760 540 1923 564 concessas

1183 594 1250 617 esse
1275 588 1306 617 et
1329 584 1418 624 sore,
1444 584 1551 627 sicque
1570 594 1628 627 per
1644 594 1861 629 quoscumque
1879 584 1923 618 iu-

1184 637 1267 670 dices
1291 637 1467 671 ordinarios
1492 642 1521 670 et
1546 637 1715 680 delegatos,
1736 637 1830 671 etiam
1854 647 1925 671 cau-

1184 701 1290 724 sarum
1315 691 1420 736 palatii
1446 691 1609 735 apostolici
1630 691 1789 724 auditores
1807 695 1836 724 et
1856 701 1925 724 car-

1184 744 1302 777 dinales
1322 744 1510 788 praedictos,
1535 744 1657 778 sublata
1686 744 1730 778 eis
1758 749 1788 777 et
1814 755 1925 778 eorum

1185 798 1313 832 cuilibet
1346 798 1434 831 aliter
1462 797 1619 831 iudicandi
1644 803 1674 831 et
1698 798 1926 842 interpretandi

1185 849 1330 881 facultate
1347 853 1377 882 et
1396 849 1590 891 auctoritate,
1608 849 1739 882 iudicari
1753 854 1783 882 et
1802 849 1926 882 definiri

1186 901 1310 943 debere,
1329 902 1518 946 irritumque
1542 907 1572 937 et
1597 902 1688 936 inane
1712 903 1862 948 quicquid
1882 913 1928 936 se-

1186 965 1241 988 cus
1259 965 1355 999 super
1378 955 1427 988 his
1447 965 1464 988 a
1484 966 1654 999 quoquam,
1674 957 1783 999 quavis
1795 957 1928 990 auctori-

1186 1013 1257 1050 tate,
1268 1009 1402 1042 scienter
1415 1009 1463 1041 vel
1476 1008 1668 1052 ignoranter,
1678 1010 1875 1053 contingeret
1887 1015 1929 1044 at-

1186 1062 1310 1104 tentari,
1335 1062 1523 1105 decreverit,
1550 1067 1645 1106 prout
1669 1062 1700 1095 in
1725 1063 1856 1106 singulis
1880 1064 1929 1096 lit-

1187 1116 1262 1149 teris
1279 1115 1448 1159 praedictis
1468 1116 1590 1160 plenius
1608 1116 1722 1150 dicitur
1743 1116 1912 1157 contineri;

1232 1170 1246 1212 ἓ
1270 1169 1299 1202 0.
1325 1169 1501 1203 Novissime
1514 1180 1588 1203 vero
1606 1169 1799 1203 venerabiles
1815 1170 1929 1207 fratres

1186 1223 1286 1257 nostri
1303 1223 1490 1258 Franciscus
1512 1224 1608 1257 Maria
1625 1233 1643 1256 a
1659 1224 1771 1265 Monte,
1791 1224 1929 1258 Domini·
1943 1214 2128 1266 ἕξῗῧειξῖἕᾏῗθεεὲἓ

1188 1288 1242 1311 cus
1263 1278 1467 1322 Gymnasius,
1497 1288 1620 1312 necnon
1647 1277 1777 1311 Carolus
1801 1277 1924 1311 Emma-
1943 1263 2128 1309 aiffsnssiffpii'e‘riff

1188 1331 1260 1364 nuel
1286 1331 1358 1364 Pius
1376 1331 1407 1364 in
1424 1331 1534 1365 ordine
1553 1331 1685 1375 priores,
1710 1341 1746 1364 ac
1764 1331 1928 1365 Marcellus
1943 1321 1982 1363 {iis
1997 1320 2128 1379 Sctgrffirnvtan:

1188 1385 1262 1418 dicti
1277 1385 1399 1428 collegii
1415 1384 1606 1418 camerarius
1618 1385 1730 1418 Lantes
1744 1385 1928 1430 nuncupati,

1189 1443 1311 1473 sanctae
1326 1439 1485 1472 Romanae
1502 1438 1658 1471 Ecclesiae
1674 1438 1853 1482 praedictae
1866 1449 1931 1471 car-

1188 1493 1317 1535 dinales,
1343 1493 1540 1526 inhaerentes
1565 1492 1692 1525 decreto
1715 1492 1791 1526 alias
1811 1503 1868 1537 per
1887 1492 1932 1525 di-

1189 1552 1274 1580 ctum
1288 1548 1378 1580 Pium
1395 1547 1681 1591 praedecessorem,
1696 1552 1731 1580 ut
1743 1548 1930 1592 praefertur,

1189 1601 1280 1642 sacto,
1295 1606 1324 1634 et
1348 1600 1435 1641 illud,
1452 1605 1605 1644 quatenus
1624 1611 1703 1645 opus
1719 1601 1767 1641 sit,
1784 1601 1931 1634 innovan-

1190 1659 1245 1696 tes,
1270 1655 1308 1688 de
1333 1654 1478 1688 mandato
1502 1659 1611 1688 nostro
1631 1654 1729 1688 libros
1744 1655 1931 1698 propositio-

1189 1719 1264 1741 num
1282 1713 1312 1742 et
1328 1713 1472 1742 actorum
1493 1707 1768 1749 consistorialium,
1792 1708 1930 1752 aliasque

1190 1763 1362 1806 scripturas
1386 1762 1424 1795 ad
1449 1762 1646 1806 praedictum
1670 1762 1840 1805 collegium
1857 1773 1931 1806 quo-

1190 1816 1361 1850 modolibet
1385 1820 1571 1860 spectantes,
1587 1826 1623 1849 ac
1641 1811 1933 1860 processus'bmnes

1191 1870 1397 1903 ecclesiarum
1415 1875 1444 1903 et
1461 1869 1728 1904 monasteriorum
1745 1869 1777 1902 in
1793 1869 1933 1903 archivio

1191 1923 1305 1967 deponi
1330 1923 1454 1966 debere,
1481 1934 1597 1968 eosque
1614 1933 1631 1956 a
1647 1923 1781 1966 nemine,
1797 1928 1935 1967 praeter-

1191 1988 1285 2022 quam
1318 1978 1356 2010 ab
1390 1978 1531 2011 eiusdem
1563 1977 1689 2021 collegii
1716 1977 1832 2011 clerico
1856 1977 1932 2011 Italo

1191 2032 1335 2074 detineri,
1350 2042 1408 2065 nec
1425 2043 1484 2076 pro
1504 2032 1720 2075 recognitione
1744 2042 1799 2065 seu
1823 2031 1934 2064 admis-

1192 2086 1280 2120 sione
1312 2086 1496 2119 eorumdem
1528 2096 1734 2130 processuum
1764 2085 1933 2129 quicquam

1192 2139 1290 2184 recipi
1314 2150 1416 2184 posse,
1441 2139 1536 2172 etiam
1561 2139 1741 2173 statuerint:

1237 2194 1251 2236 g
1277 2193 1327 2226 40.
1353 2194 1426 2234 Nos,
1451 2193 1564 2236 quibus
1588 2193 1669 2226 inter
1686 2192 1745 2225 alia
1764 2192 1935 2237 praecipue
1949 2199 2135 2248 fflffffiffisciqffl

1193 2247 1280 2281 cordi
1297 2252 1353 2288 est,
1373 2257 1412 2280 ne
1428 2246 1524 2292 aliqui
1544 2247 1633 2280 novis
1649 2246 1768 2290 absque
1784 2256 1931 2280 necessa·
1949 2254 1963 2275 li
1978 2253 2048 2274 officio
2064 2258 2134 2273 secre-

1950 2281 1998 2301 tarii
2018 2280 2073 2300 sacri
2088 2279 2136 2300 col-

1193 2301 1241 2335 ria
1264 2302 1312 2334 vel
1341 2301 1409 2334 utili
1439 2302 1532 2334 causa
1560 2300 1816 2345 impositionibus
1844 2310 1935 2344 prae·
1949 2307 2090 2354 lqffsinimffisssp
2101 2311 2135 2352 ⁸⁵3

1193 2359 1373 2398 graventur,
1389 2359 1419 2387 et
1442 2365 1579 2398 quorum
1595 2354 1725 2388 intentio
1742 2358 1799 2396 est,
1815 2358 1850 2386 ut
1868 2364 1937 2397 gra-
1951 2340 2038 2381 {nimum
2047 2338 2135 2380 duc-¹5¹3>-

1194 2408 1255 2443 vati
1286 2408 1509 2450 subleventur,
1541 2408 1697 2441 dictorum
1727 2418 1936 2452 processuum
1951 2393 2004 2436 {33³¹
2020 2389 2060 2408 ‘³²⁰'
2077 2391 2135 2407 ’Μ’

1195 2462 1425 2496 conservationi
1448 2472 1512 2496 non
1537 2462 1610 2496 satis
1635 2463 1813 2495 consultum
1837 2461 1886 2503 iri,
1911 2461 1937 2495 si

1195 2517 1239 2550 illi
1252 2527 1348 2561 penes
1365 2516 1591 2561 particularem
1606 2516 1743 2560 aliquam
1755 2525 1934 2560 personam,

1196 2572 1296 2615 qualis
1314 2571 1431 2605 dictum
1447 2571 1620 2604 notariatus
1638 2570 1775 2604 osticium
1793 2581 1851 2614 pro
1863 2575 1938 2602 tem-

2004 1181 2127 1203 Gardinales

420 2624 639 2668 dispositiones
653 2625 793 2658 emanari
807 2626 1013 2670 contingeret,
1027 2626 1118 2659 toties
1132 2625 1164 2658 in
1198 2636 1274 2669 pore
1294 2625 1438 2658 obtinens
1462 2625 1574 2665 existit,
1599 2624 1779 2658 conservari
1796 2624 1937 2665 debeant,

458 2686 625 2720 1Quasvide
636 2687 662 2716 in
674 2690 796 2725 tonuxn,
808 2688 860 2720 loc.
872 2689 917 2719 cit.
929 2696 992 2728 pag.
1005 2688 1057 2719 643
1067 2688 1154 2725 (m.)
1179 2666 1238 2725 let,
1255 2679 1282 2717 si
1301 2679 1334 2715 in
1357 2678 1497 2716 archivio
1521 2689 1594 2715 eum
1612 2678 1711 2723 libris,
1729 2677 1805 2714 actis
1822 2682 1853 2715 et
1869 2676 1938 2713 aliis
