2269 3235
238 277 289 306 An.
311 277 340 305 c.
357 277 428 304 1624
474 268 538 303 168

258 1560 431 1587 n.·u.1quooccte-

248 1591 347 1609 ›i;i§tt=·a.
376 1593 430 1614 quae

248 1617 302 1634 inter
313 1617 383 1640 empta
398 1621 431 1634 ri·-

248 1642 356 1666 perian'ni·
371 1657 375 1663 ,
404 1641 431 1661 ab

249 1674 281 1691 eo,
293 1668 430 1688 haere-lilius-

249 1700 289 1718 qne
314 1697 359 1715 tnta
381 1699 431 1713 con-

248 1721 338 1741 scientia
366 1726 432 1746 possi-

248 1749 293 1768 dei-1
310 1748 410 1773 indulget,

288 2201 375 2222 Adiecta
390 2201 437 2227 teg·

253 2228 366 2253 parochias
400 2228 438 2247 tbi-

254 2255 301 2275 ἀντὶ]
317 2254 419 2281 erigendi.

437 326 604 370 quisitionc
620 326 788 371 praedictis
813 326 1025 359 confectarum
1050 329 1176 358 tenores

438 380 531 412 ctiam
557 380 705 419 veriores,
726 390 761 412 ac
778 379 837 411 alia
858 379 908 411 liic
932 379 970 411 de
995 378 1177 412 necessitate

439 433 665 477 exprimenda,
694 432 912 476 praesentibus
944 442 1002 475 pro
1033 432 1124 474 plene
1148 437 1178 464 et

439 486 629 518 sufficienter
654 485 810 528 expressis
835 485 997 524 babentes,
1022 484 1178 527 supplica-

440 539 577 571 tionibus
602 544 655 570 tuo
680 538 807 570 nomine
824 538 914 570 nobis
938 548 1033 581 super
1049 538 1109 570 hoc
1126 537 1181 569 liu-

440 592 557 625 mititei·
580 591 735 635 porrectis
760 591 916 631 inclinati,
941 592 1129 635 emptionem
1151 595 1178 622 et

439 644 677 688 acquisitionem
699 644 806 688 oppidi
825 650 855 677 et
870 644 963 677 castri
987 655 1023 677 ac
1047 643 1180 676 aliorum

441 698 583 731 locorum
602 698 632 730 in
657 698 739 731 dicta
758 698 915 741 emptione
940 697 1183 741 comprehenso-

440 762 521 791 rum,
539 762 557 784 a
574 757 614 791 te,
631 756 665 784 ut
689 751 878 795 praefertur,
896 752 1018 791 factam,
1038 751 1131 783 etiam
1158 750 1181 782 si

441 805 545 838 forsan
561 805 590 837 in
605 805 781 838 venditione
796 804 973 837 huiusmodi
988 804 1091 847 aliqua
1102 804 1182 836 bona

442 858 652 891 ecclesiastica
666 858 739 895 sint,
755 862 784 890 et
801 857 839 890 ad
857 857 1014 896 ecclesias,
1030 857 1076 889 vel
1093 866 1184 900 quae-

442 921 577 954 cumque
602 910 755 943 beneficia
779 909 989 942 ecclesiastica
1013 909 1185 952 quomodo-

442 963 518 998 libet
542 964 720 1008 qualismata
745 968 896 1007 spectent,
920 968 1074 1005 quatenus
1099 963 1185 1004 igno—

443 1022 559 1056 ranter,
573 1017 744 1060 apostolica
761 1016 957 1054 auctoritate,
976 1019 1083 1048 tenore
1100 1025 1186 1058 prac-

443 1069 590 1108 sentium‚
608 1074 762 1112 perpetuo
782 1068 996 1111 approbamus
1021 1073 1051 1100 et
1075 1067 1187 1100 contir-

443 1132 582 1160 mamus;
610 1121 733 1165 illisque
758 1126 927 1165 perpetuae
944 1125 975 1153 et
999 1120 1186 1153 inviolabilis

443 1175 601 1208 firmitatis
626 1175 816 1218 apostolicae
841 1174 939 1207 robur
956 1173 1131 1213 adiicimus,
1152 1184 1187 1206 ac

443 1239 552 1263 omnes
578 1235 609 1261 et
632 1229 774 1271 singulos
798 1234 861 1260 tam
886 1227 964 1260 iuris
991 1238 1085 1271 quam
1115 1227 1185 1260 sacti

443 1293 480 1315 ac
504 1282 735 1316 solemnitatum
768 1282 860 1314 etiam
890 1280 1090 1324 quantumvis
1114 1280 1187 1313 sub—

445 1336 647 1375 stantialium,
663 1340 693 1367 et
711 1335 749 1367 de
774 1334 854 1374 iure,
872 1345 939 1373 usu,
960 1334 1043 1373 stilo,
1060 1343 1189 1366 consuc-

445 1388 552 1421 tudine
565 1399 601 1422 ac
612 1388 689 1420 alias
703 1387 939 1432 quomodolibet
953 1386 1188 1429 requisitarum,

446 1441 595 1481 defectus,
613 1441 637 1474 si
658 1441 711 1484 qui
729 1441 864 1484 desuper
889 1439 1127 1484 quomodolibet
1144 1439 1188 1472 in-

447 1499 660 1534 tervenerunt,
677 1494 869 1537 supplemus.

491 1549 506 1592 §
531 1547 561 1580 6.
587 1548 623 1580 Et
642 1548 858 1587 nihilominus,
876 1557 934 1590 pro
951 1546 1065 1590 potiori
1085 1547 1137 1580 tua
1155 1556 1190 1578 ac

447 1602 618 1635 haeredum
641 1605 671 1635 et
687 1612 905 1634 successorum
924 1606 1050 1633 tuorum
1068 1600 1187 1633 cautela

447 1662 477 1689 ct
501 1656 678 1695 securitate,
696 1655 763 1695 tibi,
780 1660 825 1695 ut,
843 1655 867 1687 si
893 1655 974 1687 inter
998 1654 1080 1687 bona
1100 1654 1130 1686 in
1149 1653 1191 1686 di-

448 1712 497 1743 cta
520 1709 697 1743 venditione
722 1709 951 1752 comprehensa
978 1708 1081 1751 aliqua
1110 1707 1190 1748 sint,

448 1774 527 1807 quae
551 1762 761 1795 ecclesiastica
791 1762 907 1802 fuisse,
932 1766 985 1793 ant
1016 1771 1084 1794 esse
1108 1761 1190 1798 dici,

449 1817 497 1850 vel
522 1816 643 1850 censeri
679 1816 820 1860 possint,
845 1821 878 1848 tu
912 1825 948 1848 ac
973 1815 1123 1848 haeredes
1149 1814 1190 1848 tui

447 1871 600 1916 praedicti
624 1870 676 1903 illa
701 1869 806 1903 omnia
822 1879 1052 1913 quaecumque,
1073 1869 1192 1912 qualia-

449 1935 585 1968 cumque
615 1928 644 1956 et
674 1922 959 1967 quantacumque',
988 1933 1024 1955 ac
1056 1922 1193 1955 cuiusvis

449 1978 563 2022 speciei
585 1981 615 2011 et
631 1982 761 2009 naturae
781 1976 923 2015 existant,
944 1976 1042 2008 libere
1063 1981 1093 2008 et
1110 1975 1193 2008 licite

449 2030 645 2075 possideatis,
666 2041 702 2063 ac
722 2030 760 2062 de
777 2029 838 2062 illis
855 2029 893 2061 ad
914 2029 1036 2061 libitum
1054 2034 1191 2061 vestrum

451 2084 618 2128 disponere
634 2083 770 2127 possitis,
791 2083 822 2115 in
838 2088 1027 2127 perpetuum
1048 2083 1193 2115 coneedi-

452 2148 523 2170 mus
547 2142 577 2170 et
601 2137 810 2179 indulgemus.

498 2192 513 2235 §
538 2191 566 2224 7.
592 2191 743 2223 Volumus
767 2195 892 2231 autem,
917 2188 1002 2233 quod
1026 2191 1075 2229 tu,
1100 2199 1192 2232 quam

453 2244 602 2278 citissime
626 2244 696 2277 fieri
721 2243 860 2287 poterit,
888 2243 997 2275 saltem
1022 2242 1053 2275 in
1076 2242 1195 2286 praeci-

453 2297 525 2342 puis
550 2297 638 2338 locis,
656 2307 673 2328 a
693 2302 733 2337 te,
750 2301 783 2329 ut
800 2297 986 2340 praefertur,
1003 2296 1127 2339 emptis,
1144 2306 1196 2339 pa-

452 2351 608 2385 rochiales
629 2350 777 2384 ecclesias
801 2351 840 2383 de
864 2360 1019 2383 consensu
1039 2349 1194 2383 Ordinarii

452 2406 514 2439 loci
538 2411 732 2445 construere,
749 2404 883 2448 illisque,
908 2415 968 2447 pro
992 2414 1099 2436 earum
1125 2403 1196 2436 dote

453 2471 489 2493 ao
509 2459 577 2492 illas
595 2470 653 2503 pro
670 2464 812 2503 tempore
829 2458 1038 2492 obtinentium
1056 2458 1196 2499 congrua

455 2514 713 2554 substentatione,
739 2512 929 2546 sufficientes
952 2511 1094 2545 redditus
1118 2510 1196 2544 assi-

456 2578 554 2611 gnare
578 2567 723 2600 tenearis.

493 2685 505 2709 t
523 2682 594 2709 Edit.
609 2682 689 2709 Main.
706 2682 789 2709 habet
802 2685 1026 2717 quantocumque
1045 2683 1083 2715 (a.
1095 2681 1143 2715 τ.).

1009 276 1190 301 BULLARIUM
1213 276 1368 302 nottANuM

1962 276 2015 305 An.
2036 276 2065 304 C.
2084 276 2152 305 162⁸

1256 325 1271 367 ξ
1296 322 1324 357 8.
1343 325 1552 358 Decernentes
1565 325 1756 369 emptionem
1773 324 1955 359 huiusmodi
1996 337 2154 365 cia-mium

1212 388 1338 421 semper
1355 383 1385 410 et
1402 383 1557 421 perpetuo
1581 377 1716 410 validam
1737 378 1803 411 fore
1823 383 1853 411 et
1876 388 1954 419 esse,

1212 430 1331 473 tibique
1361 440 1397 462 ac
1425 429 1486 462 tuis
1519 429 1686 473 praedictis
1711 429 1826 473 (quoad
1850 430 1956 463 omnia

1214 483 1295 516 bona
1328 483 1359 516 in
1390 483 1451 516 illis
1484 482 1733 526 comprehensa,
1757 483 1899 524 etiamsi,
1924 488 1957 516 ut

1214 538 1401 580 praefertur,
1428 537 1508 569 inter
1541 547 1576 569 ea
1607 536 1712 579 aliqua
1747 536 1957 569 ecclesiastica

1215 591 1285 631 sint,
1310 597 1341 623 et
1366 591 1404 623 ad
1432 601 1646 633 quascumque
1677 589 1824 622 ecclesias
1854 589 1954 633 perti-

1216 650 1318 685 neant,
1346 654 1382 677 ac
1407 644 1535 677 illorum
1559 642 1790 687 possessionem
1806 669 1814 683 ,
1835 652 1959 676 necnon

1217 698 1291 731 utile
1316 702 1346 730 et
1370 697 1525 730 directum
1556 696 1747 740 dominium)
1775 706 1899 740 semper
1930 701 1961 729 et

1217 755 1371 794 perpetuo
1406 749 1572 792 suffragari
1608 749 1743 787 debere;
1780 752 1961 792 praesentes

1217 813 1343 846 quoque
1363 803 1493 843 litteras,
1508 802 1630 835 etiamsi
1648 812 1683 834 ex
1702 812 1739 835 co
1757 800 1841 844 quod
1857 811 1960 841 causa,

1217 866 1272 888 seu
1297 866 1420 896 causae,
1440 861 1572 900 propter
1595 865 1701 899 quam,
1717 865 1772 888 seu
1789 865 1866 898 quas
1891 854 1961 887 illae

1218 919 1235 941 a
1259 908 1349 942 nobis
1374 915 1570 949 emanarunt,
1594 908 1779 942 iustiticatae
1803 913 1833 941 et
1856 907 1961 940 verifi-

1219 967 1305 995 catae
1329 972 1391 995 non
1415 962 1541 1001 suerint,
1565 972 1621 995 seu
1645 961 1807 1005 quibusvis
1831 960 1900 994 aliis
1924 971 1961 994 ex

1219 1014 1332 1054 causis,
1356 1015 1395 1047 de
1427 1014 1638 1058 subreptionis
1653 1042 1660 1055 ,
1684 1015 1731 1047 vel
1756 1015 1962 1059 obreptionis,

1219 1072 1273 1100 aut
1288 1067 1439 1100 nullitatis
1456 1067 1542 1107 vitio,
1560 1077 1615 1100 seu
1632 1067 1813 1100 intentionis
1825 1073 1962 1109 nostrae,

1222 1121 1268 1153 vel
1292 1120 1354 1153 alio
1377 1120 1527 1164 quopiam
1556 1120 1679 1153 defectu
1705 1120 1830 1161 notari,
1859 1120 1962 1165 impu-

1221 1173 1321 1216 gnari,
1346 1174 1394 1206 vel
1419 1173 1547 1217 infringi
1572 1173 1750 1207 nullatenus
1774 1183 1884 1217 posse;
1909 1173 1963 1206 sed

1221 1238 1273 1260 eas
1298 1238 1423 1271 semper
1439 1232 1469 1260 et
1492 1232 1647 1271 perpetuo
1664 1227 1792 1267 validas,
1809 1227 1917 1259 firmas
1934 1231 1965 1259 et

1222 1281 1364 1314 efficaces
1389 1281 1524 1314 existere
1548 1285 1578 1314 et
1602 1281 1679 1320 sore,
1699 1280 1820 1323 tibique
1844 1285 1875 1313 et
1899 1291 1965 1314 suc-

1222 1334 1400 1367 cessoribus
1424 1333 1486 1366 tuis
1516 1333 1686 1378 praedictis
1711 1333 1742 1365 in
1766 1333 1912 1366 omnibus
1935 1338 1966 1366 et

1225 1398 1280 1431 per
1297 1387 1403 1421 omnia
1422 1387 1603 1431 plenissime
1621 1386 1805 1428 suffragari;
1824 1386 1964 1419 irritum-

1223 1451 1283 1484 que
1308 1445 1339 1474 et
1360 1441 1463 1481 inane,
1488 1441 1513 1473 si
1538 1451 1628 1473 secus
1652 1450 1748 1483 super
1773 1439 1821 1472 his
1845 1449 1863 1471 a
1886 1450 1965 1483 quo-

1224 1505 1340 1538 quam,
1371 1494 1480 1538 quavis
1514 1494 1720 1534 auctoritate,
1749 1493 1882 1526 scienter
1916 1493 1964 1526 vel

1226 1549 1417 1591 ignoranter,
1442 1547 1610 1590 contigerit
1634 1546 1787 1579 attentari.

1269 1602 1284 1645 ξ
1307 1601 1337 1634 9.
1363 1602 1430 1634 Non
1461 1600 1677 1640 obstantibus,
1702 1606 1855 1643 quatenus
1886 1610 1966 1644 opus

1225 1655 1274 1695 sit,
1290 1654 1397 1688 nostra
1423 1654 1461 1688 de
1485 1654 1554 1687 iure
1578 1653 1720 1697 quaesito
1736 1663 1800 1686 non
1818 1653 1967 1694 tollendo,

1225 1719 1261 1741 ac
1284 1708 1383 1741 felicis
1419 1707 1649 1741 recordationis
1674 1707 1760 1740 Pauli
1789 1707 1890 1750 Papae
1918 1707 1966 1747 ΙΙ,

1226 1765 1256 1795 et
1270 1761 1404 1794 aliorum
1429 1761 1643 1794 Romanorum
1662 1759 1849 1793 Pontificum
1876 1770 1968 1803 prae-

1226 1815 1426 1848 decessorum
1441 1820 1624 1847 nostrorum
1645 1813 1683 1846 de
1699 1814 1794 1846 rebus
1810 1814 1970 1847 Ecclesiae

1227 1878 1289 1902 non
1306 1867 1488 1908 alienandis,
1505 1867 1636 1911 aliisque
1652 1867 1927 1900 constitutionibus
1940 1872 1971 1900 et

1226 1921 1477 1956 ordinationibus
1494 1921 1687 1965 apostolicis,
1705 1920 1881 1964 ceterisque
1898 1930 1971 1954 con-

1228 1975 1333 2008 trariis
1358 1974 1622 2019 quibuscumque.

1270 2029 1383 2062 Datum
1407 2028 1536 2068 Romae,
1556 2027 1640 2071 apud
1665 2027 1694 2060 S.
1719 2027 1849 2060 Mariam
1874 2027 1970 2061 Maio-

1228 2093 1305 2122 rem,
1326 2082 1384 2115 sub
1409 2082 1524 2114 annulo
1549 2080 1726 2120 piscatoris,
1748 2080 1799 2113 die
1819 2089 1871 2113 xlv
1892 2080 1970 2113 iunii

1228 2145 1379 2175 MDCXXIV,
1405 2134 1607 2179 pontificatus
1631 2132 1731 2166 nostri
1755 2143 1837 2165 anno
1861 2142 1881 2166 1.

1264 2197 1322 2224 Dat.
1340 2198 1384 2224 die
1401 2197 1433 2224 14
1446 2197 1513 2224 iunii
1531 2196 1612 2230 1624,
1634 2195 1728 2231 pontif.
1748 2203 1818 2222 anuo
1837 2202 1857 2223 1.

1542 2365 1656 2400 LXVII.

1232 2456 1443 2500 Confirmatio
1465 2455 1719 2499 privilegiorum
1739 2455 1970 2499 Conqreyali'o-

1275 2512 1327 2544 nis
1351 2510 1488 2544 Ioannis
1509 2509 1570 2542 Dei
1593 2509 1649 2541 sub
1674 2509 1789 2552 reynlci
1808 2509 1838 2541 S.
1859 2509 1975 2552 Anqu-

1274 2564 1378 2604 stim‘,
1407 2570 1435 2596 et
1463 2563 1714 2596 communicatio
1740 2562 1971 2603 industomcm',

1276 2617 1454 2653 Ordinibus
1478 2617 1750 2655 Mendicancium,
1778 2620 1807 2649 et
1828 2626 1975 2660 praeser-

1277 2672 1336 2704 tim
1361 2671 1611 2714 Conpreyationi
1641 2670 1837 2705 Clericorum
1861 2669 1970 2713 Requ-

1971 365 2055 386 firmiori
2066 366 2153 392 emptio-

1971 393 2002 411 nis
2044 392 2153 413 vatittitate

1971 419 2102 440 necessarias
2116 425 2155 445 ap·

1971 447 2038 471 pontt.

2007 1610 2035 1632 Et
2059 1609 2168 1630 contraria

1983 1642 2081 1664 quaeque
2096 1637 2157 1658 tottii.
