2269 3235
114 242 165 270 An.
181 241 209 270 C.
232 240 299 268 1627

923 236 1065 260 URBANUS
1087 236 1102 258 V
1109 236 1142 259 111
1162 235 1210 258 1³1⁷.

313 292 343 319 et
365 287 552 319 documenta
576 285 789 330 producenda,
807 289 840 317 ut
859 284 987 317 inferius
1011 285 1054 317 di-

314 343 413 379 cetur,
438 339 468 371 in
494 349 677 383 processum
706 343 735 371 et
761 338 790 370 in
815 337 975 381 publicum
1001 337 1051 369 in-

315 396 526 425 strumentum
552 392 713 425 redueere.
742 390 871 424 Articuli
896 395 1000 422 autem
1025 395 1055 422 et.

314 445 557 489 interrogatoria
580 445 708 478 inferius
732 443 960 477 describentur.

329 515 412 544 Circa
445 516 610 549 qualitates
640 514 763 542 testium
796 515 996 541 vocandarum
1025 517 1056 540 et

365 560 627 588 examinandarum
649 561 744 593 quoad
768 564 925 592 personam
940 564 1055 591 promo-

364 605 463 632 vendi.

360 659 465 692 Testes
486 658 548 692 sint
573 658 631 691 viri
656 667 777 700 graves,
798 656 850 701 pii,
876 655 1055 700 prudentes,

317 712 410 755 docti,
436 716 466 746 et
489 712 542 756 qui
559 712 597 744 de
617 711 817 755 qualitatibus
831 709 1058 754 promovendo-

317 776 388 798 rum
414 770 536 798 rectum
560 764 711 798 iudicium
735 765 817 797 ferre
838 764 972 805 valeant,
998 763 1058 795 sin-

318 829 491 862 cerumque
519 829 555 851 ae
586 818 678 851 fidele
704 817 919 851 testimonium
952 816 1059 849 verisi-

317 871 433 904 militer
460 872 521 905 sint
545 871 663 904 daturi:
689 871 874 916 praesertim
900 881 974 903 vero
999 870 1058 903 hu-

318 925 454 958 iusmodi
468 926 633 969 qualitates
650 936 718 958 esse
736 925 850 958 debent
870 925 901 957 in
919 925 1059 965 testibus,

318 978 371 1022 qui
397 978 612 1022 interrogandi
637 982 729 1012 erunt
753 978 790 1011 de
812 978 873 1011 fide
898 977 1059 1019 catholiea,

320 1033 391 1075 vitai,
418 1033 570 1073 moribus,
595 1032 738 1066 doctrina
756 1037 785 1065 et
803 1031 976 1075 aptitudine
993 1041 1062 1074 pro-

321 1087 466 1119 movendi
499 1087 538 1119 ad
568 1087 738 1129 regendam
771 1086 944 1119 eeclesiam.
976 1085 1062 1118 Seii-e

320 1140 403 1172 enim
428 1140 541 1173 debent
558 1140 617 1184 ipsi
642 1145 746 1180 testes,
764 1151 843 1184 quae
861 1139 1063 1183 requirantur

320 1195 352 1226 in
376 1204 423 1234 eo,
448 1194 501 1238 qui
526 1198 671 1227 recturus
696 1199 742 1227 est
766 1194 929 1227 eeclesiam
956 1194 1062 1226 cathe-

321 1247 451 1289 dralem,
477 1247 515 1279 ad
540 1247 600 1280 hoe
631 1251 664 1281 ut
697 1247 735 1279 sit
768 1247 899 1280 idoneus
924 1247 962 1279 ad
986 1247 1063 1279 alios

321 1300 489 1341 docendos,
504 1306 595 1344 aptus
614 1300 652 1333 ad
670 1301 755 1333 illam
774 1300 1064 1344 g·iil)e1·11a11dain,et

322 1354 436 1397 dignus
460 1354 514 1398 qui
539 1354 577 1386 ad
603 1364 672 1386 eam
696 1359 930 1398 promoveatur.

367 1409 435 1441 Non
460 1414 531 1440 sunt
555 1408 728 1452 reeipiendi
753 1408 784 1440 in
810 1413 903 1441 testes
928 1408 1064 1451 cognati,

323 1462 371 1494 vel
395 1461 527 1494 nimium
551 1461 737 1502 familiares,
764 1467 815 1494 aut
840 1462 976 1503 inimici,
1001 1462 1064 1495 sive

323 1515 438 1548 aemuli
461 1526 615 1559 personae
640 1515 885 1559 promovendae.

368 1569 402 1601 ln
414 1569 637 1612 investigandis
654 1569 778 1602 testium
796 1568 999 1612 qualitatibus
1014 1568 1066 1601 ad-

324 1623 459 1656 hibenda
483 1628 530 1655 est
554 1622 716 1666 diligentia
744 1632 801 1665 per
820 1622 995 1665 praelatum
1024 1622 1067 1653 in-

323 1677 522 1721 quirentem,
547 1681 581 1709 ut
605 1686 796 1719 cognoscere
826 1675 945 1719 possit,
972 1686 1065 1721 quam

324 1730 386 1763 sint
399 1741 474 1774 erga
490 1729 742 1774 promovendum
760 1729 876 1770 affecti,
894 1729 1067 1773 exindeque

326 1784 492 1826 coniicere,
510 1789 616 1817 utrum
631 1794 668 1817 ex
686 1783 809 1824 affeetu,
827 1793 866 1816 an
883 1794 920 1816 ex
937 1783 1068 1816 veritate

328 1837 541 1871 testimonium
564 1837 678 1872 dicant.

373 1890 403 1924 Si
427 1891 594 1934 aliquando
610 1891 750 1936 praelato
767 1891 937 1936 inquirenti
958 1892 999 1923 ita
1017 1902 1068 1924 ex-

327 1944 436 1988 pedire
461 1944 639 1986 videbitur,
663 1945 795 1978 testibus
819 1945 858 1978 ad
883 1945 1067 1978 memoriam

328 1997 458 2030 reducet
481 1998 544 2030 vim
565 1998 731 2031 iuramenti
749 2003 779 2031 et
799 1998 985 2042 gravitatem
1003 2009 1071 2042 per-

329 2051 423 2093 iurii,
455 2051 698 2096 admonebitque
730 2053 814 2096 ipsos
846 2063 917 2086 reos
948 2053 1070 2086 futuros

328 2106 411 2150 apud
435 2107 533 2140 Deum
554 2117 664 2140 eorum
685 2107 837 2148 omnium,
858 2118 1005 2151 quorum,
1023 2107 1070 2139 vel

330 2160 554 2194 committendo
571 2162 620 2194 vel
637 2161 820 2202 omittendo,
846 2161 891 2194 rei
908 2166 1000 2194 erunt
1017 2163 1070 2204 qui

330 2215 621 2259 promovebuntur,
654 2215 694 2258 si,
724 2216 772 2248 vel
798 2215 874 2248 salsa
902 2216 1070 2256 narrando,

331 2267 380 2300 vel
405 2267 564 2300 reticendo
589 2278 680 2308 vera,
706 2277 798 2300 eausa
824 2274 925 2307 erunt,
950 2272 984 2299 ut
1008 2268 1067 2300 ho-

332 2321 433 2354 mines
455 2321 576 2365 indigni
600 2322 647 2354 vel
672 2321 775 2354 minus
799 2321 903 2355 idonei
932 2322 1071 2355 ecelesiis

333 2374 566 2419 praeficiantur.

335 2446 479 2480 Quomodo
490 2447 644 2480 praelatus
660 2446 816 2480 inquirens
832 2449 992 2481 procedere
1007 2455 1073 2481 pos-

369 2491 411 2519 sit
429 2499 481 2526 per
506 2491 586 2518 viam
614 2491 841 2525 inquisitionis,
868 2494 985 2525 quando
1014 2500 1073 2520 non

369 2536 461 2563 habet
478 2535 618 2562 notitiam
637 2542 783 2569 personae
809 2538 1037 2569 promovendae.

379 2589 410 2623 Si
443 2589 624 2632 contingat,
657 2590 832 2634 praelatum
863 2589 1072 2633 inquirentem

334 2653 397 2677 non
413 2642 530 2677 habere
547 2643 753 2677 sufficientem
766 2643 907 2677 notitiam
920 2654 1075 2688 personae

1734 224 1797 258 583

1088 282 1332 326 promovendae,
1358 281 1394 314 ad
1420 282 1480 315 hoe
1506 287 1539 314 ut
1563 281 1657 325 possit
1692 281 1829 323 deligere

1088 341 1118 370 et
1136 347 1246 369 vocare
1273 341 1364 369 testes
1378 347 1413 369 ex
1434 336 1548 377 officio,
1566 336 1683 379 absque
1701 335 1827 367 scientie,

1090 390 1187 433 ipsius
1215 390 1431 433 promovmuli‚
1450 395 1479 422 et
1497 395 1629 429 secreto,
1648 389 1762 432 poterit
1779 400 1830 421 cu-

1090 454 1173 484 rare,
1188 448 1221 474 ut
1243 443 1375 485 ipsemet
1392 443 1635 486 promovendus,
1655 443 1700 474 vel
1719 442 1830 485 aliqui<

1089 495 1178 535 alius,
1192 495 1243 528 det
1263 496 1290 527 ‹·i
1309 496 1500 537 schedulam,
1519 496 1548 528 in
1566 508 1627 539 quii
1645 496 1705 527 sint
1721 495 1830 528 ordint·

1089 548 1245 591 descripta
1262 558 1376 580 nomen
1395 549 1467 581 dieti
1486 549 1701 592 promovendi,
1719 559 1832 591 eogno-

1091 610 1171 640 men,
1189 600 1299 643 patria,
1318 606 1411 639 aetas,
1430 607 1583 644 parentes,
1602 602 1691 641 ordo,
1706 601 1831 643 gradus,

1091 654 1256 696 professio,
1278 654 1404 695 l'unetio,
1431 654 1455 686 si
1481 665 1574 697 quam
1598 655 1621 686 is
1644 656 1722 687 torte
1748 665 1833 687 exer-

1091 706 1176 746 cuit,
1201 707 1269 739 loen
1296 706 1326 739 in
1351 707 1466 750 quibus
1492 708 1668 749 theologiae
1699 709 1747 740 rel
1773 708 1831 740 iuri

1092 760 1243 793 canonico
1264 771 1394 804 operam
1420 760 1550 802 dederit,
1569 767 1621 793 aut
1645 762 1740 803 longo
1761 766 1835 793 tem-

1092 824 1170 858 pore
1196 818 1336 846 versatus
1361 814 1464 855 suerit,
1483 814 1575 846 amici
1601 819 1630 846 et
1655 815 1834 850 fiuniliares,

1093 868 1210 900 aliaeve
1235 877 1399 911 personae,
1425 878 1505 910 quae
1530 872 1592 899 tarn
1621 867 1723 911 ipsum
1742 878 1835 911 quam

1094 926 1239 964 parentes
1264 921 1331 954 eius
1356 920 1464 953 intime
1488 921 1603 953 norint.

1138 975 1214 1007 Cum
1248 980 1351 1007 autem
1383 975 1564 1007 huiusmodi
1598 974 1746 1007 schedula
1777 986 1833 1018 pe-

1097 1029 1188 1061 tenda
1206 1029 1245 1061 sit
1266 1029 1482 1061 tantummodo
1503 1029 1539 1061 ad
1554 1028 1729 1061 habendam
1744 1039 1838 1072 quan-

1096 1084 1166 1116 dam
1182 1083 1449 1116 extraiudicialem
1464 1083 1606 1116 notitiam
1624 1093 1744 1124 eorum,
1759 1094 1837 1126 quae

1096 1137 1270 1181 praelatum
1297 1137 1508 1180 inquirentem
1534 1136 1614 1168 seire
1637 1141 1762 1179 oportet
1781 1147 1838 1179 pro

1097 1190 1297 1234 inquisitione
1328 1190 1490 1231 facienda,
1520 1200 1583 1222 non
1614 1189 1742 1222 debebit
1773 1190 1839 1233 ipsa

1079 1244 1246 1277 rsehedula
1272 1244 1367 1276 inseri
1401 1244 1584 1287 processui,
1614 1254 1715 1286 neque
1741 1244 1778 1276 de
1803 1245 1838 1276 eii

1097 1299 1202 1342 aliqua
1226 1297 1344 1331 mentio
1370 1298 1400 1330 in
1418 1298 1501 1330 dieto
1519 1308 1669 1341 processu
1688 1297 1767 1337 fieri,
1786 1297 1839 1329 sed

1098 1352 1135 1385 ad
1160 1358 1282 1395 partem
1309 1352 1436 1393 servari,
1463 1352 1563 1384 donee
1588 1351 1748 1395 inquisitio
1773 1362 1841 1395 per-

1099 1407 1233 1447 ficiatur,
1247 1412 1286 1447 et,
1305 1408 1340 1439 esi
1358 1407 1506 1450 perfecta,
1525 1406 1641 1450 poterit
1656 1406 1799 1447 lacerari,
1816 1406 1839 1438 si

1099 1462 1239 1506 praelato
1264 1461 1430 1494 videbitur.

1100 1533 1347 1567 interrogatoria,
1370 1539 1444 1566 quae
1464 1532 1637 1559 necessaria
1659 1534 1730 1559 sunt
1750 1532 1786 1559 ad
1802 1532 1844 1559 in-

1137 1577 1315 1611 quirendum
1331 1583 1432 1604 omnes
1449 1577 1626 1610 qualitates,
1640 1583 1715 1610 quae
1732 1576 1762 1603 in
1777 1583 1843 1611 pro-

1136 1621 1291 1648 movendis
1311 1620 1517 1653 requiruntur.

1146 1674 1175 1706 l.
1201 1674 1246 1706 An
1273 1674 1358 1706 testis
1383 1678 1552 1716 cognoseat
1576 1673 1843 1717 promovendum.

1102 1727 1281 1771 quomodo,
1312 1737 1329 1759 a
1358 1737 1421 1770 quo
1454 1732 1594 1770 tempore
1620 1727 1716 1767 eitra,
1741 1738 1780 1759 an
1805 1727 1841 1760 sit

1103 1782 1200 1826 ipsius
1225 1780 1498 1823 consanguineus,
1523 1784 1696 1823 cognatus,
1721 1782 1843 1820 affinis,

1102 1836 1236 1868 nimium
1256 1835 1430 1875 familiaris,
1455 1835 1597 1868 aemulus
1621 1835 1669 1867 vel
1694 1835 1845 1868 odiosus?

1147 1890 1176 1923 Q.
1202 1890 1248 1922 An
1273 1889 1349 1922 sciat
1373 1889 1404 1921 in
1429 1899 1491 1932 qua
1516 1889 1639 1922 civitate
1658 1889 1704 1921 vel
1727 1890 1797 1922 loeo
1815 1895 1845 1922 et

1104 1943 1238 1976 dioecesi
1263 1942 1498 1987 promovendus
1522 1942 1561 1975 sit
1583 1948 1685 1985 natus,
1711 1947 1740 1975 et
1763 1953 1843 1986 quae

1104 1998 1143 2030 sit
1166 2008 1258 2030 eausa
1276 1996 1445 2030 scientiae?

1148 2050 1179 2084 3.
1207 2051 1254 2084 An
1278 2051 1355 2084 sciat
1378 2050 1481 2093 ipsum
1506 2054 1615 2081 natum
1636 2059 1702 2082 esse
1720 2059 1755 2082 ex
1773 2049 1847 2093 legi—

1105 2105 1181 2138 timo
1207 2104 1431 2144 matrimonio,
1456 2108 1548 2146 atque
1572 2103 1711 2136 honestis
1736 2108 1766 2135 et
1790 2113 1844 2135 ea—

1106 2159 1229 2191 tholieis
1243 2158 1434 2202 parentibus,
1447 2162 1476 2189 et
1493 2167 1572 2200 quae
1588 2157 1626 2189 sit
1644 2167 1736 2189 causa
1753 2157 1849 2190 scien-

1107 2213 1188 2245 tiae?

1150 2266 1178 2299 4,
1204 2267 1250 2299 An
1275 2266 1352 2298 sciat
1376 2265 1465 2297 euius
1491 2265 1601 2297 aetatis
1625 2264 1681 2306 sit,
1704 2275 1849 2309 praeser-

1106 2321 1171 2363 tim,
1198 2330 1236 2353 an
1261 2319 1432 2363 expleverit
1456 2330 1572 2351 annum
1592 2319 1802 2362 trigesimum,
1821 2325 1847 2352 et

1107 2385 1186 2418 quae
1207 2375 1245 2407 sit
1269 2384 1363 2406 eausa
1388 2373 1556 2405 scientiae?

1152 2429 1180 2461 5.
1207 2428 1252 2460 An
1277 2427 1354 2459 sciat
1378 2437 1449 2459 eum
1475 2437 1542 2459 esse
1567 2425 1716 2458 in·sacris
1733 2426 1850 2459 ordini-

1107 2482 1166 2514 bus
1191 2481 1407 2521 eonstitutum,
1432 2480 1554 2524 quibus,
1580 2491 1597 2512 a.
1620 2491 1682 2524 quo
1707 2485 1850 2524 tempore

1109 2535 1195 2578 citra,
1221 2534 1407 2578 praesertim
1434 2544 1473 2566 an
1498 2537 1568 2567 ante
1593 2544 1646 2567 sex
1671 2544 1805 2575 menses,
1820 2539 1847 2568 et

1109 2600 1188 2633 quae
1214 2589 1252 2621 sit
1277 2598 1370 2621 eausa
1394 2588 1565 2621 scientiae?

1154 2642 1183 2676 6.
1204 2643 1250 2676 An
1274 2642 1351 2675 sciat
1375 2652 1447 2675 eum
1473 2652 1539 2675 esse
1571 2641 1602 2675 in
1633 2641 1851 2676 ecelesiasticis

1845 235 1892 260 An.
1915 234 1942 259 (ἶ,
1963 233 2027 260 1627
