2269 3235
129 234 180 263 An.
200 234 229 262 G.
246 233 314 262 ¹626

150 724 269 746 Exordium.

152 1683 248 1705 Monaehi
259 1688 308 1704 nou-

126 1712 183 1732 nulla
196 1712 276 1731 statuta
288 1716 309 1730 e-

127 1737 281 1758 mendat-nutet
289 1737 309 1757 in

127 1770 190 1785 uuum
213 1764 309 1784 volumen

127 1790 274 1817 compilarunt.

931 237 1074 263 vnnANUs
1097 238 1154 262 VIII
1176 239 1224 262 Pr.

647 284 727 318 CCII.

321 353 531 396 Confirmatio
563 356 831 389 constitutionum
859 365 917 399 pro
948 366 1061 389 mona-

368 410 504 443 chorum
528 409 786 452 conqreqationis
805 409 1060 442 Caelestinorum

366 462 500 498 Ordinis
524 462 556 496 S.
584 461 752 495 Benedicti
774 461 931 504 qztbernz'o
956 471 1061 494 emen-

365 516 520 550 daturum
544 519 641 558 atque
664 513 854 547 eclitctritm¹.

529 595 665 622 Urbanus
681 594 759 627 Papa
774 593 852 625 VIII,

435 639 470 668 ad
486 641 661 674 perpetuam
675 638 722 665 rei
741 637 920 665 memoriam.

367 714 604 748 sacrosanctum
628 709 820 753 apostolatus
845 709 983 742 officium
1007 710 1063 742 hu-

323 766 444 801 militati
468 767 593 798 nostrae
607 773 664 807 per
679 762 869 796 ineffabilem
882 763 1004 796 divinae
1019 774 1063 796 sa-

322 818 455 863 pientiae
479 815 708 860 providentiam
725 816 929 849 commissum
947 816 1062 859 iugiter

320 882 378 905 nos
402 871 559 911 admonet,
583 875 618 902 ut
641 869 723 903 inter
743 869 943 912 gravissimas
960 870 1064 903 multi-

322 924 481 969 plicesque
493 922 683 967 apostolicae
700 923 859 956 servitutis
872 934 963 956 curas
978 924 1061 956 illam

320 977 471 1022 peculiari
492 976 595 1010 studio
619 977 862 1020 amplectamur,
887 988 943 1020 per
968 988 1062 1020 quam

322 1030 540 1064 christifideles
554 1030 612 1063 sub
627 1030 713 1063 suavi
733 1030 895 1073 religionis
914 1030 988 1074 iugo
1006 1032 1064 1064 vir-

323 1089 423 1119 tutum
447 1083 580 1117 Domino
603 1083 805 1124 famulantes,
834 1084 891 1116 sub
916 1084 1009 1117 certis
1033 1092 1063 1118 et,

321 1138 451 1182 provide
476 1137 628 1170 ordinatis
653 1137 775 1170 statutis
799 1142 892 1180 atque
918 1139 1063 1171 constitu-

322 1192 470 1234 tionibus,
485 1191 517 1224 in
528 1190 690 1224 sanctitate
705 1196 732 1224 et
746 1191 864 1224 iustitia
872 1191 1063 1225 felicioribus

320 1246 352 1278 in
377 1245 442 1278 dies
458 1244 623 1289 proficiant
640 1244 849 1278 incrementis.
871 1245 913 1277 Ac
931 1245 1063 1288 proinde

320 1300 358 1332 iis
370 1309 449 1342 quae
465 1302 634 1342 propterea
654 1302 766 1330 statuta
781 1302 810 1330 et
826 1297 969 1330 ordinata
983 1304 1062 1339 sunt,

320 1358 353 1386 ut
376 1352 415 1385 ab
441 1350 606 1392 omnibus,
632 1351 670 1384 ad
695 1361 774 1396 quos
803 1356 939 1395 spectat,
964 1352 1061 1385 inrio-

319 1406 455 1439 labiliter
479 1405 696 1446 observentur,
726 1407 940 1449 perpetuaque
968 1406 1062 1439 robo-

319 1459 364 1492 ris
386 1458 535 1492 firmitate
559 1458 747 1499 subsistant,
773 1458 964 1502 apostolicae
989 1470 1063 1492 con-

320 1512 509 1546 firmationis
525 1512 701 1556 patrocinio
717 1513 1063 1557 communimus,prout

322 1567 534 1610 conspicimus
557 1566 590 1598 in
620 1566 754 1599 Domino
779 1566 947 1599 salubriter
970 1577 1062 1611 expe-

323 1620 400 1653 dire.
695 1646 700 1650 .

367 1674 382 1717 5
399 1674 427 1706 ³1.
446 1673 525 1706 Sane
541 1672 673 1706 dilectus
692 1672 775 1706 filius
796 1672 891 1706 abbas
908 1674 1064 1715 generalis

323 1726 552 1760 monachorum
586 1726 840 1769 congregationis
874 1726 1063 1759 Caelestino-

323 1791 395 1813 rum
415 1779 538 1814 Ordinis
555 1779 583 1813 S.
601 1779 769 1820 Benedicti,
793 1790 850 1812 suo
868 1785 897 1812 et
914 1779 1062 1813 diffinito-

324 1843 396 1866 rum
403 1833 502 1866 dictae
509 1832 761 1876 congregationis
771 1833 962 1874 nominibus,
971 1833 1064 1867 nobis

324 1896 426 1930 nuper
450 1885 563 1929 exponi
579 1886 660 1927 fecit,
681 1886 765 1929 quod
778 1896 837 1930 pro
851 1886 932 1919 felici
950 1892 979 1919 et
995 1898 1065 1930 pro-

325 1950 417 1984 spero
432 1939 571 1972 eiusdem
584 1939 835 1982 congregationis
854 1940 1008 1983 regimine
1022 1947 1064 1974 at-

325 2004 386 2037 que
410 1992 564 2037 gubernio
583 1993 752 2026 nonnullae
773 1994 1010 2027 constitutiones
1035 2000 1065 2028 et

324 2051 437 2081 statuta
460 2047 591 2080 diversis
616 2046 812 2090 temporibus
836 2047 932 2090 sacta,
957 2049 1063 2082 noris-

325 2101 402 2134 sime
426 2106 530 2133 autem
548 2100 585 2133 de
602 2100 748 2134 mandato
767 2106 876 2134 nostro
892 2102 1064 2145 recognita,

325 2159 355 2188 et
377 2153 484 2187 multis
508 2154 539 2186 in
563 2154 640 2187 locis
665 2153 703 2186 ad
727 2154 808 2186 sacri
838 2154 966 2187 Concilii
997 2156 1064 2188 Tri-

325 2207 443 2242 dentini
459 2208 658 2242 decretorum
669 2213 699 2241 et
715 2208 973 2242 constitutionum
991 2220 1064 2253 apo-

327 2261 507 2295 stolicarum
529 2262 761 2306 praescriptum
784 2263 947 2296 emendata
971 2267 1063 2308 atque

326 2318 449 2358 aptata,
474 2314 597 2348 tandem
622 2315 654 2348 in
677 2325 775 2348 unum
800 2316 946 2349 volumen
970 2327 1060 2350 com-

325 2368 421 2412 pilata
444 2368 579 2409 fuerunt,
598 2369 715 2403 tenoris
732 2370 961 2414 subsequentis,
982 2371 1064 2404 vide-

325 2421 398 2455 licet
419 2421 604 2466 (Omittitur
628 2428 717 2457 tenor
741 2423 883 2457 istarum
911 2426 1065 2458 constitu-

327 2476 468 2516 tionum,
496 2476 576 2519 quia
599 2481 675 2510 sunt
697 2477 734 2510 in
759 2477 841 2510 libro
863 2473 1064 2521 particulari

327 2529 481 2573 impresso
505 2529 634 2572 Romae,
655 2541 740 2564 anno
765 2533 928 2575 mccxxiii).

362 2602 374 2627 1
391 2599 457 2628 Vide
472 2608 554 2636 supra
568 2600 602 2628 ad
617 2600 706 2629 Consi.
725 2609 806 2630 Lxxin
823 2603 860 2638 tin
871 2602 898 2630 h.
913 2611 937 2629 e.
950 2603 1062 2638 Lxxxu),

1734 229 1794 262 471
1845 239 1896 266 An.
1916 239 1944 267 c.
1962 240 2031 267 1626

1140 287 1154 329 ξ
1178 287 1207 319 2.
1228 287 1304 320 Cum
1322 292 1436 329 autem,
1454 286 1533 319 sicut
1557 286 1663 319 eadem
1682 287 1834 330 expositio
1876 302 2032 332 asi-‚epotum

1095 339 1312 382 subiungebat,
1331 340 1431 373 dictus
1445 339 1539 372 abbas
1556 339 1722 382 generalis,
1738 340 1835 372 nomi·
1851 329 1974 349 “¹¹'¹'‘¹¹¹'‘“''

1096 393 1187 425 nibus
1212 394 1389 437 praedictis,
1416 393 1619 437 praeinsertis
1639 393 1834 427 constitutio-

1096 446 1187 478 nibus
1204 456 1261 488 pro
1276 448 1427 489 perpetua
1447 447 1571 479 illarum
1588 446 1788 479 subsistentia
1806 453 1831 478 ct

1097 497 1266 530 inviolabili
1303 499 1501 532 observantia
1542 499 1704 543 apostolici
1735 500 1834 533 nostri

1097 550 1279 583 muniminis
1304 552 1485 583 firmitatem
1502 563 1559 595 per
1575 563 1631 586 nos
1645 553 1736 586 adiici
1754 563 1836 586 sum-

1097 613 1225 646 mopere
1242 603 1408 643 desideret,
1429 605 1581 647 nobisque
1598 610 1766 649 propterca
1782 607 1835 638 hu-

1097 656 1212 690 militer
1237 657 1407 701 supplicari
1431 658 1548 698 fecerit,
1562 663 1595 690 ut
1609 659 1639 690 in
1653 659 1834 702 praemissis

1096 715 1272 754 opportune
1297 710 1464 754 providere
1488 711 1526 744 de
1550 712 1740 754 benignitate
1760 723 1834 756 apo-

1097 763 1206 797 stoliea
1231 764 1449 806 dignaremur:

1141 818 1155 860 g
1175 816 1204 850 3.
1226 818 1298 858 Nos,
1315 817 1487 851 inviolabili
1513 818 1693 850 earumdem
1715 820 1831 852 consti-
1873 832 2034 853 cammarus-

1097 871 1252 903 tutionum
1270 871 1492 913 observationi,
1512 877 1664 916 quantum
1684 874 1775 907 nobis
1799 885 1835 907 ex
1851 859 1923 879 mu*

1096 925 1158 958 alto
1176 926 1369 966 conceditur,
1386 927 1561 967 consulere,
1581 937 1703 960 necnon
1720 927 1836 960 dictum

1096 979 1238 1013 abbatem
1259 981 1438 1022 generalem
1456 992 1492 1014 ac
1509 986 1605 1014 totam
1622 982 1837 1024 congregatio-

1097 1042 1168 1064 nem
1191 1033 1384 1076 praedictam
1414 1035 1601 1077 specialibus
1626 1035 1784 1068 saroribus
1808 1041 1835 1067 et

1097 1087 1204 1128 gratiis
1228 1087 1377 1130 prosequi
1396 1088 1542 1129 volentes,
1568 1094 1598 1121 et
1623 1089 1749 1121 illorum
1775 1089 1838 1122 sin-

1097 1140 1222 1182 gulares
1250 1151 1400 1183 personas
1425 1151 1441 1173 a
1466 1141 1628 1184 quibusvis
1653 1153 1836 1175 excommu-

1097 1193 1271 1234 nicationis,
1297 1194 1510 1237 suspensionis
1526 1200 1555 1227 et
1573 1195 1739 1236 interdicti,
1757 1195 1839 1228 aliis-

1097 1257 1158 1288 que
1182 1246 1400 1279 ecclesiasticis
1432 1248 1614 1288 sententiis,
1644 1248 1784 1280 censuris
1808 1254 1835 1281 et

1097 1300 1216 1343 poenis,
1241 1311 1258 1332 a
1283 1300 1351 1333 iure
1376 1302 1423 1333 vel
1448 1302 1486 1333 ab
1508 1302 1645 1343 homine,
1664 1302 1773 1345 quavis
1790 1313 1838 1335 oc-

1097 1354 1221 1386 casione
1246 1353 1293 1386 rel
1319 1356 1412 1387 causa
1438 1354 1516 1395 latis,
1535 1355 1560 1387 si
1576 1355 1690 1398 quibus
1710 1366 1838 1399 quomo-

1097 1406 1215 1439 dolibet
1240 1407 1405 1440 innodatae
1438 1408 1592 1449 existunt,
1623 1409 1662 1441 ad
1693 1409 1838 1442 effectum

1096 1461 1308 1503 praesentium
1326 1461 1487 1494 dumtaxat
1504 1462 1769 1505 consequendum,
1788 1463 1840 1495 ha·

1098 1524 1169 1545 rum
1194 1514 1275 1546 serie
1299 1514 1495 1548 absolventes
1527 1520 1557 1547 et
1589 1515 1748 1548 absolutas
1772 1516 1839 1549 fore

1098 1572 1269 1607 censentes,
1294 1567 1475 1600 huiusmodi
1499 1568 1781 1612 supplicationibus
1797 1570 1840 1602 in-

1098 1620 1212 1662 clinati,
1228 1621 1438 1664 praeinsertas
1456 1623 1703 1662 constitutiones,
1720 1628 1841 1666 aposto-

1098 1673 1157 1706 lica
1182 1675 1377 1716 auctoritate,
1395 1680 1504 1707 tenore
1521 1675 1745 1718 praesentium,
1768 1687 1839 1719 per-

1098 1733 1192 1771 petuo
1205 1728 1418 1772 approbamus
1428 1734 1457 1761 et
1467 1729 1703 1769 confirmamus,
1717 1729 1840 1773 illisque

1098 1781 1285 1814 inviolabilis
1295 1782 1484 1825 apostolicae
1494 1781 1651 1815 firmitatis
1662 1783 1760 1816 robur
1769 1783 1842 1816 adii-

1099 1834 1218 1877 cimus,
1247 1845 1420 1878 omnesque
1445 1840 1476 1867 et
1504 1835 1644 1878 singulos
1672 1841 1736 1868 tam
1764 1836 1841 1869 iuris

1099 1899 1192 1931 quam
1208 1888 1279 1922 facti
1291 1888 1748 1931 quantumlibetsubstantiales
1762 1889 1842 1922 defe-

1099 1947 1176 1983 ctus,
1188 1941 1276 1985 siqui
1290 1941 1320 1973 in
1331 1941 1391 1974 illis
1402 1942 1839 1986 interrenerint,⁴supplemus.

1143 1996 1157 2038 ξ
1174 1995 1203 2028 li.
1217 1995 1436 2037 Decernentes,
1455 1995 1579 2027 easdem
1593 1996 1838 2038 constitutiones,
1856 2001 2041 2050 ,Ce'ffjflflffjspsssffi

1098 2058 1220 2081 necnon
1246 2054 1426 2092 praesentes
1446 2048 1565 2081 litteras
1583 2059 1707 2092 semper
1724 2054 1754 2081 et
1770 2060 1840 2093 per·
1856 2054 1893 2074 Μ

1098 2107 1194 2145 petuo
1211 2102 1338 2144 validas,
1364 2102 1473 2135 firmas
1498 2108 1528 2135 et
1552 2103 1692 2136 efficaces
1707 2103 1839 2136 existere

1098 2160 1127 2187 et
1152 2156 1234 2195 sore,

1143 2210 1157 2252 g
1181 2209 1210 2241 5.
1236 2209 1364 2242 Necnon
1388 2208 1420 2241 in
1437 2208 1520 2241 dieta
1537 2209 1781 2252 congregatione
1801 2210 1839 2242 ab
1883 2216 2026 2263 fferre-3:233

1098 2262 1253 2303 omnibus,
1270 2262 1307 2294 ad
1332 2272 1412 2306 quos
1437 2265 1564 2305 spectat,
1590 2267 1620 2294 et
1643 2262 1675 2294 in
1698 2262 1838 2295 futurum
1869 2250 1963 2290 ”maiidai-

1098 2316 1335 2360 quomodolibet
1353 2316 1515 2359 spectabit,
1533 2315 1764 2356 inviolabiliter,
1782 2316 1839 2349 sub

1097 2370 1206 2414 poenis
1227 2370 1262 2401 -in
1283 2369 1400 2402 eisdem
1418 2369 1694 2402 constitutionibus
1711 2371 1840 2403 commi-

1097 2423 1188 2463 natis,
1213 2422 1375 2455 observari
1400 2428 1430 2455 et
1454 2422 1619 2465 adimpleri
1645 2423 1777 2464 dehere,
1804 2434 1839 2456 ac

1098 2486 1313 2520 quoscumque
1337 2476 1479 2508 eiusdem
1510 2476 1763 2519 congregationis
1788 2487 1839 2510 su-

1098 2530 1250 2574 periores,
1260 2528 1462 2573 presbyteros
1476 2532 1505 2562 et
1516 2539 1669 2573 personas
1682 2529 1721 2562 ad
1734 2529 1840 2563 obser-

1098 2583 1254 2617 vationem
1272 2582 1419 2615 omnibus
1443 2581 1521 2614 iuris
1546 2587 1576 2616 et
1599 2583 1670 2616 sacti
1690 2583 1838 2617 remediis

325 2644 505 2680 sacrosanti,
523 2644 662 2675 huiusmet
678 2646 827 2683 Pontificis,
843 2655 906 2683 sup.
921 2655 982 2683 pag.
1001 2648 1061 2676 193.
1099 2637 1169 2682 COgi
1194 2642 1223 2671 θῖ
1248 2636 1394 2681 compelli
1417 2646 1527 2680 posse3
