2269 3235
143 236 196 265 An.
211 236 239 265 C.
260 236 327 264 1624

951 237 1094 262 URBANUS
1120 237 1135 260 V
1142 237 1175 261 lll
1199 237 1246 260 1‘1‘.

340 283 427 329 pacis
451 283 658 318 amoenitatae
683 289 714 317 et
738 284 873 318 iustitiae
903 284 989 317 cultu
1013 294 1083 318 con-

340 337 456 379 fovere,
470 348 527 371 nos
545 342 575 371 et
598 338 770 371 Romanam
795 336 966 370 Ecclesiam
984 336 1083 380 ipsius

341 391 431 433 regni
456 390 685 434 proprietarios
715 395 745 423 et
774 389 909 422 directos
939 389 1083 422 dominos

341 445 431 486 grata
455 443 621 478 devotione
645 448 675 476 et
698 442 760 475 fide
786 442 909 475 sincera
934 453 1084 485 recogno-

342 507 439 537 scere,
457 502 487 529 et
503 500 620 540 quanto
644 495 804 539 potentior
829 495 901 536 cris,
918 498 1002 529 tanto
1020 506 1084 527 ma-

342 549 390 593 gis
407 550 508 583 eidem
526 549 681 583 Ecclesiae
697 549 811 588 favere,
825 559 958 592 eamque
976 553 1083 581 contra

342 602 506 646 improbos
530 612 753 646 perversorum
771 607 901 634 conatus
917 601 1084 634 defendere

342 660 372 688 et
406 654 553 688 adiuvare
584 653 791 698 procurabis;
816 659 846 686 te
878 664 895 686 a
923 654 1084 697 quibusvis

342 707 686 750 excommunicationis„
704 706 919 750 suspensionis
938 712 968 740 et
991 707 1086 740 inter-

342 759 428 801 dicti,
442 760 573 803 aliisque
592 759 810 793 ecclesiasticis
828 760 998 800 sententiis,
1016 769 1085 792 cen-

343 812 425 846 suris
437 818 467 846 et
487 812 608 856 poenis,
622 823 639 845 a
658 813 727 845 iure
742 813 788 845 vel
806 812 844 845 ab
858 812 996 853 homine,
1013 822 1086 856 qua-

342 864 389 897 vis
402 864 566 898 occasione
584 865 631 898 vel
644 867 737 898 causa
750 865 830 906 latis,
844 865 869 898 si
886 865 1000 909 quibus
1012 875 1087 908 quo-

343 918 516 952 modolibet
541 918 707 952 innodatus
732 919 848 959 existis,
877 920 914 952 ad
940 919 1084 952 effectum

342 972 557 1016 praesentium
571 972 732 1005 dumtaxat
750 973 1017 1016 consequendum,
1035 973 1088 1005 ha-

343 1036 415 1059 rum
441 1026 522 1059 serie
543 1026 739 1059 absolventes
764 1030 794 1058 et
818 1026 996 1059 absolutum
1020 1027 1086 1060 sore

344 1085 521 1122 censentes,
546 1090 669 1113 necnon
694 1080 930 1114 concessionem
955 1086 985 1114 et
1009 1082 1087 1114 elar-

345 1132 496 1175 gitionem
511 1159 518 1173 ‚
544 1133 852 1177 infeudationemque
876 1139 906 1167 et
930 1134 1089 1167 investitu-

344 1196 413 1219 ram
430 1186 468 1219 de
490 1186 601 1220 eodem
626 1197 735 1230 regno,
755 1198 813 1231 per
830 1188 948 1220 dictum
973 1188 1089 1230 Grego-

344 1239 427 1273 rium
451 1240 727 1284 praedecessorem
752 1241 819 1281 tibi,
842 1246 877 1273 ut
900 1242 1087 1285 praefertur,

344 1293 449 1333 factas,
462 1297 547 1326 ratas
564 1298 593 1326 et
609 1298 714 1335 gratas
738 1294 899 1334 habentes,
918 1300 1005 1327 motu
1018 1306 1089 1338 pro-

343 1345 424 1390 prio,
443 1356 508 1379 non
527 1346 566 1378 ad
590 1351 675 1378 tuam
699 1347 747 1379 vel
772 1347 900 1379 alterius
915 1358 973 1390 pro
992 1353 1019 1380 tc
1037 1358 1089 1381 no-

343 1399 393 1431 bis
406 1409 501 1443 super
513 1399 573 1432 hoc
587 1399 709 1432 oblatae
721 1400 881 1444 petitionis
898 1400 1087 1441 instantiam,

345 1451 399 1485 sed
415 1451 453 1484 de
477 1453 566 1485 mera
591 1451 778 1485 liberalitate
796 1458 826 1486 et
846 1455 932 1485 certa
958 1454 1087 1486 scientia

344 1506 470 1547 nostris,
496 1511 537 1547 te,
563 1512 716 1551 quatenus
741 1507 842 1540 dictus
865 1508 997 1540 ducatus
1021 1519 1087 1541 ma-

344 1559 445 1593 iorem
459 1565 581 1603 partem
594 1560 801 1593 Lombardiae
814 1561 994 1594 huiusmodi
1007 1572 1089 1594 com-

345 1613 530 1658 prehendat,
547 1618 644 1658 tuque
660 1614 851 1647 relaxatione
871 1614 1038 1647 iuramenti
1060 1618 1089 1649 et

344 1666 576 1711 dispensatione
599 1667 638 1700 ad
655 1667 859 1701 obtinendum
884 1679 1016 1711 regnum
1043 1668 1089 1702 Si-

346 1721 435 1755 ciliae
449 1721 528 1755 citra
543 1722 679 1766 pharum
696 1727 726 1755 et
743 1722 890 1755 ducatum
907 1722 1087 1756 huiusmodi

345 1774 497 1819 indigeas,
514 1786 569 1808 seu
593 1775 668 1809 alias
692 1776 883 1809 relaxatione
908 1781 938 1809 et
962 1775 1089 1820 dispen-

346 1828 466 1863 satione
490 1828 659 1872 praedictis
692 1839 771 1873 opus
804 1828 859 1870 sit,
884 1839 901 1861 a
926 1829 1089 1873 quibusvis

346 1888 435 1916 reatu
458 1882 601 1927 periurii,
626 1893 662 1916 ac
687 1882 869 1923 sententiis,
894 1882 1036 1916 censuris
1061 1888 1090 1915 et

346 1937 467 1983 poenis,
481 1936 506 1970 si
520 1947 596 1981 quas
613 1937 718 1970 forsan
732 1947 866 1980 regnum
881 1937 1003 1971 Siciliae
1018 1948 1088 1970 curn

346 1991 448 2036 pharo
471 1990 652 2024 huiusmodi
684 1996 754 2023 ante
778 1991 826 2024 vel
858 1995 929 2035 post
953 1996 1091 2035 accepta—

347 2045 465 2079 tionem
490 2044 564 2078 dicti
588 2045 720 2078 ducatus
744 2045 936 2088 acceptando
951 2072 958 2085 ,
983 2050 1035 2078 aut
1061 2051 1090 2078 te

348 2098 432 2132 illius
456 2099 603 2142 regimini
628 2098 844 2138 immiscendo,
866 2100 913 2132 vel
938 2099 1021 2132 illius
1041 2110 1090 2132 re-

349 2162 420 2195 gem
446 2151 648 2185 inscribendo
681 2156 733 2186 aut
767 2151 998 2185 denominando
1028 2152 1089 2185 iam

308 2215 311 2218 ·
348 2206 455 2239 forsan
473 2205 644 2245 incurristi,
662 2209 714 2240 aut
730 2206 893 2239 incurrere
919 2211 1019 2249 potes,
1040 2217 1092 2239 au-

350 2259 493 2293 ctoritate
519 2259 707 2303 apostolica,
734 2265 841 2293 tenore
866 2260 1090 2303 praesentium,

351 2312 541 2346 absolvimus
570 2317 600 2347 et
633 2313 824 2354 liberamus,
850 2313 1090 2357 absolutumque

352 2371 382 2400 et
406 2366 572 2399 liberatum
599 2377 666 2400 esse
691 2367 906 2400 decernimus:
932 2378 977 2406 ac,
999 2367 1090 2399 dum-

352 2419 446 2453 modo
471 2420 548 2460 alia,
573 2431 653 2464 quae
683 2421 714 2453 in
744 2421 856 2454 litteris
880 2421 1090 2454 concessionis

353 2473 442 2516 regni
467 2460 590 2506 Siciliae
610 2474 688 2506 citra
705 2475 837 2517 pharum
858 2474 1039 2507 huiusmodi
1061 2475 1092 2506 in

353 2526 491 2567 seudum,
515 2537 637 2560 necnon
662 2528 805 2572 capitulis
831 2528 911 2561 inter
935 2528 1004 2572 piae
1029 2538 1092 2560 me-

353 2581 474 2615 moriae
489 2581 623 2614 Leonem
642 2581 758 2626 Papam
772 2582 797 2615 X
815 2582 1090 2626 praedecessorem

352 2641 517 2676 nostrum,
543 2640 573 2668 et
596 2635 720 2669 inclitae
750 2636 922 2669 memoriae
946 2636 1093 2670 Cat-olum

453 2697 531 2725 Bucz.
552 2698 633 2726 Rom.
649 2712 684 2718 —
703 2697 760 2724 Vol.
783 2697 865 2725 XIII.
1014 2698 1047 2726 15

1766 229 1826 262 11:⁵5

1117 284 1341 328 imperatorem
1356 288 1429 319 tunc
1445 295 1553 328 regem
1572 285 1783 318 Romanorum
1799 287 1856 319 sub

1117 337 1165 370 die
1182 348 1216 370 111
1232 338 1347 371 mensis
1372 338 1447 371 iunii
1472 338 1544 371 anni
1561 349 1662 372 MDxxt
1682 339 1763 371 initis
1788 351 1857 373 con-

1119 394 1200 422 tenta
1214 390 1313 431 sunt¹,
1332 391 1369 424 ad
1389 395 1415 425 te
1433 396 1463 424 et
1479 391 1556 424 alios
1578 391 1675 435 ipsius
1689 392 1788 425 Caroli
1804 392 1858 424 iiu-

1117 443 1273 485 peratoris
1294 455 1491 478 successores
1516 445 1714 488 pertinentia,
1736 451 1765 478 ct.
1782 457 1857 488 quo-

1118 506 1188 528 rum
1202 496 1346 529 remissio
1360 508 1416 540 per
1436 498 1629 541 praedictam
1650 499 1760 531 Scdcm
1778 500 1857 531 sacta

1117 560 1180 583 non
1196 555 1338 594 apparet,
1359 561 1494 593 quorum
1512 552 1652 585 omnium
1671 558 1805 592 tenores,
1823 564 1858 585 ac

1118 602 1143 634 si
1159 602 1197 635 de
1211 603 1307 636 verbo
1325 603 1363 634 ad
1379 603 1511 636 verbum
1529 605 1753 646 insererentur,
1771 606 1858 638 simi-

1118 655 1190 689 liter
1206 655 1424 699 praesentibus
1441 656 1549 689 liabcri
1568 658 1711 691 volumus
1731 670 1789 701 pro
1811 670 1859 691 ex-

1118 709 1246 753 pressis,
1263 709 1367 753 quoad
1388 709 1502 742 vixeris
1520 710 1738 745 inviolabiliter
1755 713 1859 745 obser-

1119 772 1182 802 ves,
1208 762 1429 806 quodcumque
1454 762 1664 797 iuramentum
1690 775 1746 807 per
1763 770 1790 797 te
1807 771 1860 798 aut

1119 815 1215 848 alium
1240 815 1367 849 nomine
1401 819 1453 849 tuo
1485 826 1581 860 super
1604 827 1667 849 non
1691 818 1860 851 obtinendo

1119 868 1258 902 dominio
1282 869 1488 902 Lombardiac
1505 869 1696 909 huiusmodi,
1713 876 1766 902 aut
1779 871 1861 904 illius

1120 922 1231 955 maiori
1249 928 1337 966 parte
1355 933 1426 955 cum
1444 923 1510 966 ipso
1531 934 1629 966 regno
1646 924 1768 957 Siciliae
1785 925 1862 957 eitra

1120 976 1254 1019 pharum
1279 976 1430 1009 hactenus
1454 977 1558 1009 forsan
1575 977 1770 1021 praestitum,
1784 983 1814 1010 et
1831 978 1862 1011 in

1120 1028 1262 1061 futurum
1294 1040 1350 1072 per
1375 1034 1404 1062 te
1428 1031 1475 1062 vel
1507 1035 1748 1074 procuratorem
1774 1035 1862 1065 tuum

1120 1082 1364 1125 praestandum,
1389 1094 1426 1116 ex
1457 1093 1541 1117 nunc
1573 1089 1667 1127 prout
1696 1091 1862 1128 postquam

1121 1135 1307 1178 praestitum
1331 1136 1445 1176 fuerit,
1478 1136 1516 1169 ad
1540 1137 1600 1170 hoc
1624 1137 1804 1178 dumtaxat,
1829 1143 1864 1171 ut

1122 1188 1268 1222 ducatum
1293 1194 1324 1222 et
1341 1200 1474 1232 regnum
1492 1190 1615 1223 Siciliae
1632 1191 1708 1224 citra
1726 1192 1862 1235 pharum

1121 1241 1303 1276 huiusmodi
1337 1242 1454 1287 absque
1485 1243 1616 1276 alicuius
1647 1255 1797 1278 censurae
1833 1250 1864 1278 et,

1122 1304 1241 1337 poenae
1265 1295 1395 1328 incursu
1412 1296 1458 1328 vel
1475 1296 1543 1329 labe
1560 1307 1614 1329 seu
1629 1303 1717 1329 reatu
1731 1298 1863 1341 periurii

1122 1347 1275 1388 obtinere,
1293 1353 1385 1392 teque
1409 1360 1517 1392 regem
1542 1350 1665 1383 Siciliae
1690 1351 1767 1383 citra
1791 1353 1863 1395 plia-

1123 1412 1193 1433 rum
1211 1407 1241 1434 et
1265 1402 1376 1435 ducem
1401 1403 1565 1436 Mediolani
1583 1404 1747 1437 nominare
1765 1411 1794 1437 et
1816 1406 1863 1438 in-

1123 1455 1271 1496 scribere,
1287 1466 1323 1489 ac
1340 1457 1378 1489 ab
1395 1456 1463 1489 aliis
1480 1457 1677 1491 denominari
1692 1464 1721 1491 et.
1735 1459 1863 1492 inscribi

1123 1509 1234 1551 possis,
1260 1511 1445 1544 auctoritate
1462 1516 1489 1543 et
1507 1516 1614 1544 tenore
1630 1512 1798 1555 praedictis
1819 1524 1865 1545 re-

1123 1561 1274 1602 laxamus,
1287 1567 1380 1606 teque
1393 1573 1430 1596 eo
1443 1574 1505 1596 non
1519 1564 1629 1604 teneri,
1641 1575 1697 1597 nec
1712 1565 1864 1609 adstringi

1123 1616 1242 1659 pariter
1266 1616 1486 1657 decernimus,
1510 1616 1631 1660 tibique
1655 1618 1739 1661 quod
1763 1618 1861 1651 duca-

1123 1674 1187 1701 tum
1214 1674 1244 1702 et
1268 1680 1400 1713 regnum
1426 1670 1548 1704 Siciliae
1573 1671 1650 1703 citra
1670 1671 1814 1714 pharum,
1831 1677 1865 1705 ut

1123 1723 1310 1767 praefertur,
1331 1728 1437 1756 tenere
1455 1729 1484 1756 et
1508 1723 1670 1767 possidere
1686 1725 1797 1768 possis,
1815 1735 1865 1758 au-

1123 1776 1266 1809 ctoritate
1290 1781 1320 1809 et
1344 1782 1453 1809 tenore
1482 1777 1651 1820 praedictis
1675 1777 1713 1809 de
1738 1778 1865 1821 speciali

1123 1829 1225 1872 gratia
1245 1830 1448 1863 concedimus
1468 1835 1497 1863 et
1514 1830 1723 1872 indulgemus
1741 1841 1777 1864 ac
1797 1842 1865 1874 per-

1124 1893 1232 1915 sonam
1250 1888 1345 1923 tuam,
1371 1883 1394 1915 si
1421 1883 1573 1927 expediat,
1592 1888 1621 1916 et
1646 1894 1727 1927 opus
1752 1884 1800 1924 sit,
1822 1890 1865 1917 tu-

1123 1948 1184 1981 que
1209 1937 1359 1980 indigeas,
1384 1937 1422 1970 ad
1446 1937 1605 1982 praedicta
1629 1938 1734 1971 omnia
1758 1939 1865 1972 habili-

1124 1997 1237 2025 tamus.

1169 2044 1237 2088 §lia
1269 2045 1338 2078 Non
1369 2045 1566 2078 obstantibus
1598 2045 1801 2089 praemissis,
1830 2056 1865 2079 ac

1125 2098 1399 2131 constitutionibus
1424 2103 1453 2130 et
1470 2098 1719 2131 ordinationibus
1743 2105 1866 2143 aposto-

1126 2152 1203 2192 licis,
1220 2162 1342 2184 necnon
1368 2151 1514 2184 omnibus
1533 2152 1602 2191 illis⁷
1620 2163 1699 2195 quae
1724 2152 1819 2185 Iulius
1837 2158 1867 2185 et

1125 2206 1196 2245 Leo,
1214 2216 1249 2238 ac
1269 2206 1320 2237 alii
1339 2206 1469 2238 Romani
1492 2206 1656 2238 Pontifices
1682 2207 1866 2250 praedeces-

1126 2270 1213 2292 sores
1227 2259 1379 2303 praedicti
1395 2259 1425 2291 in
1443 2259 1554 2292 litteris
1575 2265 1604 2292 et.
1621 2260 1764 2303 capitulis
1781 2271 1868 2303 prae-

1126 2312 1215 2345 dictis
1239 2312 1406 2345 voluerunt
1429 2323 1491 2345 non
1523 2313 1667 2352 obstare,
1693 2313 1867 2357 ceterisque

1127 2366 1293 2399 contrariis
1318 2366 1579 2409 quibuscumque.

1170 2420 1184 2462 ξ
1209 2419 1237 2452 5.
1265 2419 1415 2451 Volumus
1451 2425 1555 2451 autem
1589 2424 1618 2451 et
1652 2419 1866 2460 declaramus,

1127 2472 1210 2517 quod
1235 2483 1292 2515 per
1313 2472 1492 2505 huiusmodi
1511 2472 1745 2511 relaxationem,
1762 2473 1868 2505 decre-

1128 2532 1203 2567 tum,
1221 2526 1465 2566 concessionem,
1491 2526 1644 2559 indultum
1670 2532 1699 2560 et
1724 2528 1866 2560 habilita-

1129 2582 1262 2621 tionem,
1287 2581 1407 2613 nullum
1438 2580 1666 2624 praeiudicium
1699 2581 1814 2614 nostris
1838 2585 1868 2615 et

1164 2646 1175 2671 1
1192 2644 1293 2670 Vocem
1307 2646 1374 2670 sunt
1390 2651 1438 2669 nos
1453 2642 1577 2669 addimus
1591 2644 1628 2678 (a.
1646 2642 1694 2677 T.).

1874 241 1922 264 An.
1940 240 1967 266 C.
1989 240 2053 267 1624

1907 2059 2000 2084 Der-egat
2016 2063 2065 2079 eou-

1880 2088 1959 2106 trariis.

1910 2433 1973 2452 cavet
1989 2434 2065 2455 autem.

1883 2465 1906 2478 ne
1929 2458 1979 2484 quid
2002 2459 2065 2478 ilustri-

1884 2490 1944 2505 iii··titi
1971 2485 2066 2505 Romana

1883 2512 1916 2532 Em
1927 2513 1978 2532 tucia
1992 2517 2034 2530 suu
2046 2517 2065 2530 iu

1884 2539 1963 2559 iniibus
1998 2541 2065 2563 palu·

1884 2570 1916 2585 tui*
