2269 3235
284 304 329 329 Λιι.
343 304 370 330 C.
394 304 460 330 102⁶

327 525 419 545 Pontifex
437 530 464 543 in-

283 552 361 572 dultum
391 557 464 570 ιϊυιϊ-

284 580 327 600 ιΙιΙ,
344 579 368 597 tle
385 584 425 603 qno

283 606 345 626 iubri-
355 612 373 624 a.

330 2009 418 2033 Dein-gat
437 2008 472 2028 oh-

289 2036 400 2056 staunt›u<.

506 295 572 327 litt-t
1059 302 1236 325 alumnum

481 358 527 384 ter
539 351 707 395 supplicari
721 351 839 392 l'eccris,
854 356 1006 393 (pullenus
1024 350 1054 381 in
1072 350 1219 393 praemis-

481 405 521 437 sis
536 409 672 438 nostram
690 409 719 435 et
737 403 829 436 huius
844 404 972 436 Sanctae
986 403 1073 436 Sedis
1088 403 1219 437 :uictori-

482 464 572 490 tatem
589 457 787 499 interponere
805 457 1024 498 dignaremur:

525 511 587 553 ξί.
614 511 685 549 Nos,
710 510 833 542 attentis
858 511 1047 553 praemissis,
1068 511 1219 554 snpplica-

446 584 464 596 1..
482 564 618 596 tionibus
643 564 823 596 huiusmodi
849 564 1003 606 inclinati,
1030 569 1218 608 spontaneae

481 617 630 649 oblationi
656 622 685 649 et
709 617 911 660 promissioni
933 628 990 661 per
1014 617 1219 661 archicpisco-

481 681 548 713 pos,
563 671 727 714 episcopos
745 676 775 703 et
788 671 863 703 alias
874 671 1099 704 ecclesiasticas
1116 681 1221 714 perso·
1236 689 1237 696 κ

481 735 534 756 nas
550 723 588 756 ad
603 724 746 757 ell'eetum
764 725 971 768 praemissum
985 725 1080 763 lactis,
1092 735 1149 767 pro
1162 724 1220 757 hae

482 777 546 809 rice
565 781 695 817 tantum,
720 781 859 810 nostram
885 782 915 809 et
939 777 1038 809 dietae
1063 777 1150 809 Sedis
1171 787 1220 808 au-

482 830 656 863 ctoritatem
676 831 904 874 interponimus
915 841 972 874 per
984 835 1173 874 praesentes:
1190 835 1220 861 et.

481 884 686 916 nihilominus
718 884 984 927 archiepiscopis,
1010 883 1166 926 episeopis
1191 888 1220 915 et

482 937 550 969 aliis
575 938 792 970 ecelesiasticis
818 937 959 980 personis
984 936 1162 979 praedictis,
1187 941 1220 968 ut

482 996 579 1023 ratam
605 983 784 1023 huiusmodi
809 1002 865 1034 per
889 1002 952 1030 cOS,
973 995 1005 1022 ut
1030 990 1218 1033 praefertur,

482 1049 592 1087 sponte
616 1045 753 1076 oblatam
770 1049 799 1076 et
820 1043 1008 1087 promissam
1027 1043 1218 1086 persolvere,

481 1108 516 1129 ae
542 1103 594 1129 tua
618 1096 763 1129 maiestas
788 1102 815 1129 et
842 1097 885 1128 tui
914 1096 1047 1130 ministri
1073 1106 1141 1128 eam
1167 1106 1220 1136 pe-

482 1157 547 1183 tere
565 1155 595 1184 et
611 1151 762 1194 recipere,
782 1151 907 1193 exigere
926 1155 955 1182 et
972 1151 1085 1190 levare,
1104 1150 1220 1192 absque

482 1203 689 1236 conscientiae
699 1203 715 1245 ¹,
727 1214 781 1236 seu
792 1213 995 1236 censurarum
1007 1208 1036 1235 et
1047 1212 1220 1246 poenarum

482 1257 713 1300 praedictarum
731 1257 870 1296 incursu,
888 1257 985 1289 libere
1003 1262 1030 1289 et
1050 1256 1133 1288 licite
1149 1266 1221 1299 pos-

483 1311 553 1348 sint,
571 1310 744 1354 apostoliea
765 1310 960 1350 auctoritate,
978 1309 1160 1342 earumdem
1182 1314 1223 1341 te-

483 1375 559 1396 nore
577 1363 789 1407 praesentium
807 1363 1009 1396 concedimus
1030 1368 1059 1395 et
1084 1362 1223 1405 indulge-

485 1428 571 1456 mus;
597 1418 743 1460 ipsosque
768 1417 1033 1460 archiepiscopo&
1059 1416 1223 1460 episcopos

484 1476 513 1502 et
537 1471 612 1503 alias
630 1481 780 1514 personas
805 1470 1041 1509 ecclesiasticas,
1060 1476 1090 1502 et
1115 1480 1222 1502 earum

484 1525 631 1566 singulas,
649 1530 802 1567 quatenus
825 1524 883 1567 ipsi
904 1524 1018 1557 dictam
1043 1528 1143 1555 ratam
1161 1523 1222 1555 iam

485 1578 688 1620 promiserint
722 1582 775 1610 aut
799 1577 961 1619 solverint,
986 1588 1108 1610 necnon
1133 1588 1220 1609 eam—

485 1631 555 1663 dem
581 1631 774 1663 maiestatem
800 1636 885 1663 tuam
911 1636 940 1663 et
965 1636 1034 1663 tuos
1063 1630 1224 1663 ministros

486 1684 672 1727 praedictos,
698 1685 723 1716 si
749 1684 891 1716 eamdem
916 1689 1016 1716 ratam
1040 1684 1102 1716 iam
1120 1694 1225 1727 peree-

486 1738 604 1780 perint.
630 1738 668 1770 ab
693 1737 838 1770 omnibus
874 1743 903 1769 et
928 1737 1059 1780 singulis
1084 1737 1225 1770 censuris

487 1796 516 1823 et
528 1791 636 1834 poenis
661 1802 718 1834 per
735 1801 787 1824 eos
803 1796 972 1834 propterea
991 1790 1224 1833 quomodolibet

488 1844 630 1886 incursis,
658 1845 841 1877 auctoritate
867 1850 897 1876 et
923 1849 1032 1877 tenore
1059 1844 1226 1888 praedietis

488 1898 679 1930 absolvimus
698 1903 728 1930 et
747 1898 906 1931 absolutos
927 1898 992 1931 sore
1017 1908 1181 1931 censemus
1199 1902 1226 1931 et

488 1951 691 1984 declaramus.

534 2005 548 2048 ἓ
562 2005 590 2037 5.
606 2006 675 2038 Non
691 2005 886 2039 obstantibus
904 2006 1093 2049 praemissiS,
1112 2016 1146 2038 ae
1163 2005 1229 2049 qui-

488 2058 593 2090 busvis
618 2059 892 2092 constitutionibus
922 2064 950 2092 et
979 2059 1228 2092 ordinationibus

489 2113 679 2155 apostolicis,
698 2112 819 2145 necnon
837 2113 1052 2152 ecclesiarum,
1074 2117 1228 2145 monaste-

490 2166 620 2205 riorum,
638 2171 667 2198 et
686 2166 909 2199 beneficiorum
934 2167 1114 2199 huiusmodi
1133 2167 1230 2209 (iura-

490 2224 603 2260 mento,
615 2219 853 2252 confirmatione
866 2219 1038 2262 apostoliea
1056 2220 1102 2251 rel
1121 2219 1229 2263 quavis

490 2272 637 2304 tirmitate
653 2272 713 2304 alia
731 2272 900 2315 roboratis)
918 2273 1039 2306 statutis
1057 2277 1085 2305 et.
1104 2283 1231 2305 consue-

489 2326 1232 2370 tudinibus,privilegiisquoque,imtiittis,exei=1-

490 2379 657 2422 ptionibus‚
672 2380 928 2421 immuuitatilnis,
943 2381 1035 2413 etiam
1052 2381 1080 2412 in
1098 2392 1230 2424 corpore

492 2433 566 2465 iau-is
587 2434 710 2474 clausis,
728 2445 764 2467 ac
782 2434 891 2466 litteris
909 2434 1088 2477 apostolicis
1105 2434 1232 2477 quibus-

494 2488 537 2519 iis
564 2488 752 2529 generaliter
780 2489 828 2521 vel
857 2488 1035 2532 specialiter
1064 2488 1228 2521 concessis.

492 2541 609 2577 Qubus
623 2541 767 2574 omnibus
781 2547 808 2574 et
824 2542 964 2585 singulis,
978 2553 1087 2575 eorum
1106 2547 1231 2575 tenores

495 2595 710 2637 praesentibus
728 2606 786 2638 pro
804 2596 894 2638 plene
915 2600 943 2629 ct
967 2596 1158 2628 sufficienter
1182 2606 1232 2628 ex-

495 2648 609 2691 pressis
623 2660 658 2681 ac.
669 2649 706 2681 ad
718 2649 847 2681 verbum
863 2649 987 2682 insertis
1001 2650 1160 2689 habentes,
1172 2649 1231 2682 illis

534 2714 542 2738 1
562 2712 643 2739 Deest
659 2721 705 2739 vox
718 2714 848 2747 periculo
866 2713 904 2739 vel
920 2714 1054 2747 scrupulo
1072 2713 1107 2747 (r.-
1122 2714 1170 2745 T.J.

1261 301 1414 325 nonANnn

1251 349 1326 381 alias
1344 349 1374 381 in
1392 359 1448 381 suo
1466 347 1581 381 robore
1600 349 1828 391 permansuris,
1845 347 1904 381 hac
1921 348 1987 381 vice

1252 402 1412 435 dumtaxat
1436 401 1613 445 specialiter
1637 405 1667 433 et
1690 411 1836 444 expresse
1859 401 1989 445 deroga-

1253 468 1331 499 mus,
1350 457 1524 500 ceterisque
1542 455 1708 489 centrariis
1727 455 1987 500 quibuscumque,

1298 511 1311 553 ς’
1336 510 1364 542 b'.
1392 510 1540 543 Volumus
1571 513 1694 550 autem,
1719 512 1754 540 ut
1784 507 1988 551 imposterum
2007 548 2009 551 ι
2029 521 2189 542 neciosiasucos

1252 574 1405 606 personae
1429 562 1658 596 ecclesiastieae
1675 561 1747 595 dicti
1768 561 1857 604 regni
1875 571 1892 593 a
1911 550 2189 595 solu-2¹:21¹?33252¹¹¹¹1¹u1‚0³1

1255 617 1336 651 tione
1361 622 1391 649 et
1416 617 1576 650 exactione
1605 615 1754 649 similium
1787 615 1991 659 pecuniarum
2007 602 2123 623 ‘¹¹³³¹¹¹¹⁰‘⁰'

1253 671 1382 703 omnino
1399 670 1582 710 abstineant,
1596 669 1742 713 quodque
1758 668 1992 712 poenitentiam,

1254 735 1346 768 quam
1372 735 1431 768 pro
1455 724 1637 768 praemissis
1659 723 1761 766 quivis
1785 722 1994 755 confessarius

1254 777 1292 809 ab
1317 777 1482 810 Ordinario
1514 777 1717 821 approbatus,
1742 776 1804 809 illis
1830 781 1859 808 et
1883 785 1992 809 eorum

1254 830 1381 863 cuilibet
1399 830 1522 863 duxerit
1539 830 1773 874 imponendam,
1787 829 1794 845 ¹
1809 829 1938 862 omnino
1951 833 1995 861 te-

1253 888 1402 923 neantur;

1299 936 1313 978 ξ
1339 935 1366 968 7.
1393 937 1530 976 Necnon,
1555 936 1639 979 quod
1663 936 1877 980 praesentium
1901 941 1991 968 tran-

1254 990 1397 1032 sumptis,
1423 989 1514 1021 etiam
1541 989 1719 1032 impressis,
1744 999 1839 1021 manu
1863 989 1994 1022 alicuius

1254 1042 1367 1074 notarii
1385 1041 1503 1085 publici
1528 1041 1723 1085 subscriptis,
1739 1041 1906 1085 sigilloque
1925 1052 1996 1085 per-

1255 1105 1349 1128 sonae
1368 1095 1399 1127 in
1417 1095 1566 1137 dignitate
1583 1095 1794 1128 ecelesiastica
1811 1094 1995 1128 constitutae

1255 1147 1398 1188 munitis,
1424 1147 1534 1180 eadem
1559 1158 1689 1191 prorsus
1722 1147 1799 1180 fides
1824 1147 1855 1179 in
1879 1147 1995 1180 iudicio

1255 1204 1284 1234 et
1297 1206 1384 1233 extra
1400 1201 1517 1244 ubique
1534 1201 1729 1243 adhibeatur,
1744 1211 1824 1245 quae
1840 1201 1918 1245 ipsis
1935 1201 1996 1234 ori-

1256 1254 1412 1297 ginalibus
1442 1254 1554 1287 litteris
1585 1254 1810 1295 adhiberetur,
1838 1254 1863 1287 si
1894 1255 1996 1288 forent

1256 1307 1413 1340 exhibitae
1437 1308 1485 1340 vel
1506 1312 1664 1347 ostensae;

1301 1362 1315 1404 g
1340 1362 1369 1394 ὃ.
1398 1361 1549 1405 Quodque
1572 1361 1765 1402 distributio,
1790 1362 1997 1405 repartimen-

1257 1420 1332 1455 tum,
1350 1425 1385 1447 ae
1406 1420 1474 1447 taxa
1499 1419 1528 1448 et
1545 1414 1664 1448 exactio
1681 1419 1767 1448 ratae
1783 1414 1963 1448 huiusmodi
1981 1425 1998 1446 a

1256 1469 1399 1512 personis
1424 1468 1643 1501 ecclesiasticis
1667 1467 1699 1500 in
1729 1468 1864 1501 comitiis
1887 1468 1997 1501 huius-

1257 1521 1342 1554 modi
1359 1522 1397 1554 ab
1415 1522 1533 1554 eisdem
1552 1521 1770 1555 ecelesiasticis
1783 1522 1888 1555 forsan
1904 1521 2000 1566 depu-

1258 1575 1339 1615 tatis,
1357 1580 1410 1607 aut
1425 1575 1456 1607 in
1473 1586 1583 1608 eorum
1602 1575 1758 1608 desectum
1776 1575 1814 1607 ab
1828 1574 2000 1608 Ordinariis

1259 1629 1412 1668 locorum,
1433 1639 1488 1661 seu
1512 1639 1527 1661 a
1552 1629 1696 1672 personis
1720 1628 1938 1661 ecclesiasticis
1961 1627 2000 1660 ab

1260 1682 1336 1725 ipsis
1353 1682 1526 1715 Ordinariis
1546 1681 1740 1725 deputandis,
1758 1681 1919 1714 dumtaxat
1935 1681 1998 1723 fiat⁷

1260 1747 1295 1768 ae
1317 1736 1471 1768 ministris
1495 1735 1591 1777 laicis,
1617 1735 1655 1767 ad
1676 1735 1820 1768 effectum
1845 1735 1999 1779 praemis-

1261 1800 1341 1829 sum,
1356 1794 1385 1821 et
1399 1799 1457 1832 pro
1472 1790 1593 1821 summa
1610 1788 1770 1832 praedicta
1787 1793 1917 1830 tantum,
1931 1798 2002 1821 eon-

1262 1843 1418 1885 signetur,
1443 1842 1518 1875 alias
1543 1842 1670 1874 eaedem
1693 1847 1874 1885 praesentes
1897 1841 2001 1874 nullae

1262 1895 1323 1928 sint
1346 1906 1383 1928 eo
1408 1896 1484 1939 ipso.

1305 1949 1417 1982 Datum
1443 1950 1571 1989 Romae,
1592 1949 1677 1993 apud
1703 1949 1732 1983 S.
1758 1948 1887 1982 Mariam
1911 1948 2003 1982 Maio-

1263 2014 1340 2043 rem,
1359 2003 1417 2035 sub
1435 2003 1550 2035 annulo
1565 2003 1742 2043 Piseatoris,
1759 2002 1809 2035 die
1830 2013 1849 2035 v
1862 2002 2003 2036 octobris

1263 2067 1415 2095 uncxxvl,
1436 2056 1640 2100 pontificatus
1663 2057 1762 2090 nostri
1787 2067 1869 2090 anno
1893 2067 1934 2089 1v.

2005 298 2055 326 An.
2067 298 2095 326 C.
2117 299 2185 327 1626

2050 948 2075 968 Εἰ
2090 949 2193 968 transum-

2009 975 2050 1001 ptis
2058 974 2119 995 tidem
2128 974 2194 995 addis

2061 1372 2197 1394 Exactionem

2013 1405 2050 1425 per
2064 1401 2119 1420 solos
2130 1401 2196 1421 eecle-

2013 1427 2110 1447 siasticns
2152 1428 2198 1447 fieri

2014 1454 2124 1480 praecipit.

1300 2120 1359 2147 Dat.
1376 2120 1418 2147 die
1434 2120 1449 2147 5
1465 2120 1583 2147 octobris
1601 2120 1678 2153 1626,
1699 2119 1793 2155 pontif.
1811 2127 1880 2147 anno
1895 2126 1931 2146 lv,

1567 2255 1700 2289 CCXVII.

1268 2327 1477 2369 Confirnmtio
1502 2331 1530 2359 et
1555 2316 1722 2359 inffovatz'o
1754 2326 2002 2360 Constitutionis

1312 2381 1482 2414 Clementis
1516 2379 1614 2420 t‘IJI,
1642 2391 1709 2423 qua
1733 2380 1802 2413 vult
1828 2380 2005 2424 (inquitates

1310 2434 1458 2477 Linynae
1470 2433 1614 2477 Angylz'ae
1631 2434 1819 2475 obtinentes,
1842 2438 1949 2467 votum
1968 2435 2002 2466 in

1309 2488 1460 2520 electione
1470 2487 1583 2530 maym‘
1592 2488 1745 2530 maslistri
1753 2488 1925 2531 hospitalis
1933 2498 2005 2520 scm-

1309 2542 1351 2574 ctz'
1359 2542 1494 2574 Ioannis
1504 2541 1800 2583 Hierosolynzz'tani
1808 2552 1871 2574 non
1881 2541 2005 2581 habere,

1308 2596 1375 2629 nisi
1387 2595 1511 2639 fuerint
1522 2605 1560 2628 επ
1572 2595 1698 2638 Anylz‘a
1711 2595 1873 2628 oriundi?

1302 2669 1310 2693 1
1332 2667 1408 2693 Deest
1427 2675 1475 2692 vox·
1493 2667 1654 2701 adimplere
1669 2672 1709 2701 (n.
1726 2666 1773 2700 T.).

1302 2712 1317 2738 2
1333 2711 1369 2738 Ex
1386 2712 1491 2747 llegest.
1509 2712 1534 2738 iu
1550 2712 1650 2738 Seeret.
1668 2712 1744 2738 Brev.
