2269 3235
227 250 276 277 An.
298 249 325 276 c.
344 248 411 276 1624
457 239 521 272 ⁶208

253 1320 282 1340 llo
298 1320 374 1340 vestitu
389 1323 409 1340 et

226 1347 374 1373 suppellex-uti.

278 2119 306 2138 lle
323 2118 375 2138 cil-i<
393 2120 411 2137 ct

229 2147 289 2170 potu.

1004 248 1181 273 nuLLAnnJM

425 302 478 330 aut
501 296 730 338 commendam,
756 297 848 329 etiam
874 297 1006 340 depositi
1032 301 1085 329 aut
1109 308 1162 330 cu-

425 350 543 385 stodiae
567 350 704 389 nomine,
730 349 916 383 concedere:

468 405 483 447 ἓ
501 404 529 437 5.
556 405 671 436 Eorum
692 414 775 444 vero,
793 414 873 446 quae
892 403 930 436 ad
946 404 1163 437 necessitatem

424 467 571 491 concessa
588 462 690 496 erunt,
704 457 810 489 nullus
824 456 991 499 quiequam
1009 457 1165 500 possideat

424 515 457 542 ut
480 510 656 553 proprium,
680 519 781 552 neque
805 514 839 541 ut
863 509 994 553 proprio
1019 514 1140 542 utatur:

468 563 483 603 ,ξ
507 563 535 595 ti.
561 562 617 601 Qui
642 562 672 594 in
697 562 946 606 praemissorum
971 563 1076 607 aliquo
1093 563 1165 596 deli-

424 615 537 658 querit,
562 625 679 659 poenas
703 615 817 648 nedum
843 626 860 648 a
884 616 1022 650 Concilio
1039 616 1165 650 Triden-

424 670 489 703 tino
513 669 735 714 praescriptas,
760 669 814 703 sed
830 669 905 703 alias
922 681 1047 714 quoque
1065 671 1164 704 multo

424 722 586 765 graviores
599 749 607 763 ,
633 722 831 767 superiorum
854 723 985 757 arbitrio
1006 724 1165 768 imponen-

424 776 489 816 das,
516 775 674 809 incurrat:

468 830 482 871 §
507 829 534 862 7.
560 829 651 862 Nulla
672 840 945 873 quorumcumque
963 829 1164 873 superiorum

424 882 624 927 dispensatio,
633 883 719 915 nulla
728 883 861 923 licentia,
871 887 1023 926 quantum
1036 882 1074 915 ad
1083 883 1165 916 bona

425 936 598 970 immobilia
608 937 655 968 vel
666 936 802 976 mobilia,
812 936 926 969 fratres
936 945 1084 969 excusare
1097 946 1165 979 pos-

424 989 473 1029 sit,
490 988 677 1032 quominus¹
696 989 807 1032 culpae
831 993 862 1021 et
884 998 1003 1032 poenae
1027 987 1065 1020 ab
1083 988 1164 1021 eius-

424 1042 495 1075 dem
515 1041 643 1074 Concilii
660 1041 795 1074 decretis
813 1041 978 1085 impositae
995 1041 1064 1085 ipso
1084 1041 1164 1074 facto

425 1095 633 1128 incurrendae
664 1095 790 1128 obnoxii
823 1095 899 1135 sint,
925 1094 1046 1127 etiamsi
1072 1105 1164 1138 supe-

424 1149 525 1182 riores
549 1153 737 1189 asseverent,
757 1148 937 1181 huiusmodi
962 1148 1166 1192 dispensatio-

424 1213 479 1236 nes
503 1207 556 1235 aut
572 1202 713 1235 licentias
730 1202 903 1235 concedere
920 1212 1028 1246 posse:
1049 1202 1165 1246 quibus

425 1256 455 1289 in
479 1257 516 1289 ea
532 1266 567 1289 re
583 1256 678 1289 fidem
703 1256 831 1288 minime
848 1256 991 1289 adhiberi
1008 1256 1163 1289 volumus.

469 1310 485 1352 ἓ
501 1308 530 1342 8.
548 1309 695 1341 Fratrum
714 1309 842 1342 vestitus
862 1314 891 1341 et
907 1309 1047 1352 supellex
1071 1309 1164 1342 cella-

424 1373 494 1395 rum
519 1373 555 1395 ex
580 1362 741 1395 communi
757 1362 891 1405 pecunia
905 1366 1118 1405 comparetur,
1136 1367 1165 1395 et

424 1415 552 1448 omnino
566 1415 732 1448 uniformis
751 1415 791 1447 sit
812 1416 943 1447 fratrum
964 1420 993 1447 et
1013 1426 1163 1458 quorum-

424 1479 558 1512 cumque
572 1468 785 1512 superiorum,
796 1469 952 1512 statuique
961 1468 1164 1512 paupertatis,

423 1532 516 1564 quam
534 1521 666 1564 professi
684 1526 765 1562 sunt,
782 1521 961 1554 conveniat:
984 1521 1026 1554 ita
1042 1526 1075 1554 ut
1088 1521 1165 1554 niliil

424 1575 577 1618 superflui
597 1574 788 1615 admittatur,
806 1574 883 1606 nihil
901 1574 1005 1615 etiam,
1026 1574 1110 1618 quod
1127 1575 1164 1607 sit

425 1628 646 1667 necessarium,
671 1627 763 1660 alicui
788 1627 972 1670 denegetur.

469 1681 532 1725 §st
557 1682 779 1725 Quaecumque
799 1682 933 1714 fratrum
958 1686 1077 1722 vestes,
1102 1681 1183 1716 sive«

427 1737 532 1768 laneae
549 1735 613 1768 sive
629 1735 739 1776 lineae,
756 1735 921 1778 omnisque
942 1735 1001 1767 alia
1025 1736 1165 1779 supellex

427 1789 458 1821 in
479 1789 614 1832 aliquem
640 1788 841 1822 commodum
867 1794 1038 1822 conventus
1062 1789 1164 1822 locum

426 1842 616 1883 deferantur,
637 1842 743 1885 ibique
760 1843 799 1874 ab
816 1852 879 1875 uno
900 1842 947 1874 vel
964 1841 1086 1875 duobus
1103 1841 1167 1874 fra-

427 1895 527 1928 tribus
544 1895 617 1929 huic
628 1895 751 1928 muneri
766 1894 923 1939 deputatis
936 1894 1103 1937 diligenter
1117 1906 1167 1928 cu-

427 1949 610 1990 stodiantur,
619 1954 654 1981 ut
663 1948 734 1981 inde
745 1948 917 1992 superioris
925 1947 1065 1988 arbitrio,
1072 1953 1166 1991 prout

426 2002 594 2046 unicuique
618 2012 698 2046 opus
718 2001 828 2042 fuerit,
853 2001 1085 2035 subministrari
1110 2012 1165 2045 op-

429 2061 562 2101 portune
587 2055 716 2099 possint.

472 2111 487 2154 ξ
503 2110 554 2142 10.
572 2109 697 2149 Omnes,
711 2109 803 2142 etiam
821 2108 1012 2152 superiores,
1026 2108 1166 2152 quicum-

428 2174 488 2208 que
510 2163 555 2196 illi
580 2163 650 2204 sint,
675 2162 784 2195 eodem
810 2172 908 2206 pane,
937 2162 1048 2195 eodem
1072 2163 1144 2195 vino
1159 2189 1184 2213 „

429 2216 601 2260 eodemque
618 2215 761 2256 obsonio,
785 2215 848 2248 sive
874 2215 983 2247 eadem
1004 2215 1051 2258 (ut
1067 2215 1166 2258 aiunt)

428 2270 556 2314 pitantia
571 2297 579 2311 ,
611 2270 642 2302 in
673 2270 834 2303 communi
859 2270 966 2302 mensa
991 2268 1095 2313 prima
1120 2269 1184 2314 vel¹

429 2323 565 2356 secunda
580 2350 587 2364 ,
611 2322 671 2355 nisi
694 2322 884 2355 infirmitatis
909 2323 1002 2355 causa
1026 2321 1185 2365 impediti,

429 2378 554 2418 fuerint,
565 2381 739 2417 vescantur,
753 2386 855 2420 neque
869 2376 1027 2419 singulare
1041 2375 1167 2419 aliquid,
1184 2371 1185 2414 ἶ

429 2442 490 2475 quo
514 2431 659 2475 privatim
687 2430 820 2474 quisque
853 2430 885 2462 in
913 2430 1018 2463 eibum
1047 2418 1186 2473 utatur,}

430 2486 492 2517 ullo
517 2484 610 2518 modo
635 2483 740 2517 afferri
757 2484 869 2528 possit:
896 2483 921 2517 si
943 2484 1013 2527 quis
1033 2483 1064 2516 in
1081 2484 1117 2515 ea
1136 2477 1186 2515 rel

429 2539 613 2582 precaverit,
629 2538 706 2571 nihil
732 2539 767 2570 ea
786 2538 835 2571 die
852 2538 991 2571 alimenti
1007 2537 1168 2581 pereipiat,

430 2591 489 2625 nisi
511 2602 623 2635 panem
648 2596 678 2624 et
701 2602 825 2635 aquam.

468 2656 479 2683 1
497 2654 567 2682 Edit.
583 2653 661 2682 Maia.
678 2654 741 2689 legit
756 2662 810 2689 quo
826 2654 863 2688 (a.
881 2654 928 2688 τ.),

1206 248 1359 274 ROMANUM

1243 297 1257 341 ἓ
1270 298 1321 330 tt.
1336 298 1522 342 Superiores
1535 307 1653 339 omnes,
1663 299 1755 332 etiam
1768 299 1934 343 generalis,

1198 350 1250 394 qui
1275 351 1415 383 redditus
1439 356 1492 383 aut
1516 351 1741 395 praestationes
1760 352 1936 396 peculiares

1198 404 1317 438 ratione
1331 405 1507 438 officiorum
1531 403 1657 445 habent,
1682 414 1792 438 eorum
1809 410 1937 450 accepta

1199 461 1228 489 et
1253 467 1389 503 expensa
1413 457 1444 489 in
1468 456 1550 491 libro
1579 455 1726 489 distincto
1749 456 1883 490 fideliter
1907 463 1938 491 et

1199 509 1365 552 diligenter
1390 509 1531 543 adnotari
1551 513 1672 550 curent,
1688 519 1790 552 neque
1806 509 1838 542 in
1861 510 1938 543 alios

1199 573 1282 603 usus,
1307 573 1400 606 quam
1418 563 1538 596 ratione
1555 561 1648 595 officii
1669 561 1716 594 sui
1732 562 1937 604 necessarios,

1199 616 1365 659 quicquam
1379 616 1563 660 expendant.
1577 615 1653 649 Cum
1670 625 1745 648 vero
1762 615 1938 658 contigerit,

1199 669 1283 713 ipsos
1301 669 1331 702 in
1350 669 1456 713 aliquo
1476 674 1631 703 conventu
1648 668 1852 709 commorari,
1869 679 1938 702 eam

1200 722 1351 766 pecuniae
1367 722 1571 766 quantitatem
1593 723 1625 755 in
1649 731 1818 755 commune
1834 721 1938 755 conse-

1199 781 1278 816 rant,
1292 786 1329 809 ex
1348 787 1410 820 qua
1426 776 1495 818 sibi,
1520 782 1551 810 et
1573 776 1611 810 iis
1631 776 1685 821 qui
1710 786 1817 809 secum
1834 780 1937 816 erunt,

1199 828 1298 862 vietus
1314 830 1352 862 ad
1372 830 1602 874 praescriptum
1622 830 1750 873 regulae
1774 834 1804 863 et
1828 829 1938 863 consti-

1200 882 1355 915 tutionum
1381 883 1607 926 suppeditetur.

1244 934 1259 977 ἓ
1285 934 1333 967 12.
1359 935 1468 968 Nullus
1492 946 1528 968 ex
1552 935 1768 979 superioribus
1793 935 1936 969 locorum

1199 986 1502 1021 administrationem
1535 988 1692 1022 bonorum
1720 993 1774 1022 aut
1804 989 1938 1022 aliarum

1199 1050 1317 1081 rerum,
1335 1040 1662 1085 dispensationemque
1680 1041 1885 1085 pecuniarum
1909 1047 1939 1075 et

1200 1093 1380 1127 reddituum
1405 1094 1452 1127 sui
1478 1098 1668 1136 conventus,
1695 1094 1788 1128 etiam
1811 1094 1939 1129 nomine

1200 1152 1383 1188 conventus,
1401 1158 1458 1191 per
1475 1158 1508 1180 se
1525 1148 1627 1191 ipsum
1645 1147 1762 1180 habere
1778 1147 1843 1180 sive
1856 1158 1941 1181 exer-

1200 1210 1272 1233 cere
1296 1200 1404 1244 possit,
1425 1200 1479 1233 sed
1496 1200 1678 1233 universum
1695 1200 1726 1233 id
1743 1210 1823 1234 onus
1839 1201 1940 1234 tribus

1199 1254 1348 1287 fratribus
1371 1253 1512 1286 eiusdem
1529 1259 1700 1287 conventus
1713 1264 1730 1286 a
1747 1254 1885 1297 generali
1899 1255 1940 1287 ita

1200 1306 1417 1347 demandetur,
1437 1312 1471 1339 ut
1494 1317 1575 1340 unus
1589 1317 1696 1340 rerum
1721 1312 1751 1340 et
1772 1307 1939 1349 bonorum,

1200 1360 1441 1404 reddituumque
1469 1361 1720 1403 colligendorum
1748 1371 1856 1394 curam
1884 1361 1939 1394 ha-

1199 1414 1279 1454 beat,
1293 1414 1381 1455 alter,
1390 1419 1550 1457 tamquam
1560 1414 1780 1457 depositarius,
1792 1415 1941 1458 pecunias

1199 1478 1234 1499 ae
1260 1472 1364 1500 cetera
1388 1467 1426 1499 ab
1448 1467 1502 1500 illo
1527 1468 1656 1501 collecta
1681 1472 1712 1500 et
1736 1472 1842 1500 exacta
1865 1467 1940 1501 fide-

1200 1521 1270 1554 liter
1293 1526 1446 1561 asservet;
1471 1521 1551 1554 alius
1575 1521 1613 1554 de
1636 1521 1778 1565 pecuniis
1799 1526 1829 1553 et
1844 1521 1939 1554 rebus

1199 1586 1216 1607 a
1240 1575 1433 1618 depositario
1457 1575 1593 1619 acceptis
1609 1575 1720 1619 priori,
1738 1575 1888 1608 fratribus
1904 1585 1940 1608 ae

1181 1629 1365 1661 ieonventui
1388 1629 1536 1662 universo
1560 1629 1599 1662 de
1622 1628 1825 1668 necessariis,
1857 1638 1942 1661 man-

1199 1683 1291 1716 dante
1314 1688 1419 1716 tamen
1442 1683 1510 1726 ipso
1534 1683 1659 1727 priore,
1680 1693 1744 1716 non
1768 1682 1940 1716 seeundum

1199 1736 1363 1779 proprium
1394 1735 1562 1778 affectum,
1587 1736 1641 1769 sed
1666 1736 1748 1769 iuxta
1781 1735 1942 1769 charitatis

1199 1790 1352 1831 regulam,
1378 1789 1472 1822 veluti
1494 1789 1596 1822 bonus
1620 1789 1817 1832 dispensator
1840 1789 1942 1832 provi-

1199 1842 1279 1884 deat,
1305 1841 1481 1875 officiorum
1495 1841 1676 1876 huiusmodi
1690 1841 1874 1875 confusione
1891 1851 1942 1886 pe-

1199 1894 1281 1928 nitus
1306 1894 1482 1928 interdicta.

1243 1948 1258 1991 g
1275 1948 1326 1981 13.
1344 1948 1488 1982 Ceterum
1505 1948 1537 1981 hi
1555 1953 1617 1992 tres
1627 1953 1690 1981 tam
1701 1947 1836 1992 impensi
1846 1958 1940 1992 quam

1199 2002 1319 2045 accepti
1337 2001 1467 2044 singulis
1484 2002 1645 2035 mensibus
1666 2001 1824 2046 superiori
1839 2001 1941 2043 locali,

1199 2055 1345 2088 adhibitis
1362 2056 1455 2089 etiam
1473 2055 1597 2089 duobus
1610 2056 1658 2089 vel
1676 2055 1775 2090 tribus
1791 2055 1941 2089 fratribus

1182 2109 1338 2151 ,eiusdem
1355 2114 1527 2142 conventus
1551 2108 1797 2152 probatioribus,
1822 2119 1942 2142 rerum-

1199 2172 1260 2205 que
1278 2172 1336 2194 usu
1355 2161 1475 2204 peritis,
1493 2161 1648 2194 rationem
1668 2160 1809 2193 reddant:
1829 2160 1941 2194 deinde

1183 2215 1184 2254 J
1201 2215 1325 2258 ipsimet
1344 2225 1464 2255 rursus,
1478 2214 1695 2258 praesentibus
1710 2214 1817 2258 priore
1838 2218 1867 2248 et
1885 2225 1941 2258 pe-

1201 2268 1268 2300 ritis
1286 2267 1465 2311 praedietis,
1489 2268 1638 2310 generali,
1663 2278 1734 2301 cum
1759 2267 1940 2300 advenerit:

1201 2321 1334 2364 denique
1358 2322 1424 2364 ipse
1445 2321 1610 2364 generalis,
1631 2321 1662 2353 in
1682 2320 1824 2364 quolibet
1840 2320 1942 2364 proxi-

1202 2386 1253 2408 mo
1274 2375 1409 2419 capitulo
1427 2375 1577 2418 generali,
1591 2375 1701 2407 saltem
1720 2385 1827 2407 eoram
1841 2374 1942 2408 tribus

1203 2428 1358 2472 iudicibus
1382 2428 1420 2462 ab
1445 2429 1515 2473 ipso
1539 2429 1678 2473 capitulo
1695 2428 1733 2461 ad
1750 2428 1811 2462 hoe
1827 2429 1942 2462 consti-

1202 2482 1286 2523 uuis,
1304 2482 1430 2515 illorum
1448 2482 1599 2522 omnium,
1617 2481 1858 2525 universamque
1870 2492 1943 2515 suae

1202 2535 1497 2577 administrationis,
1522 2540 1585 2567 tam
1602 2534 1747 2579 publicae
1767 2545 1859 2579 quam
1883 2535 1944 2578 pri-

1203 2595 1299 2631 vatae,
1327 2589 1481 2623 rationem
1507 2588 1640 2622 reddere
1669 2593 1830 2629 teneatur,
1855 2587 1943 2621 cuius

1203 2643 1295 2676 etiam
1319 2643 1496 2687 exemplum
1515 2642 1729 2676 authenticum
1747 2652 1783 2675 ex
1800 2640 1876 2675 actis
1893 2651 1944 2675 ca-

1946 251 1996 279 An.
2017 252 2045 280 C.
2064 251 2130 280 1624

1990 314 2021 336 De
2038 317 2134 340 praesta-

1951 340 2043 361 tionibus
2051 341 2134 362 rationo

1951 367 2022 388 officii.

1979 952 2009 972 De
2034 951 2136 972 bonorum

1952 978 2136 1000 administratione

1982 1957 2012 1988 De
2029 1958 2139 1980 reddenda

1955 1988 2045 2006 ratione.
