2269 3235
125 241 171 266 An.
190 241 216 266 (J.
241 240 308 267 1623

150 569 207 592 Qun-l
229 568 306 588 fructu,

124 602 143 616 ln
164 598 226 615 tertia
246 597 306 620 parte

122 627 195 644 aucei-1
227 621 305 646 possint

125 654 194 673 vigum
223 648 307 668 clausu-

123 675 161 695 lae.

164 1956 192 1976 1¹2
217 1957 312 1978 insol-de-

128 1983 242 2004 secuntias.

926 240 1065 264 canamus

321 298 382 332 que
405 292 437 321 et
456 287 738 332 qualitercumque,
755 287 915 332 expeditas
932 287 1061 328 litteras,

321 351 357 375 ac
381 340 439 374 sub
464 341 572 385 quavis
590 341 758 375 verborum
778 340 891 381 forma,
910 350 1014 384 quam,
1033 345 1062 373 et

321 394 568 439 praemissorum
593 394 734 429 omnium
760 398 884 427 tenores
909 393 1061 427 Sanctitas

321 448 382 482 Sua
398 458 456 493 pro
473 446 646 492 expressis¹
660 446 769 480 haberi
788 447 895 487 voluit,
912 446 1061 480 latissime

322 501 532 535 extendendos
541 501 559 533 ¹.

366 554 416 589 65.
443 555 530 595 Item,
554 565 624 587 cum
649 553 791 586 nonnulli
812 554 842 586 in
868 553 1062 597 impetratio-

322 607 414 640 nibus
437 606 663 640 beneficiorum
695 607 977 640 ecclesiasticorum
1003 618 1063 651 pro

323 666 464 706 tempore
488 661 665 694 vacantium
691 666 721 694 et
746 666 832 694 certo
857 661 952 694 modo
974 671 1062 695 raca-

323 718 476 756 turorum,
493 714 671 755 asserendo,
690 714 815 747 illorum
841 715 972 755 fructus,
993 720 1062 755 ete,

322 773 445 801 certum
468 778 524 812 per
549 778 602 801 eos
619 777 802 811 expressum
823 778 963 801 annuum
984 767 1081 801 valo-¹

322 831 389 854 rem
402 831 465 855 non
479 820 640 862 excedere,
654 831 881 865 nonnunquam
904 821 1063 855 obtineant

322 886 338 906 a
362 874 530 909 Sanctitate
554 874 634 915 Sua,
660 880 691 907 ut
718 874 899 908 huiusmodi
926 875 1063 909 valorem

321 937 459 962 annuum
483 938 600 972 augere
620 928 757 973 possint,
783 934 815 961 ut
840 928 944 962 verius
966 929 1063 974 possit

322 984 353 1017 in
366 983 563 1017 confectione
579 983 755 1017 litterarum
773 993 867 1027 super
882 983 1063 1016 huiusmodi

322 1037 597 1082 impetrationibus
622 1047 743 1070 summa
763 1042 816 1070 aut
836 1037 922 1070 valor
942 1047 1063 1070 annuus

322 1091 472 1136 exprimi,
497 1091 587 1124 aliter
612 1091 749 1135 desuper
774 1101 837 1124 non
861 1091 1063 1135 specificato,

322 1145 373 1178 ne⁸
385 1144 424 1178 de
441 1145 570 1179 veritate
582 1144 761 1178 huiusmodi
780 1145 991 1178 concessionis
1010 1144 1064 1178 im-

322 1203 484 1243 posterum
509 1197 655 1232 baesitari
672 1198 849 1241 contingat,
874 1198 1043 1231 declaravit

322 1256 484 1297 praetextu
498 1251 709 1286 concessionis
721 1251 914 1292 huiusmodi,
925 1252 1062 1284 valorem

322 1306 425 1349 ipsum
456 1315 555 1348 usque
584 1304 622 1337 ad
654 1304 778 1338 tertiam
802 1309 923 1348 partem
950 1305 1064 1338 valoris

322 1357 472 1402 expressi,
485 1363 515 1390 et
538 1358 571 1390 in
594 1358 709 1401 prima,
735 1369 814 1401 quae
839 1359 974 1402 desuper
994 1358 1063 1400 fiet,

322 1411 499 1445 litterarum
524 1411 732 1455 expeditione,
757 1411 928 1454 dumtaxat,
955 1412 1064 1454 augeri

324 1476 426 1510 posse3
438 1470 468 1498 et
482 1475 545 1506 eas,
570 1476 656 1509 quas,
682 1465 794 1498 litteris
812 1465 874 1498 iam
899 1465 1064 1509 expeditis⁴

324 1530 394 1552 cum
424 1518 623 1563 expressione
656 1518 769 1552 valoris
800 1519 989 1563 specificati,
1015 1523 1067 1553 aut

323 1583 386 1606 non
410 1573 532 1616 integro
561 1577 731 1615 augmento
753 1573 936 1617 praedicto,
962 1573 1066 1606 denuo

324 1637 419 1671 supei
443 1626 585 1670 expediri
610 1626 778 1669 contigerit
802 1626 921 1660 litteias
946 1637 1018 1659 cum
1039 1637 1068 1659 a

324 1681 411 1725 liquo
427 1684 597 1724 augmento
614 1679 730 1713 valoris
743 1680 936 1721 huiusmodi,
951 1681 1067 1714 nullius

325 1745 392 1768 isse
416 1733 541 1768 roboris
567 1734 615 1766 vel
641 1734 803 1775 momenti,
824 1734 917 1767 etiam
937 1735 961 1767 si
980 1734 1085 1768 motu

327 1787 457 1832 proprio
479 1787 679 1820 beneficiales
705 1787 824 1830 grzatiie
842 1792 871 1821 et
892 1778 1085 1839 dis-positia]

326 1852 381 1875 nes
405 1851 622 1887 quaecumque
648 1852 664 1873 a
682 1841 850 1874 Sanctitate
867 1842 929 1875 Sua
947 1852 1068 1875 emana-

326 1901 436 1928 verint.

371 1948 422 1982 66.
447 1948 535 1989 Item,
560 1958 598 1981 ne
623 1949 777 1993 personis,
803 1960 862 1993 pro
886 1950 1002 1993 quibus
1023 1950 1086 1992 lit-5

328 2008 411 2036 terae
436 2002 515 2036 Suae
540 2003 718 2037 Sanctitatis
742 2003 942 2044 emanabunt,
960 2004 1000 2037 ob
1018 1998 1086 2049 ge}

326 2057 466 2090 neralem
498 2057 730 2091 absolutionem
755 2068 772 2090 a
796 2058 938 2090 censuris
967 2052 1086 2091 eccle-³

327 2110 468 2152 siasdcis,
493 2110 607 2155 quibus
631 2111 725 2154 legati
750 2111 869 2151 forent,
894 2111 932 2143 ad
957 2122 1068 2145 eorum

326 2163 472 2197 effectum
487 2164 703 2198 indifferenter
720 2164 849 2198 concedi
868 2168 897 2198 et
913 2165 944 2197 in
958 2164 1085 2198 litteris

327 2218 506 2277 ipostolicis
524 2218 638 2277 apponi
657 2219 793 2252 solitam⁵
804 2224 1007 2262 ,··p1aestetui
1021 2230 1070 2252 oc-

328 2271 411 2305 casio
436 2282 583 2310 censuras
616 2272 699 2316 ipsas
730 2272 942 2317 vilipendendi
968 2278 998 2305 et
1023 2272 1068 2305 in—

328 2324 528 2360 sordescendi
553 2326 586 2359 in
609 2326 680 2366 illis,
705 2326 811 2359 statuit
836 2331 865 2360 et
891 2325 1047 2360 ordinavit

365 2434 375 2460 1
394 2433 464 2461 Edit.
482 2433 559 2462 ltlain.
577 2433 641 2469 legit
652 2443 707 2470 pro
723 2442 852 2470 expresso
869 2436 905 2471 (n.
919 2436 966 2468 Ἢ).

363 2477 380 2505 2
394 2477 436 2505 Sic
449 2486 543 2505 omnes
558 2478 690 2506 editiones
702 2479 740 2513 (n.
757 2479 807 2514 r.).

365 2522 380 2549 3
403 2522 564 2549 Particulam
590 2531 626 2549 ne
653 2523 777 2550 addimus
804 2531 835 2549 ex
862 2523 926 2549 edit.
949 2523 1088 2550 Cherub.'

328 2575 365 2599 (n.
387 2575 412 2595 τ,
430 2588 436 2594 .

364 2613 382 2639 4
400 2568 471 2640 fidit.
492 2611 576 2639 Main.
591 2611 656 2645 legit
669 2613 816 2647 expeditus
835 2613 877 2647 (n.
891 2618 938 2646 L).

365 2658 381 2685 5
401 2656 519 2685 Erronee
537 2656 600 2683 edit,
616 2654 662 2683 ors
683 2657 775 2691 legunt
796 2658 875 2685 wau
893 2658 929 2691 (r¹⁴
953 2667 994 2691 [Ἅι

1093 242 1144 264 vm
1170 242 1216 263 ιψ.
1766 231 1799 262 71

1096 289 1275 322 huiusmodi
1301 288 1529 322 absolutionem
1555 294 1584 321 et
1608 288 1778 321 clausulam
1804 289 1834 321 in

1096 342 1217 383 litteris,
1233 353 1309 386 quas
1334 343 1365 376 in
1385 343 1524 376 futurum
1542 353 1614 376 cum
1634 343 1685 375 itta
1706 343 1833 376 concedi

1096 395 1264 438 continget,
1289 407 1351 430 non
1376 396 1542 439 suffragari
1568 407 1627 429 non
1653 395 1835 440 parentibus

1096 448 1140 480 rei
1159 448 1322 490 iudicatae,
1340 450 1550 490 incendiariis,
1570 449 1774 483 violatoribus
1790 461 1835 481 ec-

1078 515 1079 520 *
1096 501 1273 543 clesiarum,
1286 503 1549 543 salsiiicatoribus,
1559 508 1589 536 et
1600 503 1757 536 falsificari
1768 513 1835 547 pro-

1096 554 1276 587 curantibus
1304 555 1420 588 litteras
1445 561 1474 588 et
1499 556 1742 600 supplicationes
1761 566 1835 601 apo-

1097 607 1232 648 stolicas,
1253 612 1281 639 et
1300 607 1360 640 illis
1386 609 1562 649 utentibus,
1587 610 1835 654 receptatoribus

1097 666 1127 693 et
1151 660 1326 694 fautoribus
1350 672 1470 702 eorum,
1488 673 1522 695 ac
1539 673 1589 695 res
1608 663 1713 695 vetitas
1734 663 1771 696 ad
1789 664 1835 697 in-

1096 713 1204 747 fideles
1229 714 1453 755 deserentibus,
1472 715 1674 749 violatoribus
1697 717 1837 749 ecclesia-

1097 768 1191 801 sticae
1217 768 1381 809 libertatis,
1406 769 1454 801 xia
1480 769 1549 802 sacti
1575 780 1651 802 ausu
1669 771 1837 803 temerario

1097 822 1277 867 apostolicis
1295 823 1447 856 mandatis
1462 833 1524 856 non
1538 823 1838 868 obtemperantibus,

1079 880 1127 916 tet
1158 876 1284 909 nuntios
1322 877 1368 909 rel
1408 882 1616 921 exequutores
1644 878 1839 922 Apostolicae

1080 949 1082 984 ι
1098 929 1194 971 Sedis,
1221 936 1250 962 et
1274 930 1341 963 eius
1367 931 1525 971 officiales,
1543 936 1573 963 et
1592 932 1658 965 eius
1673 932 1838 966 commissa

1098 990 1286 1028 exequentes
1301 1013 1308 1025 ,
1341 985 1605 1029 impedientibus,
1629 987 1682 1029 qui
1710 993 1840 1030 propter

1098 1039 1271 1081 praemissa
1298 1039 1342 1071 vel
1369 1039 1496 1083 aliquod
1520 1050 1630 1073 eorum
1660 1051 1838 1075 exeommu-

1098 1092 1201 1133 nicati,
1228 1103 1244 1125 a
1270 1093 1336 1125 iure
1359 1094 1405 1125 vel
1423 1093 1462 1126 ab
1479 1094 1617 1134 homine,
1635 1106 1690 1139 per
1704 1101 1839 1138 quatuor

1080 1156 1222 1178 menses
1252 1146 1385 1179 scienter
1416 1148 1750 1182 excommunicationis
1774 1160 1840 1183 sen-

1056 1225 1063 1239 ,
1080 1223 1081 1226 ι
1098 1199 1226 1232 tentiam
1251 1199 1432 1233 huiusmodi
1457 1201 1679 1241 sustinuerint;
1700 1208 1728 1235 et
1745 1213 1840 1246 gene-

1098 1253 1206 1285 raliter
1231 1253 1484 1298 quibuscumque
1508 1255 1594 1296 aliis,
1620 1256 1672 1299 qui
1698 1257 1840 1290 censuris

1098 1305 1266 1349 aliquibus,
1284 1307 1378 1339 etiam
1395 1307 1480 1348 alias,
1497 1318 1591 1351 quam
1609 1314 1641 1341 ut
1655 1310 1839 1352 praefertur,

1099 1359 1337 1403 quomodolibet
1361 1360 1470 1403 ligati,
1496 1361 1526 1394 in
1558 1361 1619 1394 illis
1644 1373 1700 1406 per
1725 1373 1840 1395 annum

1098 1413 1282 1446 continuum
1307 1414 1530 1448 insorduerint.

1144 1466 1195 1500 67.
1221 1468 1316 1509 ltem,
1342 1468 1424 1501 idem
1448 1469 1599 1503 Dominus
1628 1471 1749 1512 Noster,
1775 1482 1842 1504 exa-

1081 1526 1083 1546 !
1099 1520 1255 1554 ctionibus
1273 1532 1349 1565 quas
1365 1523 1516 1557 Sanctitas
1535 1524 1606 1565 Sua,
1623 1534 1686 1557 non
1700 1525 1765 1558 sine
1783 1525 1842 1558 dis-

1099 1574 1480 1620 plicentia,ple1u1nque
1510 1577 1579 1610 fieti
1611 1578 1762 1612 intellexit
1785 1590 1841 1623 pei

1082 1628 1194 1675 officit
1195 1628 1248 1661 des
1273 1629 1432 1662 Romanae
1457 1630 1562 1663 curiae
1580 1631 1646 1675 (qui
1664 1631 1842 1666 constitutis

1082 1660 1085 1712 i
1101 1681 1158 1714 sibi
1173 1682 1396 1715 emolumentis
1413 1694 1470 1727 pro
1487 1684 1638 1717 exercitio
1656 1684 1842 1721 officiorum

1083 1746 1181 1791 quae
1206 1735 1357 1772 obtinent
1383 1747 1445 1770 non
1471 1737 1724 1778 contenti,ult1a
1741 1748 1757 1770 a
1775 1749 1845 1782 pio-

1102 1789 1303 1833 sequentibus
1328 1790 1527 1833 negotiorum
1553 1791 1762 1835 quorumdam
1792 1803 1844 1825 ex-

1084 1843 1294 1887 peditionem
1321 1844 1352 1876 in
1377 1845 1487 1877 eadem
1506 1845 1633 1888 exisere
1659 1856 1721 1879 non
1740 1857 1845 1879 xW-eien

1084 1896 1086 1936 ξ
1102 1898 1166 1940 ιιιι·)
1187 1897 1313 1930 obviare
1334 1898 1451 1939 volens,
1467 1898 1608 1932 districte
1625 1899 1845 1943 praecipiendo

1102 1949 1236 1982 inhibuit
1261 1950 1407 1983 omnibus
1435 1956 1464 1984 et
1488 1951 1620 1994 singulis
1652 1952 1781 1995 quaevis
1805 1954 1846 1985 ol*-

1102 2004 1173 2036 ficia
1198 2004 1228 2036 in
1254 2004 1362 2037 eadem
1390 2005 1476 2038 curia
1502 2005 1725 2046 obtinentibus,
1748 2017 1786 2039 ne
1807 2007 1844 2040 de

1103 2063 1207 2091 cetero
1244 2059 1413 2103 quicquam
1448 2065 1610 2103 praetextu
1644 2060 1842 2099 officiorum,

1102 2123 1182 2156 quac
1207 2113 1378 2153 obtineant,
1393 2114 1503 2157 quotis
1524 2114 1640 2154 coloie,
1659 2114 1750 2147 etiam
1768 2115 1844 2147 cele-

1103 2166 1196 2199 r·ioiis
1221 2167 1446 2211 expeditionis,
1472 2168 1552 2200 ultra
1582 2168 1794 2202 emolumenta
1817 2179 1844 2201 e

1085 2206 1238 2253 ιιιιεῐιιοάἰ
1273 2220 1416 2263 exigere,
1449 2231 1503 2254 seu
1528 2221 1566 2253 ad
1591 2222 1674 2254 hunc
1699 2221 1842 2255 effectum

1085 2273 1087 2293 ’
1103 2273 1333 2317 expeditionem
1348 2285 1468 2316 eorum,
1497 2286 1575 2319 quae
1591 2275 1634 2308 tis
1649 2275 1844 2313 incumbunt

1060 2354 1068 2367 ‚
1085 2348 1087 2377 ἰ
1104 2327 1257 2362 malitiose
1269 2329 1406 2370 differre,
1421 2329 1478 2362 sub
1497 2328 1841 2371 excommunicationis,

1104 2387 1133 2417 et
1145 2387 1271 2427 praeter
1280 2382 1376 2423 illam,
1387 2381 1600 2426 suspensionis
1610 2393 1626 2414 a
1642 2382 1845 2426 perceptione

1086 2468 1087 2476 ,
1104 2437 1393 2471 emolumentorum
1410 2435 1592 2469 huiusmodi
1607 2446 1665 2479 pro
1683 2436 1788 2480 prima
1806 2436 1843 2469 ad

1085 2478 1273 2531 isemestre,
1298 2494 1329 2522 et
1357 2500 1416 2534 pro
1442 2489 1576 2522 secunda
1602 2489 1640 2522 ad
1663 2500 1790 2530 annum,
1815 2496 1842 2523 et

1086 2579 1087 2582 ,
1104 2555 1161 2588 pro
1188 2544 1278 2577 tertia
1306 2543 1434 2583 vicibus,
1456 2543 1569 2587 quibus
1587 2543 1630 2576 sic
1648 2543 1844 2583 excederent,

1104 2598 1288 2642 privationis
1302 2597 1479 2631 officiorum
1496 2608 1552 2641 per
1569 2607 1622 2631 eos
1632 2597 1842 2634 obtentorum,

1106 2649 1135 2680 in
1160 2648 1272 2691 quibus
1294 2648 1335 2681 sic
1362 2648 1560 2689 excesserint,
1585 2649 1703 2693 poenis.
1731 2651 1771 2682 Ac
1794 2660 1843 2680 ro>-

1852 240 1897 266 An⁴
1913 242 1940 266 (A.
1967 242 2031 267 urin

1887 1481 1991 1502 Officiates
2010 1488 2038 1501 na-

1856 1508 1884 1529 hil
1895 1511 1977 1534 exigant
1986 1510 2039 1529 ulna

1856 1535 1956 1556 debitum.
