2269 3235
228 258 278 285 An.
295 258 323 285 e.
348 258 413 285 icet
459 249 524 283 214

271 1543 361 1564 Decreta
377 1549 415 1564 an-

232 1572 310 1591 tcacta.

426 312 458 340 ut
484 308 514 339 in
540 307 615 351 ipsis
631 306 844 350 praescriptus
869 305 929 337 iam
955 314 1163 347 personarum

425 371 576 393 numerus
593 360 623 392 in
648 364 810 403 posterum
828 363 979 399 servetur,
999 357 1164 401 nullusque

425 414 553 446 omnino
573 412 718 456 superior
737 411 875 444 cuiusvis
895 411 1082 444 conditionis
1098 420 1166 454 per-

425 477 572 502 sonarum
594 472 624 498 et
648 465 839 498 novitiorum
864 475 1030 497 numerum
1049 474 1165 506 augere

426 524 615 562 praesumat,
632 520 668 551 ea
692 521 792 562 poena
817 518 989 562 proposita,
1009 517 1087 551 utin
1103 527 1167 550 om-

425 572 518 604 nibus
549 572 690 615 privatus
721 571 852 612 officiis,
877 571 963 604 vocis
991 570 1109 603 activae
1137 574 1167 604 et

425 625 567 669 passivae
591 626 639 659 ius
663 636 755 659 omne
785 625 914 658 amittat.
938 625 1008 657 Vult
1032 624 1166 667 denique

426 678 578 712 Sanctitas
602 679 678 720 Sua,
703 679 883 712 huiusmodi
908 678 1086 711 facultatem
1110 687 1167 720 per

425 731 708 775 Congregationem
738 731 982 766 Resormationis
1010 730 1166 775 Apostoli-

427 795 481 818 cae
505 786 564 819 hoe
588 786 715 819 decreto
734 785 902 819 Secretarii
920 794 1014 817 manu
1034 784 1168 817 subscri-

426 843 479 883 pto
503 839 644 881 concedi,
661 849 724 872 non
747 839 890 872 obstante
910 838 1048 878 decreto,
1065 842 1099 870 ut
1115 848 1168 870 su-

426 903 494 937 pra,
512 893 723 937 promulgato.

470 946 582 978 Datum
611 946 747 985 Romae,
772 944 832 985 die,
857 949 914 977 etc.
939 942 1168 976 Praescribitur

427 1009 502 1031 vero
526 1009 678 1031 numerus
707 997 906 1030 sacerdotum
925 1023 930 1029 .
951 1024 955 1029 .
973 1023 978 1028 .
997 1023 1014 1037 .‚
1040 995 1168 1028 clerico·

427 1062 499 1084 rum
517 1078 523 1084 .
539 1078 545 1083 .
565 1078 570 1084 .
591 1077 608 1094 .‚
626 1051 817 1084 novitiorum
837 1077 842 1083 .
859 1077 864 1082 .
882 1077 886 1082 .
908 1077 924 1090 .,
942 1059 1170 1083 conversorum·

427 1110 540 1138 autem.
560 1132 565 1137 .
589 1131 595 1137 ,
618 1131 623 1137 .

620 1177 653 1210 N.
674 1175 864 1208 Visitationis
880 1180 911 1207 et
926 1173 1169 1208 Refer-mationis

694 1228 891 1272 Apostolicae
911 1227 1111 1261 Secretarius.

645 1326 825 1356 Decretum
847 1324 949 1355 aliud.

501 1399 604 1442 Super
627 1399 733 1441 formet
756 1396 936 1440 recipiendi
959 1396 1097 1429 novitios

428 1452 634 1496 reyularium
647 1451 690 1484 ad
708 1451 858 1483 habitum
870 1454 899 1483 et
914 1446 1169 1493 professionem¹.

474 1531 695 1566 Sanctissimus
719 1531 751 1563 in
775 1530 897 1564 Christo
915 1530 1006 1562 Pater
1023 1535 1052 1562 et
1069 1529 1171 1562 Domi—

429 1597 489 1620 nus
512 1587 624 1619 Noster
641 1585 790 1618 Dominus
809 1584 952 1618 Clemens
972 1583 1076 1616 divina
1100 1594 1172 1626 pro-

430 1639 566 1672 videntia
579 1639 661 1682 Papa
677 1638 742 1670 vlll
760 1637 825 1680 (qui
843 1637 928 1677 alias,
942 1647 999 1680 pro
1017 1635 1172 1678 regularis

430 1692 612 1736 disciplinae
642 1691 861 1731 restitutione,
887 1689 1019 1732 singulis
1052 1690 1173 1731 regula-

430 1747 513 1780 rium
531 1746 709 1786 Ordinibus,
726 1744 913 1789 quibusdam
935 1744 1081 1787 exceptis,
1102 1753 1173 1786 pro-

430 1799 542 1840 hibuit,
562 1809 601 1831 ne
618 1799 656 1832 ad
679 1798 858 1840 regularem
879 1797 1021 1830 habitum
1039 1795 1173 1829 novitios

431 1853 639 1897 imposterum
652 1851 841 1895 reciperent,
851 1855 1032 1894 receptosve
1050 1850 1088 1882 ad
1103 1860 1174 1893 pro-

431 1907 598 1940 fessionem
611 1906 819 1946 admitterent,
837 1915 1000 1949 quousque
1020 1904 1052 1936 in
1068 1902 1176 1947 aliqui-

432 1961 637 1994 buscuiusvis
645 1960 770 1994 Ordinis
776 1958 974 1992 monasteriis
981 1968 1037 1991 seu
1044 1967 1175 1992 conven-

432 2015 526 2055 tibus,
547 2014 578 2047 in
593 2014 708 2058 quibus
723 2013 893 2047 novitiatus
910 2022 967 2056 pro
986 2011 1175 2055 recipiendis

433 2075 463 2102 et
475 2067 644 2102 educandis
667 2067 793 2101 novitiis
817 2066 1058 2109 designarentur
1078 2069 1107 2097 et
1125 2076 1176 2108 ap-

432 2122 652 2166 probarentur,
670 2121 709 2154 ad
728 2121 806 2160 eius,
822 2130 916 2164 quam
940 2118 1073 2163 professi
1094 2123 1174 2158 sunt,

434 2176 562 2219 regulae
592 2174 842 2219 praescriptum,
868 2173 982 2213 vitani,
1007 2182 1175 2215 moresque

433 2229 635 2262 restituerent
659 2234 689 2261 et
713 2225 979 2271 coiiiponerent⁹)
998 2225 1114 2259 certior
1127 2225 1176 2258 dc-

434 2283 506 2316 inde
529 2283 638 2323 sactus,
655 2282 808 2326 quosdam
834 2280 975 2314 omnium
1000 2280 1064 2312 sere
1089 2279 1175 2313 Ordi-

434 2347 509 2369 num
530 2339 701 2369 conventus
725 2346 779 2368 seu
804 2333 995 2367 monasteria
1019 2332 1057 2365 ad
1073 2332 1175 2376 pristi-

434 2401 506 2422 nam
532 2390 617 2422 illam
641 2389 821 2432 regularem
846 2387 968 2420 vivendi
994 2388 1126 2419 sormam
1145 2391 1174 2418 et

435 2444 650 2488 disciplinam,
674 2454 767 2487 quam
793 2442 909 2475 diutius
933 2440 1174 2481 desideraverat,

437 2499 529 2531 tuisse
555 2498 698 2538 redacta,
723 2497 754 2530 in
779 2496 897 2529 eisdem
922 2494 1122 2528 monasteriis
1147 2499 1176 2527 et

474 2582 484 2606 1
503 2578 577 2605 Istud
597 2579 650 2605 iam
667 2578 768 2606 editum
784 2578 883 2606 erat-in
898 2577 1049 2610 Βαῑίανίο,
1067 2580 1131 2604 tom.
1149 2584 1175 2609 x,

437 2632 498 2660 pag.
515 2625 561 2651 771
584 2624 625 2659 (R.
641 2626 689 2657 T).

1010 255 1189 281 nULLAmUM
1213 255 1367 282 ROMANUM

1199 304 1414 343 conventibus,
1432 308 1465 336 ut
1488 303 1654 337 novitiatus
1678 303 1758 347 erigi
1781 308 1812 337 et
1830 303 1937 337 novitii

1199 357 1297 401 recipi
1315 362 1441 401 possent
1462 355 1534 399 (sub
1558 355 1653 389 certis
1676 361 1779 389 tamen
1804 356 1937 399 legibus,

1199 420 1234 442 ac
1260 411 1295 443 ea
1320 409 1523 454 praesertim,
1549 414 1583 441 ut
1613 408 1738 442 licentia
1766 419 1783 442 a
1806 409 1939 453 Congre-

1200 463 1324 506 gatione
1359 462 1600 497 Reformationis
1630 462 1827 505 Apostolicae
1851 463 1939 506 prius

1200 516 1325 549 obtenta
1339 517 1442 560 esset),
1458 515 1621 556 concessit,
1639 519 1669 548 et
1685 514 1723 548 ad
1736 515 1789 547 illa
1801 514 1940 558 designa-

1201 570 1243 603 vit
1259 575 1289 603 et
1305 569 1519 613 approbavit¹.

1245 623 1332 655 Nunc
1358 623 1475 663 volens,
1496 627 1530 655 ut
1553 632 1598 662 ea,
1624 632 1703 665 quae
1728 631 1787 665 pro
1811 621 1941 654 novitio-

1201 686 1272 708 rum
1304 676 1484 719 receptione
1518 675 1556 708 de
1587 675 1733 708 mandato
1764 674 1940 708 Sanctitatis

1201 728 1280 762 Suae
1297 730 1491 773 praescripta
1508 730 1644 771 fuerunt,
1665 729 1873 772 imposterum
1893 738 1942 762 ac-

1202 783 1340 815 curatius
1369 788 1400 815 et
1432 783 1571 816 exactius
1602 783 1809 816 observentur
1838 782 1942 826 (ultra

1201 836 1335 869 sormam
1360 836 1505 870 traditam
1523 836 1554 869 in
1578 835 1856 869 constitutionibus
1879 834 1943 868 seli-

1202 889 1246 922 cis
1270 889 1499 922 recordationis
1514 889 1588 923 Sixti
1606 890 1708 933 Papae
1727 888 1779 929 V²‚
1799 894 1829 922 et
1848 889 1942 922 etiam

1202 942 1380 975 Sanctitatis
1396 942 1476 974 Suae
1494 952 1590 985 super
1607 942 1788 985 receptione
1812 942 1944 975 novitio-

1203 995 1289 1038 rum)
1313 994 1462 1035 decrevit,
1485 1004 1521 1026 ac
1545 995 1720 1038 praesentis
1743 995 1862 1028 decreti
1885 995 1946 1028 vir—

1203 1053 1268 1080 tute
1292 1047 1447 1089 mandat⁸‚
1464 1057 1504 1080 ne
1524 1047 1555 1079 in
1575 1047 1779 1080 conventibus
1802 1058 1858 1081 seu
1881 1058 1945 1082 mo-

1203 1101 1349 1134 nasteriis
1367 1101 1418 1144 (ad
1442 1100 1577 1134 novitios
1601 1100 1797 1144 recipiendos
1822 1100 1860 1133 de
1872 1101 1946 1134 San-

1204 1155 1318 1188 ctitatis
1352 1154 1432 1188 Suae
1460 1165 1515 1186 seu
1551 1154 1652 1187 dietae
1686 1154 1946 1197 Congregationis

1205 1207 1448 1240 Reformationis
1465 1207 1592 1240 licentia
1609 1207 1760 1240 hactenus
1776 1206 1946 1250 designatis

1204 1266 1235 1294 ct
1258 1261 1451 1305 approbatis,
1468 1271 1523 1294 seu
1541 1260 1767 1304 imposterum⁴
1783 1260 1947 1304 designan-

1204 1315 1251 1348 dis
1277 1320 1307 1347 et
1330 1314 1557 1358 approbandis)

1248 1368 1362 1401 Novitii
1387 1368 1427 1400 ad
1450 1367 1593 1400 habitum
1623 1367 1721 1412 recipi
1749 1368 1947 1401 nullatenus⁵

1204 1422 1325 1465 possint
1345 1423 1391 1455 vel
1409 1422 1614 1462 admittifnisi
1630 1421 1719 1466 prius
1735 1422 1774 1454 ab
1788 1421 1855 1466 ipsa
1867 1421 1947 1455 Con-

1205 1477 1399 1519 gregatione‚
1417 1477 1464 1509 vel
1482 1487 1499 1508 a
1512 1476 1651 1520 propriis
1664 1477 1807 1509 locorum
1821 1475 1948 1509 Ordina-

1206 1530 1270 1570 riis,
1285 1535 1338 1562 aut
1350 1530 1388 1562 ab
1401 1529 1471 1570 illis,
1483 1529 1513 1562 in
1524 1539 1660 1572 quorum
1669 1519 1808 1562 ¹dioecesi
1819 1528 1948 1562 novitia-

1206 1587 1255 1615 tus
1280 1583 1417 1616 existunt
1440 1582 1471 1615 in
1502 1582 1615 1626 quibus
1640 1581 1749 1615 novitii
1774 1581 1947 1625 recipiendi

1205 1635 1331 1676 suerint,
1348 1645 1494 1678 expresse
1511 1640 1541 1667 et
1557 1634 1743 1667 nominatim
1763 1634 1872 1667 novitii
1889 1634 1947 1677 ipsi

1206 1688 1377 1732 recipiendi
1395 1688 1558 1732 approbati
1575 1688 1701 1728 suerint,
1719 1693 1749 1720 et
1761 1693 1794 1720 ut
1811 1687 1949 1731 recipiet

1207 1742 1329 1774 admitti
1342 1742 1462 1785 possint
1478 1741 1635 1774 licentiam
1651 1741 1681 1773 in
1695 1741 1819 1784 scriptis
1836 1740 1948 1783 (gratis

1208 1801 1312 1828 tamen
1326 1795 1357 1827 in
1371 1795 1516 1828 omnibus
1530 1795 1623 1827 etiam
1639 1794 1741 1838 quoad
1760 1794 1949 1838 scripturam

1209 1848 1463 1891 concedendam)
1489 1848 1691 1881 obtinuerint.
1717 1848 1820 1880 Monet
1844 1852 1949 1880 autem

1209 1902 1361 1935 Sanctitas
1385 1902 1445 1935 Sua
1466 1901 1592 1934 eosdem
1617 1901 1801 1934 Ordinarios
1821 1911 1948 1934 omnem

1209 1947 1317 1989 curam
1347 1960 1377 1988 et
1402 1955 1597 1998 diligentiam
1622 1954 1783 1995 adhibere,
1807 1959 1843 1987 ut
1866 1954 1950 1987 circa

1209 2013 1352 2050 aetatem,
1370 2009 1592 2050 conditionem,
1611 2008 1839 2050 educationem,
1853 2008 1951 2041 scien-

1211 2063 1294 2102 tiam,
1313 2062 1406 2095 vitam
1432 2067 1462 2095 et
1486 2072 1601 2103 mores,
1619 2067 1801 2105 ceterasque
1817 2061 1948 2105 qualita-

1210 2121 1255 2149 tes
1272 2116 1305 2148 in
1321 2115 1396 2159 ipsis
1411 2115 1536 2149 novitiis
1553 2115 1729 2159 requisitas,
1743 2114 1950 2148 observentur

1209 2169 1420 2202 institutiones
1431 2180 1490 2213 pro
1508 2168 1768 2213 illisrecipiendis
1783 2168 1822 2201 ab
1839 2168 1948 2201 eadem

1209 2223 1458 2266 Congregatione
1475 2223 1717 2256 Reformationis
1733 2223 1831 2255 sactae
1851 2227 1881 2254 et
1897 2232 1950 2265 pu-

1245 2307 1256 2332 1
1274 2305 1303 2332 ld
1318 2305 1343 2331 in
1358 2305 1468 2332 decreto
1482 2304 1604 2339 proxime
1619 2303 1804 2339 praecedenti,
1821 2311 1882 2339 pag.
1899 2303 1950 2330 2¹3

1210 2356 1246 2386 tn.
1264 2351 1312 2385 πη).

1243 2395 1260 2421 2
1272 2394 1336 2421 Vide
1347 2398 1439 2421 notam
1450 2393 1483 2420 ad
1493 2393 1643 2427 rubricam,
1654 2403 1716 2429 sup.
1729 2401 1789 2429 pag.
1800 2392 1947 2429 202(R.T.).

1245 2440 1260 2467 3
1277 2439 1306 2466 In
1323 2439 1388 2466 edit.
1410 2439 1528 2466 Cherub.
1550 2439 1626 2466 Rom.
1648 2442 1676 2466 et
1694 2439 1721 2465 in
1742 2438 1800 2466 loco
1821 2438 1950 2474 parallelo

1209 2484 1308 2521 legitur
1322 2485 1474 2512 mandavit
1489 2488 1526 2518 (n.
1540 2485 1586 2518 T.).

1247 2530 1262 2556 t
1286 2529 1358 2556 Ilaec
1381 2529 1465 2557 verba
1484 2523 1641 2563 de'siqnatis
1665 2531 1690 2555 et
1715 2527 1880 2563 approbatis
1902 2536 1950 2555 seu

1211 2576 1412 2610 imposterum,
1428 2573 1553 2601 addimus
1567 2582 1598 2601 ex
1613 2573 1671 2601 loco
1687 2573 1815 2609 parallelo
1830 2575 1866 2605 (n.
1883 2572 1930 2605 Τ.).

1247 2621 1264 2646 5
1280 2619 1371 2647 Potius
1385 2618 1531 2654 legendum
1547 2619 1616 2647 soret
1630 2619 1785 2653 ullatenus,
1797 2625 1858 2644 nam
1870 2625 1949 2652 prae—

472 2669 488 2695 2
503 2669 530 2696 ld
547 2669 573 2695 in
585 2668 693 2697 decreto
705 2669 829 2704 superius
844 2669 940 2702 relato,
951 2676 1011 2704 pag.
1024 2667 1076 2695 206
1088 2668 1176 2702 (nr).
1213 2665 1291 2694 cedet
1306 2674 1340 2694 nc
1356 2670 1394 2700 tn.
1410 2666 1459 2699 Τ.),

1951 255 2000 283 An.
2017 254 2045 283 C.
2067 255 2134 284 ¹62⁴

2002 633 2138 656 Conditiones

1955 660 2080 682 servandae.
