2269 3235
96 252 145 282 An.
160 251 189 280 C.
210 251 279 280 ¹625

135 2233 237 2255 Praelatis
253 2233 292 2254 hu·

109 2261 141 2281 ius
173 2260 292 2286 (longi-ega·

292 299 427 332 latorum
444 297 701 341 Congregationis
717 302 840 330 sanctae
857 297 963 330 Crucis
980 297 1033 330 Co·

295 351 486 384 limbricnsis
511 351 735 385 canonicorum
760 350 953 393 regularium
981 350 1033 382 Or-

295 405 375 438 dinis
391 404 419 438 S.
435 404 601 448 Augustini
615 404 706 447 regni
723 403 930 446 Portugalliae
943 402 1033 435 nobis

294 458 456 492 humiliter
473 457 627 502 porrectis
643 456 793 498 inclinati,
811 466 846 488 ac
864 455 1032 499 specialem

295 511 356 545 illis
381 510 513 554 gratiam
544 511 645 543 facere
674 509 830 550 volentes,
860 518 1034 551 eorumque

296 565 470 608 singulares
501 573 652 607 personas
675 572 693 595 a
720 561 881 605 quibusvis
913 571 1035 595 excom-

296 616 537 658 municationis,
562 614 776 659 suspensionis
800 619 830 648 et
856 614 1033 656 interdicti,

296 670 427 714 aliisque
457 668 674 702 ecclesiasticis
703 667 863 701 sententiis
894 667 1035 701 censuris

296 729 327 757 et
351 723 470 768 poenis,
488 733 505 756 a
524 723 592 756 iure
616 722 665 755 vel
689 722 727 755 ab
751 722 899 762 homine,
925 722 1035 766 quavis

297 777 460 811 occasione
485 776 532 808 vel
557 776 651 808 causa
676 774 755 815 latis,
776 775 801 807 si
826 774 939 818 quibus
962 785 1037 818 quo-

296 829 469 864 modolibet
492 828 656 862 innodatae
674 828 821 869 existunt,
835 828 873 861 ad
890 828 1036 861 effectum

295 882 509 928 praesentium
526 882 686 916 dumtaxat
703 881 968 926 consequendum,
986 882 1037 914 lia—

296 948 367 971 rum
399 936 480 970 serie
510 936 707 969 absolventes
732 941 762 969 et
788 936 946 969 absolutas
970 936 1037 969 sore

297 995 458 1024 censentes
473 1017 480 1030 ,
504 989 542 1023 de
565 989 793 1022 venerabilium
822 990 955 1022 fratrum
980 1000 1036 1022 no—

298 1048 436 1079 strorum
461 1049 585 1077 sanctae
610 1044 767 1077 Romanae
792 1043 949 1077 Ecclesiae
974 1054 1038 1076 car-

298 1098 449 1132 dinalium
474 1099 554 1131 sacri
578 1098 706 1132 Concilii
738 1097 910 1131 Tridentini
941 1097 1037 1130 inter-

298 1157 424 1196 pretum
445 1152 586 1192 consilio,
603 1151 723 1184 Bullam
741 1151 896 1185 cruciatae
915 1156 1037 1185 sanctae

299 1210 329 1239 et
344 1206 403 1238 alia
419 1205 593 1249 privilegia,
611 1215 691 1248 quae
707 1205 746 1237 ab
764 1205 942 1248 Apostolica
959 1204 1037 1238 Sede

298 1259 427 1293 concedi
452 1259 553 1292 solent
582 1258 664 1291 circa
693 1258 871 1291 facultatem
903 1258 1038 1301 eligendi

299 1313 511 1347 confessorem
529 1312 676 1344 idoneum
693 1311 732 1344 ab
745 1311 910 1345 Ordinario
927 1322 1039 1356 appro-

298 1367 417 1407 batum,
442 1366 496 1409 qui
520 1365 619 1410 possit
639 1365 858 1398 christifideles
875 1365 1039 1398 absolvere

299 1432 317 1454 a
340 1420 464 1454 casibus
488 1419 654 1454 Ordinario
678 1419 855 1460 reservatis,
875 1424 905 1452 et
928 1429 945 1452 a
969 1419 1038 1463 qui-

299 1473 431 1507 busdam
455 1473 550 1506 etiam
574 1473 627 1517 qui
652 1473 752 1506 dictae
777 1472 848 1506 Sedi
871 1471 1038 1506 reservati¹

299 1532 392 1567 sunt,
417 1537 488 1559 cum
520 1526 611 1559 dietis
635 1526 756 1570 priore,
782 1526 945 1570 praelatis,
971 1526 1040 1558 reli-

299 1580 432 1625 quisque
446 1580 546 1613 dietae
559 1580 817 1622 Congregationis
834 1579 992 1612 canonicis
1010 1584 1040 1612 et

299 1634 444 1679 personis
467 1634 572 1667 locum
597 1633 726 1665 minime
751 1633 878 1673 habere,
895 1642 952 1665 nec
972 1643 1041 1665 cen—

300 1688 372 1728 seri,
393 1687 447 1720 sed
460 1691 585 1721 nostrae
598 1686 779 1719 intentionis
796 1686 938 1726 existere,
955 1686 1040 1730 quod

300 1741 395 1774 iidem
419 1740 562 1774 canonici
587 1745 617 1772 et
640 1749 804 1784 personae,
826 1744 977 1782 quantum
1002 1739 1040 1772 ad

300 1794 489 1828 sacramenti
527 1794 736 1838 poenitentiae
773 1803 829 1826 seu
865 1794 1037 1827 consessio-

300 1848 349 1881 nis
365 1847 679 1889 administrationem,
693 1846 891 1891 dispositioni
910 1857 1040 1880 suorum

300 1902 515 1947 praelatorum
539 1901 670 1934 subiecti
694 1900 769 1941 sint,
793 1900 965 1944 apostolica
989 1911 1042 1934 au-

301 1956 461 1996 ctoritate,
486 1960 595 1988 tenore
626 1954 858 1999 praesentium,
888 1959 1042 1999 perpetuo

301 2009 509 2050 declaramus,
533 2008 651 2042 eisdem
663 2013 769 2041 tamen
783 2008 941 2052 praelatis,
962 2013 996 2041 ut
1012 2009 1042 2041 in

301 2074 362 2096 usu
385 2062 478 2096 huius
501 2062 663 2107 potestatis
687 2072 719 2095 se
739 2072 810 2095 cum
832 2061 964 2095 subditis
987 2062 1042 2095 be-

302 2116 415 2159 nignos
439 2121 470 2149 et
493 2116 599 2149 faciles
619 2115 797 2156 exhibeant,
813 2115 1042 2159 praecipientes

304 2174 334 2202 et
357 2169 548 2202 mandantes.

350 2223 365 2265 §
387 2223 416 2255 2.
441 2224 478 2256 Et
502 2223 576 2267 quia
595 2233 720 2256 sacrum
745 2222 976 2256 oecumenicum
994 2233 1044 2266 gc-

109 2287 186 2335 fflffir
203 2276 410 2334 fssgffisslnerale
440 2277 656 2311 Tridentinum
687 2277 860 2311 Concilium
890 2277 1045 2310 concessit

108 2342 139 2361 tes
168 2339 290 2361 absolvendi
306 2328 469 2373 episcopis,
488 2335 522 2362 ut
545 2331 707 2364 absolvere
727 2331 848 2375 possint
872 2331 904 2363 in
927 2331 996 2364 foro
1016 2341 1045 2363 a-

107 2367 128 2388 in
159 2366 204 2387 soro
237 2371 291 2387 con·
329 2382 334 2387 .

105 2392 290 2440 :efflsgfioqpffi
304 2393 408 2416 nimae
432 2393 487 2416 seu
511 2384 719 2417 conscientiae
744 2384 782 2416 ab
807 2384 954 2417 omnibus
975 2394 1044 2428 pec-

105 2446 192 2467 donnino
208 2446 290 2472 episeo-
306 2436 399 2477 eatis,
423 2440 452 2470 et
478 2436 658 2480 dispensare
682 2438 713 2470 in
746 2437 1042 2481 irregularitatibus,

104 2472 136 2499 pis
146 2475 195 2494 sunt
203 2478 289 2494 conces·

103 2504 148 2520 ⁵30.

306 2489 436 2530 idcirco,
453 2499 492 2522 ne
510 2490 598 2533 prior
621 2495 651 2523 et
674 2491 804 2534 praelati
834 2490 935 2524 dictae
963 2490 1043 2524 Con-

281 2536 293 2552 “
306 2542 499 2586 gregationis
523 2542 554 2575 in
572 2543 631 2576 hac
650 2548 738 2587 parte
758 2544 924 2577 deterioris
941 2544 1046 2577 condi—

306 2596 399 2631 tionis
415 2606 509 2640 quam
525 2596 631 2629 clerici
654 2602 706 2630 aut
729 2598 885 2631 seculares
902 2597 1044 2639 existant,

343 2660 353 2686 1
376 2658 425 2685 Ed.
442 2657 522 2685 ltlain.
538 2658 603 2692 legit
617 2663 763 2687 reservata
778 2662 816 2695 (n.
834 2661 884 2696 T.).

416 2713 494 2742 Bull.
509 2712 594 2741 Rom.
605 2728 639 2732 —
658 2712 718 2741 Vol.
735 2713 817 2741 XIII.
979 2714 1012 2742 47

902 248 1043 274 URBANUS
1067 249 1123 273 vm
1146 249 1193 274 Pr.

1065 297 1181 329 eisdem
1206 295 1305 340 priori
1330 301 1359 328 ct
1384 294 1540 339 praelatis,
1561 299 1591 326 ut
1615 293 1673 337 ipsi
1699 304 1755 337 per
1772 304 1804 326 se

1066 349 1149 393 ipsos
1176 349 1256 382 idem
1282 349 1410 382 omnino
1436 347 1555 391 possint
1579 346 1610 379 in
1635 346 1804 379 canonicos

1066 407 1096 435 et
1121 412 1271 446 personas
1297 402 1355 434 sibi
1380 401 1539 441 subditas,
1564 400 1648 444 quod
1674 406 1805 444 possunt

1066 454 1204 498 episcopi
1219 455 1249 486 in
1264 454 1394 487 clericos
1413 457 1442 487 et
1459 454 1554 486 laicos
1566 453 1624 486 sibi
1638 453 1805 494 subiectos,

1067 512 1129 540 tam
1154 507 1256 551 quoad
1281 507 1463 540 absolvendi
1481 512 1511 540 et
1527 507 1725 551 dispensandi
1749 508 1805 539 lni-

1067 560 1213 601 iusmodi,
1239 572 1332 604 qnam
1357 561 1432 593 alias
1452 571 1665 604 quascumque
1682 561 1806 594 faculta-

1068 621 1128 656 tes,
1157 614 1274 648 eisdem
1300 614 1485 648 auctoritate
1509 619 1538 646 et
1563 618 1687 654 tenore,
1713 614 1804 647 etiam

1068 674 1222 713 perpetuo
1247 667 1449 701 concedimus
1474 672 1503 700 et
1528 667 1746 709 indulgemus,
1771 678 1806 701 ac

1068 722 1163 755 etiam
1188 721 1394 754 declaramus.

1113 776 1128 819 g
1144 774 1173 808 3.
1191 775 1399 808 Decernentes
1416 778 1596 818 praesentes
1609 773 1727 807 litteras
1740 784 1808 818 per-

1068 833 1163 872 petuo
1193 828 1307 861 durare
1331 832 1361 860 et
1384 827 1505 867 valere,
1530 837 1631 870 neque
1663 826 1720 859 sub
1745 827 1809 870 qui-

1069 881 1175 914 busvis
1200 880 1349 914 similium
1376 881 1424 913 vel
1447 879 1648 913 dissimilium
1680 889 1808 913 conces-

1069 935 1192 968 sionum
1213 939 1243 967 et
1267 934 1441 977 gratiarum
1465 933 1728 974 revocationibus,
1746 943 1811 966 sus·

1070 988 1285 1033 pensionibus,
1303 987 1570 1031 derogationibus,
1587 991 1640 1020 aut
1656 987 1724 1019 aliis
1740 996 1810 1020 eon-

1070 1042 1176 1075 trariis
1200 1041 1472 1085 dispositionibus,
1501 1040 1595 1073 etiam
1619 1051 1676 1085 per
1699 1051 1757 1073 nos
1781 1044 1812 1075 ct

1071 1105 1268 1129 successores
1299 1100 1423 1128 nostros
1454 1095 1612 1128 Romanos
1644 1093 1811 1127 Pontifices

1070 1160 1129 1193 pro
1154 1154 1295 1193 tempore
1315 1148 1480 1182 existentes
1504 1148 1741 1192 quomodolibet
1766 1148 1810 1180 sa-

1071 1201 1203 1242 ciendis,
1221 1202 1376 1235 ullatenus
1393 1201 1645 1245 comprehensas,
1663 1201 1717 1233 sed
1733 1211 1812 1233 sem-

1070 1267 1126 1300 per
1151 1255 1189 1288 ab
1209 1255 1270 1288 illis
1288 1259 1443 1299 exceptas,
1460 1259 1490 1287 et
1506 1254 1629 1298 quoties
1646 1254 1716 1287 illac
1732 1264 1812 1287 ema-

1071 1309 1199 1350 nabunt,
1214 1309 1305 1342 toties
1318 1309 1350 1342 in
1363 1309 1531 1353 pristinum
1546 1313 1574 1341 et
1585 1308 1812 1341 validissimum

1071 1366 1185 1397 statum
1214 1362 1372 1396 restitutas
1405 1365 1433 1396 et
1463 1361 1501 1395 de
1534 1372 1616 1395 novo
1649 1372 1813 1395 concessas

1072 1427 1137 1449 esse
1169 1421 1199 1449 et
1223 1417 1310 1456 l'ore;
1343 1415 1467 1450 irritum
1500 1426 1626 1459 quoque.
1660 1420 1691 1448 et
1722 1415 1813 1448 inane

1072 1470 1224 1515 quidquid
1244 1480 1333 1503 secus
1351 1480 1445 1513 super
1460 1469 1509 1502 his
1523 1480 1540 1502 a
1557 1479 1727 1513 quoquam,
1741 1479 1813 1512 qua-

1073 1524 1118 1557 vis
1150 1524 1356 1564 auctoritate‚
1389 1523 1523 1556 scienter
1552 1523 1599 1556 vel
1621 1523 1813 1565 ignoranter,

1073 1577 1241 1620 contigerit
1260 1576 1413 1609 attentari.

1118 1631 1133 1674 ξ
1160 1630 1189 1663 4.
1222 1631 1291 1664 Non
1319 1629 1516 1663 obstantibus
1548 1629 1751 1673 praemissis,
1779 1640 1814 1662 ac

1074 1683 1349 1718 constitutionibus
1373 1688 1403 1716 et
1427 1682 1678 1716 ordinationibus
1695 1688 1816 1727 aposto-

1073 1739 1150 1780 licis,
1176 1748 1299 1771 necnon
1322 1736 1486 1781 quibusvis
1504 1736 1612 1781 (ctiam
1629 1737 1815 1778 iuramento,

1074 1792 1312 1827 confirmatione
1336 1792 1530 1836 apostoliea,
1556 1791 1604 1824 vel
1629 1791 1737 1836 quavis
1762 1791 1816 1824 fir-

1074 1846 1182 1880 mitatc
1206 1846 1266 1878 ali-:1
1290 1845 1461 1888 roboratis)
1483 1844 1606 1877 statutis
1624 1849 1654 1877 et
1679 1855 1815 1877 eonsue-

1074 1900 1244 1940 tudinibus,
1269 1899 1443 1943 privilegiis
1472 1909 1608 1944 quoque,
1629 1898 1757 1931 indultis
1787 1904 1817 1932 et

1075 1954 1187 1987 litteris
1211 1953 1403 1998 apostolicis,
1430 1952 1531 1986 eidem
1557 1952 1817 1995 Congregationi‚

1076 2007 1221 2051 illiusque
1250 2006 1407 2040 canonicis
1431 2011 1461 2039 et
1485 2006 1644 2050 personis,
1670 2005 1727 2038 sub
1751 2005 1818 2049 qui-

1075 2062 1273 2104 buscumque
1297 2060 1461 2093 tenoribus
1485 2064 1514 2092 et
1538 2059 1657 2100 formis,
1682 2069 1718 2091 ac
1745 2069 1817 2092 curn

1075 2114 1237 2158 quibusvis
1261 2113 1408 2146 clausulis
1433 2118 1462 2146 et
1486 2112 1629 2152 decretis,
1646 2112 1678 2145 in
1699 2116 1818 2146 contra-

1076 2168 1159 2201 rium
1190 2167 1439 2212 praemissorum
1468 2165 1705 2210 quomodolibet
1736 2175 1815 2199 con—

1077 2221 1193 2262 cessis,
1219 2220 1414 2254 confirmatis
1446 2224 1476 2253 ct
1507 2219 1670 2252 innovatis.
1700 2218 1819 2258 Quibus

1077 2275 1224 2309 omnibus
1241 2277 1271 2308 et
1288 2273 1430 2317 singulis,
1448 2283 1560 2306 eorum
1577 2271 1718 2306 omnium
1737 2277 1820 2305 teno—

1077 2339 1127 2362 res
1149 2328 1367 2373 praesentibus
1391 2338 1449 2371 pro
1474 2327 1566 2371 plene
1584 2331 1614 2359 et
1630 2326 1821 2359 sufficienter

1078 2383 1234 2427 expressis
1258 2382 1420 2423 habentes,
1445 2381 1506 2414 illis
1530 2380 1606 2414 alias
1631 2380 1662 2413 in
1687 2391 1744 2413 suo
1769 2391 1821 2413 ro-

1077 2438 1156 2470 bore
1177 2435 1404 2481 permansuris,
1422 2435 1479 2468 hae
1496 2434 1563 2467 vice
1581 2434 1742 2467 dumtaxat
1756 2445 1823 2478 spe-

1079 2490 1198 2524 cialiter
1215 2494 1245 2522 et
1262 2498 1410 2532 expresse
1426 2488 1627 2531 derogamus,
1645 2487 1822 2531 ceterisque

1078 2543 1245 2578 contrariis
1262 2542 1530 2587 quibuscumque3
1549 2553 1604 2575 seu
1620 2541 1646 2576 si
1663 2541 1821 2586 aliquibus

1078 2596 1289 2631 communiter
1310 2596 1359 2629 vel
1378 2595 1501 2629 divisim
1518 2595 1557 2628 ab
1575 2595 1756 2639 Apostolica
1781 2595 1822 2628 sit

1078 2651 1156 2685 Sede
1180 2649 1346 2693 indultum,
1371 2650 1456 2694 quod
1479 2649 1632 2694 interdici,
1659 2648 1820 2695 suspendi,

1704 236 1770 271 369
1815 245 1864 273 An.
1882 245 1910 273 c.
1934 244 2001 273 1625

1850 785 1968 806 Clausulao.

1898 1638 1952 1669 Dei-o
1956 1638 2014 1664 gatto

1831 1668 1991 1688 contrariorum.
