2269 3235
99 235 150 262 An.
169 233 197 261 C.
216 231 284 260 ¹628

911 231 1052 256 unuANUS
1074 231 1129 255 VIII
1149 231 1196 255 Pr.

297 279 344 312 vel
369 279 490 313 ratione
514 278 718 322 legationum,
740 279 935 323 aliorumque
960 280 1032 311 osti-

298 331 429 375 ciorum,
455 332 548 365 etiam
574 332 731 365 Romanae
756 333 871 372 curiae,
889 337 919 364 et
938 331 1035 374 digni-

298 389 395 419 tatum
413 385 635 430 quarumlibet,
653 386 744 419 etiam
765 384 891 429 speciali
914 386 988 417 nota
1006 389 1035 416 et,

298 439 499 482 expressione
523 439 699 483 dignarum,
725 449 760 471 ac
784 438 859 471 alias
884 448 919 470 ex
946 437 1035 470 titulo

299 496 329 524 et
352 494 445 526 causa
471 503 557 525 mere
581 492 741 534 onerosis,
768 496 798 523 et
822 491 897 523 alias
926 490 1035 533 quovis

299 545 393 578 modo
417 545 587 588 attributis)
618 545 793 577 nullatenus
829 544 875 576 vel
909 542 1033 575 nonnisi

300 598 357 631 sub
374 599 467 631 certis
487 598 580 631 modo
604 602 635 630 et
658 597 758 630 forma
782 601 856 629 tunc
881 595 1036 639 expressis

300 651 447 695 derogari
470 651 578 692 valeat,
603 661 638 683 ae
663 650 695 683 in
715 649 897 694 praemissis
914 660 969 682 seu
988 660 1037 682 eo-

300 716 371 738 rum
396 705 500 749 aliquo
525 704 748 744 solemnitates,
773 708 802 736 et
825 703 953 746 quaevis
977 702 1037 734 alia

300 759 450 792 servanda
474 763 504 791 et
527 757 734 801 adimplenda,
752 760 873 790 servata
894 761 923 789 et
943 756 1038 788 adim-

299 812 381 855 pleta
405 821 467 844 non
491 810 617 850 suerint,
643 814 695 842 aut
713 820 747 842 ex
773 809 883 853 quovis
900 809 961 842 alio
986 819 1037 842 ea-

298 864 372 907 pite,
391 874 408 896 a
428 864 496 896 iure
519 864 567 896 vel
592 863 682 904 sacto,
707 874 762 896 seu
787 867 902 896 statuto
923 868 953 895 et
969 873 1039 896 eon-

300 917 463 950 suetudine
498 917 624 960 aliqua)
657 917 827 950 resultante
860 927 913 949 seu
945 917 1037 948 etiam

300 970 447 1012 enormis,
462 970 699 1003 enormissimae
715 975 745 1003 et
762 970 864 1003 totalis
882 969 1038 1009 laesionis,

301 1023 393 1057 etiam
418 1023 520 1067 quoad
545 1033 760 1067 quoscumque
784 1023 926 1067 ipsorum
944 1022 1040 1066 privi-

301 1077 488 1120 legiatorum
502 1077 684 1119 creditores,
701 1077 794 1109 etiam
812 1076 1041 1120 quantumlibet

301 1129 527 1173 privilegiatos,
552 1135 605 1162 aut
629 1140 831 1173 quocumque
849 1129 909 1161 alio
935 1129 1041 1161 colore

303 1187 333 1215 et
357 1183 446 1215 titulo
471 1183 564 1215 etiam
590 1183 621 1215 in
646 1193 778 1226 corpore
807 1182 884 1215 iuris
914 1182 1040 1222 clauso,

304 1246 358 1268 seu
379 1236 543 1269 occasione
558 1236 606 1268 vel
621 1238 714 1269 eausa
734 1236 826 1269 etiam
843 1235 1042 1279 quantumvis

304 1291 406 1331 iusta,
431 1290 608 1324 rationabili
641 1295 670 1323 et
700 1290 918 1334 privilegiata,
949 1290 1042 1322 etiam

304 1344 367 1384 tati,
393 1355 472 1388 quae
489 1344 527 1376 ad
547 1344 693 1377 effectum
712 1343 877 1376 validitatis
895 1342 1044 1387 praemis-

305 1407 412 1430 sorum
434 1397 611 1430 necessario
636 1396 841 1440 exprimenda
870 1396 966 1436 foret,
991 1400 1044 1427 aut

305 1449 389 1493 quod
413 1450 452 1482 de
476 1450 635 1483 voluntate
659 1453 768 1482 nostra
792 1448 983 1488 huiusmodi,
1008 1458 1043 1480 ac

306 1503 374 1536 aliis
398 1503 542 1547 superius
568 1503 723 1547 expressis
748 1514 803 1536 seu
827 1503 944 1543 relatis,
966 1502 1043 1534 niliil

306 1557 395 1589 ullibi
409 1562 575 1601 appareret
598 1568 654 1590 seu
674 1557 764 1589 aliter
780 1556 907 1600 probari
927 1560 1044 1600 posset,

305 1611 417 1651 notari,
441 1611 639 1654 impugnari,
664 1609 837 1650 invalidari,
863 1609 1043 1651 retractari,

305 1662 337 1694 in
360 1663 408 1696 ius
433 1663 481 1696 vel
506 1663 751 1696 controversiam
768 1663 920 1705 revocari,
938 1667 990 1700 aut
1007 1662 1045 1695 ad

305 1716 457 1749 terminos
481 1716 560 1750 iuris
583 1716 710 1757 reduci,
735 1717 785 1757 vel
805 1716 954 1748 adversus
978 1716 1046 1748 illas

306 1769 512 1803 restitutionis
537 1770 568 1802 in
585 1769 755 1812 integrum,
775 1769 958 1813 aperitionis
971 1769 1045 1809 oris,

308 1822 499 1856 reductionis
524 1823 562 1856 ad
586 1823 669 1856 viam
682 1823 874 1856 etterminos
894 1822 981 1863 iuris,
995 1827 1047 1855 aut

309 1875 393 1908 aliud
417 1876 636 1920 quodcumque
661 1876 756 1917 iuris,
781 1876 899 1919 gratiae
927 1877 974 1908 vel
1000 1876 1047 1908 iu-

309 1929 411 1962 stitiae
447 1929 622 1962 remedium
655 1929 839 1973 impetrari,
869 1940 924 1962 seu
954 1929 1047 1962 etiam

309 1988 416 2024 motu,
450 1983 579 2015 seientia
604 1987 634 2015 et
658 1983 820 2027 potestatis
855 1982 1048 2026 plenitudine

310 2035 463 2068 similibus
488 2033 638 2076 conce'di,
663 2040 715 2068 aut
740 2035 783 2068 sic
808 2035 975 2078 impetrato
1001 2036 1049 2067 vel

310 2099 459 2122 concesso
484 2090 663 2133 quempiam
695 2090 762 2129 uti,
795 2099 850 2122 seu
883 2099 915 2122 se
943 2089 1049 2122 iuvare

309 2143 341 2175 in
366 2143 480 2176 iudicio
505 2144 553 2176 vel
578 2149 664 2176 extra
692 2154 803 2187 posse,
835 2153 937 2187 neque
966 2143 1050 2186 ipsas

309 2203 489 2240 praesentes
507 2198 563 2230 sub
578 2197 742 2242 quibusvis
763 2197 912 2229 similium
930 2197 977 2229 vel
992 2197 1051 2229 dis-

312 2250 460 2283 similium
485 2251 658 2294 gratiarum
686 2250 955 2293 revocationibus,
983 2261 1051 2283 sus-

313 2303 526 2346 pensionibus,
550 2305 790 2339 limitationibus
809 2309 862 2337 aut
889 2304 956 2337 aliis
982 2314 1051 2337 con-

313 2356 418 2389 trariis
442 2357 696 2401 dispositionibus
721 2369 780 2402 pro
805 2363 949 2402 tempore
973 2369 1051 2402 quo-

314 2409 485 2444 modolibet
498 2411 645 2445 faciendis
658 2411 894 2456 comprehendi,
907 2412 961 2444 sed
974 2422 1052 2444 sem-

313 2473 371 2506 per
385 2463 424 2496 ab
447 2463 508 2498 illis
532 2471 685 2509 exceptas,
701 2472 919 2510 perpetuoque
936 2466 1052 2498 validas

314 2520 345 2549 et
368 2516 474 2550 firmas
486 2521 515 2551 et
527 2519 667 2552 efficaces
688 2520 821 2552 existere
835 2524 864 2551 et
876 2520 952 2559 sore,
969 2529 1054 2551 suos-

315 2580 376 2614 que
400 2571 558 2614 plenarios
582 2576 612 2606 et
634 2573 773 2616 integros
798 2572 926 2606 effectus
946 2572 1053 2605 sortiri

315 2630 345 2658 et
367 2625 520 2667 obtinere,
536 2631 565 2660 et
585 2626 622 2660 ab
639 2627 786 2661 omnibus
803 2632 833 2660 et
852 2626 993 2670 singulis,
1013 2626 1053 2660 ad

1709 221 1766 255 651

1069 290 1148 322 quos
1173 282 1292 322 spectat
1309 282 1339 310 et
1354 276 1590 321 quomodolibet
1610 277 1757 320 spectabit
1777 277 1807 309 in

1070 332 1226 373 I'uttuum,
1252 328 1472 364 inviolabiliter
1497 330 1674 370 observari3

1114 384 1192 427 gli».
1219 385 1332 428 Sic-que
1350 389 1379 417 et
1398 395 1460 417 non
1478 383 1567 416 aliter
1581 384 1611 416 in
1626 383 1808 428 praemissis·

1069 438 1215 470 omnibus
1233 443 1262 471 et
1280 438 1411 479 singulis
1431 449 1487 482 per
1504 448 1720 481 quoscumque
1733 437 1810 469 iudi-

1070 501 1120 523 ces
1129 491 1305 524 ordinarios
1315 497 1340 522 et
1356 491 1524 533 delegatos,
1536 491 1627 523 etiam
1643 501 1807 524 causarum

1069 543 1175 586 palatii
1193 544 1354 587 apostolici
1376 543 1544 583 auditores,
1562 548 1592 575 et
1609 549 1732 576 sanctae
1750 544 1810 575 tto-

1070 606 1179 628 manae
1189 597 1346 629 Ecclesiae
1359 597 1542 636 cardinales,
1553 608 1588 629 ac
1598 596 1808 629 camerarium

1071 654 1101 681 et
1121 650 1352 682 thesaurarium
1373 660 1527 690 camerac,
1544 661 1665 683 necnon
1691 650 1809 693 praesi-

1071 703 1178 736 dentes
1191 708 1221 736 et
1235 704 1365 736 clericos
1377 714 1519 736 camerae
1538 708 1663 736 nostrae
1684 708 1811 746 aposto—

1072 757 1158 798 licae,
1174 757 1203 789 in
1217 757 1326 801 quavis
1347 758 1441 789 causa
1462 762 1491 789 et
1512 757 1667 796 instantia,
1690 757 1810 789 sublata

1072 810 1115 842 eis
1140 815 1170 843 et
1193 821 1304 844 eorum
1331 810 1458 843 cuilibet
1481 809 1590 852 quavis
1624 809 1713 841 aliter
1738 809 1813 841 iudi-

1072 863 1161 895 candi
1186 869 1215 896 et
1240 863 1467 907 interpretandi
1493 863 1636 895 facultate
1661 867 1691 894 et
1711 867 1814 895 ancto-

1073 916 1172 958 ritate,
1199 916 1328 949 iudicari
1347 921 1376 949 et
1394 915 1516 949 definiri
1535 915 1660 955 debere,
1676 914 1813 947 irritum-

1073 980 1133 1012 que
1151 975 1181 1002 et
1198 970 1297 1012 inane,
1316 969 1465 1013 quiequid
1492 978 1581 1001 secus
1607 978 1702 1011 super
1726 967 1774 1000 his
1798 978 1814 999 a

1074 1033 1242 1066 quoquam,
1262 1023 1369 1067 quavis
1390 1022 1586 1062 auctoritate,
1612 1021 1745 1054 scienter
1768 1021 1813 1053 vel

1075 1079 1268 1121 ignoranter,
1295 1077 1462 1119 contigerit
1487 1076 1641 1109 attentari.

1120 1131 1134 1174 ἓ
1160 1130 1210 1162 ll.
1236 1131 1303 1164 Non
1328 1130 1533 1169 obstantibus,
1558 1134 1711 1173 quatenus
1737 1140 1816 1172 opus

1076 1184 1123 1225 sit,
1148 1186 1255 1217 nostra
1280 1184 1317 1216 de
1342 1184 1410 1217 iure
1434 1183 1576 1227 quaesito
1593 1194 1656 1216 non
1682 1183 1816 1217 tollendo

1076 1237 1206 1281 aliisque
1232 1238 1436 1271 cancellariae
1461 1237 1652 1281 apostolicae
1677 1237 1816 1279 regulis,

1076 1301 1197 1324 necnon
1222 1291 1382 1334 quibusvis
1407 1291 1682 1324 constitutionibus
1713 1296 1741 1323 et
1767 1301 1818 1323 or-

1077 1344 1288 1378 dinationibus
1313 1345 1504 1388 apostolicis,
1525 1355 1561 1377 ac
1585 1344 1695 1376 litteris
1719 1344 1817 1376 facul-

1078 1401 1174 1431 tatum
1196 1397 1338 1438 testandi,
1357 1398 1493 1441 aliasque
1512 1397 1548 1430 de
1569 1397 1663 1430 rebus
1681 1402 1711 1429 et
1726 1396 1818 1429 bonis

1077 1452 1262 1495 disponendi
1280 1479 1286 1493 ,
1322 1462 1378 1495 per
1413 1462 1628 1495 quoscumque
1662 1452 1818 1484 Romanos

1078 1505 1243 1537 Pontifices
1256 1505 1515 1548 praedecessores
1528 1510 1662 1546 nostros,
1678 1515 1712 1537 ac
1725 1504 1817 1537 etiam

1078 1568 1145 1599 nos,
1164 1558 1324 1601 quibusvis
1340 1558 1482 1602 personis
1496 1558 1588 1590 etiam
1606 1558 1635 1590 S.
1654 1558 1687 1590 R.
1705 1558 1738 1590 E.
1757 1568 1821 1590 car-

1079 1611 1244 1652 dinalibus,
1262 1612 1318 1644 sub
1336 1612 1587 1655 quibuscumque
1612 1611 1775 1644 tenoribus
1792 1617 1821 1643 et

1079 1664 1199 1704 formis,
1224 1675 1260 1697 ae
1285 1675 1356 1697 eum
1381 1664 1544 1708 quibusvis
1569 1664 1662 1697 etiam
1692 1664 1822 1705 deroga-

1080 1717 1233 1750 toriarum
1246 1717 1466 1760 derogator-iis,
1481 1717 1573 1749 etiam
1589 1721 1676 1749 motu
1690 1717 1821 1760 proprio

1081 1775 1110 1803 et
1135 1770 1172 1803 de
1197 1771 1386 1814 apostolicae
1414 1770 1576 1814 potestatis
1606 1770 1821 1813 plenitudine,

1081 1824 1175 1856 etiam
1200 1824 1231 1856 in
1256 1824 1543 1857 remunerationem
1564 1824 1708 1857 laborum
1726 1827 1756 1857 et
1775 1823 1824 1856 da-

1081 1888 1227 1910 mnorum
1252 1888 1429 1921 passorum,
1447 1888 1482 1910 ac
1499 1877 1620 1910 ratione
1646 1876 1822 1910 officiorum

1082 1935 1112 1962 et
1135 1930 1334 1972 dignitatum,
1359 1940 1481 1963 necnon
1505 1941 1541 1963 ex
1566 1930 1656 1963 titulo
1677 1934 1707 1962 et
1731 1931 1824 1962 causa

1083 1994 1169 2017 mere
1193 1984 1346 2024 onerosis,
1364 1989 1394 2017 et
1411 1985 1486 2016 alias
1510 1995 1581 2017 cum
1607 1984 1769 2027 quibusvis
1786 1984 1825 2015 es-

1083 2037 1282 2070 sicacioribus
1307 2038 1454 2070 clausulis
1479 2043 1509 2070 et
1532 2037 1676 2077 decretis,
1701 2037 1826 2080 privile-

1084 2091 1142 2133 giis
1159 2102 1294 2134 quoque,
1314 2091 1451 2131 indultis,
1469 2090 1599 2134 aliisque
1616 2090 1728 2123 litteris
1748 2100 1824 2133 apo-

1085 2145 1202 2177 stolicis
1228 2144 1258 2176 in
1283 2144 1488 2186 contrarium,
1506 2148 1539 2176 ut
1556 2143 1778 2187 praemittitur,
1796 2148 1825 2175 et.

1084 2198 1159 2230 alias
1183 2198 1422 2241 quomodolibet
1448 2197 1613 2237 concessis,
1632 2196 1825 2230 confirmatis

1085 2256 1114 2284 et
1139 2252 1306 2291 innovatis,
1332 2252 1447 2295 quibus
1468 2251 1615 2284 omnibus
1634 2255 1664 2283 et
1681 2251 1824 2293 singulis,

1085 2305 1206 2338 etiamsi
1231 2316 1290 2349 pro
1308 2305 1472 2338 sufficienti
1494 2316 1604 2338 eorum
1622 2305 1826 2347 derogatione

1085 2358 1123 2391 de
1147 2358 1218 2401 illis,
1244 2369 1418 2402 eorumque
1444 2358 1516 2391 totis
1532 2357 1694 2391 tenoribus
1711 2357 1827 2401 specia-

1086 2412 1133 2452 lis,
1159 2412 1314 2455 specifica,
1341 2422 1486 2456 expressa
1512 2416 1541 2444 ct
1566 2411 1740 2452 individua,
1764 2421 1827 2444 non

1086 2471 1190 2498 autent
1214 2477 1270 2509 per
1295 2466 1450 2499 clausulas
1470 2466 1633 2508 generales
1658 2465 1740 2497 idem
1766 2465 1826 2497 im-

1086 2524 1258 2563 portantes,
1269 2520 1386 2553 mentio
1396 2530 1450 2553 seu
1460 2519 1588 2564 quaevis
1598 2519 1657 2552 alia
1665 2519 1827 2563 expressio

1087 2573 1230 2606 habenda
1252 2578 1305 2606 aut
1330 2573 1433 2617 aliqua
1458 2573 1516 2606 alia
1548 2573 1701 2617 exquisita
1725 2573 1827 2606 forma

1087 2627 1125 2661 ad
1145 2627 1206 2661 hoc
1226 2627 1377 2661 servanda
1393 2627 1482 2670 foret,
1497 2632 1621 2676 tenores
1634 2626 1826 2669 huiusmodi,

1820 230 1869 257 An.
1886 230 1913 257 C.
1938 231 2004 258 1628

1901 1141 2016 1166 Deragatm

1832 1171 1993 1188 contrariorum.
