2269 3235
246 267 284 292 Λη
310 266 337 292 C.
359 266 426 294 ¹625

273 596 302 616 Dc
315 598 428 622 exemptio·

245 628 314 648 nibus.

283 1076 312 1096 De
336 1076 430 1095 lui-tinni-

246 1103 285 1122 bus
301 1104 395 1128 privati»

278 1604 307 1625 Do
327 1605 379 1624 loco.

290 2294 319 2314 De
343 2294 439 2315 [attendis

263 2322 379 2341 ectiunituis
406 2327 439 2340 ia·

255 2350 368 2367 caminum.

473 258 536 293 378

446 321 618 350 censeatur.
644 317 864 349 Verumtamen
882 316 920 348 sit
936 315 967 347 in
983 315 1113 359 optione
1129 314 1183 348 do-

447 375 568 402 ctorum
596 369 718 408 Rubini,
735 367 957 401 Montemellini
982 373 1012 400 et
1036 367 1185 402 Ludovici

445 423 558 461 Cenvii,
580 422 625 454 vel
649 432 705 454 suo
725 421 890 465 privilegio
914 421 985 461 frui,
1002 421 1060 462 vel,
1086 421 1110 454 si
1135 432 1186 454 au-

447 480 607 517 gmentum
627 474 730 506 salarii
746 474 776 506 in
791 474 894 508 rotulo
915 484 1098 518 expressum
1116 484 1186 508 con-

445 527 530 570 sequi
557 527 722 568 voluerint,
744 538 777 560 re
801 527 869 571 ipsa
894 527 1008 570 legere.

489 580 565 612 ΧΠ.
584 580 747 624 Exemptio
768 585 871 613 tamen
891 591 945 614 seu
971 581 1153 614 immunitas
1169 591 1186 613 a

445 633 641 674 lectionibus,
667 634 714 666 vel
742 634 825 667 aliud
846 634 1060 678 aequipollens
1083 634 1185 667 indul-

444 691 520 728 tum,
535 686 572 719 de
586 692 691 720 cetero
707 686 825 720 nemini
842 697 972 731 prorsus
986 687 1184 729 concedatur,

444 740 503 772 nisi
522 740 580 778 his,
598 740 650 783 qui
669 740 808 783 legitime
833 740 1047 784 probaverint,
1066 751 1098 773 se
1115 745 1187 774 actu

445 793 559 836 legisse
584 793 685 837 spatio
710 803 864 827 annorum
894 794 1002 826 saltem
1036 793 1184 836 triginta:

446 850 476 880 et
499 851 574 879 tunc
593 846 718 879 nonnisi
735 857 792 890 per
808 846 928 879 litteras
947 846 979 878 in
999 846 1101 878 forma
1117 845 1187 878 Bre-

446 900 509 939 vis,
535 904 565 931 et
580 899 744 943 privilegia
762 909 816 931 seu
834 898 953 931 indulta
971 908 1187 942 quaecumque

445 952 535 985 aliter
559 951 759 985 concedenda
781 961 838 995 per
863 950 1099 994 subreptionem
1132 950 1187 984 ob-

446 1010 530 1038 tenta
554 1005 777 1047 intelligantur.

490 1059 578 1091 xvtl.
595 1058 682 1090 Domi
695 1056 811 1100 legere¹
826 1057 916 1090 liceat
930 1056 1048 1089 iuristis
1061 1056 1187 1100 quidem

446 1111 618 1144 institutam
636 1111 811 1150 dumtaxat,
836 1110 982 1154 idemque
1007 1110 1044 1142 iis
1069 1102 1187 1142 tantum

446 1164 543 1203 horis,
562 1164 592 1196 in
613 1164 726 1208 quibus
747 1163 872 1207 publice
889 1173 952 1196 non
968 1163 1077 1206 legunt
1102 1163 1189 1195 insti-

446 1217 589 1257 tutistae3
608 1217 725 1250 artistis
742 1227 826 1259 vero,
844 1217 903 1249 nisi
921 1216 1004 1249 aliud
1021 1226 1147 1260 praeses
1172 1226 1189 1249 e

446 1281 481 1303 re
505 1281 573 1303 esse
597 1271 790 1312 iudicaverit,
815 1270 883 1304 illas
909 1270 1011 1304 solum
1031 1270 1188 1310 materias,

449 1324 541 1357 etiam
566 1323 763 1363 ordinarias,
792 1334 871 1368 quae
899 1323 1024 1367 publice
1046 1333 1083 1356 eo
1107 1333 1190 1356 anno

446 1388 510 1411 non
535 1382 752 1421 exponuntur,
777 1377 808 1409 in
833 1376 948 1421 quibus
971 1377 1080 1420 legunt
1103 1376 1189 1409 ordi-

447 1431 543 1463 narii:
570 1436 709 1463 ceterum
727 1430 758 1462 in
775 1430 884 1463 diebus
909 1430 1108 1463 vacationum
1127 1434 1189 1462 tam

448 1484 567 1517 iuristis
581 1494 675 1527 quam
685 1484 801 1516 artistis
810 1483 916 1517 licebit
924 1483 1069 1527 privatim
1080 1494 1191 1527 quam-

450 1548 583 1581 cumque
609 1538 773 1570 materiam
799 1537 837 1569 ad
862 1536 984 1569 libitum
1009 1536 1173 1580 explicare.

493 1591 594 1625 XVIII.
612 1591 739 1624 Sacram
754 1591 943 1634 scripturam
958 1600 1014 1634 per
1028 1600 1060 1623 se
1073 1590 1191 1634 velper

451 1645 545 1677 alium
559 1645 642 1687 leget
655 1644 821 1688 inquisitor
838 1643 1013 1677 haereticae
1028 1643 1190 1688 pravitatis

451 1698 481 1731 in
499 1698 671 1731 cathedrali
696 1698 828 1731 ecclesia
854 1697 938 1730 iuxta
962 1697 1106 1737 solitum;
1125 1708 1190 1730 ma-

450 1752 635 1784 thematicae
649 1751 734 1783 domi
749 1751 896 1794 explicari
909 1751 1039 1795 possint,
1053 1750 1191 1794 practica

451 1804 611 1847 chirurgia
628 1810 803 1847 exponatur
820 1805 1011 1847 ubicumque
1021 1814 1054 1837 se
1068 1803 1191 1837 occasio

450 1858 571 1897 tulerit,
590 1857 778 1900 simplicium
795 1863 906 1890 natura
919 1858 1042 1901 legatur
1055 1857 1085 1890 in
1099 1857 1191 1891 horto

450 1911 580 1956 publico
606 1921 662 1954 per
694 1911 829 1954 spatium
854 1911 946 1943 unius
971 1911 1088 1944 mensis
1111 1911 1210 1945 infra

451 1964 569 1997 Pascha
580 1963 830 1996 Resurrectionis
841 1968 871 1996 et
882 1964 995 1996 festum
1014 1964 1041 1997 S.
1058 1964 1191 2004 Ioannis,

451 2016 505 2050 sed
524 2016 736 2061 metaphysica
750 2016 781 2048 in
795 2016 910 2049 scholis
924 2017 1057 2060 publicis
1070 2022 1191 2049 tantum

450 2070 583 2113 legenda
603 2070 675 2110 erit,
698 2070 739 2102 ita
763 2075 877 2111 tamen,
898 2075 931 2102 ut
955 2070 1047 2103 liceat
1071 2070 1192 2105 doctori

451 2123 558 2157 loanni
582 2124 719 2156 Thomae
743 2123 878 2166 Gigliolo
903 2122 988 2156 domi
1012 2134 1139 2167 quoque
1161 2123 1193 2156 il-

452 2178 515 2210 lam
540 2177 707 2221 explicare,
725 2176 987 2220 quandocumque
1003 2176 1042 2209 ad
1067 2177 1191 2210 ordina-

453 2231 535 2263 rium
560 2230 778 2274 philosophiae
802 2229 896 2263 suerit
920 2230 1103 2264 conductus.
1141 2270 1143 2272 q

497 2284 572 2317 XIX.
599 2284 760 2317 Tollantur
777 2294 907 2328 prorsus
932 2283 1091 2324 lectiones,
1112 2294 1192 2328 quae

454 2338 603 2371 hactenus
618 2338 727 2371 haberi
739 2343 969 2371 consueverunt
987 2342 1130 2381 tempore
1144 2348 1194 2370 va-

455 2392 623 2433 cationum,
642 2402 699 2424 nec
717 2391 754 2424 de
772 2396 876 2424 cetero
897 2391 1032 2435 amplius
1056 2391 1193 2424 habean-

455 2451 522 2485 tur,
548 2445 588 2477 ita
614 2451 645 2478 ut
674 2447 793 2478 lectura
816 2446 973 2489 practicae
998 2445 1192 2489 theologiae,

456 2499 629 2536 feudorum,
652 2499 808 2542 practicae
831 2499 1046 2532 medicinae...
1065 2500 1193 2533 omnino

456 2562 576 2584 cessare
602 2552 751 2592 debeant;
781 2552 954 2586 medicinae
971 2563 1045 2586 vero
1065 2553 1193 2587 moralis

456 2610 485 2637 et,
508 2605 801 2638 mathematicarum
829 2606 1056 2641 transferantur
1084 2607 1115 2640 in
1145 2617 1194 2640 ex-

494 2668 502 2693 1
521 2666 591 2695 Edit.
608 2666 687 2694 Main.
703 2667 785 2695 habet
800 2669 856 2702 leqi
869 2668 906 2703 (n.
924 2668 972 2703 τ.).

1019 265 1197 291 BULLARIUM
1222 265 1377 291 ROMANUM

1965 270 2014 298 An.
2035 271 2065 298 C.
2086 271 2153 301 ¹625

1219 314 1445 349 traordinarios
1463 315 1596 349 lectores
1613 317 1758 360 superius
1781 327 1955 362 expressos.

1219 369 1372 402 Salarium
1390 373 1493 403 tamen
1513 370 1707 412 assignatum
1729 370 1838 404 lectori
1861 371 1958 416 apho-

1218 422 1389 456 rismorum
1414 422 1597 456 restituatur
1622 422 1743 456 doctori
1766 423 1958 469 Hieronymo

1218 475 1255 508 M.
1281 475 1466 508 Lambardo.

1264 528 1323 562 XX.
1349 529 1500 562 Doctores
1524 538 1634 562 omnes
1664 528 1701 562 de
1733 529 1866 573 collegio
1895 534 1958 564 tam

1219 587 1399 625 praesentes
1423 592 1517 625 quam
1541 581 1656 622 futuri,
1680 591 1803 615 necnon
1826 583 1960 617 lectores

1219 634 1280 667 iam
1297 635 1444 668 conducti
1461 635 1507 668 vel
1529 635 1737 679 imposterum
1755 635 1961 678 conducendi,

1219 688 1328 721 saltem
1339 689 1435 722 semel
1446 693 1607 733 praestent
1619 689 1650 721 in
1665 688 1810 722 manibus
1821 689 1960 734 episcopi

1219 751 1273 774 seu
1291 741 1358 774 eius
1378 742 1534 784 generalis
1554 742 1661 775 vicarii
1688 742 1898 775 iuramentum
1923 742 1963 776 de

1220 794 1268 827 his
1285 794 1429 838 capitulis
1445 799 1477 828 et
1493 794 1745 829 ordinationibus
1759 795 1963 830 observandis

1220 847 1252 879 in
1276 847 1416 880 articulis
1441 847 1479 880 ad
1499 858 1553 881 eos
1576 848 1818 892 pertinentibus.

1263 900 1339 932 XXI.
1364 901 1434 933 Non
1451 900 1657 941 obstantibus,
1677 902 1779 945 quoad
1793 902 1964 945 suprascri-

1219 956 1271 995 pta
1288 952 1394 985 omnia
1413 958 1443 985 et
1462 953 1594 995 singula,
1611 953 1662 987 SS.
1687 954 1721 987 D.
1742 955 1776 988 N.
1797 955 1908 997 regula
1925 955 1963 989 de

1220 1004 1289 1037 iure
1313 1004 1454 1047 quaesito
1478 1015 1542 1038 non
1564 1006 1712 1047 tollendo,
1738 1006 1868 1050 aliisque
1888 1017 1962 1041 con-

1222 1057 1436 1090 stitutionibus
1457 1062 1487 1090 et
1504 1057 1756 1091 ordinationibus
1773 1060 1963 1102 apostolicis,

1221 1120 1343 1143 necnon
1363 1110 1565 1153 (iuramento,
1583 1111 1823 1144 confirmatione
1842 1116 1966 1156 aposto-

1222 1163 1292 1204 lica,
1307 1163 1354 1196 vel
1368 1164 1478 1206 quavis
1491 1163 1640 1196 firmitate
1652 1164 1713 1196 alia
1726 1164 1896 1208 roboratis)
1909 1170 1966 1198 sta-

1222 1215 1297 1248 tutis
1322 1220 1353 1248 et
1376 1215 1656 1249 consuetudinibus
1681 1217 1775 1250 etiam
1803 1217 1966 1252 immemo-

1223 1268 1392 1311 rabilibus,
1417 1269 1590 1313 privilegiis
1615 1280 1758 1314 quoque,
1784 1270 1912 1304 indultis
1937 1278 1967 1305 et

1223 1322 1334 1355 litteris
1358 1323 1549 1367 apostolicis,
1568 1323 1625 1356 sub
1645 1324 1897 1369 quibuscumque
1920 1331 1965 1359 te-

1223 1375 1354 1408 noribus
1367 1381 1397 1408 et
1410 1375 1529 1417 formis,
1555 1386 1591 1409 ac
1607 1386 1679 1409 cum
1697 1377 1858 1420 quibusvis
1872 1378 1966 1412 etiam

1224 1428 1499 1472 derogatoriarum
1524 1429 1747 1472 derogatoriis,
1771 1431 1903 1475 aliisque
1927 1432 1967 1465 ef-

1224 1481 1423 1515 ficacioribus
1443 1487 1474 1515 et
1497 1482 1631 1516 insolitis
1656 1483 1815 1524 clausulis,
1840 1485 1967 1518 irritan-

1225 1535 1370 1579 tibusque
1384 1541 1414 1568 et
1432 1535 1501 1568 aliis
1514 1536 1658 1577 decretis,
1683 1537 1777 1570 etiam
1793 1542 1881 1571 motu
1892 1548 1967 1582 pro-

1224 1588 1294 1633 prio
1311 1594 1341 1621 et
1358 1599 1395 1622 ex
1413 1590 1499 1621 certa
1517 1588 1658 1630 scientia,
1673 1599 1708 1623 ac
1721 1589 1759 1622 de
1776 1591 1968 1634 apostolicae

1224 1641 1385 1685 potestatis
1408 1641 1603 1686 plenitudine
1618 1669 1625 1683 ‚
1655 1652 1711 1675 seu
1734 1642 1810 1676 alias
1834 1653 1968 1687 quomo-

1224 1694 1352 1737 dolibet,
1370 1694 1527 1728 concessis
1547 1705 1583 1727 ac
1600 1694 1693 1729 etiam
1710 1695 1828 1730 iteratis
1848 1696 1968 1730 vicibus

1224 1748 1405 1792 approbatis
1431 1752 1461 1781 et
1484 1748 1648 1781 innovatis.
1673 1748 1792 1788 Quibus
1820 1749 1968 1783 omnibus

1225 1806 1255 1835 et
1280 1801 1422 1844 singulis,
1437 1806 1505 1841 etc.‚
1524 1801 1700 1845 ceterisque
1716 1803 1884 1836 contrariis
1901 1803 1969 1847 qui-

1225 1855 1433 1898 buscumque.

1271 1909 1285 1952 g
1309 1907 1338 1941 3.
1359 1909 1432 1948 Nos,
1449 1908 1622 1941 inviolabili
1641 1913 1829 1942 statutorum
1847 1909 1969 1954 praedi·
2043 1917 2166 1940 uniusmodi

1227 1966 1351 1996 ctorum
1377 1961 1610 2003 observationi,
1637 1967 1788 2006 quantum
1813 1974 1884 1996 cum
1908 1963 1969 1997 Do·
1983 1945 2167 1995 ssssiuiffrbssffssgf'

1227 2017 1312 2050 mino
1329 2023 1509 2061 possumus,
1528 2017 1693 2050 consulere
1710 2017 1859 2059 volentes,
1881 2023 1969 2052 motu

1227 2070 1373 2114 proprio,
1399 2075 1429 2102 et
1453 2081 1489 2103 ex
1514 2073 1599 2104 certa
1632 2069 1761 2103 scientia
1785 2081 1820 2103 ac
1844 2074 1968 2104 matura

1991 547 2021 569 De
2034 547 2158 568 iuramento.

1209 2123 1451 2158 :deliberatione
1481 2123 1619 2163 nostris,
1651 2123 1752 2167 deque
1779 2124 1969 2167 apostolicae

1226 2176 1386 2220 potestatis
1410 2177 1614 2220 plenitudine,
1631 2181 1745 2210 statuta
1764 2177 1968 2221 praeinserta,
2259 2105 2263 2215 I

1226 2240 1262 2263 ac
1287 2230 1393 2263 omnia
1417 2236 1447 2263 et
1471 2231 1594 2274 singula
1611 2230 1643 2263 in
1664 2231 1708 2264 eis
1726 2236 1881 2271 contenta,
1899 2242 1969 2276 apo·
2258 2244 2260 2269 l

1227 2285 1336 2318 stolica
1360 2285 1546 2318 auctoritate
1560 2312 1567 2325 ‚
1599 2289 1710 2318 tenore
1734 2285 1946 2329 praesentium
1962 2313 1969 2326 ,
2257 2313 2260 2336 ¹

1226 2344 1379 2383 perpetuo
1403 2338 1615 2382 approbamus
1636 2342 1665 2372 et
1685 2339 1920 2380 confirmamus,
1937 2339 1967 2372 il·
2256 2351 2261 2397 1

1227 2392 1327 2436 lisque
1340 2391 1528 2425 inviolabilis
1544 2391 1734 2435 apostolicae
1750 2391 1908 2425 firmitatis
1922 2403 1969 2426 ro·
2257 2402 2260 2438 Ι

1226 2445 1287 2478 bur
1311 2445 1485 2487 adiicimus,
1511 2455 1546 2477 ac
1562 2455 1671 2478 omnes
1696 2449 1725 2479 et
1749 2445 1889 2488 singulos
1906 2450 1968 2478 tam
2256 2437 2269 2482 {I

1227 2499 1304 2532 iuris
1329 2508 1423 2542 quam
1447 2498 1518 2531 sacti
1543 2497 1692 2540 desectus,
1718 2497 1743 2531 si
1760 2498 1814 2542 qui
1833 2498 1968 2542 desuper
2255 2486 2269 2559 Η

1226 2551 1463 2597 quomodolibet
1487 2552 1726 2593 intervenerint,
1750 2552 1943 2596 supplemus.
2267 2567 2269 2604 2

1271 2606 1286 2650 g
1302 2605 1331 2638 4.
1353 2605 1571 2646 DecernenteS,
1585 2611 1767 2650 praesentes
1786 2605 1905 2639 litteras
1919 2615 1968 2638 va-
2253 2564 2259 2652 I

1226 2659 1314 2701 lidas,
1331 2659 1439 2693 firmas
1463 2662 1493 2693 et
1517 2658 1659 2693 efficaces
1685 2659 1818 2693 existere
1839 2663 1870 2692 et
1889 2658 1966 2703 sore,
2252 2655 2260 2794 'I

2252 2887 2255 2916 Ι

2010 2609 2129 2632 clausulae.
