2269 3235
234 308 274 335 Λῃ
298 309 327 335 c.
351 308 418 335 1024
464 299 528 333 4302

250 1721 370 1745 Evaunum.

230 1935 356 1962 Episcopum
366 1936 404 1957 Ca-

221 1964 364 1986 balta-ensem,
375 1964 405 1983 ii.-

222 1992 253 2009 ter
283 1991 404 2010 uisitatures

221 2016 360 2041 itt—signatum,

430 357 613 402 apostolica,
630 358 677 390 vel
698 358 807 401 quavis
831 357 979 390 tirmitate
1003 357 1063 390 alia
1080 358 1173 391 robo-

431 411 519 455 ratis)
538 411 669 451 statutis,
687 410 860 455 privilegiis
876 420 1011 454 quoque,
1033 410 1171 451 indultis,

431 464 680 507 exemptionibus
705 470 735 497 et
759 464 869 497 litteris
893 464 1085 508 apostolicis,
1111 465 1172 498 illis

430 523 460 549 et
484 517 583 550 cuivis
609 517 746 559 illorum,
767 528 802 551 ac
826 519 1047 562 superioribus
1059 524 1172 563 etper-

429 571 514 604 sonis
528 582 648 612 eorum,
662 572 901 616 quomodolibet
917 573 1084 615 concessis,
1099 584 1172 607 con-

428 624 562 659 firmatis
590 630 619 659 et
654 626 828 666 innovatis;
861 626 975 670 quibus
1001 627 1169 667 omnibus,

428 678 681 723 quibuscumque
690 679 752 713 sint
765 683 916 723 concepta
929 679 1099 713 verborum
1111 681 1171 713 sor-

427 731 487 765 mis
511 738 541 765 et
564 733 736 773 tenoribus,
760 744 840 777 quos
864 733 1083 778 praesentibus
1110 744 1169 778 pro

428 786 584 829 expressis
608 786 717 819 haberi
744 787 906 828 volumus,
939 787 1116 831 specialiter
1140 792 1170 820 et

427 850 575 884 expresse
605 851 640 874 ac
668 841 820 874 latissime
844 842 883 874 ad
907 842 1053 875 etl'cctum
1078 852 1168 885 prac-

426 893 561 926 sentium
587 893 788 937 derogamus,
809 894 984 937 ceterisque
1001 894 1168 928 contrariis

426 946 687 990 quibuscumque.

470 1001 581 1033 Datum
603 1002 730 1041 Romae,
748 1000 831 1044 apud
845 1001 872 1033 S.
888 1002 1025 1041 Petrum,
1044 1000 1101 1033 sub
1118 1011 1169 1033 an-

424 1054 499 1087 nulo
524 1054 702 1094 piscatoris,
727 1054 776 1086 die
802 1064 867 1087 xxx
888 1054 992 1086 martii
1016 1064 1168 1094 uncxxiv,

423 1107 623 1151 pontificatus
647 1108 746 1140 nostri
775 1118 857 1140 anno
883 1118 901 1140 1.

458 1170 520 1197 Dat.
541 1169 585 1197 die
605 1170 639 1197 30
658 1169 749 1197 martii
770 1170 847 1204 1624,
864 1169 957 1205 pontif.
977 1177 1080 1197 annot.

726 1288 853 1321 XLVIII.

505 1360 678 1404 Deputatio
703 1359 871 1392 secretarii
892 1358 1078 1403 praedictae

684 1413 895 1447 visitationis,

628 1485 764 1513 Urbanus
782 1486 859 1519 Papa
874 1485 954 1516 vm,

468 1534 638 1562 Venerabili
658 1535 746 1562 fratri
767 1534 890 1562 Octavio
911 1532 1119 1561 caballicensi-

635 1588 821 1616 venerahilis
841 1588 950 1621 frater,

457 1638 588 1665 salutem
608 1641 638 1665 et
659 1638 854 1671 apostolicam
878 1636 1129 1664 benedictionem.

466 1701 593 1740 Rerum,
606 1710 685 1743 quae
697 1699 788 1732 nobis
802 1699 889 1732 cordi
908 1704 990 1739 sunt,
1004 1704 1034 1731 et
1050 1698 1165 1742 quihus

422 1753 598 1793 universae,
609 1764 702 1796 quam
714 1753 913 1793 meditamur,
930 1752 1164 1785 reformationis

420 1816 493 1850 pars
517 1816 581 1839 non
605 1806 715 1838 ultima
739 1806 934 1845 continetur,
960 1816 1068 1838 curam
1094 1805 1164 1837 fidis

421 1864 451 1891 et
464 1859 666 1902 diligentibus
683 1859 759 1891 viris
779 1858 912 1891 libenter
926 1858 1162 1891 committimus.

465 1913 479 1956 g
503 1913 531 1945 I.
556 1914 600 1945 De
624 1915 677 1945 tua
702 1912 806 1956 itaque
831 1912 994 1955 singulari,
1019 1916 1049 1944 et
1073 1912 1163 1944 nobis

420 1965 607 2009 iampridem
623 1968 789 2010 perspecta
803 1966 864 1998 fide
875 1965 1084 2008 etdiligentia
1099 1966 1164 2008 plu-

420 2016 535 2051 rimu‘m
554 2019 585 2051 in
605 2019 740 2052 Domino
757 2019 962 2058 considentes,
976 2018 1162 2051 visitationis

419 2078 544 2106 nostrae
565 2072 767 2116 apostolicae,
785 2083 878 2116 quam
897 2073 928 2104 in
946 2072 1092 2104 omnibus
1112 2073 1158 2103 al·-

420 2137 488 2159 mae
513 2126 624 2166 Urbis,
650 2127 779 2170 eiusque
811 2126 971 2159 districtus
1000 2126 1160 2165 ecelesiis,

418 2181 628 2222 monasteriis,
653 2181 794 2224 locisque
812 2180 908 2213 saeris
928 2186 958 2212 et
982 2180 1051 2223 piis,
1073 2190 1162 2213 secu-

418 2234 536 2267 laribus
560 2240 590 2267 ct
613 2235 826 2277 regularibus,
843 2234 1054 2277 universoque
1076 2234 1161 2267 clero

419 2293 449 2320 et
472 2288 589 2331 populo
614 2298 746 2321 romano
764 2288 942 2328 indiximus,
957 2298 992 2320 ac
1014 2298 1162 2320 veneran-

419 2341 465 2373 dis
484 2341 632 2374 sratrihus
649 2341 780 2385 Ulpiano
800 2341 1042 2384 archiepiscopo
1062 2341 1160 2373 Thea-

418 2394 493 2435 tino,
503 2405 624 2427 necnon
638 2395 789 2438 Raliliaeli
801 2394 1159 2438 Zacyntliiensi,Octavio

417 2447 647 2489 Caballicensi¹,
664 2449 821 2482 Ludovico
839 2448 913 2481 olim
931 2448 1085 2489 Adriensi,
1103 2449 1161 2481 An-
1176 2484 1178 2492 ι

418 2502 502 2534 tonio
526 2502 693 2535 Casertano
711 2508 741 2535 et
759 2502 935 2535 Alexandro
964 2512 1064 2545 nuper
1092 2502 1160 2534 Hie-

418 2555 538 2588 racensi
562 2556 719 2600 episcopis
743 2559 805 2590 una
822 2561 925 2590 tecum
941 2555 1159 2589 commisimus

417 2613 448 2642 ct
469 2608 747 2649 demandavimus,

452 2682 463 2708 1
483 2681 554 2707 Haec
569 2681 650 2708 verba
666 2681 778 2708 Octavio
796 2681 990 2709 Cabatticensi
1004 2680 1156 2708 redundare

418 2726 551 2761 videntur,
563 2734 625 2754 nam
636 2726 758 2762 sequitur
773 2729 866 2761 postea
881 2727 939 2753 unct
957 2729 1049 2754 tecum
1062 2730 1096 2757 (u.
1107 2726 1154 2760 rt.

1013 309 1190 334 llULLAllIUM
1217 310 1370 334 ROMANUM

1961 311 2012 340 An.
2027 313 2054 340 C.
2076 309 2145 341 1624

1251 361 1265 401 ᾗ
1286 359 1315 391 02.
1336 359 1377 391 Te
1402 357 1449 391 et¹
1468 358 1672 392 secretarium
1697 358 1844 393 duximus
1867 359 1945 393 deli·
1987 374 2145 405 munemun-

1205 412 1455 457 gendum,prout
1464 413 1556 445 ctiam
1568 423 1626 457 per
1640 418 1821 456 praesentes
1831 423 1945 447 munus
1961 404 2145 455 {3l211t3⁵.t-i¹fffit⁶21

1205 465 1387 500 huiusmodi
1412 478 1485 500 cum
1513 466 1661 500 omnibus
1684 471 1715 500 et
1739 468 1871 510 singulis
1895 468 1942 501 saf-

1204 520 1372 554 cultatibus
1389 526 1419 554 et
1435 520 1683 562 auctoritatibus,
1708 521 1945 565 praerogativis,

1203 573 1376 618 privilegiis
1401 579 1431 609 et
1455 575 1592 615 iuribus,
1617 585 1696 619 quac
1723 574 1783 607 tale
1807 574 1946 608 officium

1203 627 1355 661 obtinenti
1380 633 1410 661 et
1434 628 1591 662 exercenti
1609 627 1847 672 quomodolibet
1863 637 1948 661 com-

1203 684 1311 724 petere
1336 686 1469 725 possunt
1493 686 1522 714 et
1547 681 1673 722 debent,
1699 686 1786 714 motu
1814 681 1947 725 proprio

1204 733 1258 766 tibi
1283 734 1512 767 committimus
1536 740 1566 767 et
1590 734 1831 767 demandamus:
1853 738 1947 777 teque

1203 787 1297 819 etiam
1323 788 1528 821 secretarium
1553 787 1738 821 visitationis
1766 786 1945 831 praedictae

1203 852 1357 882 creamus,
1383 842 1603 876 constituimus
1627 847 1657 875 et
1681 841 1878 885 deputamus.

1247 896 1261 938 ξ
1285 894 1314 927 3.
1340 895 1451 928 Dantes
1476 895 1532 927 tibi
1556 895 1682 939 plenam
1706 899 1736 927 et
1752 894 1882 927 liberam
1901 894 1945 926 sa-

1203 948 1349 980 cultatem
1375 948 1514 981 eiusdem
1533 948 1717 981 visitationis
1737 947 1873 988 decreta,
1888 953 1946 980 sta-

1203 1006 1285 1041 tuta,
1310 1001 1542 1041 ordinationes,
1568 1001 1731 1042 mandata,
1758 1006 1943 1045 praecepta,

1203 1053 1416 1094 inhibitiones,
1434 1054 1684 1094 informationes,
1701 1055 1880 1095 relationes,
1896 1065 1944 1088 01·-

1202 1107 1307 1139 dinem
1332 1111 1362 1139 et
1382 1107 1506 1148 seriem,
1525 1107 1707 1148 ordinandi,
1733 1107 1942 1149 describendi,

1202 1165 1232 1193 et
1246 1160 1276 1192 in
1297 1160 1420 1193 libellos
1437 1171 1492 1193 seu
1506 1160 1753 1194 commentarios
1770 1160 1834 1193 sive
1850 1160 1944 1193 etiam

1202 1214 1233 1246 in
1250 1214 1375 1257 publiea
1397 1219 1427 1246 et
1444 1213 1625 1247 authentica
1649 1214 1837 1247 documenta
1856 1217 1886 1247 et
1902 1213 1945 1246 in-

1201 1271 1375 1300 strumenta
1400 1267 1573 1310 redigendi,
1592 1273 1758 1311 ceteraque
1783 1267 1889 1301 omnia
1916 1271 1945 1301 et

1200 1331 1416 1364 quaecumque
1449 1320 1487 1353 ad
1520 1321 1602 1353 idem
1634 1331 1749 1354 munus
1773 1319 1945 1365 spectantia

1200 1374 1330 1417 gerendi
1348 1379 1378 1406 et
1391 1374 1569 1415 exercendi,
1587 1374 1708 1407 etiamsi
1726 1379 1832 1407 notam
1850 1379 1881 1407 et,
1897 1384 1945 1407 ex-

1200 1428 1395 1471 pressionem
1420 1428 1620 1472 requirerent
1645 1428 1745 1471 magis
1761 1427 1942 1472 specialem,

1199 1486 1229 1513 et
1255 1482 1312 1514 sub
1338 1481 1478 1524 generali
1507 1481 1730 1515 commissione
1759 1482 1941 1515 huiusmodi

1199 1545 1261 1568 non
1287 1536 1438 1568 venirent.
1512 1542 1515 1544 ’

1243 1589 1258 1632 ξ
1282 1589 1311 1621 4.
1337 1590 1400 1622 Nos
1425 1590 1508 1622 enim
1535 1590 1680 1622 volumus
1705 1589 1753 1631 iis,
1777 1600 1858 1633 quae
1878 1600 1894 1622 a
1911 1595 1941 1623 te

1198 1643 1236 1675 de
1262 1643 1356 1675 rebus
1373 1644 1408 1685 in
1424 1643 1601 1676 visitatione
1620 1643 1716 1686 gestis
1741 1648 1770 1675 et
1790 1643 1941 1676 ordinatis
1974 1683 1976 1685 v
2003 1683 2006 1685 ¹
2127 1683 2140 1687 ‚.

1198 1696 1273 1729 fient
1299 1702 1330 1729 et
1359 1696 1558 1737 emanahunt,
1586 1696 1784 1730 documentis
1809 1702 1840 1729 et
1863 1697 1941 1730 scri·
1956 1682 2017 1729 3:31¹„
2029 1685 2142 1739 ‘fgss‘fssj'gss'g

1197 1749 1309 1793 pturis,
1327 1752 1380 1782 tua
1397 1760 1492 1782 manu
1509 1760 1544 1782 ac
1558 1749 1648 1793 signo
1663 1750 1801 1791 munitis,
1815 1750 1940 1793 plenam
1956 1741 1989 1781 {¹35⁰
1992 1742 2139 1792 [¹⁰0‘1'1ssmii'3ni2

1197 1809 1290 1847 atque
1310 1803 1518 1836 indubitatam
1531 1803 1625 1836 tidem
1638 1814 1722 1836 nunc
1739 1808 1768 1836 et
1780 1804 1940 1847 perpetuis
1956 1789 2139 1842 {iiiiiiss‘fiithiiiii

1197 1858 1310 1890 suturis
1335 1858 1541 1901 temporibus,
1568 1862 1630 1890 tam
1655 1857 1687 1890 in
1712 1857 1828 1890 iudicio
1844 1868 1938 1901 quam
1955 1845 2020 1863 ΗΜ

1197 1917 1285 1943 extra
1309 1911 1396 1951 illud,
1418 1911 1546 1944 omnino
1571 1910 1700 1952 haberi,
1720 1921 1822 1954 neque
1846 1911 1884 1943 ad
1909 1910 1940 1943 id

1196 1964 1395 2008 probationis
1413 1964 1542 1996 alterius
1559 1963 1786 1996 adminiculum
1807 1963 1938 2007 requiri.

1241 2019 1255 2061 ξ
1281 2018 1308 2050 5.
1335 2018 1380 2050 Tu
1405 2018 1501 2060 igitur
1533 2018 1565 2050 in
1595 2017 1698 2050 delato
1728 2017 1783 2050 tibi
1808 2019 1939 2050 munere

1197 2072 1237 2104 ita
1260 2077 1287 2104 te
1308 2082 1393 2115 gere,
1414 2078 1448 2105 ut
1463 2072 1557 2105 fidem
1583 2077 1613 2105 et
1637 2072 1833 2114 diligentiam
1858 2082 1938 2104 nun-

1196 2138 1289 2171 quam
1310 2138 1326 2159 a
1352 2132 1381 2159 te
1406 2127 1601 2160 desiderasse
1625 2127 1786 2160 laetemur.

1238 2182 1349 2213 Datum
1375 2182 1509 2223 Romae,
1534 2181 1615 2224 apud
1640 2181 1669 2214 S.
1698 2181 1846 2221 I'etrum,
1880 2180 1936 2213 suh

1194 2236 1310 2267 ammte
1324 2234 1501 2275 Piseatoris,
1519 2234 1568 2266 die
1583 2244 1647 2266 xxx
1662 2234 1766 2266 martii
1784 2244 1936 2274 aincxxtv,

1195 2287 1396 2330 pontificatus
1420 2287 1519 2320 nostri
1545 2297 1627 2320 anno
1653 2298 1670 2319 ῐ.

1983 909 2032 929 Cum
2044 909 2143 930 facultate

1960 937 2071 956 exercendi
2100 942 2143 957 oin-

1960 968 1994 983 ma
2024 968 2078 988 quae
2115 963 2143 983 ad

1960 989 2038 1009 «lictum
2069 995 2143 1010 munus

1971 1016 2131 1042 quomodolibet

1959 1045 2055 1068 spectare
2091 1048 2143 1069 1108-

1959 1072 2012 1090 suut.

1983 1602 2069 1622 Mandat
2084 1603 2141 1623 ordl-

1956 1629 2078 1650 nationibus
2103 1635 2141 1650 seu

1957 1655 2063 1679 tlt⁷t·1·eliS.
2100 1658 2140 1677 etc.

1981 2027 2094 2050 Hortatur.
2116 2030 2139 2048 ut.

1955 2055 2008 2075 liene
2017 2060 2038 2073 su*
2048 2057 2107 2080 gerat
2118 2056 2138 2076 iu

1956 2082 1993 2100 isto
2009 2087 2101 2102 munere.

1231 2350 1287 2377 Dat.
1306 2350 1349 2377 die
1364 2349 1397 2376 30
1414 2350 1502 2376 martii
1520 2349 1597 2384 1624,
1615 2350 1710 2385 pontit.
1729 2358 1797 2377 anno
1815 2358 1833 2377 1.

1513 2484 1613 2517 XLlX.

1192 2555 1348 2588 Familias
1381 2555 1606 2588 visitatoribus
1640 2556 1800 2589 avocanda?
1830 2556 1873 2589 ad
1903 2566 1934 2589 se

1235 2619 1456 2653 quascumque
1484 2619 1599 2641 causas
1624 2610 1786 2642 occasione
1814 2609 1930 2642 visita-

1236 2663 1334 2695 tionis
1358 2663 1395 2695 in
1419 2662 1497 2695 aliis
1525 2663 1746 2696 tribimalilms
1771 2667 1800 2697 et
1824 2673 1930 2697 coram

1227 2726 1235 2752 t
1257 2725 1357 2752 Forsan
1373 2725 1402 2753 iu
1421 2733 1470 2760 pro
1486 2729 1512 2752 et
1527 2725 1672 2760 legendum
1687 2727 1725 2762 (a.
1741 2725 1789 2760 in).
