2269 3235
283 264 329 291 An.
354 265 382 291 t:-
402 264 468 291 1625

329 326 357 346 Il„¹
375 327 458 350 regulae

276 352 385 374 observant
392 359 417 373 κα.

315 644 392 664 Certior
412 644 457 663 rnal-

274 671 343 690 danda
367 672 387 689 S.
405 671 458 689 tlon-

275 700 369 721 weuatw
384 704 409 716 «c
421 704 441 716 a«

276 724 418 749 nuptant-iun.

293 1175 456 1196 Publwatrohu·

271 1202 362 1223 instandi
385 1202 456 1223 *lecre-

273 1232 349 1249 torum.

323 1764 352 1784 De
368 1764 458 1783 transitu

272 1791 359 1810 fratrum
376 1790 401 1810 de
418 1790 457 1810 Fa-

273 1818 329 1837 milia
346 1817 372 1837 ad
386 1817 457 1838 nesor-

273 1846 346 1864 matos.

514 255 578 289 sslf»

519 315 561 346 Ac
586 313 711 345 denmm
737 312 916 355 superiores
945 312 1106 353 regulares
1137 311 1213 344 iuri-

474 367 582 409 gilcnt,
597 372 626 398 ut
647 367 757 398 fratres
775 365 933 398 communi
953 366 1061 398 mensa
1078 369 1214 406 utantur,

474 419 577 452 divina
595 419 695 451 officia
721 418 916 462 temporibus
936 418 1049 451 debitis
1066 418 1214 459 recitent,

476 478 582 505 vacent
595 471 729 505 orationi
747 472 884 512 mentali,
898 477 928 505 ct
942 472 1080 505 divinum
1095 473 1213 505 cultum

473 526 639 567 diligenter
663 531 838 565 exerceant,
863 536 899 558 ac
925 530 1029 558 cetera
1054 525 1213 569 impleant,

473 578 511 610 ad
525 588 603 621 quae
617 588 674 621 pro
686 578 814 620 regulae
828 578 1044 611 observatione
1060 582 1212 612 tenentur.

518 631 600 663 Ilaec
611 636 714 663 autem
731 631 875 675 superius
889 642 1046 675 expressa,
1064 632 1159 664 fuisse
1176 632 1214 664 ad

451 708 456 711 -
473 683 619 716 effectum
636 683 787 727 perducta
807 690 951 717 constare
971 684 1096 718 debebit
1113 684 1213 717 cidem

473 747 581 770 sacrae
604 738 846 781 Congregationi
880 749 916 771 ex
947 738 1213 778 attestationibus,

473 790 576 823 medio
601 791 778 825 iuramento
803 791 958 834 generalis
991 796 1043 823 aut
1078 791 1216 824 visitato-

472 854 554 884 rum,
586 844 713 887 praeria
744 844 888 886 diligenti
913 843 1134 876 informatione
1162 853 1214 876 ca-

472 899 524 940 pta
542 897 572 929 in
590 896 765 929 visitatione
788 896 986 939 singulorum
1004 900 1213 928 conventuum

472 950 625 993 cuiusque
657 949 848 993 provinciae.
881 950 999 982 Romae
1013 976 1021 989 ,
1051 958 1106 982 xlv
1138 948 1214 982 iunii

474 1012 645 1036 nncxxvln.

721 1047 753 1079 F.
772 1047 805 1079 Α.
823 1046 911 1080 Card.
931 1046 959 1080 S.
978 1046 1169 1080 lloxrrunu.

827 1100 858 1133 P.
883 1100 1052 1134 Fixomxrs
1071 1100 1154 1133 Secr.

507 1172 596 1200 Lecta
612 1174 643 1200 et
656 1171 812 1206 publicata
832 1172 917 1199 fuere
937 1171 1074 1206 praefata
1093 1172 1215 1199 decreta

472 1216 520 1244 die
535 1224 569 1244 xv
585 1217 662 1244 iunii
679 1223 811 1243 uncxxwu
831 1216 862 1243 in
879 1217 1109 1251 congregatione
1125 1224 1214 1252 gene-

471 1262 527 1290 rali
538 1263 666 1290 fratrum
678 1262 826 1289 Minorum
838 1262 872 1289 de
885 1261 1083 1289 Observantia
1093 1262 1124 1289 in
1134 1269 1216 1295 prae-

472 1306 570 1334 sentia
586 1306 788 1334 illustrissimi
804 1309 835 1333 et
854 1305 1098 1334 reverendissimi
1117 1305 1215 1333 cardi-

471 1351 550 1378 nalis
568 1350 657 1385 Gipsii
673 1350 874 1385 praesidentis
895 1350 1031 1378 eiusdem
1052 1350 1216 1385 congrega-

471 1395 574 1423 tionis.

471 1466 720 1511 Subsequztnlur
732 1467 801 1499 alia
816 1466 942 1499 decreta
954 1477 1066 1500 sacrae
1083 1467 1216 1510 Conpre-

515 1521 657 1564 yaliom's
682 1532 702 1553 α
726 1520 779 1554 SS.
808 1521 846 1553 D.
868 1521 907 1553 N.
933 1531 991 1564 pro
1012 1521 1216 1553 cismontamt

515 1574 648 1617 faiizilizi
668 1574 963 1607 consultationibus
990 1573 1212 1617 praepositae,

516 1637 599 1671 quae
616 1628 743 1670 pariter
762 1627 796 1659 in
816 1626 963 1670 generali
984 1626 1119 1661 Ordinis
1144 1636 1217 1660 con-

515 1681 702 1724 yregyatione
722 1680 801 1713 lecta
817 1680 917 1723 suere.

517 1752 551 1784 In
576 1751 688 1795 primis
713 1755 863 1785 statutum
888 1755 954 1792 est,
979 1756 1013 1784 ut
1041 1752 1154 1784 fratres
1179 1751 1217 1785 de

473 1806 604 1838 Familia
622 1806 720 1838 libere
739 1805 777 1837 ad
794 1805 1062 1838 Reformationem
1083 1805 1217 1838 transire

473 1860 595 1892 valeant
612 1859 643 1891 in
661 1869 862 1903 quocumque
880 1864 1034 1902 tempore,
1052 1859 1147 1892 etiam
1165 1869 1217 1893 ex-

474 1917 520 1947 tra
533 1913 705 1957 capitulum
724 1918 753 1945 et
767 1912 1055 1955 congregationem,
1071 1923 1142 1945 cum
1157 1913 1217 1946 hoc

473 1970 587 2006 tamen,
608 1971 642 1999 ut
662 1976 678 1998 e
703 1970 869 2006 conventu,
894 1965 926 1997 in
950 1976 1013 2009 quo
1038 1965 1077 1998 de
1100 1965 1218 1998 familia

473 2025 610 2060 manent,
628 2019 777 2052 recedere
794 2025 961 2063 nequeant,
978 2019 1038 2052 nisi
1062 2019 1150 2063 prius
1166 2019 1218 2052 ha-

472 2073 536 2106 bita
561 2073 740 2106 obedientia
767 2083 784 2105 a
809 2072 948 2114 custode,
970 2073 1018 2105 vel
1043 2072 1104 2106 alio
1130 2083 1218 2117 supe-

473 2128 558 2161 riore
582 2127 840 2168 reformatorum,
865 2128 918 2171 qui
943 2138 1014 2160 eam
1037 2128 1218 2161 nullatenus

473 2182 629 2224 denegare
653 2181 760 2225 possit.
780 2181 817 2213 Et
841 2181 873 2213 in
892 2191 977 2222 casu,
995 2191 1058 2225 quo
1082 2191 1151 2214 eam
1168 2181 1219 2214 de-

473 2234 655 2277 negaverit,
680 2234 734 2266 fiat
767 2244 916 2267 recursus
947 2234 986 2266 ad
1018 2234 1216 2278 superiorem

473 2288 671 2331 generalem,
695 2288 749 2332 qui
774 2291 916 2321 teneatur
940 2287 1053 2320 fratres
1077 2298 1136 2331 pro
1160 2288 1219 2321 hac

473 2352 507 2374 re
532 2341 569 2374 ad
595 2341 698 2385 ipsum
722 2347 924 2374 recurrentes
949 2341 988 2374 ad
1019 2341 1219 2375 reformatio-

473 2406 545 2428 nem
559 2395 710 2439 recipere,
728 2405 851 2428 necnon
865 2400 895 2428 et
909 2395 1090 2439 superiores
1104 2395 1219 2428 dietam

474 2449 629 2482 licentiam
655 2452 805 2492 negantes
829 2449 933 2492 poena
964 2448 1022 2481 sibi
1052 2449 1220 2482 arbitraria

474 2502 597 2545 punire,
618 2501 679 2534 nisi
704 2501 763 2534 sibi
788 2502 965 2535 eonstiterit
983 2502 1151 2535 reformari
1169 2512 1219 2535 vo-

475 2557 573 2589 lentes
598 2555 628 2588 id
652 2556 766 2596 facere,
797 2561 832 2589 ut
855 2555 1007 2589 iudicium
1031 2556 1078 2589 vel
1103 2566 1219 2600 poenas

475 2609 533 2641 sibi
552 2608 705 2642 iniunctas
731 2609 970 2652 subterfugiant,
986 2614 1040 2642 aut
1065 2620 1133 2643 esse
1153 2621 1218 2644 om-

475 2663 549 2696 nino
567 2661 605 2695 ad
622 2662 879 2696 reformationem
897 2663 1060 2697 inhabiles.

1059 262 1238 287 nttttatntuttt
1262 262 1416 288 nomumt

1292 311 1444 344 Secundo.
1460 311 1507 353 Ut,
1518 311 1571 356 qui
1585 311 1624 344 ad
1639 311 1894 347 reformationem
1909 318 1989 347 tran-

1248 365 1345 406 sierit,
1363 375 1478 398 annum
1494 375 1590 398 unum
1609 375 1626 397 a
1643 365 1693 398 die
1710 375 1784 399 suae
1801 366 1990 410 receptionis

1248 417 1495 462 computandum
1508 417 1797 453 addeliberandum
1814 419 1937 461 habeat,
1950 429 1990 452 an

1249 470 1279 503 in
1304 471 1358 504 illo
1389 475 1470 505 statu
1502 470 1576 504 velit
1603 481 1783 504 remanere:
1814 482 1876 515 quo
1908 482 1990 506 anno

1248 524 1390 567 expleto,
1415 523 1560 568 superior
1595 523 1860 567 reformatorum,
1885 530 1990 559 custos

1248 576 1402 617 videlicet,
1426 577 1474 609 vel
1499 576 1711 620 provincialis,
1729 576 1768 610 ad
1789 583 1988 621 conventum,

1248 629 1279 662 in
1303 641 1366 673 quo
1391 629 1492 663 dietus
1516 630 1613 663 frater
1637 629 1675 662 de
1706 630 1824 662 familia
1848 640 1991 664 commo-

1248 687 1346 724 ratur,
1367 694 1399 716 se
1419 684 1596 724 transferat,
1617 683 1724 727 ibique
1748 683 1925 728 simplicem
1950 685 1992 718 in-

1248 736 1469 770 formatioenm
1490 747 1507 770 a
1532 737 1716 780 guardiano,
1743 737 1791 769 vel
1816 737 1877 770 alio
1902 748 1993 782 supe-

1249 789 1325 823 riori
1350 789 1460 830 locali,
1485 800 1503 823 a
1526 790 1670 823 discretis
1692 795 1872 832 conventus
1899 795 1929 823 et
1952 791 1992 823 ab

1249 843 1355 886 aliquo
1379 848 1467 886 patre
1492 843 1709 887 principaliori
1738 844 1786 876 vel
1811 843 1992 887 antiquiori,

1249 896 1302 939 qui
1327 896 1370 928 ibi
1394 896 1583 940 reperiatur,
1600 896 1735 929 fideliter
1756 897 1857 941 capiat
1873 896 1911 930 de
1931 897 1993 930 vita

1249 954 1279 981 ct
1298 948 1442 981 moribus
1458 948 1628 992 supradicti
1648 949 1754 982 fratris
1761 960 1769 990 ;
1787 955 1818 982 et
1835 950 1860 982 si
1880 960 1993 993 cogno-

1249 1001 1339 1043 verit,
1360 1011 1432 1034 eum
1457 1001 1537 1035 bene
1562 1001 1684 1044 vixisse,
1702 1012 1738 1035 ae
1763 1003 1856 1035 statui
1877 1007 1907 1036 et
1922 1014 1994 1047 pro-

1250 1055 1376 1088 fessioni
1410 1055 1658 1088 reformatorum
1693 1066 1725 1088 se
1759 1056 1992 1099 conformasse,

1250 1109 1353 1152 ipsum
1388 1108 1427 1141 ad
1460 1108 1719 1142 reformationem
1753 1108 1992 1153 incorporatum

1249 1162 1408 1204 declaret,
1434 1167 1465 1195 et
1493 1162 1674 1196 huiusmodi
1704 1162 1994 1206 incorporationem

1250 1216 1281 1248 in
1300 1215 1382 1249 libro
1409 1215 1571 1249 custodiae
1591 1215 1758 1259 diligenter
1784 1221 1880 1249 notet.
1905 1216 1994 1256 Quod

1250 1269 1275 1302 si
1309 1269 1341 1302 id
1374 1279 1433 1313 per
1464 1279 1498 1302 se
1526 1269 1630 1313 ipsum
1659 1270 1867 1313 personaliter
1892 1270 1995 1303 facere

1249 1328 1404 1366 nequeat,
1433 1323 1530 1356 alium
1555 1323 1722 1357 substituat
1741 1350 1749 1364 ,
1777 1323 1832 1367 qui
1861 1323 1892 1356 id
1917 1334 1992 1357 exe-

1249 1381 1384 1420 quatur,
1421 1376 1594 1410 dummodo
1628 1386 1693 1410 non
1728 1376 1768 1409 sit
1803 1377 1841 1410 de
1875 1377 1995 1410 familia

1250 1430 1334 1463 illius
1359 1434 1552 1470 conventus,
1578 1430 1610 1462 in
1633 1440 1696 1474 quo
1720 1431 1817 1463 frater
1841 1430 1874 1463 in
1897 1431 1996 1464 resor-

1249 1483 1388 1517 matione
1405 1483 1659 1527 incorporandus
1675 1483 1842 1527 reperitur.
1860 1484 1926 1523 Quo
1943 1495 1994 1518 au-

1250 1543 1313 1571 tem
1338 1537 1376 1570 ad
1400 1537 1574 1570 faciendam
1599 1537 1845 1580 assignationem
1873 1538 1994 1581 aliquo-

1250 1602 1321 1624 rum
1347 1595 1560 1624 conventuum
1584 1590 1822 1624 observantium
1846 1591 1884 1623 de
1908 1591 1996 1624 fami-

1251 1645 1291 1677 lia
1303 1644 1453 1677 fratribus
1469 1644 1658 1684 reformatis,
1676 1643 1708 1676 in
1724 1644 1855 1686 singulis
1872 1644 1996 1678 casibus

1250 1702 1435 1731 recurratur
1467 1697 1506 1729 ad
1538 1707 1660 1730 sacram
1689 1697 1994 1740 Congregationem,

1251 1761 1341 1795 quae,
1364 1751 1471 1784 habita
1502 1751 1624 1785 ratione
1651 1751 1777 1783 numeri
1797 1751 1930 1785 fratrum
1956 1751 1994 1784 ad

1251 1805 1510 1838 reformationem
1535 1804 1775 1845 transeuntium,
1801 1810 1831 1837 et
1847 1804 1995 1839 omnibus

1251 1863 1397 1892 accurate
1418 1857 1595 1902 perpensis,
1620 1858 1809 1891 deliberabit
1826 1868 1885 1902 pro
1904 1863 1939 1891 ut
1962 1858 1995 1891 in

1250 1911 1384 1945 Domino
1401 1911 1549 1955 expedire
1569 1910 1785 1943 arbitrabitur.

1295 1964 1410 1998 Tertio.
1436 1963 1685 1997 Determinatum
1709 1968 1765 2005 cst,
1780 1968 1816 1997 ut
1835 1964 1874 1997 de
1890 1970 1995 1998 cetero

1252 2076 1340 2104 extra
1360 2071 1496 2115 capitula
1516 2071 1564 2104 vel
1586 2071 1848 2114 congregationes
1879 2072 1997 2115 capitu-

1252 2125 1344 2165 lares,
1357 2134 1421 2158 non
1438 2124 1581 2159 obstante
1601 2129 1725 2157 sanctae
1741 2125 1915 2158 memoriae
1931 2125 1996 2159 Cle-

1252 2178 1364 2212 mentis
1382 2179 1447 2211 VIII
1465 2179 1523 2211 hac
1539 2178 1578 2211 de
1602 2188 1636 2211 re
1657 2177 1775 2218 edicto;
1793 2178 1869 2212 alias
1889 2189 1996 2222 recep-

1254 2231 1353 2266 tiones
1370 2236 1401 2264 et
1416 2231 1627 2275 professiones
1639 2231 1711 2264 inde
1725 2236 1875 2275 sequutae
1891 2232 1995 2266 nullae

1253 2286 1313 2319 sint
1331 2290 1360 2318 et
1377 2285 1541 2318 invalidae.

1297 2339 1422 2378 Quarto.
1443 2339 1693 2372 Determinatum
1713 2344 1769 2379 est,
1793 2344 1829 2372 ut
1852 2339 1996 2373 minister

1253 2392 1456 2436 provincialis
1473 2392 1548 2435 eligi
1568 2393 1666 2436 possit
1685 2403 1722 2426 ex
1746 2393 1865 2426 familia
1893 2394 1942 2426 vel
1959 2404 1996 2427 ex

1252 2446 1477 2480 reformatione
1502 2446 1587 2479 iuxta
1611 2446 1771 2490 antiquam
1796 2448 1996 2481 eonsuetudi-

1252 2510 1325 2534 nem
1342 2500 1505 2543 religionis
1522 2505 1552 2533 et
1568 2500 1653 2534 iuxta
1669 2501 1908 2535 constitutiones
1926 2511 1996 2534 san-

1253 2559 1319 2588 ctae
1344 2553 1518 2588 memoriae
1534 2554 1701 2588 Clementis
1719 2555 1783 2588 vul
1805 2559 1836 2588 et
1852 2555 1939 2588 Pauli
1957 2556 1995 2587 t':

1252 2613 1282 2641 et
1306 2607 1432 2652 quando
1456 2607 1599 2640 minister
1631 2607 1833 2652 provincialis
1860 2608 1994 2651 eligetur

1252 2673 1289 2697 ex
1309 2661 1459 2697 fratribus
1478 2661 1668 2704 reformatis,
1685 2665 1770 2703 tunc,
1784 2660 1823 2695 ad
1843 2661 1995 2696 tollendas

2002 265 2051 293 An.
2072 264 2188 294 &1625

2076 333 2086 346 e
2106 327 2186 348 illorum

2005 354 2128 379 probatione
2167 357 2187 375 (²1

2004 382 2138 407 acceptione.

2063 1974 2094 1996 De
2109 1975 2195 1996 novitiis

2011 2001 2065 2022 inter
2092 2002 2195 2023 reforma-

1251 2017 1360 2051 novitii
1385 2016 1466 2050 inter
1491 2017 1680 2050 reformatos
1710 2027 1775 2050 non
1803 2017 1996 2061 recipiantur
2011 2029 2194 2055 tosrectpteudis.

2055 2349 2085 2370 De
2100 2349 2195 2370 ministro

2010 2376 2144 2402 provinciali,
