2269 3235
85 257 137 284 An.
154 255 182 283 C.
203 254 271 282 1625

326 300 427 334 Pauca
438 300 516 334 haee
533 304 645 334 statuta
661 301 730 334 fieri
744 300 931 340 debuerunt,
948 299 1021 342 quia

282 364 498 398 quaecumque
515 354 574 386 alia
594 354 630 387 ad
651 354 767 387 bonum
787 351 947 396 publicum
968 361 1021 383 ne-

283 407 428 449 cessaria,
446 407 477 440 in
491 407 611 441 statutis
629 406 869 450 Segoviensibus
889 404 1023 437 auctori—

283 466 343 493 tate
357 461 451 494 totius
469 459 721 503 congregationis
739 458 854 491 ibidem
875 457 1022 491 confectis

284 515 530 548 cumulatissime
550 514 756 558 reperientur.

548 594 614 627 Pro
638 594 660 628 I
659 592 703 626 ml
706 593 743 625 is.

112 687 155 707 Soti
171 687 269 707 custodes
328 674 461 707 Caveant
483 683 519 706 ex
540 672 677 705 Indianis
694 671 864 716 provinciis
888 669 1023 703 ministri

85 713 268 765 }3.‚0r§12'‘¹¹2¹¹0¹‡¹0¹¹3
284 727 513 771 provinciales,
537 737 577 759 ne
600 726 639 759 ad
663 726 835 769 capitulum
860 724 1022 768 generale,

86 768 136 788 dm
151 766 235 787 ‘mmm'
284 780 331 813 vel
348 785 401 813 aut
424 780 483 824 ipsi
501 780 635 820 veniant,
652 779 700 812 vel
717 778 952 813 commissarios
969 788 1024 811 suo

282 833 410 866 nomine
427 833 568 866 mittant:
587 832 661 866 solis
678 832 861 866 custodibus
882 830 1025 864 veniendi

282 886 411 919 facultas
428 886 620 920 conceditur.

100 954 127 983 „i
141 952 217 979 quibus
227 952 268 973 sin:
327 939 488 973 Indiarum
502 939 711 973 commissarii
726 939 888 982 generales
901 938 1026 982 ipsimet

85 979 203 1027 {lsslsstllfiffl
221 985 268 1006 Μ’
283 993 461 1037 provincias
475 1003 584 1026 omnes
597 993 737 1027 visitent:
758 992 901 1036 impediti
921 1001 1027 1024 neces-

284 1047 373 1080 sitate
397 1048 532 1090 urgenti,
559 1057 594 1080 ex
619 1046 823 1080 vicinioribus
845 1045 1024 1090 provinciis,

284 1110 348 1133 non
372 1105 476 1133 autem
500 1100 640 1143 remotis,
665 1099 842 1133 visitatores
865 1109 1025 1133 assumere

286 1157 459 1188 teneantur.

103 1219 179 1256 ,0¹1sst0
194 1220 216 1256 iq
232 1225 270 1245 pu·
329 1208 411 1242 Nulli
434 1208 527 1240 liceat
550 1207 768 1241 commissario
793 1206 952 1249 generali,
978 1206 1025 1238 vel

87 1248 270 1294 ifffliiifebffl'
285 1261 378 1295 etiam
395 1261 556 1303 visitatori,
575 1266 646 1294 ante
664 1261 800 1294 ministri
825 1259 1026 1304 provincialis

285 1314 478 1355 electionem,
488 1324 590 1357 neque
600 1316 637 1347 ea
649 1315 786 1358 peracta,
800 1313 938 1357 aliquem
951 1323 1026 1346 voce

284 1368 384 1401 activa
401 1373 431 1400 et
454 1367 579 1412 passiva
595 1368 720 1411 privare
740 1377 795 1400 seu
811 1367 872 1399 alia
889 1365 1027 1410 graviori

285 1422 410 1455 afficere
434 1423 547 1466 poena,
572 1422 632 1454 nisi
657 1422 798 1456 confecto
822 1431 973 1465 processu
998 1425 1028 1454 et

284 1475 493 1519 praecedente
510 1475 557 1508 rei
574 1474 732 1508 auditione
754 1475 785 1507 in
803 1475 851 1507 sui
875 1473 1028 1507 defensio-

284 1539 366 1561 nem.
381 1528 438 1568 Qut
456 1538 545 1562 secus
562 1529 679 1569 feeerit,
691 1538 747 1561 suo
756 1527 896 1571 privetur
913 1527 1026 1560 officio.

135 1594 203 1618 Quoto
220 1594 270 1613 tem-
330 1582 520 1624 Visitatores,
538 1586 666 1626 peracto
680 1580 863 1625 provinciali
881 1580 1027 1624 capitulo,

87 1625 138 1646 pore
152 1621 271 1641 visitatores

88 1647 109 1667 in
125 1648 208 1667 visitata
224 1652 270 1673 pro-

88 1674 157 1694 vincia
191 1673 272 1699 possint

89 1702 223 1722 commorari.

286 1636 318 1668 in
352 1636 513 1679 provincia
544 1636 666 1670 visitata
701 1636 785 1669 ultra
817 1634 926 1678 viginti
962 1634 1028 1666 dies

286 1699 350 1723 non
372 1695 571 1722 remaneant:
603 1689 717 1733 quibus
745 1688 869 1733 elapsis,
899 1687 1027 1721 omnino

287 1744 473 1777 auctoritate
493 1748 628 1777 careant.

331 1798 406 1830 Tam
420 1797 656 1831 commissarius
673 1796 828 1840 generalis
856 1807 911 1830 seu
928 1795 1030 1828 visita—

289 1855 338 1885 tor
357 1851 395 1884 ab
415 1851 603 1884 electoribus
623 1851 887 1895 subscriptionem
919 1853 1028 1893 petens

289 1905 373 1938 hunc
388 1905 436 1938 vel
450 1905 537 1938 illum
552 1905 697 1948 eligendi,
711 1915 804 1949 quam
820 1904 878 1948 ipsi
896 1903 1029 1936 subscri-

289 1957 419 2001 bentes,
450 1958 617 2002 privationi
650 1963 776 1991 actuum
811 1957 1027 2000 legitimorum

289 2010 357 2054 ipso
374 2012 454 2044 sacto
480 2011 687 2044 incurrendae
704 2011 892 2044 subiaceant.

334 2065 493 2098 Electores
506 2065 537 2098 in
550 2064 736 2109 provinciali
750 2065 887 2109 capitulo
901 2074 1029 2107 congre-

290 2118 372 2161 gati,
397 2124 563 2163 antequam
589 2119 627 2151 ad
652 2119 838 2152 electionem
872 2117 1028 2158 ministri,

290 2171 511 2215 definitorum,
537 2172 701 2206 custodum
726 2177 756 2206 et
780 2172 1028 2215 guardianorum

291 2226 471 2269 procedant,
491 2226 676 2259 nominatim
697 2226 908 2259 iuramentum
932 2235 1026 2269 prae-

292 2283 373 2312 stent
396 2290 501 2313 eoram
521 2280 710 2314 venerabilis
724 2280 864 2314 crucifixi
882 2280 1028 2322 imagine,

293 2342 326 2365 se
346 2343 416 2365 eum
435 2334 599 2377 electuros,
617 2345 711 2377 quem
732 2334 763 2366 in
783 2333 975 2367 conscientia
1000 2337 1030 2365 et

294 2386 439 2419 omnibus
463 2389 563 2431 aequa
588 2388 675 2421 lance
707 2388 828 2420 libratis
852 2387 1028 2429 digniorem

294 2440 485 2482 iudicabunt,
502 2441 544 2474 ita
561 2441 686 2475 iubente
702 2441 859 2475 Clemente
877 2441 941 2474 VIII
960 2451 1030 2474 san-

295 2493 397 2528 ctione
414 2504 431 2527 a
448 2494 498 2528 SS.
516 2494 550 2528 D.
573 2495 607 2529 N.
623 2495 748 2529 Urbano
763 2494 827 2528 VllI
845 2495 1004 2528 renovata.

558 2575 624 2608 Pro
644 2575 764 2619 Belyis.

339 2654 494 2690 Permittit
511 2655 680 2701 capitulum
698 2655 844 2700 generale
860 2654 1031 2701 provinciis

135 2073 274 2094 Iuramentum

92 2100 119 2121 ab
147 2100 273 2120 electoribus

93 2126 249 2153 praestandum.

151 2657 180 2684 De
197 2660 281 2684 statutis

892 251 1034 275 unnANUS
1067 251 1123 274 VIII
1147 251 1194 274 PP.

1699 238 1761 271 397

1055 298 1184 341 belgicis
1202 303 1231 331 et
1251 297 1387 338 annexis,
1405 297 1433 329 in
1453 296 1489 329 iis
1507 300 1637 335 tantuin,
1654 306 1734 338 quae
1752 307 1795 327 sa-

1056 352 1117 384 cris
1131 351 1315 391 canonibus,
1328 350 1498 383 Tridentini
1511 349 1638 383 Concilii
1651 348 1795 389 decretis,

1057 408 1086 436 et
1106 404 1380 437 constitutionibus
1405 403 1585 447 apostolicis
1609 412 1672 435 non
1692 401 1798 433 adver-

1057 462 1174 499 santur,
1190 456 1274 489 iuxta
1296 460 1408 490 statuta
1434 455 1726 495 ltarulstnonensia',
1740 465 1797 486 nu-

1057 520 1114 553 per
1127 510 1278 552 Segoviae
1296 510 1455 552 recognita
1472 514 1500 543 et
1514 509 1696 542 auctoritate
1713 519 1799 541 reve-

1058 563 1235 596 rendissimi
1252 563 1350 606 patris
1364 563 1496 595 ministri
1512 563 1666 605 generalis
1679 562 1796 595 eisdem

1058 616 1270 656 accomodata,
1295 616 1442 660 deinceps
1468 617 1580 657 vivere,
1607 627 1661 648 sua
1686 620 1798 647 statuta

1058 670 1261 713 provincialia
1282 680 1418 710 servare,
1437 670 1669 702 reformationis
1689 669 1798 702 modos

1058 734 1075 756 a
1100 723 1315 756 visitatoribus
1332 723 1513 767 apostolicis
1536 723 1731 755 introductos
1754 733 1799 755 re-

1059 777 1159 810 tinere
1170 789 1177 817 3
1204 777 1245 810 ita
1275 782 1308 809 ut
1339 787 1440 820 neque
1473 780 1674 820 praesentes,
1698 786 1799 819 neque

1059 831 1182 864 futurae
1207 831 1446 864 constitutiones
1469 830 1547 863 aliae
1566 830 1798 873 praedictarum

1059 885 1294 930 provinciarum
1310 890 1416 928 patres
1435 894 1471 916 ac
1496 884 1608 916 fratres
1625 883 1689 916 ullo
1706 882 1800 915 modo

1059 939 1216 982 obligent,
1234 938 1294 971 nisi
1315 949 1351 971 ex
1370 942 1459 982 parte
1476 937 1540 978 illa,
1557 947 1619 980 qua
1635 936 1725 969 dictis
1743 940 1801 968 sta-

1059 993 1133 1026 tutis
1151 993 1329 1026 conformes
1353 997 1454 1032 erunt,
1474 991 1520 1024 vel
1545 990 1649 1034 primo
1670 990 1700 1022 in
1718 990 1802 1033 capi-

1061 1047 1125 1080 tulo
1149 1045 1335 1090 provinciali
1357 1056 1411 1078 seu
1431 1044 1676 1088 congregatione
1704 1044 1801 1077 lectae

1059 1105 1090 1133 et
1109 1100 1329 1144 promulgatae
1348 1099 1474 1132 suerint.

1104 1152 1343 1187 Commissarius
1368 1151 1533 1186 nationalis
1559 1151 1589 1183 in
1618 1150 1707 1183 dictis
1731 1161 1801 1194 pro-

1060 1206 1169 1239 vinciis
1194 1217 1287 1239 nemo
1312 1216 1379 1239 esse
1403 1210 1455 1238 aut
1478 1204 1595 1238 institui
1619 1204 1728 1247 possit,
1742 1203 1801 1236 nisi

1060 1261 1113 1304 qui
1138 1264 1236 1301 antea,
1261 1265 1314 1293 aut
1338 1259 1495 1302 definitor,
1521 1263 1574 1291 aut
1598 1258 1746 1291 iubilatus
1762 1258 1802 1290 le-

1061 1318 1138 1354 ctor,
1164 1318 1217 1346 aut
1241 1313 1353 1346 maiori
1378 1312 1481 1346 officio
1505 1312 1629 1344 functus
1650 1310 1753 1352 fuerit⁷
1773 1315 1801 1342 et

1061 1377 1119 1411 per
1144 1378 1175 1400 se
1203 1367 1307 1410 ipsum
1331 1365 1509 1410 provincias
1534 1365 1659 1397 visitare
1692 1364 1801 1397 valeat.

1060 1420 1258 1464 Dispensatio
1283 1420 1314 1452 in
1332 1419 1454 1452 statutis
1470 1417 1716 1462 provincialibus
1735 1417 1802 1449 sine

1061 1473 1230 1506 definitorii
1255 1483 1384 1506 assensu
1401 1472 1530 1506 omnino
1548 1471 1574 1503 ei
1593 1470 1802 1509 interdicitur;

1061 1526 1142 1560 sicut
1157 1532 1188 1559 et
1203 1537 1369 1559 causarum
1394 1525 1575 1558 commissio
1600 1525 1631 1557 in
1656 1524 1802 1556 instantia

1062 1581 1166 1625 prima
1181 1608 1188 1621 ,
1220 1591 1299 1624 quae
1324 1590 1420 1624 penes
1444 1579 1598 1622 praelatos
1626 1577 1803 1612 ordinarios

1062 1645 1130 1668 esse
1154 1639 1183 1667 et
1206 1643 1371 1666 remanere
1392 1632 1492 1666 debet.

1106 1687 1329 1731 Receptionem
1364 1685 1555 1718 novitiorum
1587 1694 1711 1718 necnon
1741 1684 1803 1716 fra-

1062 1746 1146 1774 trum
1170 1739 1459 1784 incorporationem
1484 1748 1547 1771 non
1568 1748 1634 1771 esse
1652 1738 1699 1770 sui
1728 1737 1805 1770 iuris

1062 1795 1197 1835 noverit,
1222 1793 1366 1838 capitulis
1395 1791 1643 1837 provincialibus
1673 1791 1805 1835 ipsemet

1062 1848 1249 1893 praesideat.

1106 1903 1242 1935 Instante
1266 1900 1445 1934 definitorio
1471 1900 1566 1933 totius
1590 1900 1718 1943 capituli
1744 1910 1801 1942 ge-

1062 1956 1177 1989 neralis
1203 1955 1378 1996 statuimus,
1403 1954 1441 1987 ad
1461 1954 1605 1987 evitanda
1629 1954 1723 1986 dubia
1738 1980 1745 1993 ,
1771 1958 1805 1986 ut

1062 2013 1285 2054 procuratores
1299 2014 1329 2042 et
1347 2007 1554 2042 commissarii
1575 2008 1732 2040 Romanae
1745 2006 1804 2040 Cu-

1063 2063 1127 2096 riae
1152 2074 1208 2096 suo
1233 2063 1336 2096 officio
1360 2062 1457 2095 suncti
1483 2062 1595 2104 (ctiam
1621 2060 1645 2093 si
1671 2059 1805 2093 ministri

1062 2117 1269 2161 provinciales
1286 2117 1360 2150 alias
1376 2126 1439 2149 non
1460 2116 1589 2158 suerint)
1612 2115 1692 2147 intra
1717 2124 1804 2146 suam

1062 2171 1271 2216 provinciam,
1297 2176 1326 2204 et
1351 2175 1451 2210 extra,
1477 2180 1585 2203 onmes
1610 2169 1688 2201 alios
1713 2178 1802 2211 prae-

1063 2226 1184 2266 cedant,
1210 2225 1282 2258 licet
1307 2224 1441 2257 ministri
1459 2222 1668 2267 provinciales
1686 2226 1739 2254 aut
1756 2221 1807 2254 de-

1063 2279 1204 2312 finitores
1230 2279 1393 2321 generales
1418 2276 1599 2310 extitissent.

1108 2333 1123 2376 g
1146 2332 1176 2365 2.
1201 2332 1272 2374 Nos,
1291 2330 1479 2364 inviolabilis
1497 2332 1685 2362 statutorum
1702 2327 1807 2360 huius-

1064 2386 1149 2419 modi
1170 2384 1391 2425 observationi,
1405 2388 1639 2428 perpetuaeque
1654 2381 1805 2422 firmitati,

1064 2443 1216 2483 quantum
1240 2437 1331 2471 nobis
1345 2448 1381 2470 ex
1397 2437 1459 2470 alto
1484 2435 1676 2476 conceditur,
1693 2445 1808 2479 oppor-

1064 2497 1138 2526 tune
1161 2491 1346 2536 providere,
1374 2490 1540 2534 ipsumque
1564 2493 1807 2533 procuratorem

1065 2545 1250 2590 specialibus
1274 2544 1433 2578 favoribus
1466 2548 1496 2577 et
1526 2542 1635 2586 gratiis
1658 2541 1807 2586 prosequi

1064 2601 1213 2643 volentes⁷
1240 2604 1270 2633 et
1293 2610 1310 2632 a
1333 2598 1495 2643 quibusvis
1512 2596 1808 2632 excommunicatio⁶

1102 2666 1113 2691 1
1132 2662 1255 2692 Dehisce
1265 2661 1325 2691 vide
1334 2662 1412 2697 infra,
1422 2661 1472 2690 sub
1484 2660 1624 2690 xv111dec.
1637 2660 1665 2688 h.
1679 2660 1806 2695 a.(n.r.).

1810 247 1859 274 Λη.
1876 248 1903 274 C.
1922 247 1989 274 1625

1811 308 1879 333 quom!
1910 314 1991 333 prunn-

1811 341 1853 355 νῆις
1871 334 1971 359 Belgica&

1856 1158 1885 1178 De
1904 1163 1999 1178 commis-

1816 1186 1873 1207 sario
1888 1184 1999 1205 nationali.

1858 1691 1950 1717 Etuzque
1965 1697 2002 1712 au-

1819 1720 1923 1739 ctoritate.

1833 1905 1862 1925 De
1873 1904 2003 1930 praeceden-

1820 1933 1848 1951 tia
1882 1933 2004 1957 procurato-

1820 1964 1863 1979 rum
1877 1962 1896 1978 et
1907 1963 2003 1978 commis-

1819 1991 1922 2005 sariorum
1962 1985 2004 2004 fln-

1820 2018 1893 2033 nianae
1910 2011 1994 2032 Curiae.

1842 2332 1955 2353 Praedicta
1964 2334 2004 2352 sta-

1820 2361 1866 2379 tuta
1889 2361 1913 2379 ’ςι
1924 2359 2007 2379 afirmat

1822 2385 1925 2407 Pontifex.
