2269 3235
285 248 334 275 Λ11.
351 249 379 276 C.
397 247 465 275 1528

337 630 467 651 Praeemlnu»

283 661 314 678 tes
337 659 465 676 constitutio-

284 690 320 703 nos
336 684 368 703 his
386 686 466 703 rutum-

284 711 325 731 rias
341 710 399 730 tottii.

309 1108 428 1132 Clausulas.

335 1853 466 1875 Obstantium

283 1881 400 1907 derogatio.

321 2600 384 2622 Fides
399 2600 469 2621 danda

286 2628 429 2654 transumptis.

512 238 577 271 664

484 301 593 329 tenore
611 296 831 339 praesentium,
847 299 998 338 perpetuo
1012 294 1222 338 approbamus

484 354 514 382 rt
538 351 773 388 contii-mainus,
799 347 921 390 illisque
946 346 1134 379 inviolabilis
1152 357 1222 390 apo-

484 403 610 436 stolicae
647 402 802 434 firmitatis
837 401 935 433 robur
967 400 1151 441 adiicimus,
1186 411 1221 433 ac

482 466 591 487 omues
617 461 646 486 et
671 455 811 497 singulos
839 458 899 487 tam
926 454 1002 486 iuris
1031 464 1123 497 quam
1150 454 1219 486 sacti

482 508 637 548 defectus,
673 507 698 539 si
729 507 781 550 qui
814 507 950 550 desuper
984 507 1222 551 quomodolibet

484 560 716 602 intmweuerint,
742 561 932 604 supplemus.

527 615 541 655 ξ
565 614 595 646 4.
621 614 735 647 Omnes
760 625 834 647 vero
851 619 882 647 01
899 614 1038 657 singulas
1055 614 1130 647 alias
1148 614 1221 647 dicti

482 667 606 699 ttrdinis
631 668 869 701 constitutiones
894 668 923 700 in
949 673 1039 700 autea
1064 668 1167 709 factas,
1189 678 1221 700 e-

482 721 554 754 tiam
580 721 765 754 auctoritate
789 722 961 766 apostoliea
991 722 1165 762 roboratas,
1190 722 1220 753 in

482 773 528 814 iis,
554 785 633 817 quae
657 775 855 818 presentibus
878 780 1064 818 repugnant,
1089 780 1119 807 et
1142 784 1221 817 quae

482 827 570 860 annis
594 828 739 871 proxime
768 828 947 871 praeteritis
977 839 1035 871 pro
1067 827 1221 860 reforma-

482 880 565 913 tione
582 882 714 913 fratrum
731 881 804 914 dicti
821 881 946 914 Ordinis
963 880 1052 923 regni
1075 880 1221 913 Poloniae

481 934 578 966 factae
603 935 749 974 fuerunt,
775 945 976 974 revocamus,
1009 944 1167 966 cassamus
1192 938 1221 966 et

481 988 688 1029 annullamus,
715 988 896 1032 viribusque
913 992 942 1022 et
959 988 1071 1021 effectu
1095 998 1222 1021 evacua-

482 1051 560 1073 mus.

524 1095 539 1137 §
563 1093 592 1126 5.
617 1094 825 1127 Decernentes
850 1094 1088 1127 constitutiones
1114 1095 1221 1127 huius-

480 1145 565 1178 modi
596 1146 779 1189 compilatas
811 1157 846 1179 ac
871 1146 909 1178 de
933 1146 1080 1179 mandato
1112 1152 1220 1179 nostro

481 1199 671 1232 examinatas
696 1203 725 1233 et
749 1199 865 1232 revisas
898 1203 932 1233 ut
962 1200 1157 1243 praefertur,
1183 1200 1221 1233 ab

481 1253 626 1286 omnibus
651 1258 681 1285 et.
706 1252 836 1295 singulis
869 1252 942 1285 dicti
967 1253 1091 1286 Ordinis
1116 1254 1221 1286 fratri-

480 1307 559 1349 bus,
590 1306 764 1350 ceterisque
789 1307 948 1350 personis,
974 1307 1031 1339 sub
1054 1308 1165 1351 poenis
1190 1308 1221 1340 in

481 1361 541 1393 illis
566 1361 728 1401 contentis,
746 1360 967 1393 inviolabiliter
987 1360 1148 1394 observari
1169 1361 1220 1394 de-

480 1414 572 1454 bere3

525 1468 540 1511 g
564 1466 592 1499 (ἰ.
612 1467 724 1511 Sieque
741 1471 771 1499 et
790 1477 853 1499 non
870 1467 958 1501 aliter
975 1478 1033 1511 per
1050 1478 1220 1513 quoscum-

481 1532 541 1564 que
558 1521 677 1553 iudices
694 1521 870 1553 ordinarios
887 1526 917 1553 01
937 1521 1107 1564 delegatos,
1128 1522 1221 1554 etiam

481 1586 646 1608 causarum
664 1575 769 1618 palatii
787 1575 951 1618 apostolici
968 1576 1136 1618 auditores,
1151 1576 1221 1608 ubi-

480 1640 541 1673 que
555 1629 686 1662 iudicari
704 1635 731 1662 et
750 1629 874 1661 definiri
888 1629 1012 1671 debere,
1033 1640 1068 1662 ac
1097 1630 1220 1662 irritum

481 1688 511 1716 et
535 1683 626 1715 inane
650 1682 803 1726 quidquid
821 1693 910 1715 secus
931 1693 1025 1726 super
1045 1683 1093 1715 his
1114 1693 1130 1715 a
1147 1694 1222 1727 quo-

481 1747 629 1780 cumque,
655 1736 764 1780 quaris
788 1736 989 1776 auctoritate,
1015 1736 1150 1769 scienter
1174 1738 1221 1770 rel

482 1790 664 1832 ignoranter
688 1789 856 1831 contigerit
879 1789 1033 1822 attentari.

525 1844 540 1887 ξ
566 1843 593 1876 7.
620 1844 688 1876 Non
718 1842 913 1876 obstantibus
948 1843 1221 1877 constitutionibus

482 1901 512 1929 et
536 1896 785 1930 ordinationibus
812 1896 1002 1940 apostolicis,
1018 1907 1053 1928 ac
1067 1897 1140 1929 dicti
1165 1897 1222 1930 Or-

482 1950 573 1992 dinis,
588 1950 680 1982 etiam
696 1950 881 1992 iuramento,
897 1949 1137 1983 confirmatione
1150 1961 1223 1995 apo-

482 2004 602 2044 stolica,
620 2003 667 2036 vel
684 2003 793 2047 quavis
813 2003 960 2036 firmitate
977 2003 1037 2036 alia
1054 2003 1221 2045 roboratis,

483 2058 603 2091 statutis
618 2063 647 2090 01
659 2058 947 2100 consuetudinibus,
962 2057 1136 2101 privilegiis
1149 2069 1223 2102 quo-

483 2122 552 2155 que,
578 2111 705 2143 indultis
724 2116 754 2143 et
777 2111 889 2144 litteris
906 2111 1087 2155 apostolicis
1105 2111 1136 2144 in
1153 2123 1223 2145 con-

483 2165 614 2197 trarium
630 2164 878 2208 praemissorum
898 2164 1136 2208 quomodolibet
1153 2176 1223 2198 con-

483 2219 597 2259 cessis,
623 2218 817 2251 confirmatis
849 2223 878 2251 et
908 2218 1071 2252 innovatis.
1104 2218 1222 2258 Quibus

482 2272 627 2305 omnibus
642 2277 671 2304 et
687 2272 828 2315 singulis,
845 2282 956 2305 eorum
974 2272 1115 2305 omnium
1136 2278 1222 2306 teno-

482 2336 532 2359 res
548 2326 767 2370 praesentibus
780 2337 839 2369 pro
864 2327 954 2369 plene
978 2331 1008 2358 et
1032 2326 1222 2359 sufficienter

483 2379 638 2423 expressis
663 2379 822 2420 habentes,
848 2379 909 2412 illis
934 2380 1009 2412 alias
1034 2379 1065 2412 in
1087 2390 1143 2413 suo
1164 2391 1219 2413 10·-

483 2433 559 2466 bore
583 2434 807 2477 permansuris,
826 2434 883 2466 hac
900 2434 967 2466 vice
984 2433 1144 2468 dumtaxat
1156 2444 1223 2478 spe—

484 2488 603 2519 cialiter
620 2493 649 2520 et
666 2498 811 2531 expresse
828 2488 1027 2531 derogamus,
1048 2488 1222 2533 ceterisque

485 2541 649 2573 ‹ontrariis
674 2542 933 2586 quibuscumque.

529 2594 544 2636 ξ
567 2592 595 2625 8.
614 2595 764 2627 Volumus
777 2601 891 2636 autem,
907 2595 991 2639 quod
1010 2595 1221 2639 praesentium

484 2648 698 2692 transumptis,
716 2649 808 2682 etiam
829 2649 999 2695 impressis,
1017 2659 1112 2683 manu
1128 2649 1221 2684 alicu-

1055 246 1233 270 BULLARIUM
1259 246 1413 270 ROMANUM

1717 200 1728 224 1

2007 247 2062 276 An.
2078 248 2109 277 G.
2126 247 2194 277 1628

1256 293 1303 326 ius
1325 293 1439 327 notarii
1464 293 1581 338 publici
1606 294 1812 338 subscriptis,
1837 300 1867 328 et
1891 296 1994 339 sigillo

1255 347 1386 380 alicuius
1402 358 1554 391 personae
1572 348 1602 380 in
1619 347 1769 390 dignitate
1785 349 1995 382 ecclesiastica

1256 401 1440 434 constitutae
1465 400 1604 441 munitis,
1629 401 1737 433 eadem
1762 412 1893 445 prorsus
1917 402 1994 436 fides

1256 454 1370 498 ubique
1395 454 1598 494 adhibeatur,
1623 464 1703 498 quae
1727 453 1802 498 ipsis
1826 454 1995 498 praesenti-

1254 507 1312 539 bus
1337 507 1556 548 adhiberetur,
1582 506 1607 540 si
1632 508 1734 540 forent
1766 507 1922 540 exhibitae
1946 507 1995 540 vel

1255 565 1407 593 ostensae.

1298 613 1408 646 Datum
1438 613 1468 645 in
1500 623 1572 646 arce
1602 613 1779 657 Gandulphi
1810 613 1995 646 Albanensis

1255 667 1417 707 dioecesis,
1445 666 1502 699 sub
1531 666 1647 699 annulo
1677 666 1854 707 Piscatoris,
1879 666 1929 700 die
1952 677 1994 700 xv

1256 721 1329 753 maii
1346 731 1521 761 iuncxxvtn,
1538 720 1740 764 pontificatus
1759 720 1859 754 nostri
1872 731 1954 754 anno
1964 731 1993 754 v.

1292 782 1349 810 Dat.
1364 782 1407 810 die
1425 784 1457 812 15
1472 783 1536 810 maii
1553 783 1633 817 1628,
1648 782 1743 818 pontif.
1760 791 1829 811 anno
1846 789 1872 810 v.

1560 923 1689 957 ccxctt.

1257 1003 1419 1038 Concessio
1437 1003 1584 1037 ecclesiae
1598 1004 1815 1037 S.Laicremii
1827 1004 1864 1037 in
1879 1005 1992 1046 Fonte,

1298 1057 1335 1090 in
1354 1057 1484 1099 reyione
1508 1057 1672 1089 Montium
1694 1057 1788 1090 Urbis
1808 1058 1900 1098 sitae,
1921 1068 1994 1091 con-

1297 1110 1502 1153 fraternitati
1525 1110 1732 1151 Amicorum,
1757 1111 1799 1143 ad
1817 1113 1875 1154 pia
1899 1122 1997 1155 opera

1296 1173 1354 1206 per
1367 1163 1436 1196 eius
1452 1164 1629 1206 confratres
1646 1164 1682 1196 in
1702 1164 1775 1207 ipsa
1788 1164 1965 1198 exercenda
1976 1162 1994 1196 ¹.

1462 1244 1600 1271 Urbanus
1616 1245 1695 1278 Papa
1710 1244 1790 1279 VIII,

1379 1288 1415 1315 ad
1435 1292 1611 1322 perpetuam
1630 1289 1675 1316 rei
1694 1289 1875 1317 memoriam.

1299 1360 1314 1403 ξ
1338 1359 1367 1392 Δ1.
1388 1359 1471 1392 Alias
1497 1370 1514 1392 a
1538 1360 1628 1393 nobis
1659 1366 1845 1394 emanarunt
1872 1361 1996 1395 litterae
2019 1373 2195 1400 Recensetprae-

1256 1413 1373 1446 tenoris
1398 1414 1628 1457 subsequentis,
1653 1414 1812 1448 videlicet:
2010 1400 2195 1448 ssfilffik‘issmffm‘

1303 1467 1452 1500 Urbanus
1483 1467 1580 1511 Papa
1608 1468 1708 1509 VIII,
1735 1468 1778 1504 ad
1804 1473 1997 1512 perpetuam

1255 1521 1303 1553 rei
1314 1521 1514 1554 memoriam.
1526 1521 1663 1554 Pastoris
1676 1521 1804 1564 aeterni,
1815 1521 1997 1566 0101011111-

1258 1574 1338 1606 titur
1347 1574 1516 1607 residuum
1524 1585 1626 1618 supra
1637 1574 1816 1618 leyendum,
1826 1585 1897 1618 pag.
1907 1575 1994 1619 226).

1300 1627 1315 1670 ξ
1339 1626 1368 1660 2.
1394 1627 1531 1660 Subinde
1556 1638 1641 1668 xero,
1661 1634 1827 1672 postquam
1851 1629 1889 1661 de
1914 1639 1996 1662 anno
2036 1640 2167 1666 Faciamque
2182 1645 2195 1661 a

1256 1680 1400 1724 proxime
1424 1681 1596 1724 praeterito
1617 1681 1794 1724 (cupientes
1817 1681 1995 1725 providere,
2010 1667 2196 1724 {Zigffi‘sstissssll

1255 1739 1289 1766 ut
1301 1734 1432 1766 ecclesia
1449 1734 1478 1767 S.
1489 1734 1646 1767 Laurentii
1663 1734 1695 1767 in
1708 1735 1805 1767 Fonte
1817 1740 1996 1779 nuncupata
2011 1725 2197 1778 ἷῗέἷῗέἕῗῗεαηῖἳῖ

1255 1787 1287 1819 10
1304 1787 1433 1830 regione
1453 1787 1603 1820 Montium
1628 1787 1665 1820 de
1689 1787 1784 1829 Urbe,
1802 1787 1996 1831 antiquitate,
2010 1773 2121 1822 {ggfgf'ffl
2173 1779 2196 1794 ¹¹¹

1255 1840 1386 1884 aliisque
1409 1840 1555 1884 pluribus
1578 1840 1760 1874 nominibus
1791 1841 1996 1883 venerabilis,

1256 1894 1371 1927 debitis
1389 1904 1453 1927 non
1475 1899 1597 1927 careret
1621 1894 1791 1939 obsequiis,
1808 1895 1935 1939 praevia
1951 1906 1999 1929 re-

1256 1948 1428 1989 vocatione,
1446 1953 1599 1992 quatenus
1619 1959 1698 1992 opus
1718 1953 1808 1990 esset,
1826 1949 1999 1983 concessio-

1256 2001 1303 2034 nis
1328 2002 1479 2035 ecclesiae
1496 2002 1653 2046 praefatae
1673 2002 1748 2035 alias
1764 2002 1801 2036 de
1822 2013 1903 2036 anno
1923 2008 1998 2038 tune

1257 2056 1429 2100 praeterito
1455 2056 1606 2089 fratribus
1625 2057 1777 2091 Ruthenis
1800 2067 1859 2101 per
1880 2068 1938 2091 nos
1956 2058 1999 2091 fa-

1257 2110 1336 2154 ctae)
1368 2110 1531 2143 ecelesiam
1562 2111 1735 2154 praefatam
1767 2110 1795 2144 S.
1821 2111 1997 2152 Laurentii,

1256 2164 1350 2197 simul
1375 2174 1448 2197 cum
1472 2164 1618 2197 omnibus
1643 2164 1707 2197 suis
1731 2164 1869 2206 iuribus,
1894 2164 1995 2206 bonis,

1256 2217 1441 2258 redditibus,
1465 2217 1671 2261 proventibus
1696 2221 1726 2252 ct
1756 2217 1995 2261 emolumentis,

1256 2271 1453 2316 supradictae
1469 2272 1717 2305 confraternitati
1735 2271 1773 2304 ad
1793 2272 1943 2305 utendum
1964 2272 1996 2306 in

1257 2329 1444 2369 perpetuum
1459 2352 1466 2366 ,
1491 2330 1586 2369 prout
1611 2326 1649 2358 de
1673 2326 1830 2359 similibus
1855 2326 1995 2360 ecclesiis

1256 2379 1408 2413 laicorum
1434 2379 1706 2413 confraternitates
1737 2390 1793 2412 seu
1822 2390 1996 2424 congrega-

1256 2434 1356 2467 tiones
1370 2433 1408 2466 ad
1426 2444 1531 2467 saeros
1548 2437 1577 2467 et
1592 2433 1716 2478 pietatis
1733 2444 1809 2467 usus
1825 2433 1996 2468 destinatae

1255 2487 1301 2520 uti
1326 2492 1556 2521 consueverunt
1575 2487 1630 2531 (ita
1648 2492 1753 2521 tamen
1777 2493 1807 2521 et
1829 2498 1893 2522 non
1909 2488 1994 2532 alias,

1256 2547 1289 2575 nt
1313 2542 1381 2586 ipsa
1405 2542 1644 2576 confraternitas
1668 2542 1832 2576 eeclesiam
1856 2543 1884 2577 S.
1910 2543 1993 2576 Lau-

1292 2614 1302 2640 1
1321 2612 1552 2641 Confraternitatis
1570 2613 1766 2642 institutionem
1784 2614 1894 2651 require
1913 2621 1995 2651 supra

1255 2666 1317 2695 pag.
1334 2659 1386 2686 23ss
1402 2662 1438 2694 (a.
1455 2658 1503 2694 r.).
