2269 3235
200 262 248 288 Αη.
267 261 295 288 C.
315 261 385 288 1623
431 252 474 285 84

222 749 334 770 Confirmat
345 749 382 770 Ur-

199 776 274 797 banus.

225 1658 342 1678 Clausulas.

270 2136 383 2166 Derogatio

199 2166 362 2184 contrariorum.

400 310 489 353 regni
520 319 634 354 prorex
659 309 750 342 nobis
778 319 879 353 nuper
903 309 1016 352 exponi
1047 310 1138 349 lecit,

401 365 464 408 ipse
490 364 663 408 plurimum
685 363 800 407 cupiat,
821 363 1032 406 praeinscrtas
1058 363 1138 395 litte-

399 428 449 450 ras
469 417 649 451 huiusmodi
676 428 734 460 pro
759 417 893 449 firmiori
920 416 1044 449 illarum
1069 416 1140 448 sul)-

398 470 539 504 sistentia
564 476 593 502 ct
618 470 775 502 validitate
800 469 989 514 apostolicae
1013 474 1139 502 nostrae

397 523 647 556 confirmationis
672 523 789 556 robore
815 523 1023 563 communiri,
1048 523 1140 555 nobis

397 582 564 620 propterca
595 577 758 610 lmmiliter
789 577 959 621 supplicari
992 576 1081 617 fecit,
1107 582 1140 608 ut

396 629 534 673 desuper
559 635 737 673 opportune
761 630 925 673 indulgere
945 630 982 662 dc
999 629 1141 672 benigni-

398 687 457 717 tate
481 684 654 727 apostolica
678 684 891 727 dignaremur.

442 738 457 780 ξ
481 737 510 770 ⁶2.
536 737 599 771 Nos
616 737 732 780 igitur,
750 737 824 771 dicti
841 737 976 782 Philippi
994 738 1139 782 proregis

399 790 477 824 votis
501 791 684 824 huiusmodi
709 801 865 832 annuere,
896 791 1048 835 illumque
1073 801 1140 835 spc-

398 843 529 877 cialibus
554 844 713 878 favoribus
737 850 767 877 et
791 844 900 887 gratiis
924 844 1073 887 prosequi
1091 854 1140 876 vo-

398 897 506 939 lentes,
521 901 551 929 et
575 907 591 930 a
612 897 777 941 quibusvis
792 896 1140 936 excommunicationis,

397 950 611 994 suspensionis
636 955 666 982 et
690 950 864 989 interdicti,
889 949 1020 993 aliisque
1045 949 1141 981 eccle-

398 1002 530 1036 siasticis
555 1002 733 1043 sententiis,
759 1002 901 1035 censuris
925 1005 955 1035 et
977 1001 1098 1045 poenis,
1124 1011 1141 1032 a

399 1055 466 1088 iure
492 1055 539 1088 vel
564 1055 602 1088 ab
627 1055 766 1095 homine,
783 1055 893 1098 quavis
909 1055 1075 1087 occasione
1093 1054 1141 1086 vel

397 1110 492 1142 causa
517 1108 603 1150 latis,
628 1109 654 1142 si
679 1108 794 1153 quibus
819 1107 1059 1152 quomodolibet
1088 1107 1138 1139 in-

396 1161 530 1195 nodatus
554 1161 668 1203 existit,
692 1161 731 1194 ad
757 1162 903 1196 effectum
927 1160 1141 1206 praesentium

396 1215 558 1249 dumtaxat
577 1215 845 1260 consequendum,
864 1216 978 1248 harum
996 1215 1077 1248 serie
1092 1214 1142 1247 ab·

396 1269 551 1302 solventes
565 1274 595 1302 et
612 1269 791 1303 absolutum
810 1270 877 1302 sore
897 1274 1070 1309 censentes,
1087 1269 1143 1301 hu-

396 1322 530 1356 iusmodi
548 1323 831 1367 supplicationibus
848 1322 998 1361 inclinati,
1016 1322 1141 1366 praein-

395 1382 493 1410 sertas
509 1377 628 1411 litteras
645 1376 838 1417 huiusmodi,
855 1387 890 1409 ac
910 1377 1016 1409 omnia
1033 1381 1063 1409 et
1081 1376 1142 1408 sin-

395 1430 468 1474 gula
481 1430 513 1463 in
525 1430 570 1463 eis
587 1435 742 1472 contenta,
757 1430 930 1474 apostolica
943 1430 1140 1470 auctoritate,

395 1490 504 1517 tenore
528 1484 754 1528 praesentium,
775 1484 987 1528 approbamus
1012 1489 1042 1516 et
1066 1494 1141 1516 con-

395 1538 570 1579 firmamus,
596 1537 720 1582 illisque
737 1537 926 1571 inviolabilis
949 1537 1140 1582 apostolicae

396 1591 553 1624 firmitatis
577 1591 677 1624 robur
697 1591 872 1624 adiicimus.

442 1646 457 1689 g
473 1645 503 1678 3.
526 1646 736 1678 Decernentes
753 1645 878 1678 easdem
897 1649 1077 1689 praesentes
1094 1645 1141 1678 lit-

398 1704 482 1732 teras
506 1698 634 1739 validas,
659 1699 766 1732 firmas
792 1704 822 1731 et
842 1699 984 1731 efficaces
1008 1699 1141 1732 existere

398 1758 428 1786 et
452 1753 529 1793 sore,
554 1763 691 1796 suosque
715 1753 875 1796 plenarios
892 1758 922 1785 ct
938 1752 1079 1795 integros
1097 1753 1141 1785 cf-

397 1806 496 1839 sectus
521 1805 627 1839 sortiri
652 1811 682 1839 et
707 1806 861 1846 obtinere,
886 1816 921 1838 ac
938 1806 977 1838 ab
995 1806 1141 1838 omnibus

397 1864 428 1891 et
452 1858 594 1902 singulis,
616 1858 654 1891 ad
676 1869 755 1901 quos
772 1862 891 1902 spectat
908 1858 982 1891 etin
997 1859 1139 1891 futurum

397 1912 558 1956 spectabit,
584 1912 808 1945 inviolabiliter
832 1911 994 1945 observari
1014 1912 1140 1952 debere,

398 1966 524 1999 irritum
548 1976 674 2009 quoque
698 1970 728 1998 et
751 1965 844 1998 inane
868 1965 1021 2009 quidquid
1051 1976 1140 1998 secus

398 2030 493 2063 super
516 2019 565 2052 his
590 2029 608 2051 a
629 2029 799 2062 quoquam,
816 2018 924 2062 quavis
944 2019 1140 2060 auctoritate,

398 2073 533 2106 scienter
546 2072 593 2105 vel
606 2072 790 2115 ignoranter
804 2072 972 2115 contigerit
985 2072 1139 2105 attentari.

444 2127 459 2170 ἓ
475 2126 505 2160 4.
526 2127 595 2160 Non
608 2126 803 2161 obstantibus
816 2126 962 2160 omnibus
975 2126 1046 2169 illis,
1060 2136 1140 2170 quae

398 2180 431 2213 in
444 2179 535 2213 dictis
547 2180 661 2213 litteris
673 2190 822 2214 concessa
838 2184 909 2213 sunt
924 2189 988 2213 non
1004 2180 1140 2221 obstare,

400 2234 575 2277 ceterisque
599 2233 765 2267 contrariis
790 2233 1052 2277 quibuscumque.

442 2287 555 2320 Datum
575 2288 704 2328 Romae,
718 2287 802 2331 apud
819 2287 848 2321 S.
863 2287 1001 2328 Petrum,
1015 2285 1073 2319 suh
1090 2296 1143 2318 an-

398 2341 474 2374 nulo
485 2340 662 2381 Piscatoris,
672 2340 722 2374 die
731 2350 787 2374 xv1
800 2340 977 2374 decembris
986 2350 1140 2381 mncxxm,

398 2396 600 2439 pontificatus
619 2395 720 2428 nostri
743 2404 825 2428 anno
841 2404 861 2427 1.

435 2465 493 2493 Dat.
515 2466 558 2494 die
579 2466 611 2493 16
631 2465 784 2494 decembris
805 2466 884 2501 1623,
904 2465 1000 2502 pontif.
1021 2473 1064 2493 an.
1086 2471 1104 2493 ι.

984 260 1162 285 BULLARIUM
1187 260 1341 285 ROMANUM

1501 305 1589 340 XVII.

1173 398 1343 432 Frictcrico
1368 397 1535 430 cardinali
1562 397 1759 430 Borromaeo
1788 396 1914 430 archie-

1216 452 1346 495 piscopo
1362 451 1599 484 Mediolanensi
1617 450 1833 482 committitur
1843 450 1912 483 ΡΡ.

1216 505 1371 543 lesuitis,
1412 503 1603 537 Barnabitz's
1635 507 1663 535 et
1700 503 1913 546 Cappuccinis

1217 558 1384 598 inhibeat,
1417 568 1457 589 ne
1486 557 1637 589 claumos
1660 555 1914 588 seminariorum

1217 610 1512 644 Medz'olanensium
1536 610 1578 642 ad
1609 609 1759 642 habitum
1784 608 1914 652 recula-

1218 675 1285 697 rem
1309 664 1487 697 admittant
1501 662 1520 697 ¹.

1173 744 1288 772 Dilecto
1308 744 1370 771 filio
1394 747 1499 772 nostro
1526 742 1675 771 friderico
1702 741 1787 770 tituli
1807 742 1836 769 S.
1854 742 1916 769 Ma-

1208 789 1271 816 riae
1292 789 1471 823 Angelorum
1490 789 1665 822 presbytero
1681 786 1829 814 cardinali
1849 787 1915 813 Bor-

1208 840 1326 860 romaeo
1335 835 1519 867 nuncupato,
1527 832 1674 860 ecclesiae
1682 830 1916 858 Mediolanensis

1209 885 1244 904 ex
1259 877 1453 904 concessione
1465 879 1496 905 et
1509 876 1733 911 dispensatione
1749 873 1916 910 apostolica

1209 921 1354 955 praesuli,

1376 992 1512 1020 Urbanus
1533 993 1613 1026 Papa
1631 993 1711 1020 VIII.

1247 1045 1362 1073 Dilecto
1378 1045 1432 1078 fili,
1450 1045 1580 1073 salutem
1596 1047 1627 1072 et
1641 1045 1839 1079 apostolicam

1419 1089 1671 1118 benedictionem.

1219 1162 1316 1203 Cum,
1341 1162 1421 1195 sicut
1445 1162 1635 1206 accepimus,
1662 1161 1861 1195 diversorum
1874 1172 1918 1195 se-

1175 1215 1383 1249 minarioruin
1396 1215 1528 1249 civitatis
1541 1215 1781 1248 Mediolanensis
1797 1215 1917 1248 alumni

1175 1269 1352 1302 litterarum
1369 1269 1480 1302 studiis
1497 1268 1555 1301 sub
1572 1269 1761 1302 dilectorum
1778 1268 1917 1302 filiorum

1175 1323 1365 1356 clericorum
1378 1323 1573 1366 regularium
1586 1323 1748 1356 Societatis
1761 1323 1831 1356 Iesu
1842 1325 1918 1356 cura

1174 1383 1205 1410 et
1228 1377 1392 1421 disciplina
1417 1388 1546 1421 operam
1571 1383 1694 1418 navent,
1706 1388 1751 1419 ac,
1771 1382 1804 1410 ut
1823 1376 1920 1420 spiri-

1175 1431 1313 1463 tualibus
1344 1431 1438 1464 etiam
1469 1430 1667 1463 documentis
1700 1441 1758 1474 per
1783 1429 1919 1474 amplius

1175 1484 1367 1524 imbuantur,
1393 1494 1464 1516 cum
1489 1483 1611 1517 dilectis
1634 1484 1753 1527 pariter
1769 1483 1842 1516 filiis
1862 1484 1920 1516 cle-

1176 1537 1249 1570 ricis
1273 1537 1474 1579 regularibus
1498 1537 1758 1580 Congregationis
1783 1536 1812 1569 S.
1833 1536 1920 1569 Pauli

1176 1590 1324 1623 Decollati
1356 1601 1392 1623 ac
1422 1590 1573 1623 fratribus
1597 1590 1770 1624 Minoribus
1794 1589 1919 1623 Ordinis

1176 1644 1204 1677 S.
1231 1643 1389 1676 Francisci
1413 1643 1616 1687 Cappuccinis
1640 1643 1830 1687 nuncupatis
1849 1653 1920 1676 con-

1177 1698 1294 1730 versari
1319 1697 1459 1739 soleant,
1493 1697 1583 1730 facile
1607 1707 1682 1730 vcro
1706 1697 1776 1730 fieri
1800 1697 1918 1740 possit,

1175 1756 1210 1783 ut
1240 1751 1336 1784 iidem
1363 1751 1504 1791 alumni,
1530 1751 1594 1784 sive
1627 1751 1829 1791 educatione,
1854 1750 1919 1783 sive

1176 1805 1415 1838 conversatione
1440 1804 1631 1845 huiusmodi,
1656 1815 1711 1838 seu
1736 1804 1812 1837 alias
1833 1803 1920 1836 indu-

1176 1859 1234 1899 cti,
1259 1858 1402 1891 habitum
1430 1868 1487 1902 per
1511 1859 1643 1892 clericos
1666 1858 1830 1900 regulares
1855 1857 1919 1890 sive

1176 1912 1341 1955 religiosos
1365 1912 1547 1946 huiusmodi
1572 1912 1689 1955 gestari
1713 1912 1841 1945 solitum
1861 1922 1916 1944 su-

1176 1966 1318 2010 scipiant,
1343 1966 1426 1999 unde
1451 1966 1621 1999 seminaria
1643 1965 1805 2010 praedicta
1829 1975 1918 2005 eum,

1176 2020 1214 2053 ad
1239 2031 1333 2064 quem
1363 2020 1504 2053 instituta
1535 2026 1625 2062 sunt,
1658 2020 1754 2052 finem
1788 2019 1919 2051 minime

1176 2077 1411 2118 consequantur
1424 2084 1430 2106 2

1221 2127 1235 2170 g
1259 2127 1288 2159 2.
1315 2127 1396 2167 Nos,
1421 2137 1516 2171 super
1542 2125 1742 2170 praemissis,
1766 2129 1919 2168 quantum

1176 2191 1247 2213 cum
1272 2180 1406 2213 Domino
1429 2190 1608 2224 possumus,
1634 2182 1810 2223 opportune
1838 2188 1916 2222 pro-

1176 2233 1282 2266 videre
1315 2233 1475 2274 volentes,
1498 2243 1534 2266 ac
1561 2232 1660 2266 felicis
1689 2231 1919 2265 recordationis

1176 2287 1221 2320 Pii
1241 2287 1264 2319 V
1289 2292 1319 2320 et
1342 2286 1487 2329 Gregorii
1511 2286 1578 2320 XIII
1603 2286 1819 2319 Romanorum
1843 2285 1920 2318 Pon-

1175 2341 1297 2374 tificum
1332 2340 1614 2384 praedecessorum
1638 2344 1840 2381 nostrorum,
1865 2339 1919 2383 qui

1176 2404 1330 2438 prospero
1347 2394 1436 2427 istius
1451 2394 1602 2428 ecclesiae
1617 2393 1856 2427 Mediolanensis
1869 2403 1920 2425 re-

1176 2447 1287 2490 gimini
1312 2447 1351 2480 de
1374 2447 1469 2480 simili
1493 2447 1635 2481 remedio
1655 2447 1835 2480 consultum
1851 2455 1919 2479 esse

1176 2502 1354 2541 voluerunt,
1378 2500 1517 2543 vestigiis
1541 2500 1751 2541 inhaerentes,
1775 2499 1915 2533 circum-

1176 2553 1329 2598 spectioni
1352 2558 1424 2586 tuae
1444 2564 1502 2598 per
1518 2558 1700 2598 praesentes
1714 2552 1918 2595 iniungimus,

1175 2612 1210 2639 ut
1233 2612 1296 2639 tam
1321 2606 1502 2647 Societatis,
1532 2617 1627 2651 quain
1658 2604 1918 2650 Congregationis

1214 2671 1222 2696 l
1242 2669 1279 2696 Ex
1295 2668 1402 2705 Regest.
1420 2669 1448 2697 in
1462 2669 1563 2697 Secret.
1586 2669 1720 2698 Brevium.

1928 257 1978 285 An.
1993 256 2022 284 C.
2042 257 2113 286 1623

1985 1170 2067 1191 Causae
2087 1170 2117 1190 fa<

1932 1197 2021 1217 ciendae
2041 1197 2116 1222 prohi—

1932 1223 2025 1244 hittonis.

1955 2129 2080 2150 Commissio
2092 2129 2119 2150 do

1934 2162 1976 2183 qua
1990 2157 2012 2178 tn
2027 2156 2120 2177 rubrica.
