2269 3235
202 290 289 316 Aac
314 289 381 316 1024
431 280 492 312 tsi-t)

401 337 472 379 rint,
499 342 531 369 ut
555 336 717 380 calepodia
739 336 861 367 deferre
878 344 939 368 non
959 335 1089 375 valeant,
1108 341 1142 368 ut

401 391 430 422 in
440 390 586 424 domibus
601 389 798 432 regularibus
812 388 1003 429 huiusmodi,
1017 398 1141 421 necnon

400 443 618 477 itinerantiluis
642 443 822 483 dumtaxat,
855 442 908 485 qui
938 442 997 475 iter
1030 442 1140 474 saltem

400 497 491 529 unius
503 497 564 529 diei
579 508 649 529 eum
664 496 835 539 calepodiis
860 495 976 528 habere
993 506 1055 528 non
1073 506 1142 539 pos-

399 556 481 590 sunt,
494 560 555 582 non
566 553 668 583 autem
679 549 945 592 quaestuantiluis,
956 549 1056 582 soleas
1069 559 1141 582 cum

399 604 545 636 calcaneo
570 613 668 646 usque
683 603 720 635 ad
734 603 812 636 talos
836 602 972 643 circiter,
986 603 1141 646 superiori

399 662 503 689 autem
518 657 606 700 pedis
620 662 708 700 parte
729 657 819 690 unica
836 662 955 689 tantum
981 657 1076 689 fascia
1096 668 1143 689 us-

399 721 459 754 que
484 710 521 742 ad
539 710 654 752 digitos
671 711 701 742 in
723 711 806 744 circa
823 715 990 754 coopertas
1009 710 1141 751 deferre,

400 763 518 806 absque
535 773 707 807 poenarum
730 769 759 796 et
781 774 985 797 censurarum
1003 764 1142 803 incursu,

399 816 498 849 libere
511 821 541 849 et
554 816 636 849 licite
649 817 765 860 possint
781 822 811 849 et
826 818 956 857 valeant,
968 827 1065 860 super
1079 816 1144 859 qui-

400 869 458 903 bus
483 871 668 903 eorumdem
694 871 894 914 superiorum
920 869 1142 903 conscientian]

400 935 579 965 oneramus,
597 924 789 957 concedendi
807 930 837 956 et
853 923 1035 965 indulgendi
1054 923 1145 955 licen-

400 977 484 1018 tiam,
503 977 675 1020 apostolica
701 977 897 1015 auctoritate,
920 982 1029 1008 tenore
1058 985 1145 1018 prae-

400 1031 550 1069 sentium,
575 1029 776 1063 concedimus
801 1033 830 1061 ct
854 1029 1063 1072 impertimur.
1089 1028 1146 1060 De-

401 1088 574 1124 cernentes,
600 1083 726 1116 eosdem
754 1084 867 1116 fratres
892 1081 1058 1115 strictioris
1083 1081 1144 1114 Ob-

401 1137 574 1171 servandae
599 1136 846 1181 praemissorum
871 1136 1034 1169 occasione
1058 1135 1145 1167 nullo

401 1192 493 1225 modo
510 1190 689 1233 molestari,
707 1189 886 1234 perturbari
906 1194 957 1222 aut
978 1188 1144 1232 inquietari

402 1256 492 1289 posse
512 1256 566 1278 seu
591 1245 715 1285 debere,
741 1255 776 1277 ac
801 1244 927 1276 irritum
947 1248 977 1275 et
998 1242 1099 1282 inane,
1120 1241 1143 1274 si

402 1309 491 1332 secus
511 1309 606 1342 super
622 1298 669 1330 his
690 1308 706 1330 a
723 1308 892 1341 quoquam,
910 1296 1019 1339 quavis
1039 1300 1145 1327 aucto-

402 1353 503 1394 ritate,
529 1352 663 1385 scienter
686 1352 733 1384 vel
758 1351 951 1394 ignoranter,
978 1349 1145 1392 contigerit

401 1406 556 1439 attentari.

446 1461 461 1504 ἓ
476 1460 506 1493 3.
524 1460 591 1493 Non
605 1458 800 1493 obstantibus
817 1458 915 1491 literis
930 1456 1046 1490 nostris
1059 1467 1147 1500 prae-

402 1514 503 1554 dictis,
529 1524 564 1546 ac
589 1512 735 1546 omnibus
759 1512 836 1552 illis,
861 1521 941 1555 quae
966 1511 997 1543 in
1022 1510 1067 1543 eis
1091 1520 1146 1543 vo-

403 1568 518 1600 luimus
542 1577 603 1600 non
627 1567 762 1606 obstare,
783 1565 957 1608 ceterisque
979 1563 1146 1597 contrariis

402 1621 664 1665 quibuscumque.

447 1676 461 1718 ξ
481 1674 509 1707 4.
536 1675 687 1707 Volumus
701 1679 816 1711 autem,
831 1672 916 1716 quod
933 1671 1146 1716 praesentium

403 1728 618 1772 transumptis,
629 1727 721 1760 etiam
732 1726 904 1770 impressis,
915 1724 1008 1759 manu
1016 1726 1147 1758 alicuius

403 1782 516 1815 notarii
534 1781 650 1825 publici
671 1780 865 1823 subscriptis,
892 1785 922 1812 et
946 1780 1050 1822 sigillo
1075 1789 1146 1822 per-

403 1846 496 1868 sonae
514 1835 545 1867 in
562 1834 712 1877 dignitate
730 1833 939 1866 ecclesiastica
960 1832 1146 1865 constitutae

404 1888 542 1927 munitis,
568 1887 676 1920 eadem
690 1897 822 1930 prorsus
835 1886 913 1918 fides
930 1886 1046 1928 ubique
1064 1885 1148 1917 adhi-

404 1942 524 1982 beatur,
549 1951 628 1984 quae
649 1941 726 1984 ipsis
745 1940 963 1984 praesentibus
988 1939 1148 1971 adhibere-

405 2001 465 2036 tur,
491 1994 515 2027 si
537 1995 640 2027 forent
664 1994 821 2026 exhibitae
847 1994 894 2025 vel
920 1996 1071 2026 ostensae.

447 2048 558 2081 Datum
576 2048 704 2087 Romae,
721 2047 803 2091 apud
820 2047 849 2079 S.
867 2047 1004 2086 Petrum,
1023 2047 1080 2078 sub
1098 2056 1147 2077 an-

405 2103 479 2135 nulo
498 2102 674 2141 Piscatoris,
700 2101 749 2133 die
774 2110 851 2133 xxm
871 2100 976 2132 martii
997 2109 1147 2139 itincxx1v‚

406 2155 606 2199 pontificatus
629 2154 729 2187 nostri
754 2164 836 2187 anno
861 2164 879 2186 1.

442 2219 500 2246 Dat.
518 2218 560 2246 die
575 2219 603 2245 3¹1
625 2217 712 2245 martii
730 2217 806 2252 1624,
825 2217 919 2252 pontif·
936 2224 1005 2244 anno
1022 2223 1038 2243 1.

744 2388 813 2420 LIV.

407 2479 436 2511 Ε
441 2480 558 2511 clansio
571 2477 739 2521 facultatis
753 2478 991 2520 archiepiscopo
1006 2477 1149 2511 Cretensi

452 2542 612 2564 concessae
635 2531 794 2564 visitandi
814 2530 961 2563 insulam
983 2529 1121 2564 Cretae'.

445 2614 456 2638 1
479 2611 516 2638 Ex
532 2611 639 2646 aegest.
656 2611 682 2638 in
697 2612 797 2638 Secret.
815 2610 889 2638 Brev.
900 2625 933 2630 --
945 2609 1148 2646 Deputationem

408 2656 488 2683 huius
507 2655 702 2691 archiepiscopi
722 2656 748 2682 in
768 2656 935 2682 visitatorem
955 2655 1061 2681 insulae
1081 2654 1148 2681 Cre-

409 2700 492 2727 tensis
511 2700 571 2727 vide
587 2701 711 2736 superius
732 2700 758 2727 in
779 2700 889 2727 Constit.
907 2709 937 2726 xi·
956 2708 1016 2735 pag.
1038 2700 1081 2726 82.

981 287 1159 311 norhanton
1185 288 1338 311 homanum

1934 287 2024 315 Amo.
2045 288 2114 315 tt'ffl

1405 334 1574 362 Venerabili
1594 335 1682 362 fratri

1282 380 1379 408 Lucae
1402 379 1630 413 archiepiscopo
1655 379 1808 415 Cretensi,

1369 424 1505 451 Urbanus
1540 423 1619 457 Papa
1647 423 1721 451 vlu.

1394 475 1582 504 Venerabilis
1598 475 1702 510 frater,

1211 523 1341 549 salutem
1361 524 1392 549 et
1412 521 1610 555 apostolicam
1629 520 1879 550 benedictionem.

1219 602 1302 634 Alias
1333 601 1372 634 de
1403 603 1455 634 tua
1488 600 1655 644 prudentia
1685 606 1715 634 et
1743 601 1916 635 catholicae
1955 615 2113 645 Αιηκιιωρῑμςομε

1177 655 1338 698 religionis
1359 655 1425 688 zelo
1449 655 1621 699 plurimum
1639 654 1670 687 in
1695 654 1829 688 Domino
1845 665 1917 689 con·
1930 641 2114 697 [fil'sslt's'sslt'mttl

1177 708 1235 749 fisi,
1261 714 1349 741 motu
1372 709 1504 752 proprio
1522 714 1552 741 et
1575 720 1611 742 ex
1627 710 1713 742 certa
1730 708 1860 742 scientia
1880 720 1916 742 ac
1931 695 2114 747 }!.¹·¹?}.·¹.¹‘J¹''³“'³⁰‘

1177 763 1301 794 matura
1326 761 1552 794 deliberatione
1577 761 1703 804 nostris,
1728 766 1757 794 te
1774 765 1916 795 nostrum

1178 820 1208 848 et
1231 816 1318 849 Sedis
1342 816 1539 860 Apostolicae
1559 817 1738 859 generalem
1756 821 1785 849 et
1803 817 1918 860 specia-

1178 869 1238 901 lem
1265 869 1467 909 visitatorem,
1489 870 1728 903 reformatorem
1746 874 1775 902 et
1792 869 1917 913 delega-

1178 926 1243 953 tum
1262 922 1293 953 in
1311 924 1373 955 tota
1391 922 1492 954 insula
1513 923 1663 963 Cretensi,
1679 923 1851 966 apostolica
1867 934 1919 956 au-

1160 1015 1162 1018 r
1179 975 1334 1015 ctoritate,
1358 975 1500 1016 fecimus,
1521 977 1740 1010 constituimus
1757 982 1787 1010 et
1817 977 1917 1021 depu-

1160 1024 1329 1068 ltavimus,
1362 1028 1479 1071 tibique
1511 1034 1612 1061 certas
1646 1035 1721 1063 tunc
1753 1041 1918 1074 expressas

1179 1082 1341 1114 facultates
1361 1082 1573 1115 concessimus
1586 1087 1616 1115 et
1636 1083 1786 1127 impartiti
1800 1095 1919 1124 sumus,

1179 1140 1273 1178 prout
1297 1135 1327 1167 in
1348 1135 1480 1168 dirersis
1504 1135 1619 1169 nostris
1645 1136 1676 1168 in
1700 1136 1794 1169 simili
1818 1137 1919 1170 forma

1180 1188 1286 1221 Brevis
1311 1188 1463 1232 expeditis
1488 1189 1615 1230 litteris,
1640 1200 1774 1233 quarum
1795 1195 1920 1223 tenores

1161 1242 1398 1284 ,praesentibus
1422 1253 1480 1286 pro
1505 1243 1661 1286 expressis
1692 1243 1800 1276 haberi
1832 1244 1920 1287 volu-

1180 1306 1258 1335 mus,
1283 1295 1404 1338 plenius
1429 1295 1616 1328 continetur.

1224 1350 1238 1392 §
1255 1349 1284 1382 2.
1307 1351 1393 1383 Nunc
1410 1354 1525 1389 autem,
1547 1350 1797 1384 christifidelium
1818 1352 1849 1384 in
1867 1352 1920 1384 Za-

1179 1402 1302 1446 cynthi,
1327 1403 1537 1446 Cephaloniae
1569 1408 1599 1435 et
1625 1404 1779 1448 Corcyrae
1811 1405 1920 1437 insulis

1180 1456 1377 1490 existentium
1414 1456 1592 1489 animarum
1624 1457 1734 1498 saluti,
1767 1463 1918 1501 quantum

1180 1509 1271 1542 nobis
1302 1520 1338 1542 ex
1363 1510 1425 1542 alto
1450 1510 1649 1551 conceditur,
1674 1511 1839 1544 consulere
1872 1522 1922 1544 vo-

1179 1563 1286 1603 tentes,
1307 1568 1403 1605 motu,
1429 1563 1556 1596 scientia
1582 1569 1612 1596 et
1635 1564 1861 1605 deliberatione
1885 1565 1923 1597 si-

1180 1616 1317 1657 milibus,
1343 1622 1371 1649 te
1393 1617 1424 1649 in
1449 1616 1559 1649 insulis
1580 1617 1749 1660 praedictis
1776 1622 1921 1651 nostrum

1179 1670 1297 1713 pariter
1329 1675 1359 1703 et
1390 1670 1530 1703 eiusdem
1561 1670 1648 1704 Sedis
1680 1672 1859 1714 generalem
1893 1676 1923 1704 et

1181 1724 1348 1768 specialem
1381 1724 1594 1766 visitatorem,
1628 1725 1869 1759 reformatorem
1893 1730 1923 1758 ct

1180 1778 1368 1819 delegatum,
1394 1788 1464 1810 cum
1491 1778 1637 1810 omnibus
1662 1783 1691 1810 et
1721 1779 1854 1821 singulis
1878 1779 1923 1811 sa-

1181 1832 1347 1864 cultatibus
1372 1832 1403 1864 in
1428 1832 1517 1865 (lictis
1536 1831 1646 1865 litteris
1667 1832 1833 1875 expressis,
1850 1843 1923 1876 apo-

1181 1885 1289 1918 stolica
1315 1885 1520 1927 auctoritate,
1555 1890 1662 1918 tenore
1687 1886 1921 1928 praesentium,

1181 1939 1323 1979 facimus,
1344 1938 1564 1971 constituimus
1581 1943 1611 1970 et
1631 1938 1834 1982 deputamus3
1857 1939 1923 1971 tibi-

1181 2003 1241 2035 que
1266 2003 1322 2035 per
1343 1992 1467 2024 easdem
1492 1997 1672 2035 praesentes
1696 1992 1923 2025 committimus

1181 2051 1210 2078 et
1235 2046 1429 2086 mandamus,
1451 2051 1494 2085 ut,
1512 2050 1670 2089 tamquam
1697 2050 1803 2079 noster
1820 2051 1847 2078 et
1873 2045 1923 2079 Se-

1181 2098 1228 2131 dis
1252 2099 1430 2142 praedictae
1448 2098 1626 2142 specialiter
1645 2098 1817 2141 delegatus,
1834 2109 1924 2131 vene-

1181 2152 1295 2185 rabiles
1319 2153 1432 2186 fratres
1456 2153 1593 2185 Marcum
1611 2152 1781 2184 Antonium
1805 2152 1924 2184 archie-

1164 2198 1346 2250 'piscopum
1371 2206 1557 2239 Naxiensem
1582 2205 1614 2238 in
1639 2205 1762 2238 civitate
1784 2205 1923 2238 Cretensi

1181 2264 1441 2299 commorantem,
1459 2269 1494 2292 ac
1519 2259 1657 2292 Marcum
1675 2258 1857 2303 episcopum
1871 2259 1925 2292 Ca-

1181 2314 1411 2357 eynolicensem
1429 2317 1457 2347 et
1475 2313 1682 2357 Cephaloniae
1709 2313 1739 2345 in
1757 2313 1865 2345 eadem
1884 2313 1924 2345 ci⁴

1181 2367 1273 2399 vitate
1297 2367 1472 2410 degentem,
1491 2372 1521 2399 et
1542 2378 1559 2399 a
1575 2367 1639 2399 suis
1657 2366 1797 2399 ecclesiis
1815 2377 1832 2399 a
1853 2377 1925 2409 qua-

1181 2420 1325 2453 driennio
1341 2420 1513 2459 absentem,
1531 2420 1715 2453 auctoritate
1732 2421 1840 2452 nostra
1859 2430 1923 2452 mo-

1179 2484 1276 2515 neas,
1310 2479 1344 2506 ut
1379 2474 1616 2517 quamprimum
1647 2473 1685 2505 ad
1722 2473 1923 2506 residentiam

1182 2539 1269 2561 suam
1294 2539 1326 2561 se
1348 2528 1544 2568 transferant,
1571 2528 1641 2560 inde
1666 2538 1729 2560 non
1753 2527 1923 2566 decessuri,

1181 2581 1241 2614 nisi
1266 2592 1301 2615 ex
1327 2584 1419 2615 causa
1450 2593 1506 2625 per
1531 2586 1559 2614 te
1584 2581 1802 2625 approbanda3
1827 2585 1873 2622 et,
1899 2581 1923 2613 si

1182 2635 1348 2669 monitioni
1374 2641 1443 2669 tuae
1470 2635 1649 2669 huiusmodi
1674 2646 1736 2668 non
1752 2634 1924 2679 paruerint,

1183 2695 1289 2722 contra
1315 2689 1398 2733 ipsos
1435 2689 1586 2732 procedas
1612 2689 1695 2722 iuxta
1724 2689 1923 2723 decretorum

1976 1360 2120 1381 intenduntur

1937 1387 2053 1407 facilitati-s.
