2269 3235
254 265 304 291 An.
321 262 349 290 C.
369 263 437 293 1625
483 255 547 290 308

455 313 717 357 qualiticatorum,
731 313 768 345 de
793 313 908 357 quibus
926 319 1029 346 tamen
1046 314 1131 347 iuxta
1147 315 1193 347 lit-

454 372 593 399 terarum
607 372 786 400 nostrarum
802 366 1035 410 praedictarum
1048 371 1191 401 tenorem

453 420 620 464 disponere
634 425 731 464 potes,
745 420 910 462 fructibus,
929 421 1111 462 redditibus,
1123 433 1192 466 pro-

455 473 605 512 ventibus,
624 473 755 513 iuribus,
771 473 1014 507 obventionibus
1031 480 1059 507 et
1077 476 1193 508 emolu-

453 526 566 558 mentis
583 526 748 566 universis,
763 532 824 559 tam
840 527 933 560 certis
946 538 1040 570 quam
1055 528 1191 570 incertis,

452 588 487 610 ac
501 578 593 610 etiam
609 578 882 613 distributionibus
894 581 1094 624 quotidianis,
1104 592 1193 625 quas-

452 641 587 674 cumque
602 632 769 675 pensiones
785 643 913 674 annuas,
931 644 992 667 non
1011 638 1113 668 tamen
1131 646 1192 669 me-

451 683 597 716 dietatem
623 685 793 727 fructuum,
819 687 996 720 reddituum
1015 693 1044 720 et
1060 699 1192 732 proven-

451 742 539 769 tuum
565 738 746 772 huiusmodi
772 740 957 773 excedentes
975 742 1044 784 (seu
1065 742 1189 775 eosdem

450 789 588 831 fructus,
613 791 753 825 redditus
777 798 807 825 et
831 799 999 837 proventus
1028 804 1126 837 usque
1152 795 1189 828 ad

450 842 565 876 dictam
590 844 789 878 medietatem
822 846 891 879 loco
920 846 1107 889 pensionum
1136 858 1188 880 ea-

450 896 608 941 rumdem)
620 898 782 941 quibusvis
796 899 940 942 personis
953 899 1009 931 tibi
1023 899 1188 941 benevisis,

449 949 542 982 etiam
567 960 804 994 quaecumque,
824 956 1038 995 quotcumque
1060 956 1089 985 et
1113 963 1189 996 qua-

449 1003 627 1047 liacumque
665 1003 817 1036 beneficia
854 1004 1083 1047 ecclesiastica,
1116 1017 1187 1038 curn

448 1058 523 1088 cura
548 1062 575 1088 et
603 1056 667 1089 sine
693 1058 779 1097 cura,
805 1062 835 1089 et
855 1057 929 1090 alias
949 1058 1187 1101 quomodolibet

447 1108 634 1152 qualismata,
656 1110 749 1142 ctiam
775 1120 811 1142 ex
836 1111 998 1154 quibusvis
1015 1113 1188 1146 concessio-

446 1161 538 1193 nibus
562 1166 591 1195 et
615 1162 902 1206 dispensationibus
932 1165 1131 1208 apostolicis,
1156 1167 1186 1199 in

447 1215 587 1256 titulum,
612 1217 839 1259 commendam,
861 1217 1164 1253 administrationem
1180 1248 1186 1260 ,
1203 1253 1205 1259 ,

445 1274 497 1301 aut
515 1269 590 1302 alias
605 1270 842 1313 quomodolibet
859 1271 1082 1313 obtinentibus,
1096 1279 1126 1306 et
1140 1285 1188 1307 ex-

446 1322 652 1365 pectantibus,
677 1324 808 1367 aliisque
833 1324 971 1358 clericali
988 1326 1098 1358 saltem
1117 1327 1187 1359 clia-

446 1379 566 1408 ractere
592 1376 747 1419 insignitis
774 1382 803 1409 et
828 1377 903 1409 alias
927 1378 1116 1421 pensionum
1132 1379 1186 1411 hu-

445 1428 579 1461 iusmodi
597 1430 774 1473 capacibus,
788 1430 842 1472 eis,
860 1431 964 1474 quoad
982 1432 1124 1474 vixerint,
1138 1433 1185 1465 vel
1202 1449 1204 1457 ‹

445 1491 555 1515 eorum
580 1483 727 1525 legitimis
752 1485 1029 1528 procuratoribus,
1054 1496 1111 1529 per
1135 1486 1186 1519 be-

443 1535 555 1568 neficia
587 1536 652 1579 ipsa
683 1547 741 1580 pro
774 1543 916 1581 tempore
947 1539 1186 1581 quomodolibet.

444 1588 619 1623 obtinentes
643 1590 733 1622 annis
765 1591 914 1634 singulis,
940 1602 974 1625 ac
1000 1592 1031 1624 in
1054 1592 1132 1626 locis
1156 1599 1186 1626 et

446 1642 596 1684 terminis,
614 1653 649 1675 ac
674 1643 731 1675 sub
748 1644 943 1688 privationis,
964 1645 1095 1689 aliisque
1115 1657 1186 1680 sen-

445 1695 569 1736 tentiis,
596 1697 736 1729 censuris
761 1702 790 1729 et
814 1697 923 1740 poenis
956 1699 1203 1742 ecelesiasticis„

443 1758 565 1781 necnon
590 1749 740 1790 vinculis,
766 1750 914 1783 clausulis
946 1756 975 1784 et
1000 1753 1129 1786 cautelis
1154 1753 1185 1785 in

444 1801 555 1835 litteris
580 1803 829 1836 reservationum
860 1805 1048 1847 pensionum
1081 1806 1185 1839 huius-

444 1855 528 1887 modi
550 1855 667 1899 apponi
682 1856 791 1897 solitis,
809 1858 1042 1901 persolvendas,
1061 1858 1098 1892 de
1115 1869 1185 1892 con-

443 1918 536 1941 sensu
560 1913 664 1941 tamen
685 1909 823 1951 illorum,
842 1910 893 1954 qui
911 1911 1078 1954 pensiones
1102 1912 1184 1956 ipsas

441 1972 500 2005 pro
514 1966 656 2006 tempore
670 1963 791 1996 solvere
811 1963 979 2005 debebunt,
998 1966 1184 1999 auctoritate

442 2016 549 2048 nostra
562 2025 734 2056 reservare,
749 2016 939 2050 constituere
953 2021 982 2051 et
995 2018 1155 2061 assignare
1164 2018 1183 2059 ¹;

441 2078 565 2101 necnon
588 2068 620 2101 in
645 2069 888 2112 provisionibus,
906 2080 961 2104 seu
978 2072 1181 2114 commendis,

441 2131 498 2164 per
523 2125 551 2155 te
576 2121 607 2154 in
624 2122 686 2155 vim
700 2122 855 2156 dictarum
871 2124 1056 2157 facultatum
1072 2124 1184 2158 sacien-

441 2175 488 2207 dis
512 2186 583 2208 cum
608 2175 726 2209 eisdem
746 2177 899 2220 personis,
919 2183 953 2210 ut
966 2188 1183 2222 quaecumque

441 2227 503 2261 duo
527 2228 699 2271 dissimilia,
717 2230 765 2262 vel
790 2229 944 2274 simplicia
961 2231 1083 2273 similia,
1099 2231 1124 2264 si
1140 2231 1184 2264 in-

442 2282 541 2315 vicem
566 2286 670 2317 tamen
690 2284 926 2328 compatientia,
953 2284 1106 2318 beneficia
1130 2295 1181 2319 ec-

441 2335 635 2377 clesiastica,
660 2337 780 2370 etiamsi
811 2347 908 2370 unum
934 2347 970 2371 ex
994 2337 1055 2370 illis
1081 2338 1182 2371 omni-

440 2387 498 2421 bus
523 2400 594 2422 cum
619 2391 706 2432 cura,
727 2394 779 2425 aut
796 2390 940 2434 dignitas,
959 2391 1052 2424 etiarn
1071 2390 1180 2433 maior,

444 2442 487 2474 vel
502 2442 694 2487 principalis,
709 2443 909 2477 canonicatus
926 2449 956 2477 et
973 2443 1181 2487 praebenda&

440 2501 635 2537 pmsonatus
652 2496 881 2531 administratio
898 2498 946 2530 vel
960 2497 1097 2531 officium
1114 2497 1181 2531 fue-

442 2548 490 2589 rit,
509 2553 538 2581 et
555 2549 593 2582 ad
613 2560 649 2582 ea
672 2551 870 2584 consueverit
894 2550 964 2594 quis
981 2561 1037 2594 per
1059 2550 1182 2584 electio-

475 2622 486 2647 1
504 2620 626 2655 Svntaxis
641 2620 722 2656 exigit
735 2621 798 2648 addi
814 2621 926 2648 verbum
940 2622 1035 2648 valeas
1049 2622 1088 2656 (tt.
1104 2621 1153 2656 T.).

474 2665 490 2692 ⁹2
505 2666 574 2693 Edit.
591 2667 674 2695 Main.
690 2667 754 2702 legit
766 2667 1000 2703 praebendaeffl.
1016 2668 1064 2701 τ.).

1032 266 1211 291 nULLAnnJM
1234 266 1389 291 ROMANUM

1226 325 1297 348 nem
1315 315 1443 357 assumi,
1465 313 1555 359 eique
1573 325 1648 348 cura
1669 315 1762 349 etiam
1780 316 1966 352 iurisdictio-

1225 368 1304 401 nalis
1329 368 1490 402 immineat
1521 368 1717 411 animarum,
1747 370 1773 404 si
1804 370 1863 404 sibi
1889 371 1965 405 alias

1226 421 1374 455 canonice
1398 431 1454 465 per
1479 427 1507 454 te
1528 421 1738 463 conserantur,
1756 423 1907 467 recipere,
1925 429 1964 465 et,

1226 474 1397 508 dummodo
1417 475 1470 508 illa
1489 475 1604 516 omnia,
1618 485 1681 509 uno
1706 481 1846 520 excepto,
1861 486 1966 521 perso-

1225 528 1326 561 nalem
1352 528 1552 561 residentiam
1569 538 1632 562 non
1649 528 1820 572 requirant,
1838 529 1964 563 insimul

1225 580 1328 623 quoad
1361 581 1493 614 vixerint
1524 581 1661 614 retinere
1692 581 1791 615 libere
1824 586 1853 616 et
1882 582 1965 615 licite

1226 633 1356 674 valeant,
1369 634 1554 668 auctoritate
1574 634 1736 679 praedicta
1752 635 1964 679 dispensandi,

1225 686 1348 731 illisque
1373 688 1564 722 concedendi
1581 693 1612 722 et
1631 688 1824 731 indulgendi,
1842 698 1964 722 necnon

1225 740 1330 772 omnia
1346 745 1376 773 et
1395 740 1519 784 singula
1535 740 1689 774 beneficia
1706 740 1917 774 ecclesiastica
1934 741 1963 773 in

1223 791 1313 826 dictis
1337 793 1536 827 facultatibus
1551 794 1789 838 quomodolibet
1804 794 1964 838 qualifica-

1223 849 1263 885 ta,
1280 845 1374 878 etiam
1393 857 1450 889 per
1467 847 1587 879 obitum
1605 847 1806 880 familiarium
1826 852 1964 887 tuorum,

1222 897 1322 931 donec
1333 908 1371 931 ex
1382 901 1475 932 causa
1489 900 1654 942 legationis
1667 900 1847 934 huiusmodi
1860 901 1965 934 abfue-

1222 949 1275 990 ris,
1285 949 1450 993 vacantia¹,
1461 952 1518 984 etsi
1530 952 1727 995 singulorum
1737 953 1963 987 beneficiorum

1222 1003 1458 1046 praedictorum
1482 1004 1613 1046 fructus,
1631 1005 1771 1039 redditus
1788 1011 1818 1040 et
1834 1017 1964 1050 proven-

1223 1059 1270 1089 tus
1295 1056 1542 1100 vigintiquatuor
1566 1057 1754 1092 ducatorum
1771 1059 1841 1092 auri
1857 1059 1896 1093 de
1913 1070 1963 1093 ca-

1222 1111 1309 1142 mera
1318 1110 1491 1143 secundum
1501 1121 1703 1145 communem
1714 1112 1963 1146 aestimationem

1222 1163 1360 1196 valorem
1374 1173 1513 1197 annuum
1528 1164 1690 1207 excedant,
1703 1165 1798 1199 modo
1815 1170 1846 1199 et
1862 1166 1963 1200 forma

1221 1216 1252 1248 in
1261 1216 1378 1249 eisdem
1389 1217 1587 1252 facultatibus
1596 1219 1763 1262 expressis,
1772 1219 1962 1260 conserendi,

1221 1274 1251 1301 et
1275 1269 1313 1301 de
1337 1269 1398 1302 illis
1415 1270 1612 1314 disponendi,
1629 1272 1766 1315 plenam,
1784 1272 1916 1306 liberam
1935 1279 1964 1305 et

1220 1322 1355 1366 amplam
1381 1323 1570 1365 facultatem,
1596 1324 1779 1359 auctoritate
1799 1328 1829 1359 et
1853 1331 1962 1359 tenore

1220 1376 1399 1419 praedictis,
1425 1377 1627 1411 concedimus
1652 1382 1682 1412 et
1701 1378 1910 1422 impertimur.

1265 1429 1279 1472 ξ,
1299 1428 1328 1461 4.
1354 1429 1421 1462 Non
1447 1430 1643 1465 obstantibus
1668 1431 1858 1475 apostolicis,
1875 1442 1911 1465 ac
1931 1432 1960 1465 in

1220 1481 1464 1523 universalibus,
1488 1483 1798 1529 provincialibusque
1821 1485 1962 1519 conciliis

1220 1535 1310 1569 editis
1335 1541 1364 1569 et
1389 1536 1526 1578 edendis,
1551 1538 1753 1581 generalibus
1772 1539 1819 1572 vel
1840 1539 1961 1583 specia-

1219 1589 1316 1630 libus,
1341 1590 1616 1625 constitutionibus
1641 1596 1671 1625 et
1694 1592 1960 1633 ordinationibus,

1218 1651 1340 1675 necnon
1360 1643 1564 1676 ecclesiarum
1579 1671 1587 1685 ,
1611 1644 1643 1676 in
1667 1645 1784 1688 quibus
1807 1645 1961 1678 beneficia

1219 1695 1399 1730 huiusmodi
1409 1697 1514 1730 forsan
1527 1698 1643 1731 suerint
1653 1699 1759 1742 (etiam
1773 1699 1960 1739 iuramento,

1219 1749 1458 1784 confirmatione
1475 1751 1656 1794 apostolica,
1674 1752 1722 1784 vel
1739 1752 1848 1796 quavis
1865 1752 1962 1785 firmi-

1218 1808 1280 1836 tate
1305 1804 1365 1837 alia
1397 1805 1568 1847 roboratis)
1599 1805 1722 1838 statutis
1745 1811 1775 1838 et
1799 1811 1962 1839 consuetu-

1219 1856 1359 1899 dinibus,
1385 1858 1561 1901 ceterisque
1585 1858 1731 1892 omnibus
1755 1863 1785 1891 et
1809 1858 1960 1901 singulis,

1219 1920 1299 1953 quae
1323 1910 1355 1942 in
1379 1909 1470 1943 dietis
1494 1911 1606 1944 litteris
1636 1911 1793 1945 voluimus
1815 1921 1879 1945 non
1903 1911 1960 1945 ob-

1218 1967 1310 2004 stare,
1325 1964 1501 2008 ceterisque
1515 1965 1683 1998 contrariis
1694 1965 1959 2009 quibuscumque.

1262 2017 1372 2050 Datum
1398 2018 1525 2059 Rornae,
1543 2018 1625 2062 apud
1639 2018 1667 2051 S.
1683 2018 1819 2061 Petrum,
1833 2019 1891 2052 sub
1904 2029 1959 2052 an-

1217 2070 1292 2103 nulo
1308 2070 1486 2111 Piscatoris,
1503 2070 1553 2104 die
1573 2081 1672 2105 xxvm
1690 2071 1794 2105 martii
1820 2081 1958 2113 uncxxv,

1217 2124 1420 2167 pontificatus
1443 2125 1544 2158 nostri
1562 2135 1644 2159 anno
1661 2135 1692 2159 11.

1253 2181 1311 2209 Dat.
1330 2182 1372 2209 die
1387 2182 1421 2210 28
1440 2183 1530 2210 martii
1546 2183 1624 2218 1625,
1641 2182 1736 2219 pontif.
1747 2191 1790 2211 an.
1813 2190 1840 2211 ιι.

1530 2299 1642 2332 CXXX.

1216 2360 1382 2400 Prohibet,
1398 2360 1574 2404 quominus
1593 2361 1755 2404 imayines
1775 2361 1921 2394 nondum
1937 2372 1957 2394 a

1260 2408 1339 2441 Sede
1347 2409 1373 2442 A
1377 2409 1530 2452 postoltcct
1541 2419 1643 2442 canon
1649 2409 1817 2449 izcttorum,
1831 2409 1881 2443 vel
1891 2409 1958 2443 bea-

1263 2456 1470 2499 tificatorum,
1493 2468 1567 2491 cum
1586 2457 1708 2499 radiis,
1731 2457 1956 2502 splendoribus

1261 2509 1289 2538 et
1314 2506 1469 2539 {aureolis
1490 2511 1728 2550 proponantur,
1748 2507 1798 2540 vel
1821 2506 1957 2540 tabellae

1261 2560 1289 2588 et
1315 2555 1498 2589 luminaria
1522 2556 1565 2589 ad
1585 2567 1695 2590 eorum
1714 2556 1885 2600 sepulchra
1903 2566 1956 2600 ap-

1257 2609 1436 2649 ponantur,
1465 2610 1519 2638 etc,

1254 2668 1262 2694 l
1281 2667 1380 2696 Vocem
1396 2667 1531 2696 vacantia
1547 2675 1596 2695 nos
1611 2667 1735 2695 addimus
1749 2667 1786 2703 (R.
1803 2667 1851 2701 ¹12).

1979 270 2029 299 An.
2046 269 2075 298 C.
2094 270 2163 299 1625

1977 1444 2086 1465 Contraria
2099 1445 2160 1466 tollit.
