2269 3235
245 267 297 294 An.
314 267 342 293 C.
366 265 434 292 1624

479 255 543 289 0254

444 313 502 345 nisi
527 312 614 355 prius
640 311 669 343 in
695 310 834 343 inferiori
871 318 999 352 operam
1024 318 1112 340 suam
1147 317 1183 340 ac

444 364 637 408 diligentiam
663 362 880 406 superioribus
904 361 1094 404 probaverit.

488 418 624 457 Alumni,
639 415 788 460 quatridui
806 414 976 458 protectori
997 418 1026 447 et
1043 412 1184 457 superio-

446 470 535 503 ribus
560 469 735 509 videbitur,
761 468 875 501 docere
899 467 977 500 alios
1001 472 1183 506 teneantur;

447 523 495 555 cui
522 522 661 561 muneri,
686 526 837 564 quantum
863 519 931 552 fieri
961 519 1090 563 poterit,
1115 524 1186 562 post

447 575 589 609 absoluta
612 574 723 615 studia,
741 579 794 606 aut
818 574 927 606 saltem
953 578 1023 616 post
1046 573 1184 616 primum

447 639 563 662 annum
596 628 773 671 theologiae
802 627 988 660 admovendi
1018 631 1099 659 sunt.
1125 626 1186 669 Ipsi

450 692 534 722 vero,
551 691 709 714 memores
733 691 765 713 se
785 681 883 724 gratis
906 680 938 712 in
962 679 1097 722 collegio
1114 679 1187 711 edu-

450 740 535 768 catos
555 740 585 768 et
602 735 759 769 institutos
783 744 861 775 esse,
878 744 978 776 neque
996 732 1186 772 mercedem,

449 799 551 832 neque
582 788 814 832 exemptionem
847 788 942 820 ullam
975 798 991 819 a
1027 786 1187 819 communi

451 843 574 885 collegii
595 842 758 885 disciplina
779 845 953 884 expectent,
979 841 1043 873 sive
1060 850 1188 883 graecas

451 895 514 928 sive
537 895 630 928 etiam
656 895 766 927 latinas
782 894 913 933 litteras,
929 903 1002 925 cum
1023 892 1054 924 id
1078 903 1189 935 oppor-

452 953 561 980 tunum
586 947 753 987 videbitur,
778 946 893 979 docere
918 945 1095 985 iubeantur,
1111 955 1190 988 quos

452 1007 566 1042 tamen,
583 1006 742 1044 tamquam
768 1000 847 1032 bene
863 1000 902 1032 de
922 999 1056 1041 collegio
1072 1009 1108 1031 ac
1124 1003 1190 1031 toto

451 1053 577 1086 Oriente
602 1053 805 1097 promeritos,
827 1052 978 1095 peculiari
1003 1051 1117 1084 affectu
1141 1062 1191 1084 re-

452 1111 519 1139 ctor
543 1106 653 1147 foveat,
675 1110 705 1139 et
728 1106 841 1149 quibus
866 1105 896 1137 in
920 1105 1015 1138 rebus
1039 1104 1106 1137 sine
1129 1104 1191 1137 dis-

451 1159 564 1202 pendio
584 1159 769 1203 disciplinae
787 1163 898 1202 potest,
917 1158 954 1191 iis
971 1158 1176 1201 gratificetur.

495 1212 682 1254 Librorum,
709 1212 762 1255 qui
786 1211 987 1256 praelegendi
1016 1212 1048 1244 in
1077 1210 1193 1244 scholis

453 1271 533 1308 sunt,
551 1276 684 1309 magnus
697 1266 834 1299 delectus
851 1265 1012 1307 habeatur,
1034 1270 1068 1297 ut
1092 1274 1194 1307 neque

454 1318 596 1352 moribus
619 1318 767 1360 officiant,
789 1323 818 1350 ct
835 1317 1043 1350 addiscendae
1066 1317 1194 1359 linguae

454 1372 545 1404 utiles
570 1372 650 1413 sint,
676 1377 768 1415 atque
794 1371 831 1404 ad
861 1371 1040 1403 auditorum
1068 1375 1193 1413 captum

455 1425 695 1458 accommodati.
724 1426 797 1458 Eam
816 1424 940 1457 obrem
965 1429 1055 1457 curet
1079 1429 1193 1465 rector,

456 1484 488 1511 ut
504 1489 522 1511 a
538 1479 614 1511 viris
639 1478 764 1521 linguae
787 1488 919 1521 graecae
944 1478 1115 1511 admodum
1141 1487 1195 1520 pe-

456 1531 523 1565 ritis
544 1537 573 1565 et
598 1531 678 1575 piis,
704 1532 864 1575 catalogus
889 1532 1002 1575 aliquis
1022 1542 1132 1564 eorum
1157 1531 1194 1563 li-

457 1585 586 1618 brorum
604 1585 798 1626 conficiatur,
816 1585 870 1629 qui
895 1585 1027 1627 singulis
1045 1584 1195 1627 gradibus

457 1639 557 1682 magis
576 1639 803 1672 accommodati
829 1643 909 1680 sunt,
934 1648 1035 1681 neque
1052 1638 1117 1669 sine
1134 1648 1196 1669 ma-

457 1694 527 1724 tura
554 1692 812 1733 consideratione,
838 1697 868 1724 et
891 1701 926 1724 re
951 1702 1021 1723 cum
1047 1690 1121 1723 viris
1145 1701 1197 1733 pe-

458 1745 525 1777 ritis
546 1745 784 1786 communicata,
802 1745 879 1777 alios
896 1744 1035 1788 praelegi
1049 1743 1194 1786 patiatur.

503 1798 688 1842 Priusquam
707 1799 822 1831 scholis
842 1798 1008 1841 quisquam
1033 1797 1197 1841 praeficia—

461 1858 526 1893 tur,
552 1862 609 1895 per
633 1852 717 1884 viros
734 1851 864 1884 idoneos
884 1851 1094 1884 examinetur:
1113 1850 1197 1894 quod

460 1916 592 1938 examen
614 1905 719 1937 subire
744 1915 852 1937 omnes
873 1904 1039 1945 debebunt,
1058 1914 1136 1947 quos
1152 1914 1199 1936 re-

461 1963 528 1992 ctor
541 1958 734 1990 iudicaverit:
745 1968 807 1991 non
820 1963 923 1990 tamen
932 1956 950 1999 ¹,
962 1962 996 1989 ut
1006 1957 1197 2000 exploretur,

461 2012 531 2056 quis
548 2016 685 2056 praestet
701 2011 822 2053 litteris,
837 2022 930 2054 quam
949 2016 982 2043 ut
998 2015 1128 2052 constet,
1145 2010 1199 2053 qui

461 2065 499 2098 ad
516 2065 547 2098 id
564 2064 704 2097 muneris
721 2064 825 2097 idonei
843 2065 913 2106 sint,
932 2069 964 2096 ut
982 2074 1016 2096 ex
1034 2064 1072 2096 iis
1088 2063 1200 2096 deinde

463 2119 488 2152 is
512 2120 662 2162 eligatur,
688 2119 776 2152 cuius
802 2130 923 2160 mores,
950 2119 1047 2151 virtus
1072 2124 1102 2151 et
1126 2118 1200 2151 obe-

463 2172 578 2205 dientia
595 2172 625 2205 id
643 2173 841 2216 superiorum
861 2171 976 2205 iudicio
994 2171 1177 2204 merebitur.

507 2226 590 2268 Erga
622 2226 782 2266 alumnos,
808 2225 860 2268 qui
887 2224 947 2257 iam
972 2224 1200 2265 discesserunt,

464 2284 569 2312 rector
581 2279 704 2321 collegii
720 2280 849 2322 paterna
867 2278 1075 2310 sollicitudine
1086 2282 1200 2319 utatur,

464 2338 496 2366 ut
521 2343 631 2366 corum
656 2332 778 2365 labores
803 2336 981 2374 cognoscat,
1003 2337 1032 2363 et
1054 2331 1201 2372 fructum,

465 2397 556 2430 quem
579 2387 609 2418 in
622 2386 754 2419 Domino
773 2385 917 2424 seccrint3
943 2385 1044 2428 deque
1067 2384 1104 2417 iis
1129 2395 1202 2428 pro-

466 2444 598 2474 tectores
623 2450 658 2473 ac
682 2445 821 2472 sanctam
851 2439 964 2472 Scdem
991 2439 1201 2482 Apostolicam

468 2495 632 2526 certiorem
651 2493 751 2535 saciat,
769 2493 880 2527 litteris
895 2491 1159 2533 consulant-²1et,
1178 2492 1203 2524 si

467 2549 529 2590 »tua
545 2558 579 2580 re
596 2548 626 2580 in
640 2548 722 2581 Urbe
739 2547 939 2590 indiguerint,
955 2552 1007 2579 aut
1024 2546 1049 2579 si
1073 2546 1204 2589 negocia

503 2620 513 2645 1
533 2618 686 2652 Legendum
704 2618 790 2653 potius
804 2626 861 2644 uon
879 2621 937 2645 lam
955 2618 991 2652 (n.
1008 2617 1057 2652 ¹11).

501 2662 517 2689 ἢ
532 2663 573 2689 An
590 2666 663 2690 recta
679 2662 756 2690 lectio
772 2662 872 2690 iudicet
888 2662 973 2689 lector
987 2661 1058 2689 scius
1073 2660 1110 2697 (n.
1127 2662 1177 2696 τ.).
1222 2671 1223 2675 ’

1019 259 1197 284 nULthan
1221 258 1376 283 ROMANUM

1216 306 1383 340 habuerint
1413 304 1450 337 ad
1482 303 1728 337 aedificationem
1760 308 1791 337 et
1821 303 1954 337 salutem

1216 354 1399 392 animarum
1410 357 1606 401 pertinentia,
1633 355 1824 399 expedienda
1848 361 1952 396 curet;

1217 413 1334 456 iisque,
1359 412 1474 455 quibus
1498 411 1592 444 rebus
1616 414 1736 453 potest,
1761 409 1931 443 subveniat.

1261 465 1354 499 Curet
1378 464 1512 508 denique
1541 468 1663 505 rector,
1695 467 1730 495 ut
1759 472 1861 505 neque
1884 462 1954 495 inu-

1218 518 1301 561 tiles,
1328 528 1430 562 neque
1455 517 1564 550 discoli
1590 516 1621 548 in
1645 515 1779 558 collegio
1803 514 1958 548 detinean-

1966 254 2016 282 Αη.
2037 255 2067 282 C.
2084 254 2152 283 ¹624

1219 577 1279 614 tur,
1300 577 1393 615 atque
1409 571 1526 603 alumni
1545 570 1574 602 in
1592 569 1716 613 pietatis
1736 567 1969 611 studio‚⁴atque.

1220 635 1295 668 erga
1310 630 1450 658 sanctam
1467 625 1640 657 Romanam
1661 622 1830 656 Ecclesiam
1852 631 1960 654 amore

1219 688 1256 711 ac
1280 678 1466 718 reverentia,
1487 682 1580 720 atque
1604 676 1782 709 animarum
1807 679 1837 707 et
1860 673 1957 708 redu-

1221 731 1333 764 ctionis
1358 731 1487 764 Greciae
1512 730 1578 763 zelo
1603 729 1784 762 educentur.

1266 784 1375 817 Divina
1399 784 1501 817 officia
1516 811 1523 824 ‚
1553 794 1615 827 qua
1643 782 1733 815 decet
1757 780 1908 815 modestia
1932 786 1963 814 et

1222 837 1385 880 gravitate,
1410 841 1613 881 peragantur:
1638 829 1845 880 quamobrem
1863 843 1963 867 sacra-

1223 901 1293 922 rum
1319 890 1593 923 caeremoniarum
1618 889 1778 932 magistri,
1799 892 1892 932 atque
1911 886 1963 920 alii

1223 943 1281 975 viri
1299 953 1411 985 graves
1428 943 1526 976 choro
1542 943 1691 987 praesint,
1708 942 1762 986 qui
1778 952 1841 975 non
1858 940 1962 981 modo,

1224 996 1249 1028 si
1267 995 1341 1039 quid
1358 1006 1504 1028 errorum
1521 995 1625 1035 suerit,
1636 995 1781 1038 privatim
1795 994 1963 1037 corrigant,

1225 1048 1279 1081 sed
1296 1059 1368 1081 cum
1386 1058 1466 1092 opus
1483 1051 1538 1088 est,
1556 1047 1682 1091 publice
1699 1047 1793 1080 etiam
1813 1047 1965 1089 castigent

1225 1106 1278 1134 aut
1302 1101 1440 1145 puniant.
1466 1101 1497 1134 Si
1522 1100 1592 1144 quis
1616 1105 1720 1133 autem
1749 1110 1786 1132 ex
1810 1099 1965 1139 alumnis,

1226 1155 1311 1199 quod
1327 1155 1417 1196 absit,
1438 1154 1600 1198 indignum
1618 1154 1693 1198 quid
1707 1153 1859 1187 orationis
1871 1153 1966 1186 domo

1227 1210 1317 1249 sacto,
1338 1208 1431 1248 dicto,
1448 1213 1526 1240 nutu
1551 1208 1597 1240 vel
1624 1207 1776 1251 adspectu
1792 1206 1896 1239 minus
1915 1206 1968 1240 ho-

1227 1268 1315 1296 nesto
1340 1261 1556 1302 commiserit,
1589 1260 1754 1295 confestim
1787 1270 1803 1293 e
1834 1258 1968 1303 collegio

1227 1316 1410 1349 dimittatur.
1437 1315 1525 1355 Quod
1550 1315 1575 1348 si
1600 1320 1732 1358 propter
1756 1313 1861 1347 delicti
1885 1312 1964 1346 levi-

1228 1374 1321 1402 tatem
1336 1368 1577 1402 condonandum
1591 1367 1709 1411 aliquid
1722 1367 1892 1407 videretur,
1905 1374 1968 1399 non

1228 1422 1281 1455 siat
1305 1422 1364 1455 nisi
1389 1422 1427 1455 de
1456 1421 1582 1454 licentia
1614 1420 1803 1464 protectoris
1827 1423 1857 1454 et
1879 1417 1967 1461 gravi

1228 1476 1287 1508 alia
1310 1475 1502 1519 poenitentia
1527 1474 1684 1519 imposita.

1273 1529 1377 1562 Ritum
1403 1539 1550 1571 graecum
1583 1539 1640 1572 per
1672 1527 1778 1560 omnia
1801 1526 1968 1569 diligenter

1229 1588 1374 1623 servent,
1395 1582 1470 1615 dum
1496 1586 1567 1614 sunt
1597 1582 1629 1613 in
1660 1580 1813 1623 collegio;
1838 1579 1969 1612 latinum

1230 1647 1315 1676 vero,
1340 1641 1491 1679 quantum
1518 1635 1672 1675 scandali,
1698 1639 1727 1667 et
1751 1630 1873 1674 eorum,
1899 1643 1970 1665 cum

1230 1690 1345 1733 quibus
1370 1692 1606 1728 conversantur,
1630 1688 1709 1720 ratio
1732 1686 1913 1730 postulabit.

1274 1744 1368 1776 Curet
1392 1742 1591 1785 praepositus
1615 1740 1781 1784 generalis,
1807 1739 1856 1772 cui
1881 1738 1971 1772 colle-

1231 1796 1317 1838 gium
1342 1806 1398 1839 per
1422 1805 1454 1827 se
1479 1805 1514 1826 ac
1538 1805 1595 1837 per
1619 1793 1768 1826 officiales
1789 1802 1872 1832 suos,
1891 1792 1972 1824 sicut

1232 1854 1335 1882 cetera
1355 1848 1456 1881 eidem
1474 1848 1621 1881 Societati
1638 1847 1806 1881 commissa
1830 1845 1973 1888 collegia,

1232 1902 1405 1945 regendum
1432 1901 1604 1944 apostolica
1629 1900 1814 1933 auctoritate
1843 1899 1973 1932 tradidi-

1233 1966 1311 1995 mus,
1333 1960 1365 1987 ut
1381 1954 1552 1987 secundum
1569 1956 1752 1997 praesentes
1776 1951 1973 1986 constitutio-

1233 2020 1298 2050 nes,
1310 2008 1469 2052 perpetuis
1479 2007 1592 2040 suturis
1606 2007 1804 2050 temporibus
1821 2005 1975 2049 guberne-

1233 2068 1294 2105 tur,
1311 2072 1414 2106 neque
1435 2062 1590 2094 minorem
1608 2060 1802 2102 diligentiam
1816 2058 1973 2101 adhibeat,

1234 2116 1281 2149 vel
1311 2116 1342 2148 in
1370 2126 1407 2148 eo
1434 2115 1519 2148 domi
1548 2114 1705 2157 regendo,
1735 2118 1829 2156 atque
1854 2112 1974 2146 idoneis

1235 2169 1419 2202 officialibus
1451 2167 1699 2206 constituendis,
1734 2167 1781 2199 vel
1817 2167 1849 2199 in
1880 2166 1974 2199 rebus

1235 2223 1302 2255 eius
1317 2221 1543 2265 temporalibus
1556 2220 1811 2253 administrandis
1823 2230 1880 2263 per
1897 2219 1975 2253 vica-

1235 2276 1317 2309 rium
1342 2275 1523 2308 monasterii
1548 2274 1768 2307 Sanctissimae
1795 2273 1975 2314 Trinitatis,

1236 2340 1329 2374 quem
1347 2339 1470 2372 semper
1490 2338 1588 2361 unum
1608 2327 1646 2360 de
1662 2327 1815 2360 Societate
1838 2327 1877 2359 de
1901 2336 1975 2359 con-

1237 2393 1329 2415 sensu
1353 2382 1542 2426 protectoris
1560 2381 1598 2413 ab
1615 2380 1884 2421 eo’constitutum,
1899 2380 1978 2412 eius-

1237 2447 1297 2480 que
1315 2435 1511 2469 obedientiae
1531 2446 1588 2479 per
1604 2434 1709 2468 omnia
1730 2434 1916 2474 subiectum,
1936 2438 1975 2474 et,

1238 2500 1309 2523 cum
1323 2490 1425 2522 visum
1443 2488 1546 2529 suerit,
1563 2488 1771 2521 amovendum
1798 2498 1868 2521 esse
1891 2487 1978 2521 volu-

1238 2554 1318 2583 mus,
1329 2553 1423 2586 quam
1437 2543 1462 2576 si
1477 2553 1574 2575 unum
1585 2547 1666 2575 esset
1679 2552 1694 2575 e
1706 2541 1868 2575 Societatis
1881 2540 1978 2585 ipsius

1239 2597 1389 2639 collegiis.

1283 2651 1314 2685 Si
1332 2651 1405 2695 quid
1423 2650 1502 2684 sorte
1515 2650 1545 2683 in
1559 2650 1608 2683 his
1620 2648 1895 2684 constitutionibus
1905 2657 1979 2681 usus
