2269 3235
227 262 279 288 An.
300 262 327 289 0.
344 261 414 289 icas
460 253 524 286 400

266 800 408 820 Serretarium

225 833 279 846 sarri
325 828 408 851 collegit

226 854 297 878 Papae
320 854 407 874 familia·

225 886 268 900 rem
284 882 348 900 creat.

287 1439 374 1464 Altaque
391 1438 410 1457 ei

227 1466 338 1491 priiilegia
362 1470 410 1485 con-

227 1492 291 1513 cedit.

427 311 476 343 lici
495 310 599 353 aliquo
623 308 716 341 modo
733 306 1002 346 concernentium,
1022 306 1162 349 aliaeque

426 363 599 407 scripturae
631 360 867 404 quomodolibet
892 360 929 392 ad
956 360 1037 392 idem
1062 360 1159 393 colle-

424 417 510 459 gium
525 419 710 459 spectantes,
724 414 753 446 in
768 420 954 458 perpetuum
973 413 1161 455 conservari,

424 480 479 502 nec
511 469 595 509 indo,
621 469 740 511 alisque
765 468 971 500 cardinalium
998 467 1028 500 in
1053 467 1162 500 ordine

424 523 568 565 priorum
594 527 623 554 et
647 521 813 554 camerarii
842 521 1078 565 praedictorum
1104 531 1162 564 pro

423 579 565 618 tempore
582 574 780 608 existentium
799 575 933 615 licentia,
949 574 1162 618 aliquomodo

424 629 543 661 extrahi
566 628 709 669 debeant,
727 628 845 661 eisdem
866 628 1049 661 auctoritate
1070 633 1097 661 et
1124 632 1163 662 te-

424 693 519 723 nore,
546 683 639 716 etiam
664 688 819 726 perpetuo
844 682 995 725 erigimus
1020 686 1049 714 et
1076 682 1162 715 insti-

425 737 550 769 luimus.

468 790 483 833 ξ
508 790 558 823 13.
586 790 685 833 thue
710 790 916 833 imposterum
945 789 1079 822 clericus
1103 789 1162 821 Ita-

424 843 472 876 lus
489 849 518 876 et
536 845 724 877 secretarius
748 843 926 887 praedictus
943 853 1000 886 pro
1021 849 1163 885 tempore

424 897 559 930 existens
583 897 788 941 amplioribus
814 896 972 930 favoribus
993 899 1024 928 et
1054 895 1164 938 gratiis

424 950 607 990 decoretur,
624 950 708 993 quod
722 960 780 993 pro
795 955 937 993 tempore
954 949 1090 981 existens
1107 949 1165 981 cle-

424 1003 507 1035 ricus
530 1003 625 1036 Italus
641 1008 671 1035 et
691 1002 879 1035 secretarius
904 1001 1095 1043 huiusmodi,
1117 999 1165 1033 ra—

423 1056 507 1089 tione
533 1066 626 1089 011100
653 1061 682 1088 01
712 1055 993 1088 administrationis
1017 1055 1090 1088 dicti
1114 1065 1164 1087 ar—

424 1109 528 1149 cliivii,
555 1109 687 1142 Romani
712 1109 872 1142 Pontifieis
892 1119 985 1141 verus
999 1113 1028 1141 et
1045 1107 1163 1141 indubi-

422 1167 503 1194 tatus
521 1168 550 1194 et
566 1172 628 1195 non
645 1164 736 1196 lictus
753 1162 916 1194 familiaris
942 1167 972 1194 et
999 1161 1166 1194 continuus

423 1215 663 1255 commensalis,
689 1215 886 1258 aliorumque
911 1215 1111 1247 familiarium
1137 1219 1165 1247 et

423 1269 645 1302 continuorum
674 1269 935 1302 commensalium
970 1279 1104 1301 numero
1137 1273 1166 1300 et

424 1323 583 1357 consortio
596 1322 772 1367 adscriptus
794 1328 822 1356 et
840 1327 1030 1365 aggregatus
1047 1332 1084 1355 eo
1098 1322 1166 1365 ipso

425 1377 554 1414 existat3

471 1431 485 1474 ἓ
514 1430 560 1463 lli.
580 1430 616 1463 Et
640 1435 741 1463 vestes
766 1429 895 1463 violacei
920 1429 1035 1463 eoloris
1060 1429 1097 1462 ad
1124 1429 1167 1461 in-

426 1489 491 1516 star
517 1487 699 1518 nostrorum
736 1484 1004 1517 cubiculariorum
1035 1483 1166 1516 honoris

426 1543 679 1581 nuncupatorum
698 1542 807 1580 gestet,
822 1537 944 1581 illisque
961 1537 1092 1570 arbitrio
1109 1547 1166 1569 5110

427 1596 555 1631 utatur,

472 1646 486 1689 ξ,
516 1646 562 1678 15.
589 1646 625 1678 Et.
649 1646 680 1678 in
705 1646 831 1688 siguum
852 1655 942 1677 verae
963 1650 994 1677 et
1010 1643 1166 1677 indubita-

428 1704 475 1731 tae
493 1710 527 1731 ac
544 1709 607 1732 non
624 1699 715 1732 lictae
745 1698 962 1731 l‘ai‘niliaritatis
986 1697 1166 1730 huiusmodi

427 1751 558 1794 singulis
572 1751 681 1784 diebus
699 1763 735 1784 ex
753 1751 868 1795 palatio
887 1751 1068 1795 apostolico,
1085 1751 1167 1783 ultra

427 1816 540 1848 panem
564 1805 622 1838 sibi
647 1805 767 1838 ratione
793 1805 887 1838 officii
912 1805 1017 1838 elerici
1041 1804 1109 1837 Itali
1139 1809 1168 1837 et

428 1859 589 1893 secretarii
610 1860 678 1892 dari
698 1860 834 1901 solitum,
853 1859 945 1892 etiam
959 1869 1072 1902 panem
1091 1858 1169 1891 eius-

428 1913 499 1945 dem
518 1913 697 1957 quantitatis
711 1919 738 1946 et
756 1913 922 1956 qualitatis,
938 1918 1032 1956 prout
1048 1912 1169 1944 dilectis

428 1966 500 2000 tiliis
520 1967 550 2000 in
567 1969 702 2012 utraque
722 1968 883 2010 signatura
908 1967 1015 2000 nostra
1035 1966 1171 1999 reseren-

428 2020 523 2054 dariis
547 2021 615 2053 dari
646 2020 821 2061 consuevit,
847 2020 975 2061 lrabeat,
1002 2019 1095 2052 etiam
1121 2019 1170 2052 de-

430 2073 599 2114 cernimus,
616 2079 646 2107 et
662 2084 774 2117 panem
792 2073 971 2106 huiusmodi
987 2072 1094 2105 dietim
1110 2072 1169 2105 sibi

429 2138 464 2160 ex
489 2127 572 2160 dicto
595 2128 710 2171 palatio
736 2127 803 2159 dari
830 2127 1023 2159 mandamus.

474 2179 489 2221 ξ
513 2179 563 2212 to.
589 2179 778 2219 Inliibentes,
797 2178 854 2211 sub
876 2177 1098 2221 indignationis
1118 2187 1171 2210 no-

430 2238 528 2274 strae,
555 2243 590 2265 ac
614 2232 699 2265 mille
728 2232 916 2265 ducatorum
945 2241 1089 2265 camerae
1113 2241 1170 2264 no-

431 2291 511 2319 strae
529 2285 799 2330 applicandorum,
814 2285 944 2329 aliisque
959 2285 1055 2318 trium
1073 2284 1172 2318 cardi-

430 2340 548 2372 nalium
585 2340 616 2372 in
645 2339 755 2373 ordine
784 2339 927 2383 priorum
952 2342 982 2373 et
1006 2338 1171 2372 camerarii

431 2393 664 2437 praedictorum
682 2393 814 2426 arbitrio
834 2392 1033 2437 imponendis
1050 2392 1169 2436 poenis,

432 2446 586 2488 1111001110,
600 2448 729 2491 eiusque
747 2447 778 2479 in
795 2446 898 2479 officio
916 2445 1089 2479 notariatus
1106 2456 1172 2478 suc-

433 2501 619 2541 cessoribus,
641 2511 678 2533 ne
696 2500 727 2533 in
745 2499 982 2533 conservatione
1004 2504 1065 2532 tam
1083 2503 1171 2532 extra

434 2554 549 2586 Urbem
579 2565 672 2597 quam
704 2555 734 2587 in
759 2554 843 2587 Urbe
869 2564 963 2597 super
992 2552 1174 2597 praemissis

432 2608 655 2642 tabricatorum
680 2618 888 2652 processuum
914 2607 1045 2641 ulterius
1070 2617 1102 2641 se
1126 2606 1174 2639 in·

434 2672 544 2705 gerere
568 2669 780 2707 pmesumamt.

1004 258 1182 282 artharium
1207 257 1359 282 ROMANUM

1241 308 1255 349 g
1280 305 1329 338 17.
1356 305 1392 338 Et
1407 304 1465 337 sub
1482 303 1600 337 eisdem
1617 304 1725 347 poenis
1742 303 1934 348 praecipien-

1198 364 1241 393 tes
1259 365 1321 392 tam
1338 358 1492 400 Odoardo,
1510 368 1603 402 quam
1632 357 1828 391 auditoribus
1844 368 1933 402 prae-

1196 413 1286 447 dictis
1311 422 1394 446 nunc
1421 416 1452 444 et
1471 422 1529 454 pro
1555 415 1697 455 tempore
1720 410 1933 452 existentibus,

1196 466 1370 510 ceterisque
1395 464 1542 498 omnibus
1567 469 1597 496 et
1620 464 1761 507 singulis,
1782 467 1934 508 quatenus

1196 530 1304 554 omnes
1322 524 1352 554 et
1377 519 1517 562 singulos
1534 523 1597 550 tam
1615 517 1646 550 in
1663 517 1746 550 Urbe
1773 527 1867 561 quam
1886 527 1935 551 ex-

1196 578 1242 606 tra
1267 584 1335 606 eam
1360 572 1527 605 fabricatos
1551 581 1720 615 processus
1743 570 1934 611 huiusmodi,

1196 637 1231 660 ac
1255 627 1380 659 decreta
1400 630 1429 658 et
1455 630 1522 658 acta
1546 623 1715 669 praedicta,
1739 633 1819 668 quae
1838 633 1935 668 penes

1197 690 1249 713 eos
1280 685 1310 712 et
1334 689 1445 712 eorum
1470 678 1612 722 singulos
1636 677 1674 710 ad
1699 686 1848 721 praesens
1878 686 1932 710 re—

1196 732 1382 776 periuntur,
1408 732 1489 764 intra
1517 731 1657 764 triduum
1682 741 1700 763 a
1723 730 1935 774 publicatione

1196 785 1408 829 praesentium
1429 784 1685 829 computandum,
1703 793 1871 828 processus
1887 793 1936 817 ve-

1197 850 1243 878 ro,
1261 839 1313 882 qui
1330 849 1387 882 pro
1405 844 1546 882 tempore
1563 847 1658 882 penes
1671 848 1725 870 005
1739 840 1840 878 erunt,
1854 841 1935 877 ante,

1198 897 1231 924 nt
1254 892 1439 935 praefertur,
1463 891 1646 924 cedularum
1671 889 1936 924 consistorialium

1198 943 1481 987 subscriptionem,
1506 954 1562 976 seu
1585 943 1696 976 saltem
1720 943 1846 976 illarum
1869 952 1938 986 par-

1199 997 1282 1030 tibus
1306 996 1587 1040 consignationem,
1605 1001 1736 1040 actaque
1758 1001 1790 1028 et
1812 995 1938 1028 decreta

1198 1049 1379 1093 praedicta,
1404 1059 1483 1092 quae
1507 1049 1546 1081 ad
1570 1059 1681 1082 eorum
1714 1054 1744 1081 et
1771 1047 1938 1081 cuiuslibet

1200 1114 1310 1136 manus
1342 1113 1470 1147 quoquo
1502 1102 1596 1136 modo
1627 1102 1829 1144 devenerint,
1858 1101 1939 1136 intra

1199 1162 1270 1190 octo
1295 1156 1361 1189 dies
1385 1162 1458 1189 tunc
1487 1154 1667 1188 immediate
1692 1159 1876 1198 sequentes,
1900 1154 1939 1187 ad

1200 1209 1373 1243 archivium
1388 1208 1584 1253 praedictum
1597 1208 1819 1248 transmittant,
1829 1212 1860 1241 et
1876 1218 1940 1241 mo-

1200 1263 1298 1297 derno
1328 1274 1363 1296 ae
1395 1273 1453 1306 pro
1485 1267 1629 1306 tempore
1656 1261 1800 1294 existenti
1825 1261 1940 1294 clerico

1200 1317 1276 1351 11010
1307 1322 1338 1349 01
1361 1316 1532 1349 secretario
1556 1315 1717 1360 praedicto
1742 1314 1938 1358 consignent,

1200 1382 1235 1404 ae
1260 1370 1428 1405 transmitti
1453 1374 1483 1403 et
1507 1370 1687 1413 consignari
1711 1369 1824 1402 faciant
1848 1369 1940 1402 reali-

1200 1430 1248 1457 ter
1271 1428 1301 1459 et
1325 1435 1397 1457 cum
1422 1424 1544 1458 effectu.

1245 1479 1260 1522 ἓ
1289 1477 1336 1511 18.
1362 1479 1404 1511 Αο
1421 1477 1565 1511 similiter
1582 1477 1797 1518 decernentes,
1814 1477 1939 1510 easdem

1200 1538 1392 1576 praesentes,
1417 1533 1511 1565 etiam
1536 1542 1573 1565 ex
1590 1541 1627 1565 eo
1644 1530 1730 1575 quod
1746 1531 1846 1564 dictus
1863 1529 1942 1564 Odo-

1201 1586 1295 1619 ardus
1323 1591 1353 1619 et
1377 1586 1536 1619 auditores
1560 1585 1711 1629 praedicti
1736 1595 1772 1617 ac
1793 1584 1844 1617 alii
1868 1583 1943 1618 inte-

1202 1650 1286 1673 resse
1301 1640 1450 1673 habentes
1467 1640 1505 1672 ad
1519 1640 1580 1672 hoc
1599 1639 1701 1672 vocati
1719 1644 1748 1671 et
1764 1638 1861 1671 auditi
1878 1647 1941 1671 non

1201 1694 1325 1735 suerint,
1343 1694 1390 1726 vel
1415 1704 1451 1726 ex
1476 1704 1513 1726 eo
1534 1692 1617 1736 quod
1637 1693 1708 1725 illae
1735 1691 1820 1724 nulla
1840 1691 1941 1724 subsi-

1202 1753 1300 1780 stente
1314 1750 1408 1781 causa
1422 1748 1469 1780 vel
1483 1748 1577 1780 etiam
1601 1746 1639 1779 de
1656 1746 1736 1780 sacto
1751 1745 1941 1789 processisse

1202 1801 1262 1834 dici
1287 1806 1423 1845 possent,
1445 1801 1509 1834 sive
1534 1800 1627 1833 etiam
1651 1799 1873 1844 processerint,
1890 1803 1943 1831 aut

1203 1867 1239 1888 ex
1265 1856 1325 1888 alia
1350 1856 1458 1900 quavis
1483 1854 1616 1888 iuridica
1634 1859 1663 1887 et
1687 1854 1828 1897 legitima
1850 1853 1943 1886 etiam

1203 1909 1381 1942 necessario
1395 1908 1600 1952 exprimenda
1615 1908 1720 1948 causa,
1733 1907 1780 1940 vel
1795 1917 1945 1951 quocum-

1203 1973 1263 2006 que
1289 1967 1462 2006 praetextu,
1488 1961 1526 1994 de
1551 1959 1764 2005 subreptionis
1783 1960 1831 1993 vel
1856 1959 1945 1992 obre-

1204 2016 1320 2059 ptionis
1337 2020 1390 2049 aut
1418 2014 1569 2048 nullitatis
1585 2014 1671 2055 vitio,
1689 2024 1743 2047 seu
1763 2013 1944 2046 intentionis

1203 2073 1329 2103 nostrae
1361 2074 1414 2102 aut
1447 2068 1558 2112 quovis
1582 2060 1643 2101 alio
1674 2067 1798 2101 defectu
1820 2066 1943 2107 notari,

1205 2123 1393 2167 impugnari,
1408 2122 1582 2163 invalidari,
1595 2121 1770 2163 retractari,
1788 2126 1819 2154 et
1831 2120 1870 2153 ad
1887 2125 1946 2153 ter-

1206 2177 1307 2210 minos
1328 2176 1404 2209 iuris
1427 2175 1544 2217 reduci,
1562 2180 1616 2208 aut
1639 2175 1671 2207 in
1692 2174 1741 2207 ius
1758 2174 1805 2207 vel
1823 2178 1946 2207 contro-

1206 2230 1339 2263 versiam
1358 2229 1510 2270 revocari,
1527 2239 1582 2262 seu
1602 2228 1752 2261 adversus
1768 2228 1836 2260 illas
1849 2226 1946 2271 quod-

1206 2294 1341 2327 cumque
1361 2283 1449 2324 iuris,
1470 2282 1541 2315 sacti
1558 2282 1605 2315 vel
1627 2282 1745 2325 gratiae
1769 2281 1946 2314 remedium

1206 2337 1386 2381 impetrari,
1411 2341 1463 2369 aut
1495 2336 1589 2370 ctiam
1614 2341 1702 2368 motu
1725 2340 1755 2368 et
1784 2334 1946 2379 potestatis

1205 2390 1399 2435 plenitudine
1437 2389 1592 2422 similibus
1623 2388 1778 2429 concedi,
1808 2388 1856 2421 vel
1888 2387 1946 2421 sub

1206 2444 1369 2488 quibusvis
1394 2443 1669 2478 constitutionibus
1689 2447 1719 2476 et
1743 2441 1947 2476 cancellariae

1206 2499 1395 2542 apostolicae
1418 2497 1548 2541 regulis,
1573 2497 1663 2530 editis
1687 2502 1717 2530 et
1741 2495 1887 2537 edendis,
1911 2506 1947 2528 ac

1207 2552 1319 2586 litteris
1351 2551 1530 2596 apostolicis
1557 2551 1589 2584 in
1622 2550 1816 2584 contrarium
1851 2549 1946 2582 etiam

1208 2606 1278 2651 pari
1295 2611 1383 2640 motu
1397 2610 1426 2638 et
1443 2604 1702 2638 consistorialiter
1720 2603 1881 2645 emanatis,
1894 2607 1949 2635 aut

1208 2660 1369 2704 quibusvis
1400 2658 1468 2692 aliis
1500 2658 1648 2691 similium
1675 2657 1723 2691 vel
1747 2656 1947 2692 dissimilium

1943 255 1994 283 An.
2015 255 2045 284 C.
2063 255 2132 284 1625

2018 319 2131 348 Proconsufl

1949 349 2020 366 omnes
2035 350 2055 366 ei
2071 350 2132 371 pru-

1948 372 2132 400 cipitcunstgnnri.

1984 1486 2105 1508 clausulae.
