2269 3235
108 304 157 333 An.
174 305 203 333 C.
222 305 289 333 1624

135 1758 243 1783 impeditis
255 1757 294 1778 he-

109 1785 170 1811 nigne
187 1785 292 1811 prou-let.

127 2621 230 2642 Praelatis
238 2626 299 2646 prae-

113 2649 172 2675 cipit,
187 2650 211 2669 ut
227 2654 298 2669 omnes

923 304 1063 328 unnanus

307 351 458 386 dinalium
481 362 629 394 assensu,
653 351 778 385 jubilaei
804 350 1064 384 celebrationem

308 405 338 437 in
355 414 472 437 annum
490 405 669 448 proximum
688 414 826 444 iuncxxV,
840 414 857 436 a
872 403 984 447 primis
1000 415 1048 437 ve-

307 458 408 502 speris
432 458 557 501 vigiliae
589 457 762 492 Nativitatis
794 456 919 490 Domini
942 457 1065 496 Nostri¹

308 512 376 545 lesu
396 512 509 546 Christi
526 512 670 556 proxime
688 512 810 544 suturae
826 510 1047 551 inchoandam,

308 570 338 597 ct
361 575 419 609 per
443 570 543 598 totum
575 574 690 597 annum
719 563 822 607 ipsum
855 563 1046 604 finiendam,

308 618 494 652 auctoritate
518 618 573 651 Dei
597 616 821 661 omnipotentis
837 621 866 649 et
880 615 1046 650 beatorum
1064 644 1065 651 ,

308 672 522 716 apostolorum
559 670 643 704 Petri
679 674 708 704 et
739 669 826 703 Pauli
851 680 887 702 ac
917 672 1047 709 nostra,

307 729 424 767 quanto
454 723 591 756 maximo
624 733 793 767 possumus
824 722 919 755 animi
948 722 1065 756 nostri?

308 777 439 820 gaudio,
467 777 506 810 ad
530 776 627 821 ipsius
651 776 705 809 Dei
730 776 864 819 gloriam
889 780 919 808 et
943 776 1065 812 catha-1

308 830 386 863 licae
410 830 566 864 Ecclesiae
590 829 809 864 exaltationem
834 828 1001 862 indicimus
1018 835 1065 862 et=

306 884 555 928 promulgamus.
573 883 640 923 Quo
658 884 727 928 ipso
745 883 869 917 iubilaei
894 893 976 916 anno
996 883 1049 916 du-

308 942 406 977 rante,
427 937 573 970 omnibus
597 938 760 981 utriusque
785 948 877 970 sexus
901 937 1048 970 christili-

307 989 428 1024 delibus
460 1000 533 1023 vere
564 990 799 1034 poenitentibus
824 996 853 1023 et
877 991 1027 1024 confessis

308 1097 395 1130 Pauli
420 1097 635 1141 apostolorum
660 1107 782 1131 necnon
807 1097 836 1130 S.
854 1097 968 1130 Mariae
991 1097 1050 1130 Ma-

308 1151 385 1185 ioris
409 1151 448 1185 de
472 1151 556 1186 Urbe
579 1151 736 1192 basilicas,
760 1151 858 1184 semel
882 1152 992 1184 saltem
1017 1151 1048 1184 in

309 1204 380 1245 die,
404 1215 461 1248 per
485 1205 612 1248 triginta
636 1204 801 1238 continuos
826 1209 879 1237 aut
903 1204 1050 1247 interpel-

308 1257 407 1291 latos¹
424 1257 500 1300 dies,
521 1257 546 1290 si
572 1257 704 1291 Romani
728 1257 777 1290 vel
801 1256 921 1290 incolae
945 1256 1048 1297 Urbis,

309 1311 334 1344 si
359 1321 433 1345 vero
456 1311 617 1355 peregrini
642 1314 696 1345 aut
713 1311 789 1343 alias
808 1310 907 1343 exteri
924 1310 1049 1351 suerint,

308 1375 365 1409 per
380 1365 560 1409 quindecim
584 1366 694 1399 saltem
719 1365 786 1399 dies
809 1365 920 1399 devote
944 1365 1049 1398 visita-

308 1418 421 1458 verint,
442 1424 472 1451 et
495 1429 554 1463 pro
573 1419 716 1463 ipsorum
733 1418 874 1451 fidelium
896 1429 931 1451 ac
955 1418 1049 1452 totius

309 1471 470 1504 christiani
483 1471 593 1516 populi
609 1472 707 1504 salute
725 1471 792 1515 pias
809 1470 848 1503 ad
863 1470 961 1503 Deum
982 1481 1050 1514 pre-

309 1535 360 1558 ces
379 1524 557 1567 effuderint,
577 1525 792 1569 plenissimam
814 1524 955 1558 omnium
980 1536 1051 1568 pec-

309 1583 451 1612 catorum
476 1589 606 1613 suorum
631 1578 870 1622 indulgentiam,
895 1578 1051 1612 remissio-

308 1641 380 1665 nem
403 1642 439 1666 ac
463 1632 587 1665 veniam
605 1631 852 1665 misericorditer
870 1631 901 1664 in
917 1632 1050 1665 Domino

308 1685 511 1719 concedimus
535 1691 564 1719 et
588 1686 798 1730 impartimur.

353 1740 368 1784 g
391 1739 421 1773 3.
447 1740 485 1773 Et
509 1740 657 1783 quoniam
683 1739 809 1773 evenire
830 1745 942 1784 potest,
959 1745 994 1772 ut
1013 1750 1049 1773 ex

308 1793 360 1835 iis,
384 1793 438 1838 qui
455 1793 514 1827 hac
530 1793 567 1827 de
581 1795 675 1827 causa
691 1793 750 1826 iter
766 1793 907 1837 aggressi
924 1793 1049 1835 fuerint,

308 1847 356 1880 vel
381 1847 420 1880 ad
444 1847 561 1881 Urbem
593 1857 627 1880 se
657 1847 866 1888 contulerint,
898 1846 994 1890 aliqui
1019 1847 1050 1879 in

307 1900 373 1941 via,
397 1906 450 1934 aut
474 1900 567 1934 etiam
593 1901 625 1934 in
649 1901 716 1945 ipsa
741 1900 840 1942 Urbe,
865 1900 979 1934 morbo
1002 1901 1050 1933 vel

309 1954 370 1988 alia
394 1954 536 1998 legitima
561 1955 655 1988 causa
684 1953 848 1998 impediti,
872 1959 925 1987 aut
949 1958 1050 1988 morte

308 2008 470 2053 praeventi
493 2007 661 2052 praefinito
685 2007 809 2040 dierum
834 2017 968 2040 numero
986 2017 1051 2041 non

309 2062 477 2107 completo,
498 2072 533 2095 ae
550 2072 590 2095 ne
603 2061 731 2105 quidem
744 2061 877 2094 fortasse
893 2060 1050 2101 inchoato,

309 2116 482 2161 praemissa
506 2115 628 2160 exequi,
652 2125 688 2148 ac
712 2114 876 2148 eeclesiam
902 2120 932 2148 et
947 2114 1052 2148 basili-

309 2181 361 2204 cas
385 2169 568 2203 huiusmodi
589 2169 679 2202 obire
696 2174 868 2213 nequeant3
885 2179 953 2209 nos,
969 2168 1050 2213 piae,

309 2229 536 2269 promptaeque
560 2223 688 2257 illorum
713 2222 875 2263 voluntati,
899 2227 1051 2266 quantum

311 2278 343 2310 in
366 2278 500 2312 Domino
523 2287 701 2322 possumus,
721 2276 857 2319 benigne
881 2276 985 2309 favere
1003 2287 1052 2309 cu-

311 2331 443 2375 pientes
468 2330 608 2371 eosdem,
625 2340 699 2363 vere
718 2330 914 2374 poenitentes
935 2333 964 2364 et
982 2334 1070 2363 con-*

313 2385 422 2425 sessos,
446 2384 624 2428 praedictae
648 2383 861 2426 indulgentiae
886 2388 916 2416 et
940 2382 1052 2416 remis-

312 2437 410 2472 sionis
433 2437 601 2482 participes
632 2436 763 2481 perinde
795 2437 864 2470 fieri
898 2437 1052 2476 volumus,

312 2502 348 2524 ac
365 2490 391 2524 si
407 2490 571 2524 ecclesiam
588 2495 618 2523 et
634 2490 778 2523 basilicas
795 2490 973 2534 praedictas
991 2489 1053 2522 die·
1069 2518 1071 2533 ι

312 2544 372 2577 bus
388 2554 406 2576 a
421 2543 513 2577 nohis
529 2543 732 2587 praescriptis
749 2544 852 2588 reipsa
867 2543 1052 2576 visitassent.

357 2598 373 2642 g
395 2597 426 2631 4.
447 2597 508 2631 Vos
525 2602 641 2638 autem,
658 2597 853 2630 venerabiles
873 2597 985 2629 fratres
1002 2606 1055 2629 no·
1071 2592 1073 2626 l

352 2716 361 2742 1
379 2714 421 2742 Sic
431 2720 525 2741 omues
536 2712 614 2745 edit.·‚
625 2711 673 2739 sed
685 2712 873 2746 intevpolatos
884 2711 943 2746 lege
957 2714 993 2746 (n.
1009 2710 1055 2745 12).
1073 2725 1075 2747 ι

400 2767 480 2797 Ball.
501 2767 585 2796 Rom.
627 2765 687 2796 Vol.
707 2765 788 2794 XIII.
951 2765 986 2792 19

1089 304 1145 328 νιιι
1170 293 1794 329 122145

1081 353 1151 392 stri,
1177 353 1384 397 psitiimchac,
1408 353 1569 397 primates,
1593 351 1822 396 archiepiscopi

1063 420 1065 431 ι
1081 410 1111 438 et
1123 418 1138 436 ι
1142 406 1272 450 piseopi,
1288 407 1317 439 in
1330 418 1388 450 par
1392 412 1451 439 tem
1466 405 1684 439 sollicitudinis
1697 410 1785 438 nostr
1787 416 1845 438 ιιιο

1082 459 1203 499 iocati,
1228 460 1327 502 capite
1358 460 1446 492 tubas
1475 465 1661 499 argrenteas,
1687 469 1822 501 (ιιιιΓιιιΠι

1063 519 1155 547 tusus
1180 517 1226 543 est
1251 512 1281 543 in
1307 512 1459 553 iubilteo,
1484 512 1629 545 adhibete
1659 511 1822 555 piaedica-

1081 564 1199 598 tionem
1225 565 1311 597 verbi
1332 565 1397 603 Dei,
1415 571 1445 597 et
1468 565 1685 608 prat-nuntiate
1699 564 1823 608 populis

1081 618 1229 660 gaudium
1246 628 1407 660 magnum,
1425 622 1458 649 ut
1472 618 1756 657 sanctiticentur‚et
1769 617 1823 649 Dei

1063 658 1205 705 *iuvante
1231 671 1332 714 gratia
1357 670 1458 714 parati
1484 670 1545 702 sint
1569 670 1606 702 ad
1627 681 1662 702 ea
1679 670 1824 703 caelestia

1081 724 1163 757 dona
1187 723 1354 767 capienda,
1383 734 1464 766 quae
1493 723 1650 755 bonorum
1682 723 1822 755 omnium

1082 777 1213 820 largitor
1244 777 1327 810 Deus
1358 776 1431 808 siliis
1456 775 1633 809 dilectionis
1666 786 1740 808 suae
1766 787 1823 819 per

1081 830 1291 863 ministerium
1309 829 1494 862 humilitatis
1510 834 1635 862 nostrae
1655 839 1822 872 praepara-

1082 884 1133 916 vit.
1166 884 1210 917 Ad
1242 883 1387 916 caelestia
1419 893 1552 915 munera
1583 882 1613 914 in
1646 882 1704 915 hac
1740 882 1824 915 Urbe

1081 938 1285 982 percipienda
1316 942 1425 970 vocate
1456 942 1602 976 coetum,
1633 941 1824 979 congregate

1041 1017 1048 1031 ,
1065 992 1258 1036 populum,
1283 990 1475 1023 sanctificate
1500 990 1664 1023 ecelesiam
1680 1016 1687 1029 ‚
1715 989 1825 1023 docete

307 1043 360 1088 qui
385 1044 549 1077 ecclesiam
574 1043 830 1084 Lateranensem,
855 1044 887 1076 Β.
913 1044 995 1077 Petri
1020 1048 1049 1077 et

1083 1056 1157 1078 oves
1180 1044 1254 1077 fidei
1280 1050 1401 1077 vestrae
1425 1043 1570 1083 creditas,
1591 1043 1664 1087 quia
1688 1043 1825 1076 advenae

1083 1103 1113 1131 et
1125 1098 1285 1141 peregrini
1299 1108 1408 1130 sumus
1421 1097 1452 1129 in
1465 1097 1524 1130 hac
1538 1097 1610 1137 vita,
1624 1102 1655 1129 et
1667 1095 1825 1130 civitatem

1082 1152 1133 1184 hic
1149 1157 1388 1195 permanentem
1406 1161 1468 1184 non
1484 1151 1649 1191 habemus,
1667 1150 1721 1183 sed
1740 1150 1824 1183 sutu-

1082 1215 1150 1237 ram
1168 1204 1365 1248 inquirimus.
1381 1204 1496 1237 Docete
1509 1214 1628 1244 omnes,
1642 1203 1668 1236 si
1684 1214 1824 1247 unquam

1082 1258 1168 1298 alias,
1192 1268 1275 1291 nunc
1300 1257 1499 1301 potissimum
1524 1257 1601 1297 iras,
1626 1257 1724 1299 rixas,
1749 1267 1825 1290 con-

1083 1312 1248 1351 tentiones,
1267 1317 1295 1344 et
1322 1311 1495 1343 inveterata
1516 1310 1587 1343 odia
1613 1310 1826 1353 extinguenda

1083 1370 1213 1408 propter
1229 1364 1406 1403 Christum,
1430 1374 1514 1397 nunc
1534 1364 1702 1408 praecipue
1715 1374 1826 1397 omnes

1084 1418 1186 1451 carnis
1198 1418 1307 1451 sordes
1316 1428 1384 1450 esse
1397 1417 1614 1460 detergendas,
1624 1422 1658 1450 ut
1675 1417 1826 1460 templum

1084 1471 1138 1504 Dei
1151 1471 1304 1504 mundum
1318 1471 1366 1511 sit,
1384 1475 1414 1504 et
1427 1470 1644 1514 unusquisque
1661 1480 1714 1503 vas
1734 1480 1825 1503 suum

1083 1525 1241 1569 possideat
1265 1525 1297 1558 in
1320 1525 1441 1558 honore
1461 1528 1492 1558 et
1515 1524 1771 1565 sanctificatione,
1796 1529 1826 1557 et

1084 1584 1187 1622 portet
1210 1579 1309 1611 Deum
1333 1578 1365 1611 in
1390 1588 1524 1622 corpore
1549 1589 1616 1611 suo.
1641 1578 1755 1612 Docete
1772 1588 1826 1611 eos

1083 1643 1167 1666 nunc
1200 1632 1334 1665 maxime
1366 1632 1485 1665 scelera
1521 1631 1702 1665 detestanda
1736 1642 1825 1672 esse,

1084 1687 1282 1730 dandamque
1311 1696 1463 1730 operam,
1488 1696 1527 1718 ne
1556 1686 1626 1729 quis
1654 1685 1826 1719 christiano

1084 1741 1211 1775 nomine
1228 1740 1384 1772 abutatur.
1403 1740 1527 1779 Docete,
1543 1749 1650 1772 saeros
1666 1738 1827 1782 indulgen-

1085 1794 1198 1827 tiarum
1224 1794 1390 1826 thesauros
1420 1792 1563 1825 lucrandi
1588 1803 1674 1836 spem
1700 1803 1826 1826 omnem

1084 1848 1210 1881 inanem
1236 1857 1314 1887 esse,
1338 1846 1398 1879 nisi
1423 1846 1494 1890 quis
1519 1846 1655 1893 contrito
1680 1851 1710 1879 et
1725 1846 1828 1879 humi-

1085 1902 1159 1935 liato
1184 1901 1278 1935 corde
1303 1911 1336 1934 se
1360 1901 1463 1945 ipsum
1483 1911 1684 1945 praeparare,
1702 1904 1731 1934 et
1748 1899 1828 1933 chri-

1086 1955 1195 1989 stianis
1220 1955 1370 2000 operibus
1387 1965 1536 1988 exercere
1554 1954 1685 1988 studeat.
1703 1954 1760 1994 Qui
1777 1964 1828 1987 au-

1085 2015 1148 2043 tem
1180 2009 1296 2042 divitiis
1328 2008 1509 2049 abundant,
1534 2007 1676 2052 aperiant
1706 2008 1828 2041 viscera

1085 2056 1158 2103 sua,
1175 2063 1308 2096 fratrum
1330 2072 1461 2095 suorum
1485 2071 1660 2105 pauperum
1687 2060 1828 2104 inopiam

1086 2117 1257 2158 sublevent,
1275 2115 1444 2160 praecipue
1462 2125 1537 2148 vero
1551 2125 1626 2157 erga
1642 2115 1828 2158 peregrinos

1067 2171 1217 2203 *Romam
1247 2169 1407 2202 venientes
1437 2167 1660 2201 misericordes
1692 2167 1774 2207 sint,
1799 2172 1829 2200 et

1086 2228 1224 2256 sanctam
1250 2221 1492 2265 hospitalitatem
1517 2221 1580 2254 Deo
1605 2221 1829 2263 gratissimam,

1068 2282 1116 2310 ,et
1140 2286 1235 2320 quam
1261 2274 1464 2308 vetustissimi
1490 2274 1535 2306 illi
1556 2273 1718 2307 christiani
1735 2274 1829 2306 etiam

1087 2331 1168 2363 inter
1197 2329 1478 2373 persequutionum
1511 2328 1624 2360 fluctus
1655 2327 1830 2370 diligentis-

1088 2384 1166 2416 sime
1192 2383 1370 2422 coluerunt,
1395 2381 1454 2425 ipsi
1479 2391 1604 2424 quoque
1630 2381 1727 2413 multa
1752 2380 1830 2413 hila-

1069 2466 1070 2478 *
1089 2435 1178 2467 ritate
1200 2433 1330 2478 spiritus
1350 2437 1512 2472 renovent,
1537 2435 1629 2476 atque
1653 2431 1831 2472 observent,

1088 2488 1265 2531 faciantque
1290 2486 1348 2518 sibi
1374 2485 1491 2518 amieos
1515 2485 1553 2517 de
1578 2485 1761 2518 mammona
1777 2484 1833 2517 ini·

1071 2541 1226 2585 gquitatis,
1250 2545 1285 2572 ut
1305 2538 1498 2583 recipiantur
1523 2538 1554 2570 in
1578 2542 1705 2571 aeterna
1734 2538 1833 2572 taber-

1088 2595 1210 2628 nacula.
1235 2593 1408 2627 Admonete
1433 2592 1526 2624 etiam
1551 2601 1671 2632 omnes,
1694 2596 1727 2624 ut
1743 2596 1834 2625 orent

1090 2660 1148 2692 pro
1173 2647 1303 2690 regibus
1319 2651 1350 2679 ct
1372 2646 1570 2690 principibus
1589 2645 1780 2685 christianis,
1799 2650 1834 2678 ut

1091 2701 1227 2745 quietam
1253 2705 1282 2733 et
1306 2699 1507 2743 tranquillam
1533 2699 1627 2733 vitam
1645 2709 1786 2743 agamus,
1804 2703 1835 2732 et

1840 303 1888 330 An
1906 303 2021 330 01694

1838 370 1898 385 mone
1902 368 1937 385 ι’.
1956 368 1975 385 et
1992 372 2021 385 ιι

1838 394 1900 411 sautu
1904 392 2021 417 ntalpta

1838 424 2021 443 (ιιιιιηιιιῑισεπαῐι-

1838 445 1864 464 tal
1889 450 1925 469 pru
1948 445 2022 464 buim-

1838 478 1855 491 ιι
1859 471 1893 491 mi]
1932 471 2019 491 iuaullei

1838 500 2004 524 ουιΜυικειυυιιι
2026 500 2045 511 ⁵·
