2269 3235
139 242 189 271 An.
209 241 237 270 C.
254 240 321 269 1627

173 1100 271 1121 Clausuta
283 1100 330 1120 sub-

145 1127 194 1148 lani.

174 1473 330 1499 Exeqnutoruin

148 1501 265 1526 deputatio.

940 239 1081 264 nnnnnus

335 287 615 332 supplicationibus
640 287 713 322 dicti
736 286 893 320 Francisci
922 298 1073 331 procura-

336 341 413 374 toris
438 341 593 383 generalis
619 341 713 374 totius
737 340 861 374 Ordinis
890 341 1073 373 eorumdem

336 392 468 425 fratrum
494 391 763 435 Cappuecinorum
777 391 903 424 nomine
924 391 1014 423 nobis
1027 402 1075 423 511-

336 455 393 488 per
417 445 477 478 1100
502 445 665 477 humiliter
689 444 843 488 porrectis
861 444 1016 483 inclinati,
1041 454 1074 475 re

337 497 488 541 priuspcr
498 498 690 530 venerabiles
701 498 813 530 fratres
822 502 946 530 nostros
960 497 988 529 S.
998 497 1031 529 ll.
1042 496 1074 528 Ε.

338 550 512 583 cardinales
528 550 661 593 negotiis
676 550 867 593 regularium
882 549 1076 593 praepositos

338 609 459 637 mature
469 604 618 646 discussa,
630 603 668 636 de
678 603 863 637 eorumdem
872 602 1076 636 cardinalium

339 657 479 700 consilio,
498 658 556 691 hac
572 659 679 690 nostra
695 661 848 701 perpetuo
862 658 995 690 valitura
1009 667 1078 690 con-

338 711 498 745 stitutione
512 739 519 753 ,
545 711 658 744 fratres
679 712 895 756 Cappuccinos
922 711 1096 755 praefatos*

339 764 433 797 fuisse
458 769 488 797 et
511 775 579 798 esse
604 775 641 798 ex
665 766 739 797 vcra
760 770 790 798 01
806 775 966 808 nunquam
988 765 1080 797 inter-

339 819 432 861 rupta
457 818 551 859 linea,
564 829 600 851 ac
613 829 703 852 veros
721 824 750 852 et
764 818 954 852 indubitatos
968 819 1080 852 fratres

340 870 464 904 Ordinis
488 871 587 905 sancti
607 872 776 912 Francisci,
800 878 829 905 et
853 872 937 905 illius
953 873 1080 915 regulae

340 925 569 967 observatores,
594 926 715 970 subque
740 926 837 970 ipsius
860 927 942 959 beati
960 926 1082 959 Franci-

341 979 385 1012 sei
410 980 519 1022 regula
544 979 703 1022 militasse,
729 980 814 1013 etad
829 991 978 1024 praesens
1003 991 1081 1024 quo-

343 1043 404 1076 que
428 1033 582 1074 militare,

388 1087 403 1130 ἓ
428 1086 456 1120 5.
482 1087 595 1131 Sicque
611 1087 648 1120 ab
666 1087 813 1133 omnibus
827 1093 857 1121 et
870 1088 1002 1131 singulis
1016 1098 1083 1121 cen-

345 1139 407 1172 seri
431 1150 467 1173 ac
490 1141 631 1184 reputari
656 1146 685 1174 et
709 1141 841 1174 iudicari
861 1141 986 1183 debere,
1014 1141 1084 1174 irri-

346 1197 473 1237 tumque
497 1199 529 1227 et
553 1194 665 1235 inane,
690 1195 716 1227 si
741 1205 830 1227 secus
854 1205 950 1238 super
973 1195 1042 1236 his,
1067 1205 1084 1227 a

343 1257 513 1290 quoquam,
532 1248 640 1291 quavis
657 1248 851 1289 auctoritate,
877 1249 1012 1281 scienter
1035 1249 1084 1281 vel

343 1300 535 1344 ignoranter,
562 1300 728 1344 contigerit
746 1302 899 1343 attentari,
914 1302 1085 1346 apostolica

344 1355 539 1396 auctoritate,
547 1360 656 1388 tenore
665 1355 878 1399 praesentium
887 1355 1085 1389 decernimus

345 1413 375 1440 et
391 1408 596 1442 declaramus.

390 1462 404 1505 ἓ
429 1462 458 1496 6.
483 1462 636 1501 Quocirca
660 1462 807 1496 omnibus
831 1468 861 1496 et
885 1463 1016 1506 singulis
1040 1474 1105 1513 ve·-¹

346 1516 538 1549 nerabilibus
556 1517 716 1557 fratribus,
744 1517 943 1560 patriarchis,
964 1517 1086 1549 arehie-

347 1569 494 1613 piscopis‚
507 1570 673 1614 episcopis,
692 1580 727 1602 ae
748 1569 869 1602 dilectis
884 1569 956 1602 siliis
972 1569 1088 1602 nostris

347 1627 377 1655 et
389 1623 586 1666 Apostolicae
599 1623 686 1656 Sedis
698 1623 824 1665 nuntiis,
838 1633 894 1666 per
908 1628 1088 1666 praesentes

347 1676 574 1709 committimus
594 1681 624 1709 et
640 1676 836 1717 mandamus,
850 1681 1004 1720 quatenus
1018 1676 1087 1719 ipsi,

347 1740 406 1773 per
430 1741 479 1773 se,
505 1730 553 1763 vel
577 1730 683 1771 alium,
708 1741 763 1763 seu
787 1730 882 1771 alios,
908 1734 1089 1773 praesentes

347 1783 466 1816 litteras
499 1787 528 1818 et
555 1783 587 1816 in
618 1784 662 1816 eis
687 1788 832 1817 contenta
851 1794 1087 1827 quaecumque,

349 1837 403 1869 ubi
425 1842 455 1870 et
477 1837 601 1880 quando
626 1848 704 1881 opus
728 1837 832 1878 suerit,
851 1841 881 1871 et
896 1837 1018 1880 quoties
1030 1847 1089 1880 pro

350 1894 439 1934 parte
450 1891 583 1924 fratrum
592 1891 863 1935 Cappuccinorum
877 1892 1089 1934 praefatorum

350 1944 466 1976 fuerint
489 1945 641 1988 requisiti,
667 1945 849 1977 solemniter
873 1945 1090 1988 publicantes,

351 1997 476 2041 illisque
496 1998 528 2030 in
552 1998 733 2041 praemissis
750 1998 884 2031 efficacis
901 1998 1091 2031 defensionis

350 2051 510 2094 praesidio
539 2051 717 2085 assistentes
733 2079 740 2092 ,
764 2052 877 2084 saciant
908 2051 1091 2085 auctoritate

350 2106 458 2137 nostra
473 2116 536 2146 005,
554 2105 735 2148 praemissis
749 2106 895 2138 omnibus
907 2111 937 2138 et
950 2105 1091 2148 singulis,

351 2157 436 2190 iuxta
445 2158 657 2202 praesentium
668 2158 890 2192 continentiam
901 2164 930 2191 01
940 2164 1093 2198 tenorem,

352 2212 482 2255 pacifice
498 2211 559 2245 srui
577 2217 607 2244 et
620 2212 774 2255 gaudere3
791 2222 853 2245 non
864 2212 1092 2256 permittentes,

354 2276 407 2298 eos
427 2265 561 2309 desuper
571 2276 588 2298 a
598 2277 766 2309 quoquam,
780 2267 889 2310 quavis
899 2266 1093 2306 auctoritate,

354 2319 590 2362 quomodolibet
609 2320 746 2352 indebite
767 2320 943 2356 11101051111’1;
970 2323 1094 2354 contra-

355 2373 491 2406 dictores
511 2373 667 2416 quoslibet
686 2379 716 2407 et
736 2374 870 2407 rebelles
886 2384 943 2417 per
963 2379 1091 2406 senten-

356 2425 423 2468 tias,
438 2436 585 2459 censuras
598 2432 628 2459 et
640 2438 757 2471 poenas
771 2427 1006 2469 ecclesiasticas,
1024 2427 1097 2459 alia-

356 2490 418 2523 que
449 2483 625 2523 opportuna
659 2481 737 2514 iuris
772 2486 802 2514 01
834 2481 905 2514 sacti
938 2480 1096 2520 remedia,

357 2533 566 2577 appellatione
590 2535 772 2577 postposita,
797 2534 1037 2576 compescendo,
1058 2534 1098 2565 le-

358 2587 538 2631 gitimisque
572 2597 667 2631 super
702 2588 750 2620 his
785 2587 936 2621 habendis
968 2587 1098 2620 servatis

357 2641 568 2685 processibus,
581 2651 730 2675 censuras
743 2646 773 2675 et
784 2652 900 2685 poenas
911 2641 994 2685 ipsas
1006 2641 1098 2676 etiam

1106 239 1162 263 vm
1184 238 1233 263 ιη’.
1747 228 1810 262 563
1856 238 1908 264 An.
1929 236 1956 265 c.
1977 237 2040 265 1627

1107 286 1224 320 iteratis
1240 286 1358 319 vicibus
1371 285 1581 329 aggravando,
1595 285 1737 319 invocato
1751 286 1844 318 etiam

1109 339 1146 371 ad
1170 340 1240 380 hoc,
1258 339 1283 373 si
1300 350 1380 383 opus
1397 339 1500 381 suerit,
1523 339 1639 372 auxilio
1658 338 1779 371 brachii
1802 349 1846 371 sc-

1108 392 1231 424 cularis

1932 457 2045 480 hermanum

1863 485 2022 504 contrariorum.

1153 445 1167 485 ξ
1181 445 1208 477 7.
1228 445 1295 477 Non
1309 444 1504 478 obstantibus
1523 445 1714 489 praemissis,
1728 456 1764 477 ac
1778 455 1847 477 0011-

1109 496 1321 530 51111111011111115
1339 503 1368 529 01
1387 498 1634 531 ordinatiouilms
1652 497 1829 541 apostolicis
1841 525 1848 538 ,

1109 549 1284 592 ceterisque
1309 551 1474 583 contrariis
1499 551 1759 594 quilmscuinque.

1155 604 1169 647 ξ
1194 602 1223 635 8.
1250 604 1400 636 Volumus
1425 609 1549 645 aulem,
1579 611 1611 637 111.
1636 605 1848 648 praesentium

1111 658 1331 701 transumptis,
1356 658 1448 690 etiam
1471 658 1649 701 impressis,
1676 671 1769 691 manu
1794 659 1849 691 ali-

1112 711 1200 743 euius
1224 711 1337 743 notarii
1355 711 1469 755 publici
1490 712 1686 755 subscriptis,
1704 719 1733 745 et
1747 713 1850 755 sigillo

1112 775 1265 808 personae
1282 765 1312 797 in
1330 764 1481 808 dignitate
1506 766 1714 798 ecclesiastica
1735 767 1851 799 0011511-

1115 822 1197 852 tutae
1221 818 1359 861 munitIs,
1384 819 1491 852 eadem
1518 829 1633 862 prosus
1658 819 1734 852 tides
1760 820 1790 851 111
1812 820 1853 851 111-

1114 872 1195 906 dicio
1221 878 1251 905 et
1275 878 1362 905 extra
1393 872 1597 913 adhibeatur,
1623 884 1702 916 quae
1735 873 1852 905 eisdem

1115 926 1332 969 praesentibus
1355 926 1569 967 adhiberetur,
1595 926 1619 959 si
1644 927 1743 959 l'orcnl
1768 926 1854 959 cxlii-

1115 979 1197 1012 bitae
1221 980 1269 1013 vel
1295 984 1446 1013 ostensae.

1160 1033 1271 1066 Datum
1302 1034 1429 1074 Romae,
1461 1033 1545 1077 apud
1570 1033 1599 1066 S.
1619 1033 1747 1066 Mariam
1766 1032 1857 1066 Maio-

1118 1097 1193 1127 rem,
1212 1087 1269 1120 sub
1286 1088 1400 1120 annulo
1415 1087 1651 1127 Piscatoris,die
1666 1097 1767 1120 xxvnl
1780 1086 1856 1119 iunii

1116 1151 1280 1181 Mncxxvn,
1300 1141 1501 1184 pontificatus
1522 1140 1622 1174 nostri
1647 1151 1728 1174 anno
1754 1151 1793 1173 iv.

1153 1204 1211 1231 Dat.
1229 1204 1272 1232 die
1286 1205 1320 1232 28
1335 1204 1402 1232 iunii
1420 1204 1502 1240 1627,
1524 1204 1616 1240 pontif.
1634 1213 1703 1232 anno
1719 1211 1754 1231 iv.

1901 617 1961 637 tuiti-z
1978 617 2047 637 stanin

1865 647 2006 670 transumptis.

1413 1349 1560 1384 CCXLIX.

1119 1429 1275 1463 Facultas
1288 1430 1432 1464 Antonio
1441 1431 1609 1464 cardinali
1621 1431 1813 1469 Ray-berino,
1825 1430 1861 1462 in

1164 1495 1241 1517 casu
1257 1485 1472 1518 devotationis
1485 1485 1596 1517 Status
1614 1485 1741 1524 Urbini,
1763 1485 1862 1527 inspi-

1165 1538 1272 1570 ciendi
1285 1543 1312 1571 et
1327 1538 1490 1571 retinendi?
1507 1538 1688 1581 scripturas
1698 1537 1740 1569 ad
1750 1537 1862 1570 Sedent

1165 1592 1385 1634 Apostoltcam
1395 1592 1602 1635 pertinentes,
1620 1602 1657 1623 ae
1670 1591 1863 1624 declaranda?

1165 1646 1255 1687 infra
1267 1645 1345 1678 cbaos
1359 1656 1493 1685 menses,
1509 1656 1611 1688 quam
1630 1650 1864 1678 tormentorum

1168 1697 1357 1730 bellicorum
1383 1702 1410 1730 et
1435 1698 1579 1730 aliorum
1603 1698 1792 1741 quorumvis
1812 1708 1865 1730 (11·-

1166 1762 1306 1791 morttm,
1323 1762 1378 1783 uec
1393 1761 1454 1783 non
1470 1751 1550 1783 scalis
1571 1751 1792 1795 quantitatem
1804 1761 1864 1792 pro

1167 1805 1278 1837 eadem
1301 1805 1380 1838 Sede
1402 1805 1542 1838 voluerit
1556 1805 1573 1838 ¹.

1124 1884 1237 1913 Dilecto
1257 1885 1318 1912 filio
1338 1888 1442 1912 nostro
1462 1885 1590 1912 Antonio
1610 1885 1696 1912 tituli
1717 1885 1743 1911 S.
1768 1885 1866 1911 ΗοῐιιιἼ

1159 1930 1239 1964 phrii
1258 1930 1433 1964 presbytero
1455 1930 1609 1963 cardinali,
1631 1932 1736 1957 nostro
1757 1936 1866 1957 secun-

1161 1975 1229 2002 dum
1250 1982 1371 2002 carnem
1391 1975 1479 2002 fratri
1499 1981 1649 2009 germano,

1330 2028 1466 2055 Urbanus
1488 2028 1567 2062 Papa
1585 2029 1662 2055 VIII.

1339 2091 1452 2118 Dilecte
1472 2090 1513 2117 fili
1533 2093 1652 2123 noster,

1163 2136 1292 2163 salutem
1309 2139 1339 2162 et
1360 2135 1554 2168 apostoticam
1580 2134 1831 2162 benedictionem.

1171 2211 1314 2254 Spectata
1338 2209 1393 2242 diu
1426 2209 1717 2252 cireuinspectiouis
1742 2214 1812 2241 tuae
1838 2210 1869 2241 in
1912 2218 2032 2239 Emi-amm.

1128 2264 1321 2307 gravissimis
1346 2264 1463 2297 nostris
1481 2269 1508 2296 et
1528 2263 1620 2295 11111115
1638 2267 1760 2297 sanetae
1783 2263 1870 2295 Sedis

1129 2318 1263 2361 negotiis
1287 2318 1515 2362 pertractandis
1540 2317 1627 2359 tides,
1652 2317 1817 2360 prudentia
1843 2321 1872 2351 01

1129 2373 1302 2415 integritas,
1327 2373 1450 2415 aliaque
1475 2372 1588 2404 eximia
1613 2371 1782 2414 insignium
1808 2372 1871 2403 vir-

1130 2431 1232 2459 tutum
1256 2426 1347 2466 dona,
1373 2425 1488 2468 quibus
1514 2425 1638 2457 illarum
1664 2425 1795 2467 largitor
1820 2425 1871 2457 Al-

1132 2479 1268 2512 tissimus
1293 2489 1461 2523 personam
1485 2484 1568 2511 tuam
1593 2478 1811 2522 multiplieiter
1828 2478 1873 2510 in-

1131 2533 1267 2575 signivit,
1292 2533 1383 2576 plane
1408 2532 1550 2575 exigunt,
1576 2536 1610 2564 ut
1634 2542 1670 2564 ea
1697 2531 1741 2564 illi
1766 2531 1873 2564 munia

1132 2586 1372 2627 demandemus,
1397 2596 1477 2630 quae
1500 2586 1591 2619 uobis
1626 2585 1760 2619 maxime
1785 2586 1872 2619 cordi

1169 2651 1180 2677 1
1202 2649 1240 2677 Ex
1260 2649 1367 2684 aegest.
1388 2649 1415 2677 in
1434 2649 1537 2677 Sem-et.
1558 2649 1634 2677 Brev.
