2269 3235
111 256 161 283 An.
181 254 209 283 C.
228 254 297 282 162ss

163 2281 303 2303 Sententiam-

120 2315 160 2335 que
171 2308 303 2329 rescissionis

119 2337 240 2356 contractus
255 2341 303 2354 veu-

119 2362 205 2382 ditionis
235 2363 304 2382 ratam

119 2388 190 2409 habe».

914 253 1055 277 URBANUS

312 305 477 342 ueremur,
502 301 752 341 retrocederent,
778 310 813 334 ac
837 310 1052 344 quoscumque

313 364 434 395 census,
452 354 477 387 si
501 355 553 398 qui
578 365 635 399 per
652 354 817 388 Martinum
835 358 866 387 et
883 353 1050 386 Victoriam

311 407 489 451 praedictos
508 408 539 441 in
557 409 743 441 solutionem
762 406 854 451 pretii
871 406 1050 439 huiusmodi

312 461 449 505 impositi
470 462 611 502 fuissent,
630 461 732 494 nullos
752 460 965 498 declararunt;
988 469 1050 502 quo

313 525 387 548 vero
401 515 439 547 ad
456 526 613 548 summam
629 514 793 548 duodecim
806 512 938 545 millium
953 522 988 545 ac
998 512 1051 544 du-

312 573 475 601 centorum
487 578 522 601 ac
531 567 738 612 quadraginta
748 572 818 600 octo
829 571 999 606 scutorum,
1013 565 1050 597 ad

312 621 464 656 rationem
479 621 586 655 decem
600 620 753 664 regalium
768 623 910 653 monetae
926 619 1050 652 illarum

311 675 448 719 partium
480 685 538 719 pro
568 674 708 718 quolibet
740 678 828 707 scuto
853 673 1050 713 huiusmodi,

311 738 390 772 quae
405 728 567 761 occasione
581 727 744 761 solutionis
757 726 849 770 pretii
865 726 1052 759 venditionis

312 780 493 814 huiusmodi
519 781 622 814 clarae
646 780 817 813 memoriae
843 780 987 823 Philippo
1013 779 1052 812 ΙΙΙ

312 834 533 878 Hispaniarum
562 834 630 876 regi
660 834 815 867 catholico
839 844 897 878 pro
923 832 1051 866 totidem

311 887 390 928 aliis,
406 898 465 931 pro
485 887 599 931 quibus
617 887 683 931 ipsc
700 887 862 931 Philippus
879 898 933 920 rex
951 886 1051 919 eidem

311 941 442 975 Martino
459 941 565 974 comiti
583 941 711 985 eiusque
739 941 829 974 fratri
853 939 977 974 debitor
994 939 1054 973 exi-

312 994 423 1037 stebat,
440 995 572 1028 remissa
591 995 727 1035 suerunt,
747 1004 977 1038 concessusque
997 993 1055 1026 fuit

312 1058 460 1081 recursus
491 1048 623 1082 Martino
659 1048 766 1081 comiti
800 1048 929 1091 eiusque
965 1046 1052 1079 fratri

312 1101 479 1145 praedictis
490 1102 528 1135 ad
540 1101 735 1146 praedictum
748 1102 929 1146 Philippum
946 1111 1053 1143 regem

312 1165 370 1198 pro
395 1155 524 1189 illorum
542 1156 697 1189 solutione
717 1166 751 1188 ac
770 1156 1004 1189 manutentione
1020 1155 1055 1188 ti-

313 1209 370 1241 tuli
394 1209 587 1243 marchionis
612 1209 650 1242 de
674 1209 808 1243 Calanda
825 1209 1020 1249 huiusmodi;
1038 1219 1054 1242 e

313 1268 422 1296 contra
433 1274 507 1296 vero
517 1263 689 1307 respective
703 1262 967 1306 praetensionum,
978 1273 1054 1306 quas

313 1316 422 1349 militia
431 1327 467 1349 ac
481 1316 698 1360 praeceptoria
709 1327 764 1349 seu
774 1316 959 1350 commenda
968 1327 1055 1360 prae-

312 1369 414 1403 dictae
439 1375 549 1403 contra
573 1370 691 1408 dictum
712 1370 877 1403 Martinum
906 1370 1053 1404 comitem

312 1423 441 1467 eiusque
455 1424 631 1466 genitorem
645 1424 810 1465 habebant,
820 1424 965 1458 eumdem
980 1424 1055 1456 Mar-

313 1477 413 1510 tinum
438 1478 586 1510 comitem
611 1477 650 1510 ad
676 1477 858 1510 solvendum
883 1478 1055 1521 respective

313 1540 470 1563 summam
496 1536 632 1574 quatuor
656 1536 789 1575 quentos
814 1531 908 1573 vulgo
933 1541 1054 1564 nuncu-

312 1589 411 1627 patos,
429 1594 465 1617 ac
482 1590 606 1617 centum
624 1584 819 1628 septuaginta
834 1585 971 1628 quinque
985 1585 1055 1616 mil-

313 1638 390 1670 lium
407 1643 437 1670 et
454 1638 724 1681 septingentorum
738 1637 907 1680 nonaginta
921 1643 1055 1681 quatuor

314 1691 598 1735 morapetinorum,
616 1701 650 1724 ex
680 1691 836 1724 fructibus
860 1690 1002 1723 decursis
1026 1694 1055 1723 et

313 1744 528 1787 decutiendis,
547 1745 650 1778 statim
669 1756 704 1778 ac
721 1745 836 1778 solutio
856 1744 978 1788 primae
994 1754 1055 1777 me-

314 1797 437 1831 dietatis
461 1809 603 1832 summae
626 1798 803 1843 praedictae
828 1799 909 1831 facta
940 1798 1053 1839 fuerit,

315 1850 358 1882 ita
375 1855 408 1883 ut
425 1851 509 1885 mille
527 1851 630 1886 ducati
654 1851 831 1895 quotannis,
850 1851 950 1885 donec
973 1851 1054 1884 dicta

316 1914 440 1936 summa
456 1904 576 1948 integre
595 1906 755 1949 persoluta
775 1905 878 1948 suerit,
900 1905 1056 1938 solveren-

316 1962 377 1998 tur,
402 1958 512 1999 teneri,
537 1958 730 1991 declaratum
758 1958 870 2001 fuerit,
898 1964 993 2002 prout
1024 1959 1055 1991 in

316 2011 470 2044 sententia
494 2011 674 2045 huiusmodi
694 2012 817 2056 plenius
841 2012 955 2045 dicitur
979 2023 1055 2045 eon·

316 2063 422 2105 tineri;
448 2064 553 2108 cupiat
570 2070 674 2097 autem
692 2064 793 2097 dietus
809 2065 971 2109 Philippus
990 2076 1054 2107 rex,

315 2127 373 2161 pro
397 2118 568 2150 sententiae
594 2118 773 2151 huiusmodi
803 2118 1002 2151 subsistentia
1027 2124 1055 2151 et

316 2170 483 2212 validitate,
496 2171 581 2203 illam
598 2171 787 2215 apostolicae
803 2176 929 2205 nostrae
945 2172 1057 2205 contir-

317 2223 462 2257 mationis
480 2225 655 2268 patrocinio
673 2225 878 2259 communiri:

363 2277 377 2321 ἓ
400 2276 430 2310 3.
454 2278 526 2319 Nos,
543 2278 684 2312 eiusdem
709 2279 844 2323 Philippi
869 2279 953 2322 regis
977 2279 1057 2312 votis

319 2329 351 2362 in
387 2331 567 2374 praemissis
584 2359 591 2373 ,
628 2338 779 2376 quantum
815 2344 887 2366 cum
924 2333 1057 2366 Domino

318 2393 506 2427 possumus,
540 2395 678 2419 annuere
702 2386 854 2429 volentes,
881 2397 1015 2430 eumque
1041 2397 1058 2419 a

318 2437 480 2480 quibusvis
505 2440 853 2481 excommunicationis,
880 2441 1058 2484 suspensio-

317 2490 366 2524 nis
400 2496 430 2524 et
460 2491 637 2534 interdicti,
672 2493 803 2539 aliisque
839 2494 1058 2527 ecclesiasticis

317 2544 489 2586 sententiis,
514 2546 655 2579 censuris
684 2551 714 2580 et
737 2547 858 2591 poenis,
876 2557 893 2580 a
918 2547 986 2580 iure
1010 2548 1058 2580 vel

317 2597 356 2630 ab
380 2597 529 2640 homine,
560 2599 668 2643 quavis
692 2600 856 2633 occasione
884 2600 932 2633 vel
966 2603 1059 2633 causa

317 2651 398 2695 latis,
429 2652 455 2687 si
480 2652 595 2697 quibus
628 2653 864 2697 quomodolibet
892 2653 1059 2687 innodatus

1082 252 1139 277 vm
1164 252 1212 276 1¹1³.

1086 301 1198 341 existit,
1223 299 1261 332 ad
1289 298 1434 333 effectum
1464 298 1676 343 praesentium
1701 299 1824 332 dumta-

1086 358 1136 386 xat
1160 352 1416 397 consequendum
1431 380 1438 393 ‚
1472 353 1583 385 harum
1610 352 1690 385 serie
1715 352 1820 385 absol-

1086 411 1191 439 ventes
1215 411 1245 438 et
1269 406 1446 439 absolutum
1472 406 1538 439 sore
1563 410 1734 446 censentes,
1759 405 1825 437 eius

1086 459 1143 492 hac
1175 459 1204 491 in
1230 464 1317 503 parte
1351 459 1630 503 supplicationibus
1667 459 1825 497 inclinati,

1085 512 1270 545 sententiam
1298 512 1326 544 in
1352 513 1550 556 praemissis,
1576 518 1609 545 ut
1633 513 1826 557 praefertur,

1084 567 1188 607 latam,
1208 566 1380 609 apostolica
1398 567 1594 607 auctoritate,
1613 572 1721 599 tenore
1741 577 1828 610 prae-

1086 612 1241 661 sentium,
1273 619 1484 663 approbamus
1519 626 1549 652 et
1582 620 1826 660 confirmamus,

1086 672 1193 716 illique
1225 672 1413 705 inviolabilis
1447 673 1636 716 apostolicae
1669 674 1826 706 firmitatis

1086 726 1184 759 robur
1215 726 1399 767 adiicimus,
1431 737 1466 759 ac
1491 737 1600 759 omnes
1625 732 1654 759 et
1686 727 1826 769 singulos

1087 784 1149 811 tam
1182 779 1260 812 iuris
1292 790 1385 822 quam
1421 780 1490 813 sacti
1523 779 1682 819 desectus,
1714 780 1738 812 si
1772 780 1823 823 qui

1086 833 1221 877 desuper
1243 833 1480 877 quomodolibet
1501 833 1734 873 intervenerint,
1752 844 1825 876 sup-

1086 887 1218 930 plemus.

1131 940 1146 983 §
1163 939 1193 972 4.
1210 940 1429 981 Decernentes,
1447 946 1627 983 praesentes
1644 940 1762 973 litteras
1780 950 1828 971 va-

1088 993 1175 1034 lidus,
1200 993 1308 1026 firmas
1328 999 1358 1026 et
1377 994 1518 1026 efficaces
1542 993 1675 1026 existere
1704 998 1734 1028 et
1751 994 1826 1033 sore,

1088 1057 1225 1090 suosque
1259 1047 1419 1091 plenarios
1457 1053 1487 1080 et
1522 1047 1660 1090 integros
1699 1047 1827 1080 effectus

1089 1101 1195 1134 sortiri
1213 1106 1242 1133 et
1262 1101 1415 1141 obtinere,
1446 1111 1481 1133 ac
1513 1101 1552 1133 ab
1574 1101 1731 1142 omnibus,
1749 1111 1828 1144 quos

1089 1154 1158 1187 illae
1184 1160 1387 1195 concernunt,
1420 1155 1827 1188 inviolabiliter·observari

1088 1208 1227 1249 debere;
1264 1208 1450 1252 irritumque
1484 1214 1512 1241 et
1546 1209 1656 1249 inane,
1683 1209 1707 1241 si
1739 1219 1828 1241 secus

1089 1272 1183 1306 super
1207 1262 1256 1295 his
1287 1272 1305 1294 a
1337 1272 1495 1306 quoquam
1512 1290 1519 1303 ,
1546 1262 1656 1306 quavis
1691 1262 1828 1295 auctori-

1088 1320 1169 1358 tate,
1198 1315 1333 1348 scienter
1358 1316 1403 1347 vel
1436 1315 1633 1358 ignoranter,
1663 1315 1829 1358 eontigerit

1089 1369 1244 1401 attentari.

1133 1424 1148 1467 g
1173 1424 1201 1456 5.
1227 1424 1295 1457 Non
1326 1423 1522 1457 obstantibus
1554 1423 1829 1457 constitutionibus

1089 1482 1117 1510 et
1142 1477 1392 1510 ordinationibus
1411 1478 1600 1521 apostolicis,
1618 1488 1663 1518 ac,
1677 1483 1830 1521 quatenus

1089 1540 1167 1574 opus
1185 1530 1234 1571 sit,
1251 1530 1351 1563 dictae
1369 1531 1498 1563 militiae
1516 1531 1623 1574 (etiam
1642 1531 1829 1571 iuramento,

1088 1583 1329 1616 confirmatione
1354 1584 1535 1627 apostolica,
1550 1585 1596 1617 vel
1613 1584 1722 1627 quavis
1736 1584 1831 1617 firmi-

1088 1641 1150 1669 tate
1175 1636 1236 1669 alia
1260 1637 1430 1680 roboratis)
1455 1637 1578 1669 statutis
1603 1642 1632 1669 et
1657 1643 1827 1670 consuetu-

1089 1689 1225 1730 dinibus,
1249 1690 1478 1731 stabilimentis‚
1503 1689 1612 1722 usibus
1636 1695 1666 1722 et
1687 1691 1806 1723 naturis
1822 1718 1829 1729 ,

1088 1742 1264 1786 privilegiis
1280 1753 1417 1786 quoque,
1435 1743 1562 1775 indultis
1582 1748 1609 1775 et
1631 1743 1743 1776 litteris
1762 1754 1832 1787 apo-

1089 1796 1206 1830 stolicis
1229 1797 1261 1829 in
1278 1797 1471 1830 contrarium
1489 1798 1739 1841 praemissorum
1756 1808 1832 1841 quo-

1089 1850 1262 1884 modolibet
1285 1851 1453 1891 concessis,
1479 1851 1684 1892 confirmatis,
1709 1862 1826 1895 appro-

1088 1904 1189 1945 batis,
1221 1909 1251 1937 et
1284 1904 1455 1937 innovatis:
1485 1905 1598 1948 quibus
1624 1905 1769 1937 omnibus
1801 1910 1831 1937 et

1089 1957 1230 2000 singulis,
1248 1968 1358 1991 eorum
1380 1957 1521 1990 omnium
1547 1963 1672 1991 tenores
1688 1968 1832 2001 praesen-

1089 2011 1171 2044 tibus
1203 2022 1263 2055 pro
1295 2012 1387 2055 plene
1411 2015 1441 2045 et
1471 2012 1664 2044 sufficienter
1697 2022 1827 2055 expres-

1089 2064 1140 2106 sis,
1158 2075 1193 2097 ac
1210 2064 1248 2097 ad
1273 2065 1403 2098 verbum
1430 2065 1553 2097 insertis
1581 2065 1742 2104 habentes,
1770 2065 1831 2097 illis

1089 2119 1164 2152 alias
1199 2120 1231 2151 in
1262 2130 1318 2153 suo
1350 2119 1465 2153 robore
1504 2118 1740 2162 permansuris,
1774 2118 1831 2150 hac

1089 2173 1157 2205 vice
1173 2172 1333 2205 dumtaxat
1357 2173 1535 2216 specialiter
1559 2178 1589 2205 et
1612 2182 1758 2215 expresse
1783 2171 1832 2204 de-

1089 2237 1254 2269 rogamus,
1291 2227 1466 2270 ceterisque
1498 2226 1663 2260 contrariis
1695 2225 1831 2268 quibus-

1090 2291 1235 2323 cumque.

1134 2334 1246 2366 Datum
1276 2334 1403 2373 Romae,
1435 2334 1518 2377 apud
1544 2335 1572 2367 S.
1599 2334 1748 2373 Petrum,
1774 2333 1832 2366 sub

1091 2388 1206 2420 annulo
1220 2387 1397 2428 piscatoris,
1407 2387 1457 2420 dic
1471 2397 1502 2420 lx
1516 2387 1664 2420 februarii
1680 2396 1832 2427 itincxxw,

1090 2441 1291 2485 pontificatus
1313 2441 1413 2474 nostri
1438 2451 1520 2474 anno
1545 2451 1587 2473 111.

1087 2537 1091 2541 .
1129 2502 1186 2530 Dat.
1202 2502 1244 2529 die
1259 2502 1274 2529 9
1291 2502 1421 2530 februarii
1435 2503 1514 2537 1626,
1531 2497 1625 2538 pontif.
1641 2510 1711 2530 anno
1727 2509 1766 2530 ιιι.

1725 241 1790 274 4:35
1836 252 1886 277 An.
1908 250 1935 277 c.
1955 250 2021 277 1625

1870 955 1988 976 Clatuutan.

1894 1435 2027 1455 olm-anuum

1845 1461 1955 1487 derogatio
1970 1488 1974 1491 -
