2269 3235
905 225 1000 251 mnax
1025 224 1128 251 nanum
1700 212 1763 246 691

1027 359 1052 392 G

277 490 407 527 Gabriel
438 493 698 536 archiepiscopus
729 490 964 525 Mithilenaruni
994 489 1085 523 Sedis
1111 488 1312 532 Apostolicae
1345 488 1511 531 delegatus
1536 488 1574 522 ad
1601 488 1738 522 Graecos
1764 487 1812 520 Li-

365 545 459 580 burni
483 548 723 585 commorantes,
751 543 813 577 298
839 544 866 576 IJ.

279 598 406 633 Gabriel
431 599 605 638 Paleottus‚
630 598 671 630 18
696 596 729 633 ὸς
755 595 870 629 librum
901 594 1013 629 scribit
1037 595 1083 629 De
1107 594 1183 629 bono
1214 595 1382 629 senectutis
1414 597 1446 629 in
1477 606 1538 640 quo
1570 596 1602 629 B.
1631 595 1812 639 Philippum

367 651 496 686 Nerium
521 649 730 684 commendat.

277 704 400 748 Gaspar
423 704 593 738 cardinalis
617 703 731 746 Borgia
755 704 847 736 instat
863 712 918 746 pro
935 703 1173 735 canonizatione
1198 711 1270 735 ven.
1292 702 1451 735 Francisci
1477 702 1590 745 Borgia
1616 703 1646 735 S.
1664 702 1697 744 l.,
1717 702 1778 735 255
1797 701 1813 733 l>

366 761 398 792 et
420 768 495 802 seq.;
521 760 552 790 et
574 758 699 799 iterum,
725 757 788 790 368
813 767 841 790 α.
867 756 998 791 Ordinis
1023 755 1055 789 B.
1075 755 1192 789 Mariae
1217 755 1257 789 de
1282 756 1429 789 Mercede
1453 755 1691 798 Redemptionis
1716 756 1813 798 capti—

365 821 478 844 vorum
503 814 662 854 protector
686 814 751 853 est,
778 811 841 843 565
867 821 895 843 α.

276 863 397 908 Gaspar
419 863 496 899 Diaz
520 863 750 908 Campomanes
774 867 958 908 procurator
982 863 1143 908 generalis
1170 863 1427 907 congregationis
1454 862 1586 896 fratrum
1602 861 1729 895 Ioannis
1745 860 1813 902 Dei,

365 918 428 951 124
454 918 482 951 b.

277 970 502 1006 Genuensihus
527 981 715 1006 concessum
739 971 897 1007 indultum
922 971 1108 1006 celebrandi
1133 972 1247 1006 festum
1268 971 1369 1005 sancti
1388 968 1544 1003 Bernardi
1565 968 1603 1002 de
1630 972 1812 1013 praecepto,

279 1078 458 1113 Genuensis
483 1078 677 1113 bibliotheca
701 1079 901 1114 Minimorum
926 1081 1027 1114 sancti
1051 1079 1213 1113 Francisci
1238 1078 1278 1113 de
1301 1078 1408 1120 Paula,
1437 1078 1498 1112 283
1524 1088 1564 1117 a;
1589 1086 1629 1111 ne
1653 1076 1725 1112 libri
1751 1087 1814 1111 ex-

368 1132 532 1167 trahantur
556 1142 596 1166 ex
621 1132 683 1173 illa,
710 1132 786 1165 ibid.
1223 1128 1225 1130 ’

278 1184 407 1228 Georgii
435 1185 490 1228 (S.)
515 1187 546 1218 in
572 1185 653 1229 Alga
676 1184 881 1220 venetiarum
906 1186 1133 1230 Congregatio,
1160 1186 1221 1220 311
1248 1185 1263 1218 b
1289 1189 1319 1219 et
1344 1185 1406 1219 313
1432 1196 1462 1219 α.

277 1237 486 1272 Germanicae
508 1240 644 1272 nationis
669 1238 788 1281 laudes,
811 1240 870 1273 551
898 1251 919 1272 a
943 1244 974 1274 et
999 1241 1061 1274 556
1080 1240 1106 1273 b.
1124 1240 1355 1273 Germanorum
1376 1238 1626 1272 adolescentium
1645 1238 1815 1282 collegium

365 1292 485 1336 Pragae
511 1296 671 1332 erectum,
699 1293 759 1326 551
779 1292 794 1325 b
811 1296 918 1337 etseq.
939 1293 1017 1327 Item
1042 1292 1187 1326 Viennae
1211 1292 1358 1326 Austriac
1384 1294 1571 1333 institutum⁷
1590 1292 1652 1324 557
1670 1302 1690 1324 a
1708 1295 1815 1335 etseq.

276 1344 470 1379 Graecorum
497 1345 685 1389 collegium,
712 1346 775 1380 245
800 1346 826 1379 b.
851 1346 1097 1381 Constitutiones
1122 1356 1178 1390 pro
1203 1356 1240 1379 eo
1265 1345 1304 1379 ab
1330 1344 1456 1379 Urbano
1484 1345 1570 1389 Papa
1594 1344 1663 1378 vlu
1689 1345 1811 1385 editae,

364 1398 444 1432 ibid.
462 1398 507 1432 De
525 1403 657 1441 rectore,
677 1402 809 1444 eiusque
827 1400 941 1442 osticio,
961 1399 1038 1434 ibid.
1056 1399 1270 1434 Cardinalium
1285 1403 1498 1442 protectorum
1517 1408 1599 1443 quae
1615 1400 1678 1432 sint
1695 1400 1813 1437 munia,

364 1452 426 1486 246
452 1463 481 1485 a.
506 1452 552 1486 De
577 1453 846 1487 admittendorum
871 1454 910 1487 ad
936 1453 1107 1497 collegium
1131 1452 1353 1497 qualitatibus,
1380 1451 1457 1485 ibid.
1480 1451 1590 1492 Qualis
1615 1451 1814 1485 alumnorum

364 1514 517 1539 numerus
542 1515 612 1540 esse
638 1505 770 1549 debeat,
797 1507 858 1540 247
886 1507 912 1539 b.
938 1506 984 1540 De
1010 1508 1188 1541 iuramento
1217 1505 1256 1540 ab
1282 1507 1328 1539 eis
1353 1505 1560 1549 praestando,
1586 1503 1663 1537 ibid.
1688 1504 1813 1547 EpiSco-

364 1569 424 1602 pus
448 1561 556 1603 graeci
580 1562 658 1594 ritus
684 1571 740 1604 pro
765 1562 864 1594 sacris
888 1559 1055 1594 ordinibus
1080 1561 1118 1593 iis
1144 1558 1347 1593 conferendis
1371 1558 1551 1601 deputatur,
1578 1558 1641 1591 249
1667 1557 1695 1589 b.

277 1610 423 1655 Gregorii
449 1613 506 1656 (S.)
531 1613 570 1646 de
595 1612 678 1647 Urbe
704 1613 839 1647 ecclesia
865 1617 896 1647 et
919 1615 1147 1647 monasterium
1172 1611 1304 1646 Ordinis
1329 1610 1598 1652 camaldulensis,
1624 1610 1687 1643 508
1704 1609 1730 1643 b.
1749 1609 1816 1643 Sta-

364 1667 430 1698 tuta
454 1675 510 1709 pro
534 1666 748 1699 satisfactione
773 1675 906 1699 onerum
931 1667 1109 1706 missarum,
1129 1664 1209 1698 ibid.
1235 1665 1324 1698 Prior
1348 1664 1432 1698 illlus
1456 1665 1641 1698 monasterii
1658 1667 1705 1697 est
1721 1665 1815 1698 etiam

363 1722 547 1762 procurator
571 1720 731 1762 generalis
756 1720 856 1762 ipsius
881 1720 1151 1762 congregationis,
1179 1717 1241 1751 510
1267 1728 1296 1749 α.

275 1769 446 1814 Gregorius
471 1772 556 1816 Papa
582 1772 652 1805 XIII
678 1772 871 1806 Graecorum
894 1772 1065 1816 collegium
1088 1772 1206 1806 Romae
1232 1771 1353 1814 tundat,
1380 1772 1441 1805 245
1460 1771 1485 1805 b.
1503 1771 1538 1806 Et
1556 1771 1726 1814 collegium
1746 1771 1815 1804 Pra-

363 1834 461 1868 gense
487 1836 542 1869 pro
567 1825 751 1867 Germanis,
779 1827 838 1859 551
868 1826 895 1859 b.
921 1826 999 1859 Item
1026 1826 1225 1867 viennense,
1252 1825 1315 1858 557
1342 1836 1372 1857 α.

276 1878 448 1922 Gregorius
473 1879 559 1922 Papa
584 1878 637 1912 XV
663 1880 694 1912 in
719 1879 826 1913 album
847 1879 1033 1913 Sanctorum
1058 1880 1177 1913 referre
1203 1879 1391 1913 decreverat
1414 1879 1447 1913 B.
1469 1879 1650 1923 Philippum
1674 1879 1814 1919 Nerium,

370 1932 405 1965 ll
433 1931 463 1971 b;
490 1932 579 1965 illum
602 1934 711 1966 statuit
736 1933 997 1974 canonizandum,
1019 1933 1059 1966 13
1081 1932 1111 1973 113
1133 1934 1265 1967 moritur
1285 1937 1357 1967 ante
1382 1933 1541 1967 bullarum
1567 1934 1816 1977 expeditionem,

368 1984 405 2018 21
422 1995 461 2025 a;
479 1987 553 2019 item
569 1985 602 2018 Β.
620 1985 778 2028 Ignatium
795 1985 902 2019 Loiola
920 1990 1071 2020 statuerat
1096 1987 1359 2027 canonizandum,
1378 1987 1417 2020 ⁶23
1438 1998 1474 2026 (ι;
1501 1991 1531 2020 et
1555 1987 1587 2021 B.
1614 1987 1816 2020 Franciscum

367 2037 551 2079 Xaverium‚
576 2039 616 2072 43
642 2039 658 2071 b
683 2043 713 2073 et
736 2050 797 2083 seq.
823 2039 926 2083 Ipsius
958 2041 1198 2074 constitutiones
1230 2040 1269 2074 de
1302 2040 1456 2073 electione
1489 2040 1623 2074 Romani
1654 2041 1816 2074 Pontificis

368 2094 399 2125 et
423 2091 462 2124 de
488 2094 712 2126 caeremoniali
737 2093 894 2127 servando
924 2096 1151 2128 confirmantur
1175 2094 1214 2128 ab
1239 2094 1365 2128 Urbano
1390 2095 1477 2137 VIII,
1506 2095 1567 2128 429
1593 2106 1611 2128 a
1637 2099 1667 2129 et
1691 2096 1717 2128 b.
1744 2095 1816 2128 For-

366 2145 465 2178 talitia
490 2144 586 2179 Vallis
611 2145 761 2188 Tellinae,
780 2146 904 2191 aliaque
930 2148 1007 2189 loca,
1033 2147 1169 2190 depositi
1195 2150 1322 2182 nomine
1347 2150 1470 2192 recipit,
1490 2149 1552 2181 425
1570 2160 1588 2181 a
1606 2152 1637 2182 et
1663 2149 1723 2182 483
1749 2148 1775 2182 b.

279 2195 494 2231 GundIsalvus
518 2198 778 2243 archiepiscopus
802 2199 967 2242 Limanus,
990 2200 1053 2233 498
1075 2201 1108 2241 b3
1130 2204 1232 2244 potest
1257 2203 1440 2235 examinare
1466 2203 1580 2235 iterum
1606 2202 1817 2235 confessarios

367 2251 556 2295 approbatos
581 2262 598 2286 a
623 2262 680 2286 suo
705 2253 968 2297 praedecessore,
995 2252 1074 2286 ibid.

278 2303 485 2348 Gymnasium
504 2304 691 2350 pubblicum
714 2306 900 2349 Romanum,
928 2307 989 2341 657
1007 2306 1034 2340 b.
1056 2306 1246 2343 Rhetoricae
1272 2308 1422 2343 cathedra
1447 2308 1478 2343 in
1502 2317 1540 2342 eo
1565 2309 1717 2352 instituta,
1735 2307 1814 2342 ibid.

1031 2441 1059 2476 II

279 2570 513 2615 Heidelbergae
538 2573 728 2607 universitas
753 2573 851 2607 studii
876 2578 992 2615 crecta,
1018 2572 1080 2606 167
1107 2572 1133 2605 b.

280 2624 500 2662 Helvetiorum
522 2627 663 2671 receptio
680 2626 719 2663 ad
735 2626 879 2663 habitum
895 2627 1026 2664 militiae
1044 2628 1073 2663 S.
1089 2625 1216 2661 Ioannis
1233 2625 1512 2671 Hierosolymitani
1527 2626 1702 2671 regulatur,
1720 2628 1783 2663 505
1800 2627 1816 2660 b
