2269 3235
195 274 282 301 1111.ss-
306 274 373 301 ¹623

191 324 485 362 captiuiuniiure.causa
520 332 574 355 seu
610 321 824 355 controversia
855 326 918 354 aut.
938 319 1130 364 quaestionis

192 364 280 383 batensi»
330 369 376 384 tet·-

191 392 255 410 toute.

221 813 247 835 Et.
257 813 284 834 ad
297 819 378 833 sarram

195 841 379 867 congregationem

196 867 284 888 Concilii
308 867 379 887 remis-

225 1186 288 1206 Cuiu«
304 1189 381 1204 raus-ac

210 1219 264 1232 eiius
289 1212 321 1231 tite
351 1216 381 1231 re-

199 1241 307 1261 consetur,

421 264 461 299 76

392 376 523 409 material
553 376 591 407 de
621 381 650 407 et
680 386 773 417 super
803 373 1018 406 iurisdictione
1052 373 1131 405 inter

393 428 602 461 venerabilem
624 429 752 460 fratrem
779 428 994 459 llermannum
1015 426 1132 469 episco-

392 494 467 526 pum
485 483 719 515 Atrebatensem
739 492 774 513 ex
793 482 852 513 una
868 485 897 513 et
909 479 1039 512 dilectos
1051 479 1132 512 filios

393 536 563 579 capitulum
589 540 617 567 et
642 533 809 567 canonicos
833 533 983 567 ecclesiae
1007 533 1133 565 Atreba—

393 590 488 622 tens'is
505 601 540 622 ex
561 590 659 621 altera
685 588 827 632 partibus
845 592 995 627 vertente,
1013 592 1042 619 et
1059 591 1132 619 tunc

393 642 481 674 Sedis
513 642 710 686 Apostolicae
735 642 766 674 in
796 641 929 683 belgicis
961 640 1132 674 ditionibus

393 696 602 728 commoranti
627 695 737 728 nuntio
763 695 942 735 commissa,
963 704 1020 738 per
1044 694 1132 726 illum

394 759 469 782 vero
494 748 532 780 ad
556 748 671 781 dietam
696 749 817 789 Sedem,
842 753 872 781 et
896 748 935 780 ab
961 748 997 780 ea
1022 746 1061 779 ad
1085 757 1135 779 ve-

394 801 550 834 nerabiles
564 802 678 835 fratres
694 805 819 835 nostros
836 804 959 834 sanetae
976 800 1133 833 Romanae

395 854 551 887 Ecclesiae
572 855 746 888 cardinales
763 853 844 887 sacri
860 852 990 888 Concilii
1003 852 1133 885 Triden-

396 907 451 940 tini
482 907 668 951 interpretes
699 907 849 947 remissa,
875 916 970 949 super
994 905 1134 937 eiusdem

396 971 507 993 causae
532 970 588 993 seu
611 959 845 993 controversiae
869 963 951 991 statu
969 962 998 989 et
1015 956 1135 989 meritis

397 1012 601 1056 infrascriptis
622 1012 660 1044 ab
685 1011 802 1044 eisdem
828 1010 1038 1043 cardinalibus
1056 1020 1137 1042 ema-

396 1065 499 1099 narint
523 1065 765 1105 declarationes,
786 1074 840 1097 seu
865 1063 1000 1104 decreta,
1018 1062 1136 1096 tenoris

397 1118 566 1163 sequentis,
591 1118 750 1152 videlicet:

441 1173 456 1215 g
480 1171 509 1204 2.
535 1171 612 1204 Cum
637 1171 726 1204 annis
743 1171 962 1215 superioribus
988 1170 1138 1202 Herman-

397 1236 456 1258 nus
480 1225 707 1267 Ortembergus
733 1225 900 1268 episcopus
924 1224 1137 1257 Atrebatensis

398 1278 658 1319 iurisdictionem,
676 1277 735 1310 sibi
756 1288 773 1309 a
797 1277 895 1309 sacris
919 1277 1091 1309 canonibus
1108 1281 1138 1309 et

398 1330 570 1364 Tridentini
594 1330 723 1364 Concilii
743 1330 878 1362 decretis
898 1330 1090 1370 attributam,
1109 1334 1138 1362 et

398 1395 492 1428 quarn
516 1383 613 1417 felicis
630 1383 858 1416 recordationis
875 1383 989 1415 Paulus
1006 1383 1088 1426 Papa
1101 1383 1138 1415 IV

399 1437 431 1470 in
454 1438 566 1470 litteris
594 1437 760 1470 erectionis
789 1436 995 1469 ecelesiarum
1021 1441 1139 1469 metro-

400 1491 610 1535 politanarum
642 1496 672 1523 et
698 1490 927 1523 cathedralium
953 1489 1068 1532 Belgii,
1093 1489 1140 1522 in-

400 1549 499 1576 stante
512 1544 668 1587 gloriosae
682 1543 852 1576 memoriae
867 1542 1011 1586 Philippo
1026 1543 1051 1575 II
1064 1553 1139 1585 rege

401 1598 554 1631 catholico
586 1608 667 1631 anno
696 1608 793 1631 Mnmx
819 1596 984 1640 expeditis,
1009 1597 1040 1629 in
1069 1596 1142 1629 civi-

401 1656 478 1684 tates
499 1656 529 1684 et
553 1651 721 1691 dioeceses,
740 1652 841 1683 cleros
858 1655 887 1684 et
910 1651 1043 1694 populos
1060 1650 1140 1683 eius-

401 1705 472 1738 dem
485 1705 583 1747 Belgii
602 1705 665 1737 suis
683 1705 836 1748 ipsorum,
855 1703 908 1748 qui
925 1714 984 1747 pro
997 1709 1141 1747 tempore

401 1758 535 1799 suerint,
561 1758 716 1802 episcopis
745 1764 923 1801 competere
956 1757 1141 1797 declaravit,

402 1822 549 1844 exercere
574 1812 667 1844 vellet
692 1811 722 1843 in
747 1811 826 1844 duos
846 1811 1050 1843 beneficiatos
1068 1821 1141 1843 suae

403 1864 591 1897 cathedralis
616 1864 780 1905 ecclesiae,
805 1864 969 1897 occasione
995 1864 1142 1904 incestus,

403 1927 526 1950 necnon
551 1917 719 1959 sacrilegii,
740 1928 795 1949 seu
819 1917 923 1949 forsan
948 1917 1079 1949 alicuius
1101 1917 1144 1949 in-

403 1971 612 2004 continentiae
625 1971 777 2011 criminis,
791 1970 829 2002 ab
844 1971 898 2011 eis,
912 1975 945 2003 ut
958 1971 1143 2013 praetende-

402 2024 505 2064 batur,
518 2024 641 2068 patrati;
660 2024 831 2068 capitulum
846 2028 875 2057 et
892 2023 1034 2057 canonici
1050 2035 1083 2057 se
1094 2035 1146 2068 op·

403 2083 586 2122 posuerunt,
597 2081 781 2117 asserentes,
795 2088 838 2118 se,
853 2079 915 2110 una
929 2088 1001 2110 cum
1013 2078 1145 2111 ecclesia

405 2132 586 2172 cathedrali,
607 2132 736 2175 eiusque
756 2131 958 2164 beneficiatos
975 2131 1145 2171 ministros,

405 2190 460 2218 seu
476 2185 618 2218 habitum
635 2185 774 2218 eiusdem
794 2185 943 2218 ecclesiae
960 2185 1145 2225 deserentes,

406 2249 473 2272 esse
486 2243 646 2282 exemptos
660 2239 698 2270 ab
714 2238 894 2271 omnimoda
905 2231 1042 2281 episcopi
1059 2239 1148 2271 iuris-

406 2291 552 2332 dictione,
567 2292 736 2335 praecipue
754 2292 785 2323 in
802 2291 864 2323 vim
883 2291 1044 2324 cuiusdam
1061 2302 1149 2335 prae-

408 2351 512 2378 tensae
538 2345 725 2378 concordiae
746 2355 827 2377 anno
848 2354 1012 2377 mcoxxxnt
1034 2355 1050 2376 a
1071 2344 1148 2377 For-

409 2398 513 2440 tiganc
538 2406 612 2431 tunc
636 2397 833 2430 Atrebatensi
862 2397 1011 2440 episcopo
1036 2397 1147 2437 initae,

410 2458 438 2484 et
464 2453 557 2495 paulo
580 2455 651 2495 post
674 2462 691 2483 a
716 2451 813 2484 felicis
838 2450 1067 2484 reeordationis
1091 2451 1150 2483 Eu-

411 2506 502 2548 gem-1
518 2505 598 2548 Papa
613 2505 650 2537 IV
664 2505 878 2545 confirmatae,
892 2515 963 2537 eum
980 2504 1150 2536 insertione

412 2565 507 2591 tutius
523 2559 641 2592 tenoris
658 2559 689 2591 in
702 2559 814 2591 litteris
832 2558 1091 2599 confirmationis,
1109 2563 1151 2590 at—

412 2623 473 2656 que
486 2612 524 2645 ab
540 2612 782 2645 immemorabili
801 2618 943 2656 tempore
957 2612 1150 2651 observatae,

413 2665 666 2710 quandoquidem
683 2670 834 2699 assertam
852 2664 1052 2699 concordiam
1066 2675 1153 2708 prae-

972 271 1149 296 BULLARIUM
1176 270 1329 296 nOMANUM

1165 320 1331 353 tendebant
1350 328 1413 351 non
1427 327 1494 351 esse
1512 315 1665 351 sublatam
1679 310 1813 350 decretis
1829 316 1904 351 Con-

1164 373 1237 413 citii,
1263 378 1327 404 tum
1353 376 1484 416 propter
1508 369 1624 414 duplex
1648 369 1817 410 vinculum,
1837 374 1904 402 tum

1165 426 1236 469 quia
1257 426 1428 459 Concilium
1454 434 1516 457 non
1541 423 1688 456 substulit
1711 422 1769 455 nisi
1793 432 1902 456 exem-

1165 479 1286 523 ptiones
1300 489 1422 519 eorum,
1434 478 1487 522 qui
1501 477 1632 510 subsunt
1641 475 1821 510 immediate
1833 475 1906 509 Sedi

1166 532 1379 576 Apostolicae,
1404 540 1465 564 non
1489 535 1594 563 autem
1619 528 1748 572 capituli
1774 528 1906 561 Atreba-

1167 585 1272 626 tensis,
1281 585 1365 628 quod
1379 584 1556 629 praetendit
1569 594 1601 616 se
1616 581 1795 615 immediate
1812 581 1906 614 fuisse

1167 638 1342 671 subiectum
1374 638 1513 682 primum
1549 635 1789 680 archiepiscopo
1825 635 1906 668 Rhe-

1168 691 1279 732 mensi,
1305 702 1340 724 ac
1363 691 1476 724 deinde
1499 689 1727 730 Cameracensi,
1745 687 1800 732 qui
1825 687 1857 720 in
1876 687 1909 720 il-

1168 744 1228 778 lius
1251 745 1355 778 locum
1379 744 1438 778 suit
1456 744 1662 787 subrogatuS‚
1687 747 1718 776 et
1740 746 1909 786 propterea

1167 797 1311 830 dicebant
1333 802 1531 842 praesentem
1556 797 1758 841 episcopum,
1781 794 1837 839 qui
1862 793 1909 827 iu-

1168 850 1247 884 ravit
1271 860 1304 883 se
1332 851 1572 885 observaturum
1595 850 1683 890 iura,
1708 846 1910 882 consuetudi-

1168 913 1234 944 nes,
1251 903 1418 947 privilegia
1433 913 1470 937 ac
1493 903 1654 937 libertates
1671 901 1832 942 ecclesiae,
1846 910 1910 934 non

1170 966 1238 989 esse
1250 956 1440 989 audiendum
1454 960 1563 990 contra
1576 956 1742 1000 proprium
1756 955 1911 989 iuramen-

1170 1013 1257 1051 tum,
1283 1009 1337 1041 sed
1367 1019 1440 1042 eum
1470 1009 1586 1042 debere
1611 1014 1694 1042 stare
1718 1009 1911 1049 sententiae,

1172 1072 1226 1095 seu
1249 1061 1394 1102 decreto,
1424 1061 1508 1105 quod
1537 1066 1694 1094 arrestum
1726 1061 1912 1105 parlamenti

1172 1115 1356 1148 Parisiensis
1386 1119 1514 1156 vocant,
1543 1125 1639 1158 super
1670 1113 1914 1158 exequutionem

1172 1168 1312 1201 eiusdem
1337 1167 1524 1201 concordiae
1549 1167 1581 1200 in
1605 1167 1747 1211 partibus
1770 1167 1843 1200 lato.

1216 1222 1291 1255 Cum
1313 1232 1387 1254 vero
1409 1221 1565 1254 eiusmodi
1590 1231 1684 1254 causa
1707 1220 1819 1254 nuntio
1844 1231 1915 1265 apo-

1173 1275 1283 1308 stolico
1308 1275 1476 1308 commissa
1500 1274 1626 1315 fuisset,
1651 1274 1736 1307 idem
1767 1274 1914 1315 nuntius,

1173 1328 1339 1362 accedente
1359 1328 1452 1361 etiam
1471 1338 1626 1362 consensu
1642 1327 1775 1372 inclytae
1800 1338 1916 1362 memo-

1173 1382 1238 1415 riae
1248 1381 1426 1414 archiducis
1443 1381 1562 1415 Alberti
1575 1381 1742 1424 Belgarum
1755 1381 1916 1425 principis,

1174 1434 1406 1468 sanctissimum
1445 1435 1614 1468 Dominum
1651 1439 1795 1468 nostrum
1829 1435 1917 1468 duxit

1174 1487 1413 1528 consulendum,
1432 1498 1504 1521 cum
1526 1492 1675 1530 ageretur
1698 1487 1736 1520 de
1761 1498 1796 1520 re
1820 1487 1859 1520 ad
1875 1487 1918 1520 in-

1174 1541 1433 1584 terpretationem
1471 1541 1552 1574 sacri
1585 1541 1713 1574 Concilii
1744 1540 1917 1574 Tridentini

1174 1595 1360 1638 pertinente,
1377 1594 1465 1627 cuius
1483 1594 1609 1637 quidem
1628 1594 1753 1627 concilii
1767 1594 1919 1638 interpre-

1175 1648 1251 1681 tatio
1267 1653 1297 1681 et
1317 1648 1487 1681 declaratio
1504 1658 1521 1680 a
1539 1648 1605 1681 sola
1623 1648 1702 1681 Sede
1722 1647 1918 1691 Apostolica,

1176 1712 1231 1734 seu
1252 1701 1290 1733 ab
1304 1701 1524 1734 illustrissimis
1542 1701 1755 1735 cardinalibus
1776 1701 1918 1734 eiusdem

1176 1754 1302 1788 concilii
1327 1754 1571 1799 interpretibus,
1597 1760 1627 1787 et
1651 1765 1714 1788 non
1743 1754 1833 1795 aliis,
1855 1755 1919 1799 peti

1177 1813 1230 1841 aut
1254 1807 1390 1841 obtineri
1414 1813 1527 1852 potest.
1546 1808 1583 1841 Et
1599 1817 1671 1841 cum
1689 1807 1841 1841 Sanctitas
1858 1808 1920 1841 Sua

1176 1861 1357 1894 huiusmodi
1375 1861 1607 1894 controversiae
1620 1861 1864 1894 declarationem
1881 1861 1920 1894 ad

1177 1925 1299 1948 sacram
1320 1915 1600 1958 congregationem
1620 1915 1805 1948 eorumdem
1823 1914 1921 1948 cardi-

1177 1969 1295 2002 nalium
1310 1968 1492 2010 remisisset,
1508 1979 1544 2002 ac
1563 1968 1675 2001 deinde
1694 1969 1920 2002 canonicorum

1178 2028 1208 2056 et
1232 2022 1359 2067 capituli
1384 2033 1479 2066 agens
1509 2023 1633 2066 saepius
1664 2022 1746 2066 apud
1778 2022 1920 2056 eamdem

1180 2087 1301 2110 sacram
1326 2076 1605 2119 congregationem
1622 2087 1680 2120 pro
1705 2075 1858 2110 eiusmodi
1875 2076 1921 2108 in-

1180 2130 1404 2173 terpretatione
1440 2134 1470 2164 et
1506 2129 1717 2163 declaratione
1749 2129 1921 2163 obtinenda

1181 2183 1305 2217 auditus
1329 2183 1448 2223 suisset,
1466 2183 1603 2222 tandem,
1625 2193 1660 2215 re
1685 2183 1808 2226 saepius
1828 2193 1864 2216 ac
1880 2183 1922 2216 di-

1181 2236 1314 2279 ligenter
1339 2235 1490 2276 discussa,
1508 2236 1664 2268 emanavit
1687 2235 1922 2279 infrascriptum

1181 2289 1324 2328 dubium,
1340 2299 1398 2332 pro
1416 2288 1505 2322 cuius
1525 2288 1736 2322 declaratione
1760 2299 1843 2323 nunc
1861 2289 1925 2332 agi-

1182 2347 1242 2383 tur,
1261 2342 1421 2375 videlicet:

1228 2395 1339 2429 Positis
1364 2395 1529 2439 scripturis
1553 2406 1588 2429 ac
1618 2395 1741 2429 iuribus
1765 2396 1924 2440 utrimque

1183 2449 1347 2490 exhibitis,
1372 2459 1410 2481 an
1435 2454 1554 2481 asserta
1582 2448 1751 2482 concordia
1775 2459 1831 2482 seu
1855 2459 1925 2483 con-

1184 2504 1283 2537 cessio
1300 2503 1468 2546 Fortigarii
1489 2503 1564 2536 olim
1581 2503 1723 2547 episcopi
1740 2503 1926 2537 Atrebaten-

1185 2557 1243 2597 sis,
1267 2557 1305 2589 ab
1330 2556 1471 2599 Eugenio
1495 2556 1531 2588 lv
1564 2556 1766 2597 confirmata,
1791 2556 1885 2589 suerit
1908 2566 1926 2589 a

1185 2609 1322 2643 Concilio
1348 2620 1385 2642 ex
1410 2609 1544 2642 decretis
1569 2619 1635 2653 cap.
1662 2619 1703 2649 ιν,
1729 2619 1803 2642 sess.
1829 2618 1871 2650 vl,
1895 2614 1926 2642 et

1186 2674 1252 2707 cap.
1271 2673 1312 2704 vi,
1331 2673 1405 2697 sess.
1420 2673 1482 2697 xxv
1503 2663 1634 2703 sublata,
1655 2673 1712 2697 nec
1728 2663 1789 2697 ne?

1922 264 1973 295 Αἠ.
1985 266 2013 296 C.
2036 263 2110 296 ¹623
