2269 3235
260 284 353 311 Aac.
378 284 445 312 1625
491 275 555 309 5278

459 338 597 367 testatur.
631 335 693 367 Nos
722 343 805 371 vero,
826 335 941 375 quanto
966 331 1077 364 maiori
1102 332 1198 364 animi

459 387 647 419 iucunditate
664 385 884 430 perfundimur
909 385 1045 427 gloriosa
1066 396 1123 428 per
1142 395 1198 418 no-

458 439 608 472 bilitatem
640 445 722 471 tuam
755 438 836 471 edita
872 438 1008 471 facinora
1044 438 1198 471 memoria

458 496 642 535 repetentes,
668 495 752 525 tanto
778 491 949 535 impensius
974 490 1199 535 optamus,·ali-

457 544 540 587 quod
564 549 723 588 paternae,
749 554 809 588 qua
835 549 864 577 te
889 545 957 577 iure
977 544 1096 588 optimo
1114 554 1198 577 com-

456 596 634 640 plectimur,
660 597 825 631 voluntatis
851 602 881 630 ct
905 597 1037 630 eximiae
1062 596 1196 637 virtutis,

456 660 518 693 qua
542 650 630 693 regia
646 649 750 683 invicti
768 650 920 694 genitoris
936 650 1050 685 decora
1067 650 1198 684 feliciter
1214 671 1216 680 Α

457 703 635 744 aemularis,
660 709 766 737 extare
790 708 1038 739 monumentum.

501 757 516 800 ἓ
540 756 569 790 ⁶2.
594 757 671 791 Cum
696 757 791 801 igitur
816 758 897 802 pius,
922 758 1067 801 idemque
1091 768 1199 801 perve-

457 815 558 844 tustus
583 821 651 845 mos
675 811 849 852 inoleverit,
867 817 902 845 ut
922 812 1079 845 Romanus
1096 811 1199 844 Ponti-

458 863 516 905 fex,
540 869 631 899 noete
655 865 778 899 Christo
798 865 940 899 Nascenti
966 866 1066 905 saera,
1090 874 1197 897 ensem

458 923 487 951 ct
511 918 628 961 pileum
654 918 784 951 solemni
810 918 872 951 ritu
902 917 1124 958 benedictum,
1150 917 1197 950 vel

458 971 584 1013 regibus
616 971 661 1004 rel
690 971 759 1003 aliis
790 971 827 1003 de
857 971 1011 1005 catholica
1043 970 1198 1013 religione

457 1023 575 1067 optime
600 1023 720 1056 meritis
737 1024 936 1067 principibus
952 1023 1067 1056 deferri
1084 1022 1197 1063 iubeat,

458 1076 610 1110 nobilitati
626 1082 706 1117 tuae,
723 1088 816 1121 quam
835 1077 884 1110 his
899 1077 1011 1110 diebus
1025 1076 1062 1109 ad
1083 1077 1197 1109 almam

459 1128 573 1162 Urbem
598 1134 737 1163 nostram
763 1130 953 1164 sacrosancti
979 1129 1104 1163 iubilaei
1122 1130 1200 1163 cele-

457 1181 556 1215 britas
581 1183 730 1223 evocavit,
751 1194 856 1216 ensem
875 1189 905 1217 et.
921 1184 1050 1227 pileum,
1067 1193 1125 1227 per
1141 1193 1198 1217 nos

456 1235 494 1269 de
508 1246 596 1270 more.
609 1237 799 1279 benedictos,
818 1237 989 1281 apostolica
1006 1237 1198 1280 benignitate

458 1289 595 1333 gratiose
611 1289 779 1324 donamus:
802 1290 939 1323 divinam
957 1295 1120 1334 precantes
1139 1291 1199 1323 cle-

458 1342 607 1375 mentiam
625 1348 659 1375 ut
676 1343 777 1376 mittat
795 1343 849 1376 tibi
867 1343 1017 1376 auxilium
1034 1343 1072 1376 de
1090 1348 1198 1377 sancto

457 1401 486 1428 et
503 1395 540 1429 de
564 1396 638 1430 Sion
656 1402 780 1430 tueatur
797 1402 835 1430 te.
854 1398 1018 1430 Dexteram
1039 1402 1123 1430 tuam
1137 1397 1198 1430 hoc

458 1460 587 1483 munere
622 1451 854 1494 praemunitam
891 1451 1031 1495 perditae
1066 1456 1196 1494 gentes,

457 1513 535 1547 quae
560 1503 658 1537 Deum
679 1515 741 1538 non
765 1510 938 1545 noverunt,
966 1515 1039 1538 suae
1065 1504 1198 1537 sentiant

458 1556 623 1601 impietatis
648 1557 812 1599 vindicem,
830 1563 859 1591 et
879 1563 972 1602 caput
997 1563 1085 1591 tuum
1103 1558 1197 1591 veluti

457 1611 544 1654 galea
569 1611 676 1645 salutis
700 1617 855 1645 armatum
877 1612 1037 1645 christiani
1062 1611 1198 1645 nominis

286 768 340 790 Enso
351 772 371 790 et
386 769 441 796 pileo

259 795 377 817 benedictis
406 797 441 817 du·

258 825 325 844 natur.

457 1664 562 1698 hostes
586 1670 800 1709 expavescant.
825 1666 909 1705 Quae
933 1665 1060 1709 quidem
1082 1665 1216 1698 nobili-s

458 1718 510 1751 tati
538 1723 609 1751 tuae
638 1719 773 1751 maxime
801 1719 831 1751 in
860 1719 939 1752 votis
963 1729 1030 1752 esse
1055 1729 1111 1752 nos
1139 1729 1216 1762 proi

457 1776 619 1815 comperto
656 1771 804 1806 habentes
822 1799 829 1812 ‚
858 1782 990 1816 eamque
1022 1772 1197 1815 diligentis-

457 1824 534 1857 sime
559 1830 739 1858 curaturam
765 1825 894 1858 minime
915 1825 1101 1867 dubitantes,
1127 1836 1198 1869 apo-

457 1878 597 1912 stolicam
615 1879 865 1912 benedictionem
882 1879 909 1912 ei
927 1884 1127 1924 peramanter
1145 1880 1198 1912 im-

457 1932 619 1975 pertimur.

500 1985 611 2018 Datum
643 1986 760 2019 Romae
775 2013 782 2027 ,
807 1987 889 2031 apud
918 1987 947 2020 S.
974 1987 1110 2028 Petrum,
1139 1987 1196 2020 sub

457 2039 572 2072 annulo
589 2039 767 2080 Piscatoris,
779 2039 829 2072 die
842 2050 896 2073 xlx
913 2040 1044 2073 ianuarii
1057 2050 1196 2082 itincxxv,

458 2092 660 2136 pontificatus
684 2093 783 2126 nostri
808 2103 930 2126 annon.

494 2154 550 2182 Dat.
568 2154 609 2183 die
624 2155 658 2183 19
673 2155 790 2183 ianuarii
804 2156 883 2190 1625,
898 2155 992 2192 pontifi
1009 2164 1079 2184 anno
1095 2164 1123 2184 11.

795 2273 865 2306 CXI.

459 2345 708 2385 Praescribitur,
732 2355 795 2388 quo
810 2349 903 2388 pacto
923 2344 1197 2385 sanctimoniales,

501 2398 627 2441 aliique
656 2397 829 2441 impediti,
863 2397 1089 2440 indutyeiztias
1116 2398 1198 2431 anni

504 2451 607 2484 sancti
632 2451 757 2484 lucrari
777 2452 914 2495 possint.

670 2522 806 2550 Urbanus
823 2523 901 2557 Papa
916 2523 993 2557 vm,

599 2567 635 2594 ad
657 2566 789 2595 futuram
807 2567 853 2595 rei
872 2568 1051 2595 memoriam.

289 2642 444 2663 Sancumonia-
504 2627 665 2661 pontificia
685 2629 872 2671 sollicitudo,
890 2629 1033 2673 quamvis
1055 2629 1197 2663 omnium

261 2669 327 2692 ¹⁰³⁰*
351 2669 444 2690 “⁰¹⁰⁸st
459 2681 713 2715 Christifidelium
744 2684 833 2717 saluti
866 2684 1057 2728 prospiciat,
1081 2684 1216 2728 praeci->

1043 282 1221 308 BULLARIUM
1244 282 1399 308 ROMANUM

1982 283 2030 310 Αη.
2050 283 2078 310 C.
2101 283 2168 312 1625

1232 342 1292 375 pue
1318 337 1419 364 tamen
1445 330 1660 375 spiritualibus
1684 331 1968 364 sanctimonialium
1984 343 2083 374 innrrnis,
2110 346 2168 376 ains-

1233 384 1446 427 prot'ectibus,
1470 388 1617 427 paternae
1649 383 1809 416 charitatis
1834 383 1947 418 affectu
1962 411 1968 424 ‚
1984 376 2025 397 ‘³¹¹⁶
2040 371 2157 398 impsum,

1232 434 1335 467 studet
1358 434 1541 478 providere:
1568 434 1651 480 ipsae
1676 434 1758 467 enim
1783 440 1855 468 sunt
1876 434 1969 475 filiae,

1232 498 1311 531 quae
1335 488 1449 521 oblitae
1472 488 1626 532 populum
1658 498 1750 521 suum
1783 492 1812 520 et
1840 487 1969 521 domum

1231 542 1329 584 patris
1354 542 1411 582 sui,
1437 541 1531 574 animi
1553 541 1718 585 splendore
1744 540 1908 574 caelestem
1926 551 1971 574 re-

1232 605 1302 638 gem
1328 595 1499 630 oblectant:
1526 596 1612 640 ipsae
1629 600 1701 629 sunt
1717 594 1888 640 prudentes
1907 594 1970 627 vir-

1232 648 1330 691 gines,
1348 659 1428 693 quae
1444 648 1605 694 lampades
1615 647 1871 692 suas„charitatis
1887 647 1972 680 ssam-

1232 703 1282 734 ma
1307 712 1481 743 succensas,
1498 702 1627 746 provide
1641 705 1791 746 aptanteS,
1808 701 1972 734 meliorem

1232 760 1353 797 partem
1378 755 1550 798 elegerunt,
1573 760 1603 790 et
1626 755 1700 788 dum
1725 755 1819 788 vitam
1841 753 1972 787 caelitus

1232 807 1359 850 petitam
1379 808 1512 850 ducunt,
1537 819 1600 842 non
1626 809 1721 842 modo
1745 808 1804 841 sibi
1835 807 1910 851 ipsis
1933 806 1972 840 ad

1232 861 1353 894 caelum
1378 861 1459 895 viam
1481 867 1633 904 sternunt,
1657 862 1711 896 sed
1736 861 1870 902 ieiuniis,
1894 860 1973 904 vigi-

1232 913 1281 946 liis
1301 919 1329 947 et
1355 915 1560 956 orationibus,
1577 916 1689 949 ceteris
1709 926 1835 960 quoque
1851 913 1972 948 christi-

1232 967 1377 1000 fidelibus
1394 978 1462 1001 eam
1480 969 1605 1012 aperire
1622 969 1759 1002 student:
1770 969 1872 1008 Quare
1892 978 1973 1002 sum-

1233 1030 1362 1065 mopere
1386 1021 1558 1064 optandum
1582 1027 1638 1062 est,
1656 1027 1690 1054 ut
1706 1021 1787 1054 vitae
1809 1021 1971 1061 rationem,

1232 1084 1312 1117 quae
1341 1084 1393 1107 eas
1424 1073 1544 1117 angelis
1574 1073 1808 1117 quodammodo
1839 1079 1972 1118 aequat,

1233 1128 1483 1161 constantissime
1507 1128 1670 1170 retineant,
1683 1138 1719 1161 ac
1735 1127 1809 1161 dent
1832 1137 1972 1172 operam,

1233 1186 1265 1214 ut
1290 1182 1379 1215 sicuti
1404 1181 1583 1226 praeclaros
1610 1181 1661 1214 hic
1693 1186 1790 1224 agunt.
1813 1180 1852 1214 de
1875 1190 1973 1214 carne

1233 1234 1263 1267 in
1288 1245 1381 1268 carne
1407 1235 1593 1278 triumphos,
1619 1234 1659 1267 ita
1684 1239 1755 1278 post
1777 1234 1871 1267 huius
1892 1234 1973 1267 vitae

1233 1289 1403 1322 certamina
1428 1288 1460 1321 in
1483 1288 1609 1321 caelesti
1633 1287 1735 1332 patria
1760 1287 1891 1321 feliciter
1915 1298 1971 1322 co-

1232 1345 1393 1376 ronentur.
1412 1341 1564 1381 Quoniam
1583 1346 1688 1374 autem
1709 1341 1872 1374 consimile
1894 1341 1974 1374 vitae

1232 1405 1331 1438 genus
1362 1394 1588 1440 quamplurimi
1619 1394 1849 1434 anachoretae,
1881 1399 1973 1438 atque

1232 1449 1391 1490 eremitae,
1415 1453 1449 1482 ut
1473 1458 1681 1492 supernarum
1706 1458 1814 1481 rerum
1834 1453 1973 1481 contem-

1231 1503 1361 1547 plationi
1379 1503 1520 1536 securius
1537 1506 1662 1544 vacent,
1688 1501 1887 1536 laudabiliter
1910 1502 1973 1535 ele-

1232 1562 1362 1600 gerunt:
1389 1556 1603 1601 spiritualibus
1628 1567 1753 1600 quoque
1770 1556 1912 1600 ipsorum
1931 1556 1973 1588 in-

1215 1610 1421 1650 crementis,
1447 1610 1586 1654 paternis
1616 1609 1790 1643 visceribus
1805 1637 1812 1650 ,
1837 1609 1972 1642 maxime

1231 1664 1374 1697 ducimus
1399 1663 1636 1697 consulendum.

1276 1718 1290 1762 ἓ
1314 1718 1342 1750 t.
1369 1718 1443 1751 Cum
1468 1718 1565 1761 igitur
1588 1722 1651 1750 tam
1677 1717 1736 1761 ipsi
1761 1727 1854 1761 quarn
1873 1727 1968 1761 prae·
1992 1726 2171 1751 -ouominusssc-

1231 1771 1331 1805 dictae
1345 1771 1597 1805 sanctimoniales
1610 1772 1764 1815 perpetua
1776 1771 1879 1803 vivant
1892 1771 1973 1804 clau·
1986 1753 2062 1809 ιῗιιῖἶῗ38
2083 1753 2171 1800 ν’ῗξῗιῗιῗὲ

1231 1826 1305 1858 sura
1330 1824 1541 1869 mancipatae,
1566 1834 1689 1858 necnon
1715 1824 1815 1865 multi,
1834 1827 1869 1858 ut
1888 1834 1973 1857 acce-
1986 1807 2070 1856 ffissiffi
2117 1811 2171 1827 ³⁰⁰⁰

1230 1878 1345 1922 pimus,
1362 1878 1527 1922 utriusque
1543 1888 1636 1911 sexus
1656 1877 1887 1917 christifideles,
1905 1887 1972 1921 par-

1232 1931 1286 1964 tim
1311 1932 1492 1965 carceribus
1516 1930 1643 1973 detenti,
1667 1931 1781 1974 partim
1808 1940 1882 1964 vero
1906 1930 1973 1963 diu-

1231 1988 1325 2019 turna
1348 1985 1529 2018 infirmitate
1560 1984 1753 2029 praepediti,
1777 1994 1840 2018 non
1868 1985 1972 2018 solum

1232 2039 1263 2072 in
1286 2039 1369 2072 alma
1394 2039 1476 2072 Urbe
1494 2041 1602 2073 nostra
1619 2043 1648 2072 et
1665 2038 1762 2079 Italia,
1783 2038 1837 2071 sed
1855 2038 1885 2071 in
1903 2037 1972 2071 aliis

1232 2092 1325 2125 etiam
1349 2092 1549 2135 regionibus,
1579 2091 1749 2136 provinciis
1774 2096 1803 2124 et
1826 2091 1904 2124 locis
1927 2100 1972 2123 re-

1231 2146 1402 2189 periantur,
1420 2147 1474 2191 qui
1497 2152 1529 2180 et
1552 2156 1631 2191 quae
1648 2145 1823 2190 respective
1844 2144 1972 2189 impedi-

1232 2201 1344 2234 mentis
1361 2200 1543 2234 huiusmodi
1560 2199 1700 2241 remotis,
1717 2210 1776 2244 pro
1796 2198 1971 2244 percipien-

1231 2254 1278 2287 dis
1298 2254 1470 2298 praesentis
1486 2253 1558 2286 anni
1585 2253 1712 2287 iubilaei
1737 2253 1908 2295 fructibus,
1934 2252 1972 2285 ad

1231 2308 1345 2340 almam
1363 2307 1480 2341 Urbem
1505 2312 1644 2340 nostram
1666 2307 1795 2340 omnino
1819 2306 1972 2347 venirent,

1232 2366 1261 2394 et
1284 2361 1439 2402 basilicas
1456 2360 1667 2404 ecclesiasque
1683 2360 1720 2393 ad
1744 2359 1774 2392 id
1798 2360 1973 2404 deputatas,

1230 2414 1435 2447 benedicente
1458 2414 1602 2454 Domino,
1630 2413 1844 2446 indubitanter
1867 2413 1972 2446 visita-

1232 2467 1329 2509 rent¹,
1355 2469 1395 2502 ob
1419 2468 1579 2512 praedicta
1603 2467 1838 2512 impedimenta,
1858 2467 1897 2500 ad
1915 2467 1971 2501 Ur-

1231 2522 1302 2554 bem
1327 2521 1508 2555 huiusmodi
1527 2522 1656 2555 minime
1673 2522 1789 2563 venire,
1804 2531 1906 2565 neque
1927 2530 1973 2553 re-

1232 2575 1367 2619 spective
1391 2575 1536 2609 basilicas
1562 2581 1591 2608 ct
1614 2575 1764 2609 ecclesias
1792 2574 1874 2623 ipsas
1898 2574 1972 2607 visi-

1215 2634 1298 2662 *tare
1328 2629 1469 2663 valeant:

1268 2693 1277 2718 1
1298 2691 1362 2719 Heic
1377 2691 1504 2720 adderem
1520 2691 1614 2727 partic.
1631 2692 1679 2719 secl
1693 2693 1730 2726 (a.
1748 2693 1796 2726 r.).
