2269 3235
449 284 508 316 tat

417 341 548 374 rotionis
563 340 674 372 merita
688 345 920 384 promerentur,
941 344 973 371 ut
992 338 1069 371 rotis
1083 339 1153 378 tuis,

415 399 565 437 quantum
591 405 661 426 cuni
688 392 820 426 Domino
839 402 1017 435 possumus,
1038 391 1156 424 favora-

416 447 519 479 biliter
543 456 718 479 annuamus
732 445 750 477 '.

239 513 400 538 {tugumiuixui
460 501 474 543 ς’
504 500 527 532 l.
553 501 628 533 (luni
656 500 769 542 itaque,
795 499 874 531 sicut
895 498 1064 532 maiestatis
1086 503 1156 530 tuae

219 547 250 586 ‘'i.
302 541 313 585 i
333 540 399 586 ils-iiii?
415 553 541 585 nomine
566 553 657 585 uobis
682 563 782 596 nuper
806 552 983 595 expositum
1005 552 1073 593 l'uit,
1098 562 1156 595 pro

218 601 267 649 mi,
295 598 532 644 ,I1ll¹2'.'.2¹·'.¹.“.'sain-ica
552 605 655 649 palatii
675 605 877 638 charissimae
892 605 922 637 in
938 605 1061 638 Christo
1075 604 1157 637 tiliae

217 648 266 672 ¹⁸⁰⁰
282 646 367 666 “¹⁸⁹¹''
414 663 540 691 nostrae
558 659 716 699 lsabellac‚
731 658 955 702 Ilisliianiarum
970 658 1097 701 reginae
1111 668 1158 690 ca-

415 711 558 752 tholicae,
575 712 717 755 coniugis
732 717 811 753 tuae,
834 717 918 745 certa
935 711 1087 755 quaedam
1102 722 1157 753 ga-

413 765 495 798 bella
509 766 539 798 in
553 765 670 810 oppido
696 766 808 799 illati-iti
822 766 988 799 Toletanae
1005 764 1157 798 dioecesis

414 830 508 863 super
522 820 616 852 rebus
630 819 877 853 comestibilibus
887 830 943 852 seu
957 818 1155 858 victualibus,

413 884 470 917 per
495 873 654 907 ministros
675 884 729 906 seu
747 873 896 905 officiales
911 878 981 905 tuos
1002 871 1156 915 imposita,

413 938 430 958 a
448 927 590 969 personis
608 926 826 959 ecclesiasticis
844 931 950 958 exacta
968 925 1072 965 suerit,
1084 935 1158 957 con—

414 984 461 1012 tra
485 990 647 1012 sacrorum
666 990 819 1012 canonum
835 983 861 1013 el
877 978 1071 1021 generalium
1088 987 1158 1010 con-

414 1024 581 1073 ciliorum,
613 1043 736 1066 necnon
762 1033 866 1065 nullae
900 1032 931 1063 in
960 1031 1009 1063 die
1037 1031 1157 1064 Coenac

414 1086 536 1118 Domini
563 1086 676 1128 legiae
697 1085 850 1129 publicari
876 1088 1044 1118 consuetae
1057 1081 1158 1127 dispo*-

415 1139 579 1172 sitionem:

554 1193 625 1232 Nos,
653 1192 822 1226 maiestatis
843 1198 913 1225 tuae.
937 1203 973 1225 ac
998 1191 1158 1224 ministro-

274 1264 294 1276 «ιι
314 1265 318 1275 .
333 1263 364 1276 im-
376 1264 400 1276 w-
416 1256 486 1277 rum
502 1250 627 1279 tuorum
642 1246 876 1289 praedictorum
891 1245 1101 1278 conscientiae
1116 1254 1160 1276 se-

334 1292 337 1301 ’
352 1292 361 1300 ¹*
416 1300 539 1332 curitati
550 1300 726 1339 consulere,
739 1305 829 1343 teque
844 1311 879 1332 ac
889 1299 958 1332 illos
972 1298 1159 1342 specialibus

416 1352 574 1385 favoribus
588 1357 617 1385 ct
628 1352 736 1395 gratiis
760 1352 908 1396 prosequi
923 1352 1072 1391 volentes,
1086 1362 1159 1394 sup-

416 1405 637 1448 plicationibus
651 1405 820 1438 maiestatis
839 1410 909 1438 tuae
927 1404 1055 1438 nomine
1067 1403 1159 1437 nobis

416 1469 512 1502 super
529 1459 589 1492 hoc
606 1459 767 1492 humiliter
784 1460 940 1503 porrectis
956 1458 1105 1498 inclinati,
1131 1463 1159 1490 tc

416 1523 451 1545 ac
476 1512 637 1546 ministros
661 1518 730 1546 tuos
756 1512 934 1559 praedictos
959 1523 975 1545 a
996 1511 1160 1556 quibusvis

417 1566 761 1607 excommunicationis,
783 1566 998 1610 suspensionis
1017 1570 1044 1597 et
1063 1564 1160 1597 inter-

417 1618 502 1659 dicti,
516 1619 647 1662 aliisque
665 1619 885 1652 ecclesiasticis
903 1619 1074 1659 sententiis,
1089 1628 1160 1650 cen-

417 1672 499 1705 suris
524 1678 554 1705 et
576 1673 698 1716 poenis,
716 1683 774 1716 per
794 1676 823 1706 te
848 1678 877 1705 et
902 1673 1064 1705 ministros
1090 1677 1160 1704 tuos

418 1726 663 1768 praemissorum
681 1726 845 1759 occasione
866 1725 1105 1769 quomodolibet
1120 1724 1161 1756 in-

418 1779 539 1819 cursis,
572 1779 743 1812 dummodo
764 1784 868 1811 tamen
900 1790 918 1811 a
950 1778 1104 1810 similibus
1129 1778 1159 1810 in

417 1837 580 1875 posterum
606 1832 839 1866 committendis
856 1832 985 1865 omnino
1005 1831 1160 1864 abstinea-

417 1885 465 1925 tis,
479 1886 653 1929 apostolica
671 1886 866 1926 auctoritate,
887 1891 997 1918 tenore
1016 1895 1162 1929 praesen-

417 1940 505 1980 tium,
530 1940 722 1973 absolvimus
747 1945 777 1972 et
801 1940 983 1979 liberamus,
1000 1939 1161 1982 dictasque

415 2003 533 2036 poenas
550 2004 584 2025 ae
601 1993 762 2037 pecunias,
776 1993 813 2026 ad
831 2003 1063 2037 quamcumque
1079 2003 1162 2025 sum-

416 2057 499 2079 mam
513 2046 725 2087 ascendentes,
737 2046 843 2079 extra2
855 2046 1009 2089 gabellam
1025 2056 1082 2089 per
1097 2056 1162 2079 eos-

417 2100 489 2133 dem
515 2100 675 2133 ministros
700 2110 755 2133 seu
780 2099 928 2132 officiales
952 2104 1023 2155 tugs
1047 2099 1086 2131 ab
1116 2110 1162 2132 ec-

418 2154 609 2193 clesiasticis,
634 2159 668 2187 ut
691 2154 878 2197 praefertur,
903 2158 1036 2193 exactas,
1058 2153 1114 2186 tibi
1132 2157 1161 2185 et

419 2207 478 2239 illis
496 2207 633 2249 gratiose
652 2207 841 2239 remittimus
862 2210 891 2240 et
912 2207 1136 2240 condonamus.

464 2262 479 2304 ξ
502 2261 530 2293 3.
556 2262 624 2294 Non
649 2261 845 2293 obstantibus
861 2260 1052 2304 apostolicis,
1070 2270 1106 2293 ac
1131 2260 1162 2292 in

420 2314 660 2354 universalibus,
682 2314 991 2358 provincialibusque
1016 2319 1045 2347 et
1070 2324 1161 2358 syno-

420 2368 543 2400 dalibus
568 2368 709 2401 conciliis
740 2368 851 2408 editis,
883 2368 1084 2410 generalibus
1114 2368 1162 2400 vel

421 2421 616 2463 specialibus,
642 2421 919 2454 constitutionibus
944 2426 974 2453 et
994 2420 1163 2455 ordinatio-

421 2474 522 2511 nibus,
532 2475 706 2518 ceterisque
717 2474 883 2508 contrariis
897 2474 1161 2518 quibuscumque.

248 2534 406 2575 tPocniivnitfguj
466 2530 479 2567 ,ξ
512 2527 532 2559 Ξ.
559 2528 709 2560 Volumus
734 2532 849 2570 autem,
871 2532 903 2559 ut
926 2527 1161 2570 poenitentiam,

226 2567 273 2581 ἰ’ῡΓΟ
295 2568 306 2580 il
326 2567 357 2580 &ill

223 2593 280 2608 sano
304 2570 406 2613 wahl}-
422 2591 513 2623 quam
531 2581 739 2613 confessarius
756 2581 886 2614 idoneus
905 2579 1162 2614 tibietministris

218 294 266 320 An.
285 293 312 318 (ἶΔ
332 293 397 319 tuat

244 1203 284 1224 Eos
300 1210 311 1224 :i
327 1210 400 1223 “t-iisu·
460 1192 474 1235 ἓ
499 1192 528 1225 6.).-

222 2269 332 2290 Contraria
342 2269 403 2289 tollit.

458 2654 468 2678 1
487 2652 557 2679 Edit.
575 2652 652 2680 illain.
670 2653 735 2687 legit
748 2662 912 2681 annuemus
926 2655 964 2688 (n.
981 2654 1030 2686 T.)-

456 2696 472 2722 ‘2
485 2697 576 2724 Potius
591 2697 650 2732 lege
663 2701 790 2733 propter,
809 2697 847 2724 tel
863 2707 899 2725 (nr
912 2698 1025 2733 yubelltl
1043 2699 1082 2733 (R.
1099 2698 1146 2733 Τ.)

993 290 1172 314 ntiLLAntUM
1196 289 1350 315 ROMANUM

1943 289 1992 315 An.
2010 288 2038 315 C.
2057 288 2127 316 4624

1188 339 1248 371 tuis
1272 338 1440 382 praedictis
1464 342 1593 381 propter
1614 338 1786 381 praemissa
1803 337 1928 371 duxerit
1945 350 2070 380 iungentia..
2090 356 2128 380 pes

1189 391 1602 435 iniungendam,adimplere
1613 390 1741 424 omnino
1750 391 1928 434 teneamini,
1944 377 2127 425 i=ssiu³⁰¹m¹¹¹⁰r¹

1189 444 1326 487 alioquin
1351 448 1530 488 praesentes
1548 443 1651 475 nullae
1676 443 1747 476 sint.

1233 497 1344 529 Datum
1370 498 1508 537 Itomae,
1533 496 1615 540 apud
1644 496 1672 529 S.
1699 496 1845 537 Petrum,
1873 496 1930 529 sub

1190 551 1306 583 annulo
1321 550 1498 591 Pis-catoris,
1513 549 1562 582 dic
1572 560 1648 582 xxix
1663 549 1767 582 martii
1778 559 1931 590 nncxxw,

1190 603 1391 647 pontificatus
1408 604 1507 637 nostri
1532 613 1613 635 anno
1626 613 1645 636 1.

1227 667 1287 694 Dat.
1305 666 1348 693 die
1364 666 1398 693 29
1414 666 1501 694 martii
1520 666 1597 700 1624,
1619 665 1714 701 pontii.
1733 673 1776 692 an.
1795 673 1813 693 1.

1536 811 1581 843 LI.

1193 889 1405 932 Confirmatio
1438 891 1691 934 privilegiiorum
1708 917 1717 931 ,
1752 891 1930 934 exemptio-

1235 953 1327 983 num,
1349 948 1377 976 ει
1390 943 1537 977 aliarum
1557 945 1755 987 mattarum,
1777 943 1935 987 hospitali

1235 995 1269 1028 S.
1292 995 1430 1029 Ioannis
1454 997 1752 1040 Hierosolymilani
1777 1008 1935 1030 concesso-

1235 1058 1311 1081 rum
1324 1046 1343 1081 ¹.

1405 1121 1543 1148 Urbanus
1553 1121 1632 1155 Papa
1646 1122 1721 1154 vul,

1311 1174 1347 1201 ad
1368 1178 1544 1209 perpetuam
1563 1175 1607 1202 rei
1627 1175 1809 1203 memoriam.

1238 1246 1429 1280 Universalis
1447 1247 1605 1280 Ecclesiae
1623 1247 1770 1290 regimini
1788 1258 1845 1291 per
1862 1247 1937 1280 inef-
1978 1254 2119 1278 Prooemium.

1192 1299 1319 1332 sabilem
1345 1299 1467 1332 divinae
1498 1300 1669 1343 sapientiae
1692 1300 1935 1344 providentiam,

1194 1352 1314 1385 meritis
1346 1353 1419 1386 licet
1445 1353 1723 1394 insufficientibus,
1752 1353 1935 1397 praepositi,

1194 1406 1276 1438 inter
1307 1405 1498 1449 multiplices
1521 1405 1688 1449 pastoralis
1712 1406 1807 1439 officii
1832 1417 1935 1447 curas,

1194 1459 1279 1491 illam
1304 1458 1457 1502 peculiari
1482 1458 1692 1492 sollicitudine
1715 1459 1851 1492 libenter
1875 1470 1938 1492 am-

1194 1512 1372 1556 plectimur,
1387 1523 1448 1556 qua
1460 1512 1636 1556 privilegia,
1654 1512 1773 1555 gratiae
1794 1517 1824 1545 et
1840 1512 1939 1545 indul-

1194 1572 1224 1599 ta
1248 1566 1368 1599 militiis
1392 1571 1423 1598 et
1446 1565 1654 1610 hospitalibus
1679 1565 1882 1608 quibuslibet,
1898 1565 1938 1598 ad

1195 1619 1347 1652 maiorem
1373 1619 1426 1652 Dei
1452 1619 1598 1662 gloriam,
1625 1629 1761 1662 suaeque
1778 1618 1936 1652 Ecclesiae

1194 1678 1318 1706 sanctae
1342 1672 1573 1712 exaltationem,
1594 1672 1678 1705 illius
1698 1682 1773 1704 vero
1797 1671 1937 1704 hostium

1193 1725 1448 1769 profligationem
1468 1725 1530 1769 pie,
1550 1725 1745 1768 provideque
1765 1724 1937 1764 instructis,

1194 1789 1212 1811 a
1236 1779 1386 1812 Romanis
1411 1778 1614 1811 Pontificibus
1640 1777 1937 1821 praedecessoribus

1194 1831 1311 1865 nostris
1339 1842 1499 1873 concessa,
1523 1842 1586 1875 quo
1615 1830 1743 1864 maioris
1771 1830 1938 1863 validitatis

1194 1885 1369 1918 munimine
1384 1885 1563 1925 subsistant,
1573 1884 1763 1928 apostolieae
1773 1884 1939 1917 confirma-

1195 1939 1288 1972 tionis
1305 1938 1480 1982 patrocinio
1494 1937 1687 1977 muniantur,
1700 1941 1805 1983 prout,
1820 1947 1938 1976 rerum,

1196 1993 1411 2037 temporisque
1435 1991 1639 2036 qualitatibus
1663 1991 1767 2024 debite
1790 1991 1939 2035 pensatis,

1196 2046 1408 2090 conspicimus
1432 2045 1465 2078 in
1487 2044 1621 2078 Domino
1653 2044 1822 2077 salubriter
1846 2053 1939 2087 expe-

1195 2100 1272 2133 dire.

1240 2155 1254 2197 ,ξ
1279 2154 1308 2186 ’1.
1329 2153 1405 2187 Cum
1424 2153 1538 2196 itaque,
1552 2152 1634 2185 sicut
1657 2151 1846 2195 accepimus,
1864 2151 1939 2183 alias
1955 2156 2139 2204 poffifficxffiffittg

1196 2207 1294 2240 felicis
1319 2206 1548 2240 recordationis
1572 2205 1636 2238 Leo
1661 2205 1695 2245 X,
1716 2205 1858 2238 Clemens
1878 2203 1938 2244 vn,
1955 2199 2142 2257 Ess'ss'gssjss'fflssffissssf,

1195 2261 1309 2293 Paulus
1334 2260 1390 2300 III,
1415 2259 1488 2292 Pius
1512 2259 1549 2291 lv
1560 2285 1567 2299 ,
1593 2263 1623 2291 et
1647 2257 1719 2290 Pius
1743 2257 1782 2298 V,
1807 2257 1938 2290 Romani
1954 2248 2141 2310 23:23},⁰‘⁸;3⁵,}{f*5;

1196 2313 1362 2347 Pontifices
1375 2312 1634 2356 praedecessores
1647 2310 1747 2344 nostri
1756 2310 1776 2351 ²⁷,
1786 2310 1867 2343 inter
1880 2310 1940 2342 alia
1955 2316 1996 2337 :1¹³³
2018 2306 2140 2337 kxomeruut

1197 2367 1364 2411 privilegia
1388 2371 1418 2399 et
1442 2366 1561 2407 indulta
1581 2365 1702 2398 dilectis
1726 2364 1800 2397 filiis
1824 2374 1939 2407 magno

1197 2420 1347 2463 magistro
1367 2430 1403 2452 ac
1428 2418 1596 2452 conventui
1620 2417 1785 2462 hospitalis
1801 2417 1830 2450 S.
1849 2418 1939 2450 Ioan-

1954 2350 1966 2363 ει
1981 2343 2086 2364 solutione
2103 2344 2140 2363 cle-

1955 2370 2139 2390 cinnirumetalio-

1955 2402 2000 2417 rum
2017 2402 2112 2418 onerum.

1233 2519 1243 2544 1
1260 2518 1300 2544 De
1316 2515 1365 2543 bac
1380 2515 1475 2543 militia
1497 2515 1558 2542 vide
1582 2514 1672 2542 Const.
1697 2522 1731 2541 xv
1759 2513 1891 2542 Anastasii
1908 2513 1939 2540 lV

1196 2563 1224 2589 in
1240 2565 1305 2589 tom.
1321 2568 1349 2596 n,
1365 2569 1426 2596 pag.
1443 2560 1494 2587 618
1509 2561 1548 2595 (a.
1565 2560 1614 2595 T.).

1231 2607 1247 2634 2
1272 2606 1337 2634 Vide
1367 2605 1561 2642 amplissimam
1586 2605 1619 2632 de
1642 2604 1693 2632 bac
1720 2612 1750 2632 re
1779 2604 1890 2632 Constit.
1911 2611 1940 2631 xi

1195 2652 1238 2679 Pii
1262 2651 1311 2684 lv,
1336 2651 1364 2678 in
1388 2654 1452 2679 tom.
1475 2657 1527 2685 vn,
1553 2658 1612 2686 pag.
1640 2649 1691 2683 31,
1713 2657 1763 2677 nee
1787 2657 1839 2676 non
1860 2648 1897 2675 Pii
1918 2649 1940 2674 V

1196 2696 1306 2725 Constit.
1325 2703 1417 2731 cxvm,
1433 2695 1511 2730 ibid„
1527 2703 1587 2731 pag.
1605 2695 1655 2722 726
1677 2695 1712 2730 (n.
1730 2694 1777 2727 τ.).
