2269 3235
113 280 162 308 ltu.
178 280 206 307 C.
230 279 296 306 1624

85 1106 87 1108 ,
116 1086 225 1107 Contraria
237 1086 298 1106 toltit.

926 278 1067 301 unnaxts

311 335 374 360 non
386 327 605 371 permittentes
622 336 675 360 eos
692 336 749 370 per
764 324 947 360 Ordinarios
962 336 1050 368 prae-
1067 336 1068 349 π

311 380 411 413 dictos
434 385 487 413 aut
504 390 720 424 quoscumque
737 379 815 412 alios
839 381 947 411 contra
964 388 1051 421 prae-

311 433 444 466 sentium
465 439 606 466 tenorem
625 430 863 476 quomodolibet
879 430 1050 471 molestari,
1067 447 1069 471 t

310 486 500 530 perturbari,
525 490 579 520 aut
602 484 784 529 inquietari,
803 483 1051 517 contradictores

310 539 467 583 quoslibet
486 545 521 573 et
545 539 678 572 rebelles
700 548 756 581 per
778 537 957 577 sententias,
977 547 1051 569 een-

311 603 401 625 suras
418 598 448 626 ct
465 602 582 637 poenas
596 591 831 631 ecclesiasticas,
845 589 1052 634 appellatione

311 647 495 690 postposita,
505 645 745 689 compescendo,
755 655 789 677 ac
798 644 948 686 legitimis
959 654 1053 687 super
1068 659 1070 663 ·

313 699 362 732 his
378 699 532 732 habendis
553 698 682 731 servatis
699 697 910 742 processibus,
932 701 1054 730 senten·
1070 704 1071 709 ¹

314 753 392 793 tias,
417 763 566 786 censuras
590 757 619 784 et
647 762 764 796 poenas
797 751 977 784 huiusmodi
1010 751 1053 782 in-

314 807 450 839 currisse
467 806 666 846 declarando,
680 805 810 849 illasque
828 804 921 837 ctiam
936 804 1054 837 iteratis
1071 836 1072 840 ,

314 859 433 892 vicibus
463 859 685 902 aggravando,
710 858 974 901 interdictumque
1004 868 1072 890 ‹ze-1

314 912 522 946 rlesiastieum
552 912 757 957 apponendo,
783 912 927 945 invocato
961 911 1054 943 etiam

313 965 351 997 :id
375 966 446 1007 hoe,
465 966 489 999 si
507 977 587 1010 opus
611 966 716 1007 suerit,
730 966 846 999 auxilio
870 965 991 998 brachii
1013 962 1073 997 ses

314 1019 438 1052 cularis.

359 1074 375 1116 ᾖ
405 1073 434 1105 9.
460 1075 527 1107 Non
559 1073 756 1107 obstantibus
785 1073 854 1117 piae
883 1071 1056 1105 memoriae

315 1126 464 1159 Bonit'acii
483 1127 585 1170 Papae
602 1127 677 1167 Vlll,
696 1126 788 1159 etiam
805 1126 1056 1169 praedecessoris

316 1180 415 1213 nostri
449 1180 487 1213 de
517 1182 593 1220 una,
618 1185 649 1212 et
680 1179 805 1213 concilii
838 1179 994 1222 generalis
1019 1179 1057 1211 de

316 1233 438 1266 duabus
461 1233 562 1273 dietis,
580 1233 753 1266 dummodo
777 1233 860 1265 ultra
880 1236 943 1265 tres
960 1232 1058 1264 dietas

317 1287 429 1330 aliquis
452 1287 635 1321 auctoritate
667 1286 879 1330 praesentium
909 1285 947 1318 ad
978 1285 1058 1318 iudi-

316 1340 400 1373 cium
431 1350 495 1373 non
527 1340 689 1379 trahatur⁷
725 1350 759 1372 ae
792 1339 861 1372 aliis
893 1331 1057 1383 quibusvis

315 1392 515 1437 apostolicis,
544 1403 667 1426 necnon
694 1392 726 1424 in
755 1392 1001 1436 provincialibus
1028 1398 1058 1425 et

315 1445 519 1490 synodalibus
554 1445 696 1479 conciliis
726 1445 839 1486 editis,
870 1446 1060 1489 specialibus

316 1500 364 1533 rel
387 1499 588 1542 generalibus
613 1499 904 1540 constitutionibus,
929 1499 1058 1532 ordina-

315 1553 461 1594 tionibus,
471 1563 594 1586 necnon
605 1553 806 1596 (iuramento,
819 1552 1061 1586 confirmatione
1077 1563 1079 1595 ς

315 1607 500 1652 apostolica,
516 1608 565 1640 vel
581 1608 691 1651 quavis
714 1607 862 1640 firmitate
887 1607 948 1640 alia
965 1608 1060 1641 robo-
1078 1598 1080 1651 Ξ

315 1661 404 1705 ratis)
423 1661 555 1702 statutis,
573 1661 866 1702 consuetudinibus,
884 1661 1061 1706 privilegiis
1079 1652 1080 1689 l

316 1725 451 1759 quoque,
469 1715 599 1748 indultis
616 1721 646 1747 et
662 1715 775 1748 litteris
792 1715 984 1759 apostolicis,
995 1715 1063 1759 qui·
1079 1734 1080 1745 2

315 1768 422 1802 busvis
439 1768 595 1812 personis,
613 1768 705 1802 etiam
730 1768 902 1812 praedictis
920 1769 1062 1802 locorum
1079 1768 1081 1807 ξ

317 1822 507 1863 tlrdinariis,
533 1823 590 1855 sub
622 1822 873 1866 quibuscumque
903 1821 1081 1865 tenoribus}

317 1882 348 1909 et
372 1876 491 1917 formis,
508 1887 544 1909 ac
568 1887 639 1909 cum
665 1876 828 1919 quibusvis
853 1875 948 1908 etiam
973 1867 1081 1918 dero-t

318 1923 754 1972 gatoriarufflderogatortis,
767 1930 898 1973 aliisque
913 1930 1064 1963 efficacio-
1079 1926 1081 1961 ἶ

319 1983 404 2016 ribus
427 1989 458 2016 et
476 1983 611 2016 insolitis
625 1983 784 2023 clausulis,
802 1983 1063 2026 irritantibusque

319 2043 350 2069 et
373 2037 442 2070 aliis
466 2037 622 2077 decretis,
647 2037 739 2069 etiam
766 2042 853 2070 motu
877 2042 908 2069 et
933 2022 1081 2081 seientia}¹

320 2092 486 2132 similibus,
501 2097 530 2124 et
544 2091 813 2132 consistorialiter,
831 2095 860 2125 et
877 2091 914 2124 de
930 2092 1062 2124 fratrum
1079 2084 1081 2131 ἶ

321 2152 503 2180 nostrorum
529 2146 676 2186 consilio,
702 2146 732 2178 in
762 2146 957 2179 contrarium
984 2140 1081 2190 quo-'¹'

321 2199 495 2233 modolibet
519 2199 688 2239 concessis,
713 2199 924 2239 confirmatis,
948 2184 1080 2243 appro—E

321 2253 401 2286 batis
414 2258 444 2285 et
466 2253 629 2286 innovatis.
640 2253 760 2292 Quibus
772 2253 930 2293 omnibus,
940 2253 1061 2285 etiamsi
1079 2244 1081 2284 ἶ

322 2305 360 2338 de
376 2305 447 2346 illis,
461 2316 635 2350 eorumque
648 2306 722 2339 totis
736 2306 897 2339 tenoribus
910 2306 1063 2350 specialis,
1079 2309 1082 2341 Ι

323 2359 486 2403 specifica,
511 2371 657 2404 expressa
682 2363 711 2394 et
741 2359 900 2393 individua
925 2360 1042 2393 mentio
1057 2343 1082 2408 ,l

324 2424 379 2446 seu
403 2413 530 2457 quaeris
554 2414 614 2446 alia
638 2414 799 2457 expressio
825 2413 983 2455 habenda,
1013 2419 1082 2450 aut,

323 2467 427 2510 aliqua
458 2467 517 2499 alia
548 2467 702 2511 exquisita
727 2467 828 2500 forma
852 2467 889 2499 ad
915 2467 975 2500 hoc
999 2476 1082 2500 ser—¹

324 2521 424 2553 vanda
448 2521 549 2560 soret,
574 2521 701 2554 illorum
731 2526 876 2561 tenores,
901 2532 937 2554 ac
968 2521 993 2553 si
1028 2521 1083 2564 de¹

324 2574 477 2617 verb02ad
494 2574 626 2607 verbum
650 2574 759 2607 inserti
784 2575 896 2616 forent,
921 2577 1083 2618 praesen-3

324 2629 408 2661 tibus
431 2639 490 2672 pro
514 2627 705 2660 sufficienter
730 2629 887 2672 expressis
916 2634 945 2662 ct
970 2629 1083 2661 inser-¹

325 2682 365 2715 tis
388 2682 549 2722 habentes,
570 2681 631 2714 illis
648 2682 723 2714 alias
741 2682 771 2714 in
789 2693 846 2715 suo
866 2682 981 2715 robore
998 2692 1067 2725 per·
1083 2720 1084 2724 Ἰ

407 2745 485 2772 Ball.
506 2745 582 2773 Rom.
604 2760 636 2763 —
660 2744 720 2772 Vol.
736 2743 815 2771 XIII.
947 2743 979 2770 18

1092 278 1146 301 viu
1172 278 1218 301 rr.
1730 266 1794 299 437
1842 277 1891 303 Λη.
1912 276 1939 302 C.
1960 277 2025 303 162t

1087 326 1263 366 intuisuris,
1289 325 1346 358 hac
1370 325 1436 358 vict?
1460 324 1623 358 dumtaxat
1652 324 1829 368 specialiter

1085 383 1114 410 ct
1131 388 1277 422 expresse
1295 378 1496 421 derogamus,
1514 377 1682 411 contrariis
1698 376 1828 420 quibus-

1085 441 1233 473 cumque:
1252 437 1302 463 aut
1325 431 1348 463 si
1368 431 1524 474 aliquibus
1549 430 1761 464 communiter
1782 431 1828 462 vel

1085 483 1208 515 divisim
1233 484 1272 516 ab
1296 485 1474 527 Apostolica
1499 485 1537 517 sit
1557 484 1636 517 Sede
1661 483 1828 518 indultum,

1085 537 1168 581 quod
1194 538 1349 574 interdici,
1367 538 1515 581 suspendi
1542 539 1587 571 rel
1614 537 1830 571 excommuni-

1086 591 1150 623 cari
1175 600 1237 623 non
1271 591 1392 634 possint
1417 602 1472 633 per
1499 591 1616 624 litteras
1641 590 1829 634 apostolicas

1086 653 1149 676 nou
1181 644 1328 677 facientes
1360 644 1484 687 plenam
1518 649 1545 675 et
1577 654 1757 687 expressam
1795 654 1830 676 ac

1087 697 1124 729 de
1152 697 1248 729 verbo
1280 697 1317 728 ad
1350 695 1481 730 verbum
1513 696 1550 727 de
1580 696 1701 729 indulto
1726 696 1831 729 huius-

1088 750 1172 783 modi
1198 750 1402 783 mentionem.
1534 752 1535 755 ’

1133 805 1147 845 ,ξ
1166 804 1212 837 te.
1228 803 1419 837 Eorumdem
1433 807 1536 837 autem
1550 802 1829 846 praedeeessorum
1874 815 1956 834 sumni
1979 814 2030 834 cun-

1090 857 1228 901 restigiis
1246 857 1445 890 inhaerentes
1457 857 1613 896 rolumus,
1624 855 1708 899 quod
1718 855 1831 898 (felicis
1846 841 2030 893 fi'r'ss'esssff'i'i'.⁰⁸¹¹¹¹

1071 931 1073 954 1
1090 910 1317 944 recordationis
1339 910 1383 942 Pii
1403 910 1435 950 V,
1453 919 1520 942 xxu
1546 908 1733 952 septembris
1750 918 1832 940 anno

1090 963 1148 1004 η’,
1166 975 1201 996 :ic
1219 963 1364 1006 Gregorii
1384 963 1450 996 Xlll
1470 962 1750 1006 praedecessorum
1775 971 1832 994 no-

1090 1022 1227 1051 strorum
1243 1017 1363 1058 litteris,
1379 1017 1437 1049 sub
1453 1017 1570 1048 annulo
1584 1014 1751 1048 piscatoris
1768 1024 1832 1047 xxv

1073 1103 1074 1109 ,
1090 1070 1270 1103 novembris
1284 1069 1425 1103 ann01x²
1442 1069 1684 1113 pontificatuum
1701 1078 1833 1101 suorum

1091 1124 1253 1168 expeditis,
1274 1123 1305 1155 in
1330 1134 1387 1156 suo
1412 1123 1528 1156 robore
1548 1127 1578 1155 et
1602 1122 1739 1155 efficacia
1765 1132 1834 1165 per-

1091 1177 1310 1220 manentibus)
1334 1180 1515 1220 praesentes
1539 1176 1662 1208 litterae
1685 1174 1834 1208 ccclesias

1092 1236 1122 1263 et
1145 1241 1298 1274 personas
1322 1230 1353 1262 in
1382 1230 1431 1262 his
1460 1240 1539 1272 quae
1563 1229 1602 1261 ad
1626 1239 1735 1262 curam
1760 1228 1831 1261 ani-

1092 1294 1215 1316 marum
1240 1284 1409 1328 pertinent,
1424 1283 1455 1315 in
1479 1283 1594 1326 quibus
1618 1282 1744 1316 decreta
1759 1282 1835 1316 Con-

1075 1356 1077 1373 t
1093 1337 1155 1370 cilii
1180 1336 1354 1370 Tridentini
1370 1336 1553 1369 huiusmodi
1570 1336 1699 1368 omnino
1717 1336 1835 1368 servari

1093 1391 1209 1424 debere
1232 1390 1423 1423 intendimus
1437 1417 1444 1431 ,
1469 1389 1598 1422 minime
1627 1389 1836 1433 comprehen-

1094 1444 1186 1484 dant,

1140 1500 1154 1542 g
1178 1498 1229 1531 tt.
1255 1499 1298 1531 Ac
1322 1498 1407 1542 quod
1432 1497 1645 1541 praesentium
1659 1496 1856 1536 litterarum,
1879 1506 1983 1543 ,2²'''¹¹s’¹*³
1998 1507 2035 1535 imf

1096 1552 1312 1596 transumptis,
1330 1562 1425 1584 manu
1441 1550 1573 1584 alicuius
1589 1550 1704 1583 notarii
1719 1549 1837 1594 publici
1852 1534 1966 1581 2¹3n¹2³12¹1'.³²
1977 1533 2035 1553 “⁰⁶¹

1096 1606 1292 1650 subscriptis,
1306 1611 1336 1638 et
1353 1605 1456 1648 sigillo
1473 1615 1626 1649 personae
1639 1604 1670 1637 in
1687 1604 1838 1647 dignitate

1097 1660 1308 1693 ecclesiastica
1329 1659 1515 1692 constitutae
1539 1658 1677 1697 munitis,
1702 1657 1734 1689 in
1757 1657 1838 1690 iudi-

1098 1715 1146 1748 cio
1170 1717 1200 1748 et
1225 1718 1312 1746 extra
1329 1712 1416 1752 illud,
1434 1712 1551 1755 ubique
1576 1712 1730 1752 locorum,
1747 1711 1839 1754 plena

1098 1774 1127 1801 et
1144 1767 1328 1807 indubitata,
1350 1766 1521 1809 eademque
1539 1775 1670 1808 prorsus
1690 1764 1768 1797 fides
1788 1763 1840 1796 ad-

1098 1821 1254 1861 hibeatur,
1270 1831 1349 1863 quae
1370 1819 1445 1864 ipsis
1470 1818 1690 1863 praesentibus
1714 1817 1841 1850 adhibe·

1097 1881 1194 1915 retur,
1212 1875 1237 1907 si
1255 1876 1357 1908 forent
1374 1873 1530 1906 exhibitae
1548 1872 1597 1905 vel
1614 1877 1767 1905 ostensae.

1141 1930 1253 1963 Datum
1267 1929 1394 1968 Romae,
1410 1927 1492 1971 apud
1509 1927 1537 1959 S.
1556 1927 1695 1966 Petrum,
1714 1925 1773 1958 sub
1790 1935 1840 1958 an-

1096 1984 1172 2016 nulo
1186 1982 1364 2022 piscatoris,
1388 1981 1437 2014 ‹lie
1458 1991 1535 2013 xxlx
1558 1979 1662 2013 martii
1685 1989 1838 2019 uncxxiv,

1097 2037 1297 2081 pontificatus
1321 2036 1420 2069 nostri
1445 2045 1527 2068 anno
1552 2044 1571 2066 1.

1133 2100 1191 2127 Dat.
1208 2099 1251 2127 die
1264 2099 1299 2127 ⁶29
1314 2098 1404 2126 martii
1422 2098 1499 2132 1624,
1516 2097 1610 2133 pontif.
1627 2104 1697 2124 anno
1713 2104 1732 2123 1.

1439 2303 1497 2335 Lll.

1100 2415 1162 2448 Con
1167 2412 1311 2456 firnzatio
1326 2412 1508 2444 litterarum
1525 2408 1674 2453 Greyoriz·
1688 2409 1719 2442 X
1726 2408 1760 2449 V,
1773 2409 1844 2453 qui-

1144 2468 1201 2499 bus
1221 2465 1435 2510 Conqreyate'o
1452 2463 1689 2497 monaclzormn
1708 2462 1844 2497 Ordinis

1135 2557 1145 2583 t
1166 2556 1236 2587 Quas
1251 2555 1290 2581 l‘ii
1305 2555 1327 2579 V
1343 2553 1445 2580 litteras
1463 2553 1524 2580 vlde
1540 2552 1567 2579 in
1584 2555 1638 2579 tom
1653 2558 1700 2586 vn,
1718 2559 1779 2587 pag.
1791 2551 1844 2579 943

1099 2605 1138 2635 (pn.
1157 2601 1207 2633 T.).

1135 2646 1151 2671 ⁹2
1167 2643 1328 2671 lluiusniodi
1342 2641 1464 2678 Gregorii
1478 2641 1535 2669 Xlll
1550 2641 1657 2669 litterae
1672 2642 1798 2677 leguntur
1818 2641 1844 2668 in

1102 2694 1165 2717 toni.
1184 2695 1241 2721 riti,
1258 2696 1318 2724 pag.
1335 2688 1387 2715 360
1400 2687 1439 2722 (R.
1455 2687 1500 2722 TV).
