<?xml version="1.0" encoding="UTF-8"?>
<!DOCTYPE html PUBLIC "-//W3C//DTD XHTML 1.0 Transitional//EN"
    "http://www.w3.org/TR/xhtml1/DTD/xhtml1-transitional.dtd">
<html xmlns="http://www.w3.org/1999/xhtml" xml:lang="en" lang="en">
 <head>
  <title>
</title>
<meta http-equiv="Content-Type" content="text/html;charset=utf-8" />
  <meta name='ocr-system' content='tesseract 3.04.00' />
  <meta name='ocr-capabilities' content='ocr_page ocr_carea ocr_par ocr_line ocrx_word'/>
</head>
<body>
  <div class='ocr_page' id='page_1' title='image "./bullarumdiplomat13cath_0517.png"; bbox 0 0 2269 3235; ppageno 0'>
   <div class='ocr_carea' id='block_1_1' title="bbox 136 242 1072 1351">
    <p class='ocr_par' dir='ltr' id='par_1_1' title="bbox 136 242 1071 653">
     <span class='ocr_line' id='line_1_1' title="bbox 136 242 323 271; baseline -0.011 0"><span class='ocrx_word' id='word_1_1' title='bbox 136 244 189 271; x_wconf 84' lang='lat' dir='ltr'>An.</span> <span class='ocrx_word' id='word_1_2' title='bbox 205 243 236 271; x_wconf 87' lang='lat' dir='ltr'>C.</span> <span class='ocrx_word' id='word_1_3' title='bbox 255 242 323 270; x_wconf 71' lang='lat'>¹626</span> 
     </span>
     <span class='ocr_line' id='line_1_2' title="bbox 331 288 1067 331; baseline -0.007 -8"><span class='ocrx_word' id='word_1_4' title='bbox 331 289 424 323; x_wconf 89' lang='lat' dir='ltr'>nibus</span> <span class='ocrx_word' id='word_1_5' title='bbox 443 289 510 322; x_wconf 85' lang='lat' dir='ltr'>eius</span> <span class='ocrx_word' id='word_1_6' title='bbox 534 289 662 323; x_wconf 82' lang='lat' dir='ltr'>nomine</span> <span class='ocrx_word' id='word_1_7' title='bbox 687 289 777 322; x_wconf 83' lang='lat' dir='ltr'>nobis</span> <span class='ocrx_word' id='word_1_8' title='bbox 803 297 897 331; x_wconf 85' lang='lat' dir='ltr'>super</span> <span class='ocrx_word' id='word_1_9' title='bbox 923 288 981 319; x_wconf 83' lang='lat' dir='ltr'>lioc</span> <span class='ocrx_word' id='word_1_10' title='bbox 1008 288 1067 319; x_wconf 83' lang='lat' dir='ltr'>liu-</span> 
     </span>
     <span class='ocr_line' id='line_1_3' title="bbox 332 339 1068 387; baseline -0.005 -12"><span class='ocrx_word' id='word_1_11' title='bbox 332 342 447 375; x_wconf 85' lang='lat' dir='ltr'>militer</span> <span class='ocrx_word' id='word_1_12' title='bbox 461 343 614 387; x_wconf 71' lang='lat' dir='ltr'>porrectis</span> <span class='ocrx_word' id='word_1_13' title='bbox 630 342 778 382; x_wconf 84' lang='lat' dir='ltr'>inclinati,</span> <span class='ocrx_word' id='word_1_14' title='bbox 793 341 830 373; x_wconf 85' lang='lat' dir='ltr'>de</span> <span class='ocrx_word' id='word_1_15' title='bbox 844 339 1068 373; x_wconf 80' lang='lat' dir='ltr'>venerabilium</span> 
     </span>
     <span class='ocr_line' id='line_1_4' title="bbox 330 392 1068 429; baseline -0.008 0"><span class='ocrx_word' id='word_1_16' title='bbox 330 397 463 429; x_wconf 79' lang='lat' dir='ltr'>fratrum</span> <span class='ocrx_word' id='word_1_17' title='bbox 487 401 669 429; x_wconf 89' lang='lat' dir='ltr'>nostrorum</span> <span class='ocrx_word' id='word_1_18' title='bbox 692 396 721 429; x_wconf 87' lang='lat' dir='ltr'>S.</span> <span class='ocrx_word' id='word_1_19' title='bbox 748 396 780 427; x_wconf 73' lang='lat' dir='ltr'>li.</span> <span class='ocrx_word' id='word_1_20' title='bbox 807 394 838 426; x_wconf 83' lang='lat' dir='ltr'>E.</span> <span class='ocrx_word' id='word_1_21' title='bbox 865 392 1068 425; x_wconf 74' lang='lat' dir='ltr'>cardinalium</span> 
     </span>
     <span class='ocr_line' id='line_1_5' title="bbox 331 448 1071 489; baseline -0.005 -8"><span class='ocrx_word' id='word_1_22' title='bbox 331 450 412 483; x_wconf 82' lang='lat' dir='ltr'>sacri</span> <span class='ocrx_word' id='word_1_23' title='bbox 436 450 565 483; x_wconf 83' lang='lat' dir='ltr'>Concilii</span> <span class='ocrx_word' id='word_1_24' title='bbox 582 448 753 482; x_wconf 74' lang='lat' dir='ltr'>Tridentini</span> <span class='ocrx_word' id='word_1_25' title='bbox 775 448 981 489; x_wconf 70' lang='lat' dir='ltr'>interpretum</span> <span class='ocrx_word' id='word_1_26' title='bbox 1000 456 1071 478; x_wconf 85' lang='lat' dir='ltr'>con-</span> 
     </span>
     <span class='ocr_line' id='line_1_6' title="bbox 331 499 1071 546; baseline -0.007 -11"><span class='ocrx_word' id='word_1_27' title='bbox 331 503 410 543; x_wconf 85' lang='lat' dir='ltr'>silio,</span> <span class='ocrx_word' id='word_1_28' title='bbox 426 503 637 546; x_wconf 88' lang='lat' dir='ltr'>praeinsertas</span> <span class='ocrx_word' id='word_1_29' title='bbox 654 500 738 534; x_wconf 87' lang='lat' dir='ltr'>Pauli</span> <span class='ocrx_word' id='word_1_30' title='bbox 753 499 1003 543; x_wconf 64' lang='lat' dir='ltr'>praedecessoris</span> <span class='ocrx_word' id='word_1_31' title='bbox 1018 500 1071 531; x_wconf 85' lang='lat' dir='ltr'>liu-</span> 
     </span>
     <span class='ocr_line' id='line_1_7' title="bbox 333 552 1070 595; baseline -0.007 -6"><span class='ocrx_word' id='word_1_32' title='bbox 333 556 467 589; x_wconf 91' lang='lat' dir='ltr'>iusmodi</span> <span class='ocrx_word' id='word_1_33' title='bbox 502 556 619 589; x_wconf 89' lang='lat' dir='ltr'>litteras</span> <span class='ocrx_word' id='word_1_34' title='bbox 650 554 688 587; x_wconf 92' lang='lat' dir='ltr'>de</span> <span class='ocrx_word' id='word_1_35' title='bbox 718 555 793 586; x_wconf 77' lang='lat' dir='ltr'>vcra</span> <span class='ocrx_word' id='word_1_36' title='bbox 821 552 1070 595; x_wconf 66' lang='lat' dir='ltr'>Congregatitme</span> 
     </span>
     <span class='ocr_line' id='line_1_8' title="bbox 334 605 1047 653; baseline -0.007 -11"><span class='ocrx_word' id='word_1_37' title='bbox 334 610 428 653; x_wconf 88' lang='lat' dir='ltr'>loqui,</span> <span class='ocrx_word' id='word_1_38' title='bbox 452 609 654 651; x_wconf 84' lang='lat' dir='ltr'>eiusdemque</span> <span class='ocrx_word' id='word_1_39' title='bbox 678 606 840 639; x_wconf 85' lang='lat' dir='ltr'>monachis</span> <span class='ocrx_word' id='word_1_40' title='bbox 864 605 1047 647; x_wconf 74' lang='lat' dir='ltr'>sust&#39;ragari3</span> 
     </span>
    </p>

    <p class='ocr_par' dir='ltr' id='par_1_2' title="bbox 331 659 1072 1078">
     <span class='ocr_line' id='line_1_9' title="bbox 377 659 1070 709; baseline -0.007 -14"><span class='ocrx_word' id='word_1_41' title='bbox 377 663 392 706; x_wconf 63' lang='grc' dir='ltr'>ἓ</span> <span class='ocrx_word' id='word_1_42' title='bbox 416 662 446 695; x_wconf 63' lang='lat' dir='ltr'>ll.</span> <span class='ocrx_word' id='word_1_43' title='bbox 472 663 571 709; x_wconf 73' lang='lat' dir='ltr'>Atque</span> <span class='ocrx_word' id='word_1_44' title='bbox 584 661 625 693; x_wconf 91' lang='lat' dir='ltr'>ita</span> <span class='ocrx_word' id='word_1_45' title='bbox 640 670 695 703; x_wconf 87' lang='lat' dir='ltr'>per</span> <span class='ocrx_word' id='word_1_46' title='bbox 712 670 928 702; x_wconf 90' lang='lat' dir='ltr'>quoscumque</span> <span class='ocrx_word' id='word_1_47' title='bbox 953 659 1070 691; x_wconf 85' lang='lat' dir='ltr'>iudices</span> 
     </span>
     <span class='ocr_line' id='line_1_10' title="bbox 333 712 1068 754; baseline -0.008 -5"><span class='ocrx_word' id='word_1_48' title='bbox 333 714 508 749; x_wconf 84' lang='lat' dir='ltr'>ordinarios</span> <span class='ocrx_word' id='word_1_49' title='bbox 532 718 562 746; x_wconf 85' lang='lat' dir='ltr'>et</span> <span class='ocrx_word' id='word_1_50' title='bbox 585 713 758 754; x_wconf 76' lang='lat' dir='ltr'>delegatos,</span> <span class='ocrx_word' id='word_1_51' title='bbox 784 712 878 745; x_wconf 86' lang='lat' dir='ltr'>etiam</span> <span class='ocrx_word' id='word_1_52' title='bbox 903 722 1068 744; x_wconf 83' lang='lat' dir='ltr'>causarum</span> 
     </span>
     <span class='ocr_line' id='line_1_11' title="bbox 332 765 1070 811; baseline -0.004 -11"><span class='ocrx_word' id='word_1_53' title='bbox 332 767 437 811; x_wconf 83' lang='lat' dir='ltr'>palatii</span> <span class='ocrx_word' id='word_1_54' title='bbox 454 765 614 809; x_wconf 87' lang='lat' dir='ltr'>apostolici</span> <span class='ocrx_word' id='word_1_55' title='bbox 628 765 796 807; x_wconf 89' lang='lat' dir='ltr'>auditores,</span> <span class='ocrx_word' id='word_1_56' title='bbox 807 765 926 809; x_wconf 85' lang='lat' dir='ltr'>ubique</span> <span class='ocrx_word' id='word_1_57' title='bbox 940 765 1070 798; x_wconf 85' lang='lat' dir='ltr'>iudicari</span> 
     </span>
     <span class='ocr_line' id='line_1_12' title="bbox 332 819 1070 861; baseline -0.003 -8"><span class='ocrx_word' id='word_1_58' title='bbox 332 832 367 853; x_wconf 88' lang='lat' dir='ltr'>ae</span> <span class='ocrx_word' id='word_1_59' title='bbox 390 819 514 852; x_wconf 83' lang='lat' dir='ltr'>deliniri</span> <span class='ocrx_word' id='word_1_60' title='bbox 538 819 671 861; x_wconf 83' lang='lat' dir='ltr'>debere,</span> <span class='ocrx_word' id='word_1_61' title='bbox 696 829 732 852; x_wconf 88' lang='lat' dir='ltr'>ae</span> <span class='ocrx_word' id='word_1_62' title='bbox 756 819 882 851; x_wconf 88' lang='lat' dir='ltr'>irritum</span> <span class='ocrx_word' id='word_1_63' title='bbox 908 823 937 851; x_wconf 89' lang='lat' dir='ltr'>et</span> <span class='ocrx_word' id='word_1_64' title='bbox 962 819 1070 859; x_wconf 87' lang='lat' dir='ltr'>inane,</span> 
     </span>
     <span class='ocr_line' id='line_1_13' title="bbox 332 872 1072 916; baseline -0.001 -10"><span class='ocrx_word' id='word_1_65' title='bbox 332 873 356 905; x_wconf 89' lang='lat' dir='ltr'>si</span> <span class='ocrx_word' id='word_1_66' title='bbox 381 883 470 906; x_wconf 88' lang='lat' dir='ltr'>secus</span> <span class='ocrx_word' id='word_1_67' title='bbox 495 883 591 916; x_wconf 89' lang='lat' dir='ltr'>super</span> <span class='ocrx_word' id='word_1_68' title='bbox 607 872 656 905; x_wconf 89' lang='lat' dir='ltr'>his</span> <span class='ocrx_word' id='word_1_69' title='bbox 673 883 690 905; x_wconf 88' lang='lat' dir='ltr'>a</span> <span class='ocrx_word' id='word_1_70' title='bbox 707 883 877 916; x_wconf 81' lang='lat' dir='ltr'>quoquam,</span> <span class='ocrx_word' id='word_1_71' title='bbox 895 873 1004 916; x_wconf 84' lang='lat' dir='ltr'>quavis</span> <span class='ocrx_word' id='word_1_72' title='bbox 1021 884 1072 906; x_wconf 90' lang='lat' dir='ltr'>au-</span> 
     </span>
     <span class='ocr_line' id='line_1_14' title="bbox 333 925 1071 969; baseline 0 -10"><span class='ocrx_word' id='word_1_73' title='bbox 333 926 486 966; x_wconf 79' lang='lat' dir='ltr'>ctoritate,</span> <span class='ocrx_word' id='word_1_74' title='bbox 495 925 630 959; x_wconf 79' lang='lat' dir='ltr'>scienter</span> <span class='ocrx_word' id='word_1_75' title='bbox 641 927 688 958; x_wconf 88' lang='lat' dir='ltr'>vel</span> <span class='ocrx_word' id='word_1_76' title='bbox 699 926 892 968; x_wconf 75' lang='lat' dir='ltr'>ignoranter,</span> <span class='ocrx_word' id='word_1_77' title='bbox 904 927 1071 969; x_wconf 77' lang='lat' dir='ltr'>contigerit</span> 
     </span>
     <span class='ocr_line' id='line_1_15' title="bbox 331 979 1071 1023; baseline 0.001 -11"><span class='ocrx_word' id='word_1_78' title='bbox 331 979 497 1021; x_wconf 86' lang='lat' dir='ltr'>attentari,</span> <span class='ocrx_word' id='word_1_79' title='bbox 522 980 695 1023; x_wconf 81' lang='lat' dir='ltr'>apostolica</span> <span class='ocrx_word' id='word_1_80' title='bbox 728 980 931 1020; x_wconf 81' lang='lat' dir='ltr'>auctoritate,</span> <span class='ocrx_word' id='word_1_81' title='bbox 962 985 1071 1013; x_wconf 83' lang='lat' dir='ltr'>tenore</span> 
     </span>
     <span class='ocr_line' id='line_1_16' title="bbox 331 1033 1070 1078; baseline 0.001 -12"><span class='ocrx_word' id='word_1_82' title='bbox 331 1034 564 1078; x_wconf 86' lang='lat' dir='ltr'>praesentium,</span> <span class='ocrx_word' id='word_1_83' title='bbox 589 1033 787 1067; x_wconf 86' lang='lat' dir='ltr'>decernimus</span> <span class='ocrx_word' id='word_1_84' title='bbox 812 1038 841 1066; x_wconf 92' lang='lat' dir='ltr'>et</span> <span class='ocrx_word' id='word_1_85' title='bbox 865 1034 1070 1067; x_wconf 74' lang='lat' dir='ltr'>declaramus.</span> 
     </span>
    </p>

    <p class='ocr_par' dir='ltr' id='par_1_3' title="bbox 332 1087 1072 1292">
     <span class='ocr_line' id='line_1_17' title="bbox 376 1087 1071 1131; baseline 0 -11"><span class='ocrx_word' id='word_1_86' title='bbox 376 1088 391 1129; x_wconf 58' lang='grc' dir='ltr'>ἓ</span> <span class='ocrx_word' id='word_1_87' title='bbox 415 1087 444 1120; x_wconf 85' lang='grc'>5.</span> <span class='ocrx_word' id='word_1_88' title='bbox 479 1087 547 1120; x_wconf 89' lang='lat' dir='ltr'>Non</span> <span class='ocrx_word' id='word_1_89' title='bbox 578 1087 776 1120; x_wconf 78' lang='lat' dir='ltr'>obstantibus</span> <span class='ocrx_word' id='word_1_90' title='bbox 808 1088 1011 1131; x_wconf 86' lang='lat' dir='ltr'>praemissis,</span> <span class='ocrx_word' id='word_1_91' title='bbox 1036 1099 1071 1121; x_wconf 85' lang='lat' dir='ltr'>ac</span> 
     </span>
     <span class='ocr_line' id='line_1_18' title="bbox 332 1140 1072 1184; baseline 0.001 -11"><span class='ocrx_word' id='word_1_92' title='bbox 332 1140 480 1173; x_wconf 88' lang='lat' dir='ltr'>omnibus</span> <span class='ocrx_word' id='word_1_93' title='bbox 496 1141 566 1180; x_wconf 79' lang='lat' dir='ltr'>illis,</span> <span class='ocrx_word' id='word_1_94' title='bbox 587 1151 666 1184; x_wconf 86' lang='lat' dir='ltr'>quae</span> <span class='ocrx_word' id='word_1_95' title='bbox 684 1141 715 1173; x_wconf 89' lang='lat' dir='ltr'>in</span> <span class='ocrx_word' id='word_1_96' title='bbox 732 1141 850 1174; x_wconf 87' lang='lat' dir='ltr'>eisdem</span> <span class='ocrx_word' id='word_1_97' title='bbox 869 1141 1072 1184; x_wconf 72' lang='lat' dir='ltr'>praeinsertis</span> 
     </span>
     <span class='ocr_line' id='line_1_19' title="bbox 333 1193 1071 1237; baseline 0.004 -11"><span class='ocrx_word' id='word_1_98' title='bbox 333 1193 444 1227; x_wconf 88' lang='lat' dir='ltr'>litteris</span> <span class='ocrx_word' id='word_1_99' title='bbox 464 1205 612 1227; x_wconf 86' lang='lat' dir='ltr'>concessa</span> <span class='ocrx_word' id='word_1_100' title='bbox 636 1199 707 1227; x_wconf 83' lang='lat' dir='ltr'>sunt</span> <span class='ocrx_word' id='word_1_101' title='bbox 731 1205 793 1227; x_wconf 91' lang='lat' dir='ltr'>non</span> <span class='ocrx_word' id='word_1_102' title='bbox 818 1195 963 1237; x_wconf 82' lang='lat' dir='ltr'>obstare,</span> <span class='ocrx_word' id='word_1_103' title='bbox 990 1201 1071 1229; x_wconf 90' lang='lat' dir='ltr'>cete-</span> 
     </span>
     <span class='ocr_line' id='line_1_20' title="bbox 333 1248 915 1292; baseline 0 -11"><span class='ocrx_word' id='word_1_104' title='bbox 333 1248 439 1291; x_wconf 82' lang='lat' dir='ltr'>riSque</span> <span class='ocrx_word' id='word_1_105' title='bbox 463 1248 630 1282; x_wconf 80' lang='lat' dir='ltr'>contrariis</span> <span class='ocrx_word' id='word_1_106' title='bbox 654 1248 915 1292; x_wconf 84' lang='lat' dir='ltr'>quibuscumque.</span> 
     </span>
    </p>

    <p class='ocr_par' dir='ltr' id='par_1_4' title="bbox 375 1301 1067 1351">
     <span class='ocr_line' id='line_1_21' title="bbox 375 1301 1067 1351; baseline 0.003 -18"><span class='ocrx_word' id='word_1_107' title='bbox 375 1302 487 1334; x_wconf 88' lang='lat' dir='ltr'>Datum</span> <span class='ocrx_word' id='word_1_108' title='bbox 511 1302 638 1342; x_wconf 88' lang='lat' dir='ltr'>Romae,</span> <span class='ocrx_word' id='word_1_109' title='bbox 664 1301 745 1345; x_wconf 87' lang='lat' dir='ltr'>apud</span> <span class='ocrx_word' id='word_1_110' title='bbox 762 1302 791 1335; x_wconf 81' lang='lat' dir='ltr'>S.</span> <span class='ocrx_word' id='word_1_111' title='bbox 817 1301 1067 1351; x_wconf 23' lang='lat' dir='ltr'>Mariameaio-</span> 
     </span>
    </p>
   </div>
   <div class='ocr_carea' id='block_1_2' title="bbox 161 677 278 699">
    <p class='ocr_par' dir='ltr' id='par_1_5' title="bbox 161 677 278 699">
     <span class='ocr_line' id='line_1_22' title="bbox 161 677 278 699; baseline -0.009 0"><span class='ocrx_word' id='word_1_112' title='bbox 161 677 278 699; x_wconf 72' lang='lat' dir='ltr'>clausulae.</span> 
     </span>
    </p>
   </div>
   <div class='ocr_carea' id='block_1_3' title="bbox 132 1100 316 1148">
    <p class='ocr_par' dir='ltr' id='par_1_6' title="bbox 132 1100 316 1148">
     <span class='ocr_line' id='line_1_23' title="bbox 160 1100 316 1121; baseline -0.006 0"><span class='ocrx_word' id='word_1_113' title='bbox 160 1100 269 1121; x_wconf 81' lang='lat' dir='ltr'>Contraria</span> <span class='ocrx_word' id='word_1_114' title='bbox 279 1101 316 1120; x_wconf 86' lang='lat' dir='ltr'>tol-</span> 
     </span>
     <span class='ocr_line' id='line_1_24' title="bbox 132 1128 210 1148; baseline 0 0"><span class='ocrx_word' id='word_1_115' title='bbox 132 1128 210 1148; x_wconf 86' lang='lat' dir='ltr'>luntur.</span> 
     </span>
    </p>
   </div>
   <div class='ocr_carea' id='block_1_4' title="bbox 332 1349 1075 1399">
    <p class='ocr_par' dir='ltr' id='par_1_7' title="bbox 332 1349 1075 1399">
     <span class='ocr_line' id='line_1_25' title="bbox 332 1349 1075 1399; baseline 0.003 -12"><span class='ocrx_word' id='word_1_116' title='bbox 332 1365 409 1397; x_wconf 85' lang='lat' dir='ltr'>rem,</span> <span class='ocrx_word' id='word_1_117' title='bbox 427 1355 484 1388; x_wconf 89' lang='lat' dir='ltr'>sub</span> <span class='ocrx_word' id='word_1_118' title='bbox 498 1356 614 1388; x_wconf 82' lang='lat' dir='ltr'>aimulo</span> <span class='ocrx_word' id='word_1_119' title='bbox 628 1355 805 1396; x_wconf 80' lang='lat' dir='ltr'>piscatoris,</span> <span class='ocrx_word' id='word_1_120' title='bbox 817 1355 866 1388; x_wconf 90' lang='lat' dir='ltr'>die</span> <span class='ocrx_word' id='word_1_121' title='bbox 880 1366 932 1389; x_wconf 84' lang='lat' dir='ltr'>xx1</span> <span class='ocrx_word' id='word_1_122' title='bbox 946 1349 1075 1399; x_wconf 65' lang='lat' dir='ltr'>augusti</span> 
     </span>
    </p>
   </div>
   <div class='ocr_carea' id='block_1_5' title="bbox 331 1409 997 1508">
    <p class='ocr_par' dir='ltr' id='par_1_8' title="bbox 331 1409 997 1508">
     <span class='ocr_line' id='line_1_26' title="bbox 331 1409 980 1453; baseline 0.002 -11"><span class='ocrx_word' id='word_1_123' title='bbox 331 1419 485 1450; x_wconf 80' lang='lat' dir='ltr'>nncxxvl,</span> <span class='ocrx_word' id='word_1_124' title='bbox 502 1409 702 1453; x_wconf 86' lang='lat' dir='ltr'>pontificatus</span> <span class='ocrx_word' id='word_1_125' title='bbox 716 1410 816 1443; x_wconf 85' lang='lat' dir='ltr'>nostri</span> <span class='ocrx_word' id='word_1_126' title='bbox 833 1420 914 1442; x_wconf 87' lang='lat' dir='ltr'>anno</span> <span class='ocrx_word' id='word_1_127' title='bbox 940 1421 980 1443; x_wconf 74' lang='lat' dir='ltr'>lv.</span> 
     </span>
     <span class='ocr_line' id='line_1_27' title="bbox 366 1471 997 1508; baseline 0.003 -10"><span class='ocrx_word' id='word_1_128' title='bbox 366 1471 423 1499; x_wconf 88' lang='lat' dir='ltr'>Dat.</span> <span class='ocrx_word' id='word_1_129' title='bbox 445 1472 488 1500; x_wconf 86' lang='lat' dir='ltr'>die</span> <span class='ocrx_word' id='word_1_130' title='bbox 503 1473 532 1500; x_wconf 80' lang='lat'>21</span> <span class='ocrx_word' id='word_1_131' title='bbox 551 1473 658 1508; x_wconf 80' lang='lat' dir='ltr'>augusti</span> <span class='ocrx_word' id='word_1_132' title='bbox 674 1473 752 1506; x_wconf 69' lang='lat'>1626,</span> <span class='ocrx_word' id='word_1_133' title='bbox 773 1474 868 1508; x_wconf 84' lang='lat' dir='ltr'>pontif.</span> <span class='ocrx_word' id='word_1_134' title='bbox 885 1481 928 1501; x_wconf 85' lang='lat' dir='ltr'>an.</span> <span class='ocrx_word' id='word_1_135' title='bbox 946 1474 997 1501; x_wconf 84' lang='lat' dir='ltr'>iv.&#39;</span> 
     </span>
    </p>
   </div>
   <div class='ocr_carea' id='block_1_6' title="bbox 655 1616 748 1650">
    <p class='ocr_par' dir='ltr' id='par_1_9' title="bbox 655 1616 748 1650">
     <span class='ocr_line' id='line_1_28' title="bbox 655 1616 748 1650; baseline -0.011 -1"><span class='ocrx_word' id='word_1_136' title='bbox 655 1616 748 1650; x_wconf 87' lang='lat' dir='ltr'>CCIX.</span> 
     </span>
    </p>
   </div>
   <div class='ocr_carea' id='block_1_7' title="bbox 331 1695 1073 2230">
    <p class='ocr_par' dir='ltr' id='par_1_10' title="bbox 331 1695 1073 2115">
     <span class='ocr_line' id='line_1_29' title="bbox 331 1695 1073 1739; baseline 0.001 -11"><span class='ocrx_word' id='word_1_137' title='bbox 331 1695 458 1728; x_wconf 67' lang='lat' dir='ltr'>Dividit</span> <span class='ocrx_word' id='word_1_138' title='bbox 480 1695 768 1739; x_wconf 65' lang='lat' dir='ltr'>Conqregyalz&#39;onem</span> <span class='ocrx_word' id='word_1_139' title='bbox 791 1696 935 1739; x_wconf 76' lang='lat' dir='ltr'>fratrwn</span> <span class='ocrx_word' id='word_1_140' title='bbox 951 1697 1073 1730; x_wconf 73' lang='lat' dir='ltr'>Eremi-</span> 
     </span>
     <span class='ocr_line' id='line_1_30' title="bbox 377 1749 1072 1784; baseline 0.003 -3"><span class='ocrx_word' id='word_1_141' title='bbox 377 1753 486 1782; x_wconf 78' lang='lat' dir='ltr'>tarum</span> <span class='ocrx_word' id='word_1_142' title='bbox 502 1749 778 1783; x_wconf 76' lang='lat' dir='ltr'>Discalceatorum</span> <span class='ocrx_word' id='word_1_143' title='bbox 798 1750 918 1783; x_wconf 77' lang='lat' dir='ltr'>Italiae</span> <span class='ocrx_word' id='word_1_144' title='bbox 937 1749 1072 1784; x_wconf 62' lang='lat' dir='ltr'>Ordinis·</span> 
     </span>
     <span class='ocr_line' id='line_1_31' title="bbox 376 1803 1068 1847; baseline 0.003 -12"><span class='ocrx_word' id='word_1_145' title='bbox 376 1803 406 1835; x_wconf 84' lang='lat' dir='ltr'>S.</span> <span class='ocrx_word' id='word_1_146' title='bbox 431 1803 615 1846; x_wconf 67' lang='lat' dir='ltr'>Angynsti&#39;ni</span> <span class='ocrx_word' id='word_1_147' title='bbox 638 1804 675 1836; x_wconf 87' lang='lat' dir='ltr'>z&#39;n</span> <span class='ocrx_word' id='word_1_148' title='bbox 698 1808 840 1847; x_wconf 78' lang='lat' dir='ltr'>quatuor</span> <span class='ocrx_word' id='word_1_149' title='bbox 862 1805 1068 1847; x_wconf 71' lang='lat' dir='ltr'>provincias,</span> 
     </span>
     <span class='ocr_line' id='line_1_32' title="bbox 375 1857 1070 1902; baseline 0.003 -13"><span class='ocrx_word' id='word_1_150' title='bbox 375 1857 522 1890; x_wconf 76' lang='lat' dir='ltr'>videlicet</span> <span class='ocrx_word' id='word_1_151' title='bbox 556 1858 761 1899; x_wconf 80' lang='lat' dir='ltr'>Romanam,</span> <span class='ocrx_word' id='word_1_152' title='bbox 796 1858 1070 1902; x_wconf 73' lang='lat' dir='ltr'>Neapolitanam,</span> 
     </span>
     <span class='ocr_line' id='line_1_33' title="bbox 375 1909 1072 1956; baseline 0.004 -14"><span class='ocrx_word' id='word_1_153' title='bbox 375 1909 582 1951; x_wconf 82' lang='lat' dir='ltr'>Ianuensem,</span> <span class='ocrx_word' id='word_1_154' title='bbox 599 1911 756 1951; x_wconf 79' lang='lat' dir='ltr'>Siculam,</span> <span class='ocrx_word' id='word_1_155' title='bbox 778 1916 805 1944; x_wconf 80' lang='lat' dir='ltr'>et</span> <span class='ocrx_word' id='word_1_156' title='bbox 826 1912 972 1944; x_wconf 64' lang='lat' dir='ltr'>institua</span> <span class='ocrx_word' id='word_1_157' title='bbox 994 1923 1072 1956; x_wconf 81' lang='lat' dir='ltr'>qua-</span> 
     </span>
     <span class='ocr_line' id='line_1_34' title="bbox 376 1964 1071 2008; baseline 0.004 -13"><span class='ocrx_word' id='word_1_158' title='bbox 376 1966 449 1995; x_wconf 78' lang='lat' dir='ltr'>tuor</span> <span class='ocrx_word' id='word_1_159' title='bbox 469 1964 687 2006; x_wconf 73' lang='lat' dir='ltr'>provinciales</span> <span class='ocrx_word' id='word_1_160' title='bbox 700 1975 760 2008; x_wconf 75' lang='lat' dir='ltr'>pro</span> <span class='ocrx_word' id='word_1_161' title='bbox 781 1975 894 1998; x_wconf 80' lang='lat' dir='ltr'>earum</span> <span class='ocrx_word' id='word_1_162' title='bbox 913 1966 1071 2008; x_wconf 57' lang='lat' dir='ltr'>{faberino</span> 
     </span>
     <span class='ocr_line' id='line_1_35' title="bbox 374 2017 1072 2062; baseline 0.004 -14"><span class='ocrx_word' id='word_1_163' title='bbox 374 2027 476 2060; x_wconf 79' lang='lat' dir='ltr'>usqne</span> <span class='ocrx_word' id='word_1_164' title='bbox 492 2017 535 2049; x_wconf 79' lang='lat' dir='ltr'>ad</span> <span class='ocrx_word' id='word_1_165' title='bbox 551 2017 796 2051; x_wconf 78' lang='lat' dir='ltr'>celebrationem</span> <span class='ocrx_word' id='word_1_166' title='bbox 809 2019 916 2061; x_wconf 71' lang='lat' dir='ltr'>futuri</span> <span class='ocrx_word' id='word_1_167' title='bbox 933 2019 1072 2062; x_wconf 71' lang='lat' dir='ltr'>capituli</span> 
     </span>
     <span class='ocr_line' id='line_1_36' title="bbox 373 2071 989 2115; baseline 0.002 -12"><span class='ocrx_word' id='word_1_168' title='bbox 373 2071 535 2113; x_wconf 72' lang='lat' dir='ltr'>qeneralis</span> <span class='ocrx_word' id='word_1_169' title='bbox 559 2072 665 2114; x_wconf 72' lang='lat' dir='ltr'>ipsius</span> <span class='ocrx_word' id='word_1_170' title='bbox 691 2072 958 2115; x_wconf 66' lang='lat' dir='ltr'>Conyregyatiom&#39;s</span> <span class='ocrx_word' id='word_1_171' title='bbox 973 2071 989 2104; x_wconf 76' lang='lat'>¹.</span> 
     </span>
    </p>

    <p class='ocr_par' dir='ltr' id='par_1_11' title="bbox 461 2151 952 2230">
     <span class='ocr_line' id='line_1_37' title="bbox 534 2151 866 2187; baseline 0.006 -9"><span class='ocrx_word' id='word_1_172' title='bbox 534 2151 669 2179; x_wconf 80' lang='lat' dir='ltr'>Urbanus</span> <span class='ocrx_word' id='word_1_173' title='bbox 690 2153 768 2186; x_wconf 79' lang='lat' dir='ltr'>Papa</span> <span class='ocrx_word' id='word_1_174' title='bbox 787 2153 866 2187; x_wconf 85' lang='lat' dir='ltr'>VI11,</span> 
     </span>
     <span class='ocr_line' id='line_1_38' title="bbox 461 2196 952 2230; baseline 0.002 -7"><span class='ocrx_word' id='word_1_175' title='bbox 461 2196 498 2223; x_wconf 87' lang='lat' dir='ltr'>ad</span> <span class='ocrx_word' id='word_1_176' title='bbox 513 2199 688 2230; x_wconf 80' lang='lat' dir='ltr'>perpetuam</span> <span class='ocrx_word' id='word_1_177' title='bbox 706 2196 751 2224; x_wconf 88' lang='lat' dir='ltr'>rei</span> <span class='ocrx_word' id='word_1_178' title='bbox 770 2197 952 2225; x_wconf 82' lang='lat' dir='ltr'>memoriam.</span> 
     </span>
    </p>
   </div>
   <div class='ocr_carea' id='block_1_8' title="bbox 135 2270 318 2318">
    <p class='ocr_par' dir='ltr' id='par_1_12' title="bbox 135 2270 318 2318">
     <span class='ocr_line' id='line_1_39' title="bbox 169 2270 318 2292; baseline 0 -1"><span class='ocrx_word' id='word_1_179' title='bbox 169 2270 253 2291; x_wconf 82' lang='lat' dir='ltr'>Ordinis</span> <span class='ocrx_word' id='word_1_180' title='bbox 264 2276 318 2292; x_wconf 80' lang='lat' dir='ltr'>coni-</span> 
     </span>
     <span class='ocr_line' id='line_1_40' title="bbox 135 2297 249 2318; baseline 0 0"><span class='ocrx_word' id='word_1_181' title='bbox 135 2297 249 2318; x_wconf 79' lang='lat' dir='ltr'>mendatio.</span> 
     </span>
    </p>
   </div>
   <div class='ocr_carea' id='block_1_9' title="bbox 333 2265 1070 2356">
    <p class='ocr_par' dir='ltr' id='par_1_13' title="bbox 333 2265 1070 2356">
     <span class='ocr_line' id='line_1_41' title="bbox 376 2265 1069 2312; baseline 0.004 -13"><span class='ocrx_word' id='word_1_182' title='bbox 376 2265 422 2299; x_wconf 83' lang='lat' dir='ltr'>Ad</span> <span class='ocrx_word' id='word_1_183' title='bbox 445 2266 557 2300; x_wconf 87' lang='lat' dir='ltr'>uberes</span> <span class='ocrx_word' id='word_1_184' title='bbox 582 2271 611 2301; x_wconf 88' lang='lat' dir='ltr'>et</span> <span class='ocrx_word' id='word_1_185' title='bbox 634 2277 744 2301; x_wconf 83' lang='lat' dir='ltr'>suaves</span> <span class='ocrx_word' id='word_1_186' title='bbox 767 2268 896 2311; x_wconf 87' lang='lat' dir='ltr'>fructus,</span> <span class='ocrx_word' id='word_1_187' title='bbox 918 2279 997 2312; x_wconf 85' lang='lat' dir='ltr'>quos</span> <span class='ocrx_word' id='word_1_188' title='bbox 1023 2269 1069 2302; x_wconf 89' lang='lat' dir='ltr'>di-</span> 
     </span>
     <span class='ocr_line' id='line_1_42' title="bbox 333 2319 1070 2356; baseline 0.007 -5"><span class='ocrx_word' id='word_1_189' title='bbox 333 2319 404 2352; x_wconf 86' lang='lat' dir='ltr'>lecti</span> <span class='ocrx_word' id='word_1_190' title='bbox 417 2319 473 2353; x_wconf 85' lang='lat' dir='ltr'>filii</span> <span class='ocrx_word' id='word_1_191' title='bbox 485 2320 597 2354; x_wconf 87' lang='lat' dir='ltr'>fratres</span> <span class='ocrx_word' id='word_1_192' title='bbox 609 2321 734 2355; x_wconf 87' lang='lat' dir='ltr'>Ordinis</span> <span class='ocrx_word' id='word_1_193' title='bbox 748 2322 960 2355; x_wconf 89' lang='lat' dir='ltr'>Eremitarum</span> <span class='ocrx_word' id='word_1_194' title='bbox 972 2324 1070 2356; x_wconf 88' lang='lat' dir='ltr'>sancti</span> 
     </span>
    </p>
   </div>
   <div class='ocr_carea' id='block_1_10' title="bbox 306 2423 1072 2685">
    <p class='ocr_par' dir='ltr' id='par_1_14' title="bbox 369 2423 1071 2461">
     <span class='ocr_line' id='line_1_43' title="bbox 369 2423 1071 2461; baseline 0.009 -12"><span class='ocrx_word' id='word_1_195' title='bbox 369 2425 381 2450; x_wconf 85' lang='lat'><strong>1</strong></span> <span class='ocrx_word' id='word_1_196' title='bbox 399 2423 462 2450; x_wconf 87' lang='lat' dir='ltr'>Vide</span> <span class='ocrx_word' id='word_1_197' title='bbox 481 2423 514 2451; x_wconf 88' lang='lat' dir='ltr'>de</span> <span class='ocrx_word' id='word_1_198' title='bbox 532 2424 584 2451; x_wconf 85' lang='lat' dir='ltr'>hae</span> <span class='ocrx_word' id='word_1_199' title='bbox 603 2424 814 2461; x_wconf 82' lang='lat' dir='ltr'>Congregatione</span> <span class='ocrx_word' id='word_1_200' title='bbox 833 2425 860 2452; x_wconf 88' lang='lat' dir='ltr'>in</span> <span class='ocrx_word' id='word_1_201' title='bbox 880 2426 991 2454; x_wconf 86' lang='lat' dir='ltr'>Constit.</span> <span class='ocrx_word' id='word_1_202' title='bbox 1008 2434 1071 2455; x_wconf 66' lang='lat' dir='ltr'>xiix</span> 
     </span>
    </p>

    <p class='ocr_par' dir='ltr' id='par_1_15' title="bbox 331 2468 1070 2507">
     <span class='ocr_line' id='line_1_44' title="bbox 331 2468 1070 2507; baseline 0.008 -13"><span class='ocrx_word' id='word_1_203' title='bbox 331 2468 373 2503; x_wconf 91' lang='lat' dir='ltr'>(in</span> <span class='ocrx_word' id='word_1_204' title='bbox 396 2476 423 2494; x_wconf 87' lang='lat' dir='ltr'>n.</span> <span class='ocrx_word' id='word_1_205' title='bbox 447 2476 470 2496; x_wconf 89' lang='lat' dir='ltr'>e.</span> <span class='ocrx_word' id='word_1_206' title='bbox 495 2469 527 2502; x_wconf 88' lang='lat' dir='ltr'>L)</span> <span class='ocrx_word' id='word_1_207' title='bbox 548 2469 671 2505; x_wconf 85' lang='lat' dir='ltr'>Gregorii</span> <span class='ocrx_word' id='word_1_208' title='bbox 690 2470 751 2504; x_wconf 82' lang='lat' dir='ltr'>XV,</span> <span class='ocrx_word' id='word_1_209' title='bbox 776 2472 938 2499; x_wconf 78' lang='lat' dir='ltr'>Pastoralis</span> <span class='ocrx_word' id='word_1_210' title='bbox 961 2473 1070 2507; x_wconf 75' lang='lat' dir='ltr'>officii,</span> 
     </span>
    </p>

    <p class='ocr_par' dir='ltr' id='par_1_16' title="bbox 331 2513 1071 2552">
     <span class='ocr_line' id='line_1_45' title="bbox 331 2513 1071 2552; baseline 0.005 -12"><span class='ocrx_word' id='word_1_211' title='bbox 331 2515 396 2540; x_wconf 86' lang='lat' dir='ltr'>tom.</span> <span class='ocrx_word' id='word_1_212' title='bbox 417 2519 464 2546; x_wconf 71' lang='lat' dir='ltr'>xa,</span> <span class='ocrx_word' id='word_1_213' title='bbox 485 2521 546 2548; x_wconf 84' lang='lat' dir='ltr'>pag.</span> <span class='ocrx_word' id='word_1_214' title='bbox 565 2513 626 2542; x_wconf 69' lang='lat'>652.</span> <span class='ocrx_word' id='word_1_215' title='bbox 647 2514 679 2541; x_wconf 87' lang='lat' dir='ltr'>Et</span> <span class='ocrx_word' id='word_1_216' title='bbox 698 2515 780 2542; x_wconf 84' lang='lat' dir='ltr'>etiam</span> <span class='ocrx_word' id='word_1_217' title='bbox 798 2515 859 2543; x_wconf 89' lang='lat' dir='ltr'>vide</span> <span class='ocrx_word' id='word_1_218' title='bbox 879 2516 1071 2552; x_wconf 81' lang='lat' dir='ltr'>subsequentia</span> 
     </span>
    </p>

    <p class='ocr_par' dir='ltr' id='par_1_17' title="bbox 332 2556 1070 2597">
     <span class='ocr_line' id='line_1_46' title="bbox 332 2556 1070 2597; baseline 0.007 -14"><span class='ocrx_word' id='word_1_219' title='bbox 332 2556 442 2584; x_wconf 86' lang='lat' dir='ltr'>decreta</span> <span class='ocrx_word' id='word_1_220' title='bbox 456 2565 471 2584; x_wconf 91' lang='lat' dir='ltr'>a</span> <span class='ocrx_word' id='word_1_221' title='bbox 485 2558 560 2584; x_wconf 77' lang='lat' dir='ltr'>sacra</span> <span class='ocrx_word' id='word_1_222' title='bbox 579 2558 747 2593; x_wconf 86' lang='lat' dir='ltr'>Apostolicae</span> <span class='ocrx_word' id='word_1_223' title='bbox 766 2560 932 2587; x_wconf 86' lang='lat' dir='ltr'>Visitationis</span> <span class='ocrx_word' id='word_1_224' title='bbox 952 2562 1070 2597; x_wconf 81' lang='lat' dir='ltr'>Congre-</span> 
     </span>
    </p>

    <p class='ocr_par' dir='ltr' id='par_1_18' title="bbox 306 2601 1072 2685">
     <span class='ocr_line' id='line_1_47' title="bbox 350 2601 1072 2641; baseline 0.007 -12"><span class='ocrx_word' id='word_1_225' title='bbox 350 2601 441 2629; x_wconf 82' lang='lat' dir='ltr'>atione</span> <span class='ocrx_word' id='word_1_226' title='bbox 456 2601 528 2629; x_wconf 85' lang='lat' dir='ltr'>edita</span> <span class='ocrx_word' id='word_1_227' title='bbox 543 2601 575 2630; x_wconf 88' lang='lat' dir='ltr'>de</span> <span class='ocrx_word' id='word_1_228' title='bbox 589 2603 633 2629; x_wconf 86' lang='lat' dir='ltr'>his</span> <span class='ocrx_word' id='word_1_229' title='bbox 646 2603 775 2633; x_wconf 84' lang='lat' dir='ltr'>fratribus</span> <span class='ocrx_word' id='word_1_230' title='bbox 786 2604 1006 2641; x_wconf 82' lang='lat' dir='ltr'>Congregationis</span> <span class='ocrx_word' id='word_1_231' title='bbox 1021 2606 1072 2634; x_wconf 86' lang='lat' dir='ltr'>Ita-</span> 
     </span>
     <span class='ocr_line' id='line_1_48' title="bbox 306 2610 718 2685; baseline 0.005 -10"><span class='ocrx_word' id='word_1_232' title='bbox 306 2610 385 2678; x_wconf 47' lang='lat' dir='ltr'>{ae</span> <span class='ocrx_word' id='word_1_233' title='bbox 400 2650 549 2683; x_wconf 83' lang='lat' dir='ltr'>opportune</span> <span class='ocrx_word' id='word_1_234' title='bbox 565 2647 608 2676; x_wconf 78' lang='lat' dir='ltr'>liic</span> <span class='ocrx_word' id='word_1_235' title='bbox 622 2649 718 2685; x_wconf 84' lang='lat' dir='ltr'>posita.</span> 
     </span>
    </p>
   </div>
   <div class='ocr_carea' id='block_1_11' title="bbox 940 239 1230 264">
    <p class='ocr_par' dir='ltr' id='par_1_19' title="bbox 940 239 1230 264">
     <span class='ocr_line' id='line_1_49' title="bbox 940 239 1230 264; baseline -0.007 0"><span class='ocrx_word' id='word_1_236' title='bbox 940 240 1082 264; x_wconf 77' lang='lat' dir='ltr'><strong>URBANUS</strong></span> <span class='ocrx_word' id='word_1_237' title='bbox 1107 239 1162 263; x_wconf 81' lang='lat' dir='ltr'>vui</span> <span class='ocrx_word' id='word_1_238' title='bbox 1183 239 1230 263; x_wconf 76' lang='grc' dir='ltr'>ΙΨ.</span> 
     </span>
    </p>
   </div>
   <div class='ocr_carea' id='block_1_12' title="bbox 1087 294 1090 2677">
    <p class='ocr_par' dir='ltr' id='par_1_20' title="bbox 1087 294 1090 2677">
     <span class='ocr_line' id='line_1_50' title="bbox 1087 294 1090 2677; baseline 0 0"><span class='ocrx_word' id='word_1_239' title='bbox 1087 294 1090 2677; x_wconf 95' lang='lat' dir='ltr'> </span> 
     </span>
    </p>
   </div>
   <div class='ocr_carea' id='block_1_13' title="bbox 1104 228 2045 2687">
    <p class='ocr_par' dir='ltr' id='par_1_21' title="bbox 1104 228 2039 809">
     <span class='ocr_line' id='line_1_51' title="bbox 1746 228 2039 264; baseline 0.01 -3"><span class='ocrx_word' id='word_1_240' title='bbox 1746 228 1810 262; x_wconf 68' lang='grc'>479</span> <span class='ocrx_word' id='word_1_241' title='bbox 1857 237 1949 263; x_wconf 53' lang='lat' dir='ltr'>Aac.</span> <span class='ocrx_word' id='word_1_242' title='bbox 1972 236 2039 264; x_wconf 70' lang='lat'>1626</span> 
     </span>
     <span class='ocr_line' id='line_1_52' title="bbox 1106 286 1842 328; baseline -0.003 -9"><span class='ocrx_word' id='word_1_243' title='bbox 1106 287 1268 327; x_wconf 60' lang='lat' dir='ltr'>Arietistini</span> <span class='ocrx_word' id='word_1_244' title='bbox 1298 286 1480 319; x_wconf 83' lang='lat' dir='ltr'>Discalceati</span> <span class='ocrx_word' id='word_1_245' title='bbox 1513 286 1681 328; x_wconf 84' lang='lat' dir='ltr'>nuncupati</span> <span class='ocrx_word' id='word_1_246' title='bbox 1706 286 1842 327; x_wconf 76' lang='lat' dir='ltr'>Congre-</span> 
     </span>
     <span class='ocr_line' id='line_1_53' title="bbox 1106 339 1843 382; baseline -0.001 -11"><span class='ocrx_word' id='word_1_247' title='bbox 1106 341 1239 382; x_wconf 69' lang='lat' dir='ltr'>gationis</span> <span class='ocrx_word' id='word_1_248' title='bbox 1259 341 1360 374; x_wconf 82' lang='lat' dir='ltr'>ltaliae</span> <span class='ocrx_word' id='word_1_249' title='bbox 1379 341 1407 373; x_wconf 88' lang='lat' dir='ltr'>in</span> <span class='ocrx_word' id='word_1_250' title='bbox 1431 339 1572 373; x_wconf 90' lang='lat' dir='ltr'>militanti</span> <span class='ocrx_word' id='word_1_251' title='bbox 1593 339 1740 381; x_wconf 75' lang='lat' dir='ltr'>Ecclesia,</span> <span class='ocrx_word' id='word_1_252' title='bbox 1755 339 1843 372; x_wconf 65' lang='lat' dir='ltr'>(xiiius</span> 
     </span>
     <span class='ocr_line' id='line_1_54' title="bbox 1105 393 1842 437; baseline -0.003 -12"><span class='ocrx_word' id='word_1_253' title='bbox 1105 394 1269 435; x_wconf 60' lang='lat' dir='ltr'>regimini,</span> <span class='ocrx_word' id='word_1_254' title='bbox 1301 394 1403 426; x_wconf 64' lang='lat' dir='ltr'>(lirina</span> <span class='ocrx_word' id='word_1_255' title='bbox 1437 394 1623 437; x_wconf 79' lang='lat' dir='ltr'>disponente</span> <span class='ocrx_word' id='word_1_256' title='bbox 1660 393 1842 433; x_wconf 73' lang='lat' dir='ltr'>clementia,</span> 
     </span>
     <span class='ocr_line' id='line_1_55' title="bbox 1105 446 1845 489; baseline 0 -12"><span class='ocrx_word' id='word_1_257' title='bbox 1105 447 1329 489; x_wconf 76' lang='lat' dir='ltr'>praesidemus,</span> <span class='ocrx_word' id='word_1_258' title='bbox 1356 448 1384 479; x_wconf 92' lang='lat' dir='ltr'>in</span> <span class='ocrx_word' id='word_1_259' title='bbox 1410 448 1476 479; x_wconf 81' lang='lat' dir='ltr'>dies</span> <span class='ocrx_word' id='word_1_260' title='bbox 1502 449 1646 485; x_wconf 67' lang='lat' dir='ltr'>atterunt,</span> <span class='ocrx_word' id='word_1_261' title='bbox 1665 446 1776 479; x_wconf 73' lang='lat' dir='ltr'>utentis</span> <span class='ocrx_word' id='word_1_262' title='bbox 1792 457 1845 478; x_wconf 84' lang='lat' dir='ltr'>no-</span> 
     </span>
     <span class='ocr_line' id='line_1_56' title="bbox 1105 499 1844 543; baseline 0.001 -13"><span class='ocrx_word' id='word_1_263' title='bbox 1105 503 1185 532; x_wconf 80' lang='lat' dir='ltr'>strae</span> <span class='ocrx_word' id='word_1_264' title='bbox 1210 499 1308 531; x_wconf 84' lang='lat' dir='ltr'>aciem</span> <span class='ocrx_word' id='word_1_265' title='bbox 1338 505 1571 539; x_wconf 69' lang='lat' dir='ltr'>convertentes,</span> <span class='ocrx_word' id='word_1_266' title='bbox 1597 500 1671 543; x_wconf 90' lang='lat' dir='ltr'>quid</span> <span class='ocrx_word' id='word_1_267' title='bbox 1698 510 1753 543; x_wconf 87' lang='lat' dir='ltr'>pro</span> <span class='ocrx_word' id='word_1_268' title='bbox 1779 500 1844 532; x_wconf 88' lang='lat' dir='ltr'>lau-</span> 
     </span>
     <span class='ocr_line' id='line_1_57' title="bbox 1108 552 1843 586; baseline 0.003 -3"><span class='ocrx_word' id='word_1_269' title='bbox 1108 552 1219 583; x_wconf 89' lang='lat' dir='ltr'>dabilis</span> <span class='ocrx_word' id='word_1_270' title='bbox 1253 562 1362 584; x_wconf 86' lang='lat' dir='ltr'>eorum</span> <span class='ocrx_word' id='word_1_271' title='bbox 1394 552 1524 584; x_wconf 78' lang='lat' dir='ltr'>instituti</span> <span class='ocrx_word' id='word_1_272' title='bbox 1560 553 1637 585; x_wconf 75' lang='lat' dir='ltr'>felici</span> <span class='ocrx_word' id='word_1_273' title='bbox 1671 553 1843 586; x_wconf 73' lang='lat' dir='ltr'>directione</span> 
     </span>
     <span class='ocr_line' id='line_1_58' title="bbox 1104 607 1843 649; baseline 0.003 -13"><span class='ocrx_word' id='word_1_274' title='bbox 1104 609 1196 647; x_wconf 86' lang='lat' dir='ltr'>atquc</span> <span class='ocrx_word' id='word_1_275' title='bbox 1220 616 1391 648; x_wconf 68' lang='lat' dir='ltr'>progressu</span> <span class='ocrx_word' id='word_1_276' title='bbox 1417 607 1564 644; x_wconf 76' lang='lat' dir='ltr'>conserat,</span> <span class='ocrx_word' id='word_1_277' title='bbox 1583 607 1749 647; x_wconf 63' lang='lat' dir='ltr'>diligenter</span> <span class='ocrx_word' id='word_1_278' title='bbox 1770 618 1843 649; x_wconf 82' lang='lat' dir='ltr'>pro-</span> 
     </span>
     <span class='ocr_line' id='line_1_59' title="bbox 1105 658 1843 702; baseline 0.004 -14"><span class='ocrx_word' id='word_1_279' title='bbox 1105 658 1265 701; x_wconf 78' lang='lat' dir='ltr'>spicimus,</span> <span class='ocrx_word' id='word_1_280' title='bbox 1291 670 1326 690; x_wconf 83' lang='lat' dir='ltr'>ac</span> <span class='ocrx_word' id='word_1_281' title='bbox 1351 659 1487 701; x_wconf 79' lang='lat' dir='ltr'>desuper</span> <span class='ocrx_word' id='word_1_282' title='bbox 1511 659 1605 691; x_wconf 81' lang='lat' dir='ltr'>ollieii</span> <span class='ocrx_word' id='word_1_283' title='bbox 1625 659 1722 691; x_wconf 87' lang='lat' dir='ltr'>nostri</span> <span class='ocrx_word' id='word_1_284' title='bbox 1741 665 1843 702; x_wconf 77' lang='lat' dir='ltr'>partes</span> 
     </span>
     <span class='ocr_line' id='line_1_60' title="bbox 1106 712 1844 756; baseline 0.003 -13"><span class='ocrx_word' id='word_1_285' title='bbox 1106 712 1269 755; x_wconf 75' lang='lat' dir='ltr'>propensis</span> <span class='ocrx_word' id='word_1_286' title='bbox 1286 712 1395 744; x_wconf 86' lang='lat' dir='ltr'>studiis</span> <span class='ocrx_word' id='word_1_287' title='bbox 1413 712 1651 755; x_wconf 80' lang='lat' dir='ltr'>interponimus,</span> <span class='ocrx_word' id='word_1_288' title='bbox 1664 719 1757 756; x_wconf 62' lang='lat' dir='ltr'>prout.</span> <span class='ocrx_word' id='word_1_289' title='bbox 1774 724 1844 746; x_wconf 88' lang='lat' dir='ltr'>con-</span> 
     </span>
     <span class='ocr_line' id='line_1_61' title="bbox 1105 765 1842 809; baseline 0.003 -12"><span class='ocrx_word' id='word_1_290' title='bbox 1105 765 1253 808; x_wconf 83' lang='lat' dir='ltr'>spicimus</span> <span class='ocrx_word' id='word_1_291' title='bbox 1278 766 1309 797; x_wconf 90' lang='lat' dir='ltr'>in</span> <span class='ocrx_word' id='word_1_292' title='bbox 1334 765 1467 798; x_wconf 84' lang='lat' dir='ltr'>Domino</span> <span class='ocrx_word' id='word_1_293' title='bbox 1492 765 1660 799; x_wconf 82' lang='lat' dir='ltr'>salubriter</span> <span class='ocrx_word' id='word_1_294' title='bbox 1685 767 1842 809; x_wconf 71' lang='lat' dir='ltr'>expedire.</span> 
     </span>
    </p>

    <p class='ocr_par' dir='ltr' id='par_1_22' title="bbox 1105 818 2035 1387">
     <span class='ocr_line' id='line_1_62' title="bbox 1150 818 1844 861; baseline -0.001 -11"><span class='ocrx_word' id='word_1_295' title='bbox 1150 820 1164 861; x_wconf 55' lang='grc' dir='ltr'>ς’</span> <span class='ocrx_word' id='word_1_296' title='bbox 1189 818 1217 850; x_wconf 77' lang='grc' dir='ltr'>Ἰ.</span> <span class='ocrx_word' id='word_1_297' title='bbox 1236 818 1354 861; x_wconf 80' lang='lat' dir='ltr'>Exponi</span> <span class='ocrx_word' id='word_1_298' title='bbox 1372 818 1526 861; x_wconf 83' lang='lat' dir='ltr'>siquidem</span> <span class='ocrx_word' id='word_1_299' title='bbox 1548 818 1638 851; x_wconf 83' lang='lat' dir='ltr'>nobis</span> <span class='ocrx_word' id='word_1_300' title='bbox 1656 829 1756 861; x_wconf 78' lang='lat' dir='ltr'>nuper</span> <span class='ocrx_word' id='word_1_301' title='bbox 1774 820 1844 851; x_wconf 77' lang='lat' dir='ltr'>fecit</span> 
     </span>
     <span class='ocr_line' id='line_1_63' title="bbox 1105 862 2035 905; baseline 0.003 -3"><span class='ocrx_word' id='word_1_302' title='bbox 1105 871 1236 904; x_wconf 87' lang='lat' dir='ltr'>dilectus</span> <span class='ocrx_word' id='word_1_303' title='bbox 1259 872 1342 904; x_wconf 80' lang='lat' dir='ltr'>lilius</span> <span class='ocrx_word' id='word_1_304' title='bbox 1367 872 1498 904; x_wconf 78' lang='lat' dir='ltr'>Basilius</span> <span class='ocrx_word' id='word_1_305' title='bbox 1518 882 1535 904; x_wconf 90' lang='lat' dir='ltr'>a</span> <span class='ocrx_word' id='word_1_306' title='bbox 1553 872 1755 905; x_wconf 74' lang='lat' dir='ltr'>Sanctissima</span> <span class='ocrx_word' id='word_1_307' title='bbox 1782 873 1845 905; x_wconf 80' lang='lat' dir='ltr'>&#39;l&#39;ri-</span> <span class='ocrx_word' id='word_1_308' title='bbox 1865 862 2035 905; x_wconf 42' lang='lat' dir='ltr'>¹{.&#39;.&#39;‹&#39;&#39;¹&#39;&#39;⁸&#39;,&#39;vv&#39;‚...2</span> 
     </span>
     <span class='ocr_line' id='line_1_64' title="bbox 1106 919 2006 968; baseline 0.002 -11"><span class='ocrx_word' id='word_1_309' title='bbox 1106 925 1200 958; x_wconf 86' lang='lat' dir='ltr'>nitate</span> <span class='ocrx_word' id='word_1_310' title='bbox 1233 925 1367 958; x_wconf 82' lang='lat' dir='ltr'>vicarius</span> <span class='ocrx_word' id='word_1_311' title='bbox 1398 925 1553 968; x_wconf 78' lang='lat' dir='ltr'>generalis</span> <span class='ocrx_word' id='word_1_312' title='bbox 1587 926 1844 968; x_wconf 70' lang='lat' dir='ltr'>Congregationis</span> <span class='ocrx_word' id='word_1_313' title='bbox 1862 920 1924 959; x_wconf 43' lang='lat' dir='ltr'>lfa.</span> <span class='ocrx_word' id='word_1_314' title='bbox 1950 919 2006 932; x_wconf 45' lang='lat' dir='ltr'>“Q</span> 
     </span>
     <span class='ocr_line' id='line_1_65' title="bbox 1105 978 1846 1023; baseline 0.004 -14"><span class='ocrx_word' id='word_1_315' title='bbox 1105 978 1293 1021; x_wconf 79' lang='lat' dir='ltr'>praedictae,</span> <span class='ocrx_word' id='word_1_316' title='bbox 1319 979 1402 1022; x_wconf 85' lang='lat' dir='ltr'>quod</span> <span class='ocrx_word' id='word_1_317' title='bbox 1427 980 1634 1022; x_wconf 59' lang='lat' dir='ltr'>Coum-egatio</span> <span class='ocrx_word' id='word_1_318' title='bbox 1654 980 1720 1023; x_wconf 81' lang='lat' dir='ltr'>ipsa</span> <span class='ocrx_word' id='word_1_319' title='bbox 1741 990 1846 1023; x_wconf 88' lang='lat' dir='ltr'>quam-</span> 
     </span>
     <span class='ocr_line' id='line_1_66' title="bbox 1106 1032 1845 1076; baseline 0.003 -14"><span class='ocrx_word' id='word_1_320' title='bbox 1106 1033 1211 1075; x_wconf 85' lang='lat' dir='ltr'>plures</span> <span class='ocrx_word' id='word_1_321' title='bbox 1243 1032 1354 1066; x_wconf 87' lang='lat' dir='ltr'>domos</span> <span class='ocrx_word' id='word_1_322' title='bbox 1392 1034 1552 1075; x_wconf 73' lang='lat' dir='ltr'>regulares</span> <span class='ocrx_word' id='word_1_323' title='bbox 1580 1044 1636 1076; x_wconf 88' lang='lat' dir='ltr'>per</span> <span class='ocrx_word' id='word_1_324' title='bbox 1667 1033 1845 1066; x_wconf 73' lang='lat' dir='ltr'>universam</span> 
     </span>
     <span class='ocr_line' id='line_1_67' title="bbox 1106 1086 1845 1130; baseline 0.003 -13"><span class='ocrx_word' id='word_1_325' title='bbox 1106 1086 1224 1118; x_wconf 85' lang='lat' dir='ltr'>ltaliam</span> <span class='ocrx_word' id='word_1_326' title='bbox 1249 1086 1362 1126; x_wconf 84' lang='lat' dir='ltr'>habet,</span> <span class='ocrx_word' id='word_1_327' title='bbox 1388 1086 1430 1118; x_wconf 88' lang='lat' dir='ltr'>ita</span> <span class='ocrx_word' id='word_1_328' title='bbox 1457 1090 1489 1119; x_wconf 88' lang='lat' dir='ltr'>ut</span> <span class='ocrx_word' id='word_1_329' title='bbox 1513 1087 1598 1119; x_wconf 87' lang='lat' dir='ltr'>solus</span> <span class='ocrx_word' id='word_1_330' title='bbox 1626 1097 1682 1129; x_wconf 87' lang='lat' dir='ltr'>per</span> <span class='ocrx_word' id='word_1_331' title='bbox 1707 1086 1845 1130; x_wconf 85' lang='lat' dir='ltr'>seipsum</span> 
     </span>
     <span class='ocr_line' id='line_1_68' title="bbox 1106 1139 1845 1184; baseline 0.003 -13"><span class='ocrx_word' id='word_1_332' title='bbox 1106 1139 1270 1172; x_wconf 82' lang='lat' dir='ltr'>commode</span> <span class='ocrx_word' id='word_1_333' title='bbox 1284 1150 1335 1172; x_wconf 87' lang='lat' dir='ltr'>eas</span> <span class='ocrx_word' id='word_1_334' title='bbox 1346 1150 1457 1182; x_wconf 75' lang='lat' dir='ltr'>regere</span> <span class='ocrx_word' id='word_1_335' title='bbox 1468 1145 1494 1172; x_wconf 88' lang='lat' dir='ltr'>et</span> <span class='ocrx_word' id='word_1_336' title='bbox 1512 1141 1690 1183; x_wconf 71' lang='lat' dir='ltr'>gubernare</span> <span class='ocrx_word' id='word_1_337' title='bbox 1703 1144 1845 1184; x_wconf 83' lang='lat' dir='ltr'>nequeat,</span> 
     </span>
     <span class='ocr_line' id='line_1_69' title="bbox 1107 1193 1846 1236; baseline 0.004 -13"><span class='ocrx_word' id='word_1_338' title='bbox 1107 1193 1302 1236; x_wconf 82' lang='lat' dir='ltr'>proindeque</span> <span class='ocrx_word' id='word_1_339' title='bbox 1327 1193 1509 1225; x_wconf 87' lang='lat' dir='ltr'>earumdem</span> <span class='ocrx_word' id='word_1_340' title='bbox 1533 1194 1701 1226; x_wconf 89' lang='lat' dir='ltr'>domorum</span> <span class='ocrx_word' id='word_1_341' title='bbox 1721 1194 1846 1227; x_wconf 86' lang='lat' dir='ltr'>utilitati</span> 
     </span>
     <span class='ocr_line' id='line_1_70' title="bbox 1106 1246 1845 1289; baseline 0.003 -11"><span class='ocrx_word' id='word_1_342' title='bbox 1106 1246 1240 1279; x_wconf 81' lang='lat' dir='ltr'>maxime</span> <span class='ocrx_word' id='word_1_343' title='bbox 1254 1247 1431 1279; x_wconf 86' lang='lat' dir='ltr'>consultum</span> <span class='ocrx_word' id='word_1_344' title='bbox 1449 1247 1486 1279; x_wconf 89' lang='lat' dir='ltr'>iri</span> <span class='ocrx_word' id='word_1_345' title='bbox 1508 1247 1672 1289; x_wconf 86' lang='lat' dir='ltr'>existimet,</span> <span class='ocrx_word' id='word_1_346' title='bbox 1691 1247 1715 1279; x_wconf 89' lang='lat' dir='ltr'>si</span> <span class='ocrx_word' id='word_1_347' title='bbox 1737 1247 1845 1280; x_wconf 86' lang='lat' dir='ltr'>eadem</span> 
     </span>
     <span class='ocr_line' id='line_1_71' title="bbox 1105 1300 1847 1344; baseline 0.001 -11"><span class='ocrx_word' id='word_1_348' title='bbox 1105 1300 1313 1344; x_wconf 76' lang='lat' dir='ltr'>Congregatio</span> <span class='ocrx_word' id='word_1_349' title='bbox 1337 1301 1368 1333; x_wconf 89' lang='lat' dir='ltr'>in</span> <span class='ocrx_word' id='word_1_350' title='bbox 1389 1301 1578 1344; x_wconf 80' lang='lat' dir='ltr'>provincias,</span> <span class='ocrx_word' id='word_1_351' title='bbox 1598 1306 1632 1333; x_wconf 91' lang='lat' dir='ltr'>ut</span> <span class='ocrx_word' id='word_1_352' title='bbox 1656 1301 1747 1341; x_wconf 81' lang='lat' dir='ltr'>infra,</span> <span class='ocrx_word' id='word_1_353' title='bbox 1772 1301 1847 1334; x_wconf 85' lang='lat' dir='ltr'>divi-</span> 
     </span>
     <span class='ocr_line' id='line_1_72' title="bbox 1105 1354 1205 1387; baseline 0.01 -1"><span class='ocrx_word' id='word_1_354' title='bbox 1105 1354 1205 1387; x_wconf 82' lang='lat' dir='ltr'>detur.</span> 
     </span>
    </p>

    <p class='ocr_par' dir='ltr' id='par_1_23' title="bbox 1105 1408 2044 2417">
     <span class='ocr_line' id='line_1_73' title="bbox 1149 1408 2044 1452; baseline -0.002 -11"><span class='ocrx_word' id='word_1_355' title='bbox 1149 1409 1164 1451; x_wconf 57' lang='grc' dir='ltr'><strong>ἓ</strong></span> <span class='ocrx_word' id='word_1_356' title='bbox 1195 1408 1224 1441; x_wconf 68' lang='lat'>2.</span> <span class='ocrx_word' id='word_1_357' title='bbox 1258 1409 1341 1449; x_wconf 85' lang='lat' dir='ltr'>Nos,</span> <span class='ocrx_word' id='word_1_358' title='bbox 1375 1419 1528 1452; x_wconf 82' lang='lat' dir='ltr'>prospero</span> <span class='ocrx_word' id='word_1_359' title='bbox 1565 1409 1710 1452; x_wconf 80' lang='lat' dir='ltr'>felicique</span> <span class='ocrx_word' id='word_1_360' title='bbox 1745 1409 1845 1443; x_wconf 87' lang='lat' dir='ltr'>dictae</span> <span class='ocrx_word' id='word_1_361' title='bbox 1887 1420 2044 1443; x_wconf 53' lang='lat' dir='ltr'>numantia</span> 
     </span>
     <span class='ocr_line' id='line_1_74' title="bbox 1105 1448 2044 1508; baseline 0.003 -13"><span class='ocrx_word' id='word_1_362' title='bbox 1105 1462 1362 1504; x_wconf 74' lang='lat' dir='ltr'>Congregationis</span> <span class='ocrx_word' id='word_1_363' title='bbox 1376 1463 1521 1505; x_wconf 73' lang='lat' dir='ltr'>regimini</span> <span class='ocrx_word' id='word_1_364' title='bbox 1535 1468 1564 1496; x_wconf 87' lang='lat' dir='ltr'>et</span> <span class='ocrx_word' id='word_1_365' title='bbox 1577 1464 1741 1506; x_wconf 79' lang='lat' dir='ltr'>gubernio,</span> <span class='ocrx_word' id='word_1_366' title='bbox 1752 1475 1846 1508; x_wconf 85' lang='lat' dir='ltr'>quan·</span> <span class='ocrx_word' id='word_1_367' title='bbox 1860 1448 2044 1505; x_wconf 48' lang='lat' dir='ltr'>fx&#39;j&#39;v:=iiif¹&#39;·¹i¹iii¹u⁸rii¹3</span> 
     </span>
     <span class='ocr_line' id='line_1_75' title="bbox 1107 1502 2042 1560; baseline 0 -13"><span class='ocrx_word' id='word_1_368' title='bbox 1107 1520 1171 1547; x_wconf 92' lang='lat' dir='ltr'>tum</span> <span class='ocrx_word' id='word_1_369' title='bbox 1202 1526 1272 1547; x_wconf 91' lang='lat' dir='ltr'>cum</span> <span class='ocrx_word' id='word_1_370' title='bbox 1298 1516 1431 1548; x_wconf 89' lang='lat' dir='ltr'>Domino</span> <span class='ocrx_word' id='word_1_371' title='bbox 1454 1527 1637 1559; x_wconf 84' lang='lat' dir='ltr'>possumus,</span> <span class='ocrx_word' id='word_1_372' title='bbox 1663 1518 1844 1560; x_wconf 86' lang='lat' dir='ltr'>consulere,</span> <span class='ocrx_word' id='word_1_373' title='bbox 1861 1502 1991 1548; x_wconf 48' lang='lat' dir='ltr'>‘s&#39;fflffifflljffl&#39;’</span> <span class='ocrx_word' id='word_1_374' title='bbox 2024 1503 2042 1520; x_wconf 43' lang='grc' dir='ltr'>ρ’</span> 
     </span>
     <span class='ocr_line' id='line_1_76' title="bbox 1106 1569 1845 1613; baseline 0.005 -13"><span class='ocrx_word' id='word_1_375' title='bbox 1106 1569 1273 1612; x_wconf 87' lang='lat' dir='ltr'>ipsumque</span> <span class='ocrx_word' id='word_1_376' title='bbox 1298 1569 1446 1601; x_wconf 85' lang='lat' dir='ltr'>Basilium</span> <span class='ocrx_word' id='word_1_377' title='bbox 1472 1570 1663 1613; x_wconf 77' lang='lat' dir='ltr'>specialibus</span> <span class='ocrx_word' id='word_1_378' title='bbox 1688 1571 1845 1604; x_wconf 69' lang='lat' dir='ltr'>favoribus</span> 
     </span>
     <span class='ocr_line' id='line_1_77' title="bbox 1106 1622 1847 1667; baseline 0.005 -14"><span class='ocrx_word' id='word_1_379' title='bbox 1106 1626 1136 1654; x_wconf 87' lang='lat' dir='ltr'>et</span> <span class='ocrx_word' id='word_1_380' title='bbox 1160 1622 1269 1664; x_wconf 71' lang='lat' dir='ltr'>gratiis</span> <span class='ocrx_word' id='word_1_381' title='bbox 1294 1623 1443 1666; x_wconf 85' lang='lat' dir='ltr'>prosequi</span> <span class='ocrx_word' id='word_1_382' title='bbox 1468 1624 1618 1664; x_wconf 76' lang='lat' dir='ltr'>volentes,</span> <span class='ocrx_word' id='word_1_383' title='bbox 1643 1634 1660 1656; x_wconf 88' lang='lat' dir='ltr'>a</span> <span class='ocrx_word' id='word_1_384' title='bbox 1685 1625 1847 1667; x_wconf 69' lang='lat' dir='ltr'>quibusvis</span> 
     </span>
     <span class='ocr_line' id='line_1_78' title="bbox 1107 1675 1848 1719; baseline 0.005 -13"><span class='ocrx_word' id='word_1_385' title='bbox 1107 1675 1449 1715; x_wconf 86' lang='lat' dir='ltr'>excommunicationis,</span> <span class='ocrx_word' id='word_1_386' title='bbox 1475 1677 1689 1719; x_wconf 86' lang='lat' dir='ltr'>suspensionis</span> <span class='ocrx_word' id='word_1_387' title='bbox 1707 1683 1737 1709; x_wconf 87' lang='lat' dir='ltr'>et</span> <span class='ocrx_word' id='word_1_388' title='bbox 1757 1677 1848 1710; x_wconf 81' lang='lat' dir='ltr'>inter-</span> 
     </span>
     <span class='ocr_line' id='line_1_79' title="bbox 1106 1728 1849 1772; baseline 0.004 -13"><span class='ocrx_word' id='word_1_389' title='bbox 1106 1728 1190 1769; x_wconf 81' lang='lat' dir='ltr'>dicti,</span> <span class='ocrx_word' id='word_1_390' title='bbox 1209 1729 1340 1772; x_wconf 87' lang='lat' dir='ltr'>aliisque</span> <span class='ocrx_word' id='word_1_391' title='bbox 1356 1729 1576 1762; x_wconf 56' lang='lat' dir='ltr'>ecclesiasticis</span> <span class='ocrx_word' id='word_1_392' title='bbox 1594 1730 1763 1771; x_wconf 85' lang='lat' dir='ltr'>sententiis,</span> <span class='ocrx_word' id='word_1_393' title='bbox 1781 1741 1849 1764; x_wconf 86' lang='lat' dir='ltr'>een-</span> 
     </span>
     <span class='ocr_line' id='line_1_80' title="bbox 1106 1782 1848 1828; baseline 0.004 -14"><span class='ocrx_word' id='word_1_394' title='bbox 1106 1782 1188 1814; x_wconf 88' lang='lat' dir='ltr'>suris</span> <span class='ocrx_word' id='word_1_395' title='bbox 1205 1786 1235 1815; x_wconf 88' lang='lat' dir='ltr'>et</span> <span class='ocrx_word' id='word_1_396' title='bbox 1251 1782 1370 1825; x_wconf 86' lang='lat' dir='ltr'>poenis,</span> <span class='ocrx_word' id='word_1_397' title='bbox 1384 1793 1401 1814; x_wconf 92' lang='lat' dir='ltr'>a</span> <span class='ocrx_word' id='word_1_398' title='bbox 1418 1782 1487 1815; x_wconf 84' lang='lat' dir='ltr'>iure</span> <span class='ocrx_word' id='word_1_399' title='bbox 1502 1783 1549 1815; x_wconf 81' lang='lat' dir='ltr'>vel</span> <span class='ocrx_word' id='word_1_400' title='bbox 1567 1783 1605 1816; x_wconf 90' lang='lat' dir='ltr'>ab</span> <span class='ocrx_word' id='word_1_401' title='bbox 1622 1784 1762 1824; x_wconf 83' lang='lat' dir='ltr'>homine,</span> <span class='ocrx_word' id='word_1_402' title='bbox 1777 1795 1848 1828; x_wconf 81' lang='lat' dir='ltr'>qua-</span> 
     </span>
     <span class='ocr_line' id='line_1_81' title="bbox 1107 1836 1847 1882; baseline 0.004 -14"><span class='ocrx_word' id='word_1_403' title='bbox 1107 1836 1151 1868; x_wconf 86' lang='lat' dir='ltr'>vis</span> <span class='ocrx_word' id='word_1_404' title='bbox 1176 1836 1340 1869; x_wconf 84' lang='lat' dir='ltr'>occasione</span> <span class='ocrx_word' id='word_1_405' title='bbox 1365 1837 1413 1869; x_wconf 80' lang='lat' dir='ltr'>vel</span> <span class='ocrx_word' id='word_1_406' title='bbox 1443 1838 1536 1870; x_wconf 78' lang='lat' dir='ltr'>causa</span> <span class='ocrx_word' id='word_1_407' title='bbox 1569 1837 1656 1878; x_wconf 88' lang='lat' dir='ltr'>latis,</span> <span class='ocrx_word' id='word_1_408' title='bbox 1682 1837 1707 1870; x_wconf 80' lang='lat' dir='ltr'>si</span> <span class='ocrx_word' id='word_1_409' title='bbox 1733 1838 1847 1882; x_wconf 78' lang='lat' dir='ltr'>quibus</span> 
     </span>
     <span class='ocr_line' id='line_1_82' title="bbox 1106 1890 1843 1934; baseline 0.003 -11"><span class='ocrx_word' id='word_1_410' title='bbox 1106 1890 1343 1934; x_wconf 85' lang='lat' dir='ltr'>quomodolibet</span> <span class='ocrx_word' id='word_1_411' title='bbox 1366 1890 1532 1924; x_wconf 81' lang='lat' dir='ltr'>innodatus</span> <span class='ocrx_word' id='word_1_412' title='bbox 1557 1891 1678 1931; x_wconf 79' lang='lat' dir='ltr'>existit,</span> <span class='ocrx_word' id='word_1_413' title='bbox 1704 1892 1741 1923; x_wconf 90' lang='lat' dir='ltr'>ad</span> <span class='ocrx_word' id='word_1_414' title='bbox 1766 1892 1843 1925; x_wconf 80' lang='lat' dir='ltr'>effe-</span> 
     </span>
     <span class='ocr_line' id='line_1_83' title="bbox 1106 1943 1843 1989; baseline 0.003 -13"><span class='ocrx_word' id='word_1_415' title='bbox 1106 1949 1190 1976; x_wconf 87' lang='lat' dir='ltr'>ctum</span> <span class='ocrx_word' id='word_1_416' title='bbox 1214 1943 1427 1988; x_wconf 86' lang='lat' dir='ltr'>praesentium</span> <span class='ocrx_word' id='word_1_417' title='bbox 1454 1944 1615 1977; x_wconf 79' lang='lat' dir='ltr'>dumtaxat</span> <span class='ocrx_word' id='word_1_418' title='bbox 1644 1956 1843 1989; x_wconf 82' lang='lat' dir='ltr'>consequen—</span> 
     </span>
     <span class='ocr_line' id='line_1_84' title="bbox 1106 1998 1847 2039; baseline 0.003 -9"><span class='ocrx_word' id='word_1_419' title='bbox 1106 1998 1190 2039; x_wconf 89' lang='lat' dir='ltr'>dum,</span> <span class='ocrx_word' id='word_1_420' title='bbox 1215 1998 1329 2030; x_wconf 86' lang='lat' dir='ltr'>harum</span> <span class='ocrx_word' id='word_1_421' title='bbox 1354 1998 1434 2031; x_wconf 87' lang='lat' dir='ltr'>serie</span> <span class='ocrx_word' id='word_1_422' title='bbox 1455 1999 1652 2031; x_wconf 85' lang='lat' dir='ltr'>absolventes</span> <span class='ocrx_word' id='word_1_423' title='bbox 1674 2003 1703 2032; x_wconf 89' lang='lat' dir='ltr'>et</span> <span class='ocrx_word' id='word_1_424' title='bbox 1723 2000 1847 2032; x_wconf 88' lang='lat' dir='ltr'>absolu-</span> 
     </span>
     <span class='ocr_line' id='line_1_85' title="bbox 1106 2051 1846 2096; baseline 0.004 -13"><span class='ocrx_word' id='word_1_425' title='bbox 1106 2056 1172 2084; x_wconf 91' lang='lat' dir='ltr'>tum</span> <span class='ocrx_word' id='word_1_426' title='bbox 1196 2051 1262 2084; x_wconf 89' lang='lat' dir='ltr'>sore</span> <span class='ocrx_word' id='word_1_427' title='bbox 1287 2057 1459 2093; x_wconf 88' lang='lat' dir='ltr'>censentes,</span> <span class='ocrx_word' id='word_1_428' title='bbox 1478 2052 1760 2096; x_wconf 79' lang='lat' dir='ltr'>supplieationilnis</span> <span class='ocrx_word' id='word_1_429' title='bbox 1780 2054 1846 2086; x_wconf 84' lang='lat' dir='ltr'>eius</span> 
     </span>
     <span class='ocr_line' id='line_1_86' title="bbox 1106 2105 1847 2150; baseline 0.003 -13"><span class='ocrx_word' id='word_1_430' title='bbox 1106 2105 1232 2138; x_wconf 90' lang='lat' dir='ltr'>nomine</span> <span class='ocrx_word' id='word_1_431' title='bbox 1259 2105 1350 2138; x_wconf 90' lang='lat' dir='ltr'>nobis</span> <span class='ocrx_word' id='word_1_432' title='bbox 1383 2116 1477 2149; x_wconf 89' lang='lat' dir='ltr'>super</span> <span class='ocrx_word' id='word_1_433' title='bbox 1501 2106 1560 2138; x_wconf 89' lang='lat' dir='ltr'>hoc</span> <span class='ocrx_word' id='word_1_434' title='bbox 1586 2106 1748 2138; x_wconf 85' lang='lat' dir='ltr'>humiliter</span> <span class='ocrx_word' id='word_1_435' title='bbox 1772 2117 1847 2150; x_wconf 87' lang='lat' dir='ltr'>por-</span> 
     </span>
     <span class='ocr_line' id='line_1_87' title="bbox 1105 2159 1846 2203; baseline 0.001 -12"><span class='ocrx_word' id='word_1_436' title='bbox 1105 2159 1199 2193; x_wconf 87' lang='lat' dir='ltr'>rectis</span> <span class='ocrx_word' id='word_1_437' title='bbox 1223 2159 1384 2201; x_wconf 90' lang='lat' dir='ltr'>inclinati,</span> <span class='ocrx_word' id='word_1_438' title='bbox 1409 2160 1693 2202; x_wconf 64' lang='lat' dir='ltr'>(Longi-egationem</span> <span class='ocrx_word' id='word_1_439' title='bbox 1722 2160 1846 2203; x_wconf 89' lang='lat' dir='ltr'>praedi-</span> 
     </span>
     <span class='ocr_line' id='line_1_88' title="bbox 1106 2213 1846 2257; baseline 0.003 -12"><span class='ocrx_word' id='word_1_440' title='bbox 1106 2218 1187 2246; x_wconf 90' lang='lat' dir='ltr'>ctam</span> <span class='ocrx_word' id='word_1_441' title='bbox 1204 2213 1235 2245; x_wconf 90' lang='lat' dir='ltr'>in</span> <span class='ocrx_word' id='word_1_442' title='bbox 1253 2218 1388 2256; x_wconf 90' lang='lat' dir='ltr'>quatuor</span> <span class='ocrx_word' id='word_1_443' title='bbox 1408 2213 1596 2257; x_wconf 65' lang='lat' dir='ltr'>ltirovincias,</span> <span class='ocrx_word' id='word_1_444' title='bbox 1623 2213 1767 2246; x_wconf 84' lang='lat' dir='ltr'>videlicet</span> <span class='ocrx_word' id='word_1_445' title='bbox 1784 2215 1846 2247; x_wconf 87' lang='lat' dir='ltr'>Ro-</span> 
     </span>
     <span class='ocr_line' id='line_1_89' title="bbox 1106 2267 1847 2310; baseline 0.001 -11"><span class='ocrx_word' id='word_1_446' title='bbox 1106 2277 1241 2307; x_wconf 87' lang='lat' dir='ltr'>manam,</span> <span class='ocrx_word' id='word_1_447' title='bbox 1266 2267 1512 2310; x_wconf 84' lang='lat' dir='ltr'>Neapolitanam,</span> <span class='ocrx_word' id='word_1_448' title='bbox 1538 2267 1721 2299; x_wconf 84' lang='lat' dir='ltr'>lanuensem</span> <span class='ocrx_word' id='word_1_449' title='bbox 1747 2273 1777 2300; x_wconf 93' lang='lat' dir='ltr'>et</span> <span class='ocrx_word' id='word_1_450' title='bbox 1801 2267 1847 2300; x_wconf 83' lang='lat' dir='ltr'>Si-</span> 
     </span>
     <span class='ocr_line' id='line_1_90' title="bbox 1105 2320 1847 2364; baseline 0 -11"><span class='ocrx_word' id='word_1_451' title='bbox 1105 2320 1205 2360; x_wconf 86' lang='lat' dir='ltr'>ciliae,</span> <span class='ocrx_word' id='word_1_452' title='bbox 1230 2320 1402 2364; x_wconf 71' lang='lat' dir='ltr'>apostoliea</span> <span class='ocrx_word' id='word_1_453' title='bbox 1420 2320 1615 2361; x_wconf 79' lang='lat' dir='ltr'>auctoritate,</span> <span class='ocrx_word' id='word_1_454' title='bbox 1634 2324 1742 2353; x_wconf 88' lang='lat' dir='ltr'>tenore</span> <span class='ocrx_word' id='word_1_455' title='bbox 1760 2330 1847 2364; x_wconf 85' lang='lat' dir='ltr'>prae-</span> 
     </span>
     <span class='ocr_line' id='line_1_91' title="bbox 1105 2373 1844 2417; baseline 0.001 -11"><span class='ocrx_word' id='word_1_456' title='bbox 1105 2375 1249 2414; x_wconf 75' lang='lat' dir='ltr'>sentium,</span> <span class='ocrx_word' id='word_1_457' title='bbox 1260 2378 1413 2417; x_wconf 82' lang='lat' dir='ltr'>perpetuo</span> <span class='ocrx_word' id='word_1_458' title='bbox 1428 2373 1596 2406; x_wconf 76' lang='lat' dir='ltr'>dividimus</span> <span class='ocrx_word' id='word_1_459' title='bbox 1610 2378 1639 2405; x_wconf 86' lang='lat' dir='ltr'>et</span> <span class='ocrx_word' id='word_1_460' title='bbox 1653 2384 1844 2417; x_wconf 82' lang='lat' dir='ltr'>separamus.</span> 
     </span>
    </p>

    <p class='ocr_par' dir='ltr' id='par_1_24' title="bbox 1105 2427 2045 2687">
     <span class='ocr_line' id='line_1_92' title="bbox 1150 2427 2045 2487; baseline 0.004 -30"><span class='ocrx_word' id='word_1_461' title='bbox 1150 2429 1164 2471; x_wconf 97' lang='lat' dir='ltr'><strong>Q</strong></span> <span class='ocrx_word' id='word_1_462' title='bbox 1184 2427 1212 2459; x_wconf 65' lang='lat'>53.</span> <span class='ocrx_word' id='word_1_463' title='bbox 1232 2428 1360 2461; x_wconf 85' lang='lat' dir='ltr'>Necnon</span> <span class='ocrx_word' id='word_1_464' title='bbox 1377 2437 1435 2470; x_wconf 86' lang='lat' dir='ltr'>pro</span> <span class='ocrx_word' id='word_1_465' title='bbox 1452 2427 1511 2459; x_wconf 89' lang='lat' dir='ltr'>hac</span> <span class='ocrx_word' id='word_1_466' title='bbox 1528 2427 1630 2470; x_wconf 74' lang='lat' dir='ltr'>prima</span> <span class='ocrx_word' id='word_1_467' title='bbox 1650 2427 1727 2467; x_wconf 73' lang='lat' dir='ltr'>vice,</span> <span class='ocrx_word' id='word_1_468' title='bbox 1746 2438 1845 2471; x_wconf 87' lang='lat' dir='ltr'>usque</span> <span class='ocrx_word' id='word_1_469' title='bbox 1861 2434 2045 2487; x_wconf 37' lang='lat' dir='ltr'>Jffiffs¹5hffht2¹¹2¹5risfj</span> 
     </span>
     <span class='ocr_line' id='line_1_93' title="bbox 1105 2481 2044 2540; baseline 0.001 -27"><span class='ocrx_word' id='word_1_470' title='bbox 1105 2481 1143 2514; x_wconf 90' lang='lat' dir='ltr'>ad</span> <span class='ocrx_word' id='word_1_471' title='bbox 1163 2481 1307 2525; x_wconf 85' lang='lat' dir='ltr'>proxime</span> <span class='ocrx_word' id='word_1_472' title='bbox 1328 2481 1423 2513; x_wconf 84' lang='lat' dir='ltr'>futuri</span> <span class='ocrx_word' id='word_1_473' title='bbox 1445 2481 1573 2524; x_wconf 91' lang='lat' dir='ltr'>capituli</span> <span class='ocrx_word' id='word_1_474' title='bbox 1594 2481 1750 2523; x_wconf 79' lang='lat' dir='ltr'>generalis</span> <span class='ocrx_word' id='word_1_475' title='bbox 1768 2481 1846 2514; x_wconf 88' lang='lat' dir='ltr'>eius·</span> <span class='ocrx_word' id='word_1_476' title='bbox 1861 2481 2044 2540; x_wconf 28' lang='lat' dir='ltr'>J223=ff¹¹2ffi¹e¹¹jfftgiffij</span> 
     </span>
     <span class='ocr_line' id='line_1_94' title="bbox 1105 2534 2044 2588; baseline 0.001 -21"><span class='ocrx_word' id='word_1_477' title='bbox 1105 2535 1175 2567; x_wconf 88' lang='lat' dir='ltr'>dem</span> <span class='ocrx_word' id='word_1_478' title='bbox 1193 2534 1450 2577; x_wconf 71' lang='lat' dir='ltr'>Congregationis</span> <span class='ocrx_word' id='word_1_479' title='bbox 1465 2534 1707 2568; x_wconf 90' lang='lat' dir='ltr'>celebrationem</span> <span class='ocrx_word' id='word_1_480' title='bbox 1726 2540 1844 2568; x_wconf 84' lang='lat' dir='ltr'>tantuin</span> <span class='ocrx_word' id='word_1_481' title='bbox 1861 2544 2044 2588; x_wconf 49' lang='lat' dir='ltr'>myngumcffifflj</span> 
     </span>
     <span class='ocr_line' id='line_1_95' title="bbox 1106 2588 2041 2629; baseline 0 -7"><span class='ocrx_word' id='word_1_482' title='bbox 1106 2593 1135 2622; x_wconf 90' lang='lat' dir='ltr'>ct</span> <span class='ocrx_word' id='word_1_483' title='bbox 1159 2598 1221 2621; x_wconf 86' lang='lat' dir='ltr'>non</span> <span class='ocrx_word' id='word_1_484' title='bbox 1245 2588 1344 2629; x_wconf 89' lang='lat' dir='ltr'>ultra,</span> <span class='ocrx_word' id='word_1_485' title='bbox 1370 2588 1401 2620; x_wconf 91' lang='lat' dir='ltr'>in</span> <span class='ocrx_word' id='word_1_486' title='bbox 1426 2589 1585 2621; x_wconf 86' lang='lat' dir='ltr'>Romanae</span> <span class='ocrx_word' id='word_1_487' title='bbox 1609 2588 1781 2621; x_wconf 69' lang='lat' dir='ltr'>Victoriam</span> <span class='ocrx_word' id='word_1_488' title='bbox 1807 2589 1844 2621; x_wconf 88' lang='lat' dir='ltr'>ab</span> <span class='ocrx_word' id='word_1_489' title='bbox 1861 2594 1945 2618; x_wconf 62' lang='lat' dir='ltr'>munus,</span> <span class='ocrx_word' id='word_1_490' title='bbox 1961 2596 1983 2614; x_wconf 72' lang='lat' dir='ltr'>ut</span> <span class='ocrx_word' id='word_1_491' title='bbox 1999 2594 2041 2615; x_wconf 71' lang='lat' dir='ltr'>hic·</span> 
     </span>
     <span class='ocr_line' id='line_1_96' title="bbox 1106 2642 1843 2687; baseline 0.001 -12"><span class='ocrx_word' id='word_1_492' title='bbox 1106 2642 1296 2687; x_wconf 84' lang='lat' dir='ltr'>Epiphania,</span> <span class='ocrx_word' id='word_1_493' title='bbox 1322 2642 1353 2675; x_wconf 88' lang='lat' dir='ltr'>in</span> <span class='ocrx_word' id='word_1_494' title='bbox 1377 2642 1597 2687; x_wconf 84' lang='lat' dir='ltr'>Neapolitanae</span> <span class='ocrx_word' id='word_1_495' title='bbox 1621 2643 1801 2677; x_wconf 81' lang='lat' dir='ltr'>Simeonem</span> <span class='ocrx_word' id='word_1_496' title='bbox 1826 2653 1843 2676; x_wconf 88' lang='lat' dir='ltr'>a</span> 
     </span>
    </p>
   </div>
   <div class='ocr_carea' id='block_1_14' title="bbox 1889 830 2003 961">
    <p class='ocr_par' dir='ltr' id='par_1_25' title="bbox 1889 830 2003 961">
     <span class='ocr_line' id='line_1_97' title="bbox 1889 830 2003 961; baseline 0 2274"><span class='ocrx_word' id='word_1_497' title='bbox 1889 830 2003 961; x_wconf 95' lang='lat' dir='ltr'> </span> 
     </span>
    </p>
   </div>
  </div>
 </body>
</html>
