2269 3235
152 243 204 270 An.
221 242 250 270 C.
269 242 337 270 1626

955 244 1097 267 URBANUS
1131 244 1186 267 vul
1210 244 1258 268 1¹1².

348 291 440 323 causa
464 290 591 334 infringi
616 291 745 331 debeat3
771 291 917 335 quodque
941 302 1022 323 unus
1047 302 1083 324 ex

347 354 459 377 novem
480 345 638 378 canonicis
665 345 832 389 praedictis
858 345 1006 387 magister
1030 356 1083 377 seu

347 398 523 431 licentiatus
548 399 579 431 in
604 399 760 442 theologia
785 404 815 431 ct
839 399 916 432 alter
943 399 1085 431 decreto-

347 462 417 483 rum
431 451 541 484 doctor
558 462 612 485 scu
630 452 721 485 ctiam
740 451 915 484 licentiatus
935 451 1083 493 seniores,

346 504 467 537 ratione
484 515 611 538 suarum
628 505 890 548 praebendarum,
907 504 1083 537 facultatem

347 558 481 591 habeant
506 558 648 591 visitandi
674 569 731 602 per
755 558 932 590 universam
965 558 1086 591 dioece-

347 610 406 643 sim
424 611 582 654 Iprensem
607 611 809 655 praedictam,
823 611 945 654 quoties
966 611 1003 643 ab
1023 611 1086 655 epi-

347 673 444 707 scopo
468 664 608 708 Iprensi,
633 663 728 697 ceteri
755 675 829 697 vero
854 664 995 697 canonici
1019 675 1086 707 gra-

347 716 432 749 duati
456 717 626 761 praedicti,
651 717 914 761 quandocumque
945 718 1086 761 requisiti

349 770 474 810 suerint,
492 770 552 802 illis
569 769 716 803 assistere
738 774 912 811 teneantur,
932 780 967 803 ac
988 782 1023 802 ex
1042 782 1087 803 re-

347 822 440 866 liquis
465 822 642 855 senioribus
671 823 828 856 canonicis
853 823 1000 867 praefatis
1024 823 1086 856 duo

347 875 378 908 in
410 876 569 919 theologia
601 880 630 910 et
660 887 742 909 unus
771 877 802 909 in
834 877 902 910 iure
936 877 1086 910 canonico

347 928 501 971 graduati,
527 934 561 962 ut
579 931 766 974 praefertur,
792 932 854 963 una
879 941 950 963 eum
977 930 1083 964 archi-

347 982 480 1016 diacono
505 994 614 1016 curam
638 984 773 1016 habeant
796 984 995 1017 examinandi
1018 995 1088 1028 pro-

348 1036 518 1069 movendos
539 1037 578 1070 ad
598 1048 703 1071 sacros
723 1038 849 1071 ordines
874 1043 903 1070 et
927 1038 1088 1070 admitten-

348 1089 405 1122 dos
422 1090 460 1122 ad
485 1100 594 1123 euram
611 1091 799 1132 animarum,
823 1101 1020 1134 quacumque
1037 1102 1089 1123 au-

349 1143 492 1176 ctoritate
510 1144 554 1176 illi
570 1144 687 1187 provisi
705 1144 830 1185 suerint,
845 1144 1013 1184 neminem,
1027 1144 1086 1177 nisi

349 1196 507 1238 idoneum,
533 1208 627 1240 seque
652 1198 860 1241 personaliter
885 1197 1086 1230 residentiam

349 1250 503 1283 facturum
524 1251 629 1284 medio
646 1251 821 1284 iuramento
842 1250 1086 1295 promittentem,

348 1303 557 1343 admittend03
583 1310 612 1337 et
638 1305 801 1348 (quoniam
828 1315 928 1348 nuper
952 1304 1087 1337 haereti-

349 1368 460 1391 eorum
484 1358 596 1399 studia,
623 1358 835 1402 temporisque
860 1359 986 1400 malitia,
1005 1359 1088 1391 viros

348 1411 457 1444 doctos
469 1411 507 1443 ab
525 1412 665 1444 ccelesiis
681 1412 745 1444 suis
766 1412 883 1444 diutius
900 1412 1009 1444 abesse
1025 1422 1088 1444 non

348 1465 479 1508 patitur)
503 1465 588 1508 quod
612 1465 637 1497 si
667 1465 807 1498 canonici
833 1465 978 1508 graduali
1003 1476 1090 1509 prae-

349 1517 422 1550 dicti
457 1518 495 1550 ab
527 1518 660 1551 ecelesia
689 1520 763 1561 sua,
789 1518 848 1551 nisi
873 1518 912 1551 ab
941 1518 1089 1562 episcopo

348 1572 396 1604 vel
422 1572 558 1616 capitulo
583 1572 679 1614 missi,
706 1582 764 1616 per
789 1572 867 1605 duos
892 1582 1016 1605 menses
1040 1572 1090 1604 ab·

349 1625 475 1665 suerint,
499 1626 638 1668 integros
660 1636 733 1658 suae
757 1625 954 1669 praebendae
971 1625 1090 1658 fructus

350 1679 433 1711 illius
457 1679 530 1711 anni
554 1679 696 1713 amittant
713 1684 743 1711 et
763 1679 899 1722 capitulo
920 1678 1041 1718 cedant,
1054 1689 1090 1711 ac

350 1742 459 1765 omnes
482 1737 654 1776 proventus
678 1732 874 1775 singularum
898 1732 1091 1776 praebenda-

350 1797 420 1819 rum
445 1786 477 1818 in
500 1786 578 1819 duas
602 1787 747 1830 aequales
772 1791 876 1829 partes
900 1785 1088 1826 dividantur,

350 1850 483 1883 quarum
514 1840 612 1873 altera
637 1850 696 1884 pro
720 1839 910 1883 quotidianis
940 1839 1090 1873 distribu—

351 1892 499 1933 tionibus,
524 1893 573 1926 his
597 1893 683 1934 solis,
707 1893 761 1937 qui
785 1892 898 1925 divinis
923 1892 1033 1926 officiis
1059 1892 1090 1924 in

351 1947 449 1980 choro
478 1947 700 1988 deservierint,
728 1951 758 1981 et
787 1947 863 1979 inibi
888 1957 905 1979 a
933 1946 1089 1990 principio

351 2011 449 2044 usque
464 2001 503 2033 ad
518 2001 624 2042 finem,
639 2004 766 2044 excepta
780 2001 973 2034 necessitatis
986 2002 1090 2041 causa,

351 2055 591 2098 permanserint,
610 2054 781 2088 ministrari
798 2054 918 2095 debeat,
935 2064 992 2087 nec
1009 2053 1092 2098 quis-

351 2119 445 2152 quam
463 2108 527 2141 ulla
539 2108 780 2152 dispensatione,
792 2108 840 2141 vel
850 2108 910 2140 alio
924 2107 1090 2151 privilegio

352 2162 524 2206 apostolico
560 2172 758 2206 quacumque
794 2162 888 2194 causa
924 2161 1090 2205 impetrato

353 2215 401 2247 vel
416 2226 574 2256 concesso,
594 2226 662 2249 sese
681 2226 699 2248 a
723 2214 892 2248 residentia
910 2214 1090 2248 huiusmodi

355 2268 490 2302 eximere
513 2270 613 2313 possit
637 2270 791 2312 <ceterum
817 2268 967 2302 ecclesiae
988 2268 1092 2301 civita-

356 2321 404 2361 tis,
422 2322 479 2354 sub
499 2324 575 2355 cura
599 2322 673 2356 dicti
697 2322 964 2366 archipresbyteri
984 2321 1091 2354 civita-

355 2375 460 2417 tensis,
475 2381 560 2408 extra
574 2387 648 2410 vero
664 2387 732 2409 eam
746 2382 776 2410 et
793 2376 823 2408 in
837 2376 972 2409 dioecesi
987 2376 1093 2420 Ipren-

356 2427 381 2460 si
413 2428 595 2469 existentes,
627 2429 674 2462 vel
705 2429 762 2462 sub
791 2430 856 2462 suis
890 2428 1093 2462 decanatibus

356 2491 411 2513 scu
424 2481 779 2526 archipresbyteratibus
791 2483 808 2523 ¹,
823 2483 954 2526 aliisque
968 2482 1094 2515 iurisdi-

356 2534 523 2576 ctionibus,
546 2540 640 2578 prout
659 2535 819 2577 hactenuS,
836 2540 1028 2578 remaneant,
1046 2536 1095 2568 vel

356 2588 481 2621 meliori
505 2588 599 2622 modo
623 2588 753 2622 arbitrio
778 2589 917 2634 episcopi
941 2589 1095 2630 distribui,

391 2651 404 2678 1
423 2650 492 2679 Edit.
508 2650 587 2680 Main.
605 2651 670 2687 legit
685 2653 980 2688 archipresbyteratus
994 2654 1033 2688 (n.
1046 2653 1095 2689 r.).

1120 291 1322 335 ipsorumque
1347 291 1552 324 decanatuum
1575 290 1694 330 decani,
1713 291 1795 322 satra
1815 291 1858 322 ‹ti-

1119 345 1158 378 cti
1180 345 1317 388 episcopi
1335 345 1557 384 moderatione,
1575 344 1787 377 emolumenta
1804 344 1858 375 ha-

1120 402 1228 429 ctenus
1259 397 1379 441 percipi
1407 397 1495 431 solita
1528 397 1689 441 percipere
1714 397 1857 440 possintr

1119 450 1265 493 quodque
1289 451 1528 483 archidiaconus
1545 450 1718 490 Flandrizw,
1740 450 1769 482 in
1791 450 1855 492 ipsa

1120 503 1251 535 eeclesia
1269 503 1386 546 lprcnsi
1416 503 1573 535 institutus
1591 514 1647 547 per
1671 513 1792 535 cessum
1813 502 1856 533 rel

1120 556 1283 588 decessum
1308 557 1481 600 praesentis
1498 557 1697 600 possessoris,
1715 557 1806 589 talem
1829 556 1857 587 in

1120 609 1203 642 dicta
1227 610 1359 643 ccclesia
1383 609 1503 652 iprensi
1534 610 1780 642 iurisdietionem
1810 621 1860 649 gae-

1120 663 1271 703 neralem,
1296 673 1375 706 quac
1401 663 1515 695 ibidem
1540 663 1578 695 ah
1604 663 1739 706 antiquis
1758 663 1859 695 archi-

1120 715 1260 749 diaconis
1284 716 1393 748 haberi
1409 721 1439 748 et
1456 716 1594 748 exerceri
1620 716 1790 753 consuevit,
1808 716 1860 746 oh-

1121 769 1219 802 tincre
1237 775 1267 802 et
1286 780 1432 803 exercere
1449 770 1578 802 debeat:
1594 769 1769 801 Districtius
1784 769 1860 801 inhi-

1120 823 1228 856 bentes
1253 823 1406 856 universis
1425 827 1455 856 et
1474 823 1605 865 singulis
1631 822 1860 855 venerabilibus<

1121 877 1272 909 Fratribus
1296 876 1413 909 nostris
1437 876 1683 919 archiepiscopis
1703 875 1861 918 etr-pisco-

1121 930 1177 973 pis,
1199 940 1234 962 ac
1258 929 1379 962 dilectis
1404 929 1476 961 siliis
1492 928 1668 968 abbatibus,
1686 929 1860 970 ceterisspa·

1122 984 1264 1016 locorum
1284 983 1466 1023 Ordinariis,
1485 994 1518 1016 ac
1540 982 1755 1023 conventibus,
1774 993 1862 1025 supe-

1122 1037 1262 1070 rioribus
1287 1042 1317 1070 et
1337 1037 1489 1080 personis,
1515 1047 1636 1069 necnon
1654 1036 1707 1075 illi,
1726 1036 1772 1068 rel
1791 1035 1860 1071 iltis,

1122 1090 1160 1122 ad
1184 1101 1297 1133 quem,
1324 1091 1371 1122 vel
1396 1090 1434 1122 ad
1459 1100 1537 1133 quos
1565 1099 1807 1133 siqiprcssorum
1833 1094 1859 1120 et

1122 1144 1347 1176 translatorum
1366 1143 1666 1186 praepositurarum,
1684 1142 1861 1177 decanatus,

1121 1196 1402 1237 archidiaconatus,
1412 1196 1580 1235 cantoriae,
1596 1196 1862 1239 poenitentiariae.

1123 1251 1326 1283 scholastriae
1351 1255 1381 1283 et
1406 1249 1628 1290 thesaurariae,
1646 1260 1681 1282 ae
1699 1249 1863 1282 canoni-:a-

1122 1310 1227 1345 tuum,
1252 1304 1505 1348 praebendarum
1531 1310 1559 1336 et
1585 1304 1861 1347 eappellaniarum,

1126 1358 1323 1402 aliorumque
1362 1358 1589 1391 beneficiorum
1628 1357 1860 1400 praedictorum

1123 1412 1258 1454 collatio,
1285 1412 1434 1455 provisio,
1456 1422 1510 1444 seu
1535 1411 1662 1454 quaevis
1680 1411 1738 1442 alia
1763 1410 1863 1453 dispo-

1123 1465 1194 1498 sitio
1218 1465 1428 1498 communiter
1448 1465 1495 1497 vel
1520 1464 1643 1497 divisim
1668 1463 1812 1507 pertinet,
1834 1470 1864 1496 et

1123 1519 1376 1562 quibuscumque
1402 1518 1485 1559 aliis,
1511 1518 1736 1561 cuiuscumque
1761 1517 1862 1560 digni—

1124 1572 1211 1614 tatis,
1236 1576 1351 1613 status,
1383 1571 1503 1605 ordinis
1528 1577 1558 1603 et
1582 1570 1770 1604 conditionis
1797 1571 1863 1603 exi-

1124 1626 1288 1666 stentibus,
1309 1626 1340 1658 in
1365 1626 1480 1658 virtute
1505 1630 1629 1658 sanctae
1654 1624 1862 1665 obedientiae,

1124 1691 1159 1713 ac
1180 1680 1237 1712 sub
1263 1679 1598 1713 excommunicationis
1624 1679 1762 1717 maioris,
1783 1679 1865 1710 aliis-

1124 1744 1185 1778 que
1209 1733 1390 1774 sententiis,
1423 1733 1564 1766 censuris
1588 1738 1618 1765 ct
1642 1732 1760 1776 poenis,
1792 1742 1864 1764 nee-

1123 1797 1185 1819 non
1210 1786 1395 1830 privationis
1419 1786 1560 1819 omnium
1591 1786 1795 1829 dignitatum,
1821 1786 1864 1817 ot*-

1123 1840 1269 1873 ficiorum
1284 1845 1313 1873 et
1330 1840 1559 1873 beneficiorum
1577 1849 1718 1879 suorum,
1733 1843 1763 1871 et
1780 1839 1865 1871 inha-

1123 1894 1251 1926 bilitatis
1280 1893 1319 1926 ad
1344 1894 1396 1926 illa
1428 1899 1457 1926 et
1487 1893 1546 1926 alia
1578 1893 1785 1937 imposterum
1810 1892 1865 1924 ob-

1124 1947 1259 1988 tinenda,
1284 1957 1323 1980 ne
1347 1947 1385 1980 de
1410 1947 1488 1988 illis,
1514 1947 1539 1979 si
1564 1951 1691 1987 vacent,
1716 1951 1767 1978 aut
1793 1956 1864 1978 eum

1124 2000 1321 2041 vacaverint,
1346 2006 1379 2033 ut
1402 2000 1596 2044 praefertur,
1621 2000 1734 2043 cuique
1759 1999 1867 2042 provi-

1124 2054 1208 2096 dere,
1219 2058 1271 2088 aut
1282 2054 1356 2087 alias
1366 2054 1543 2097 disponere,
1554 2064 1607 2086 seu
1620 2053 1865 2096 praemissorum

1124 2108 1271 2141 effectum
1295 2113 1325 2140 et
1343 2107 1584 2151 exequutionem
1606 2107 1636 2139 in
1653 2107 1758 2149 aliquo
1772 2116 1868 2150 quan-

1124 2167 1330 2205 tumcumque
1355 2161 1479 2194 modico
1505 2160 1672 2204 impedire,
1698 2165 1748 2192 aut
1774 2160 1867 2192 mole-

1125 2215 1217 2248 stiam
1246 2226 1301 2248 seu
1331 2215 1478 2247 iniuriam
1509 2214 1690 2258 quampiam
1724 2215 1866 2256 irrogare

1125 2279 1253 2313 quoquo
1279 2268 1372 2301 modo
1397 2273 1614 2312 praesumant:
1636 2269 1677 2300 Ac
1695 2268 1867 2300 decernen-

1126 2329 1189 2365 tes,
1215 2334 1251 2355 ex
1276 2333 1358 2355 nune
1383 2323 1510 2366 plenum
1543 2322 1590 2355 ius
1625 2322 1656 2354 in
1687 2321 1867 2365 praemissis

1126 2377 1254 2410 omnino
1279 2376 1467 2420 acquisitum
1492 2386 1569 2416 esse,
1594 2380 1622 2408 ct
1643 2375 1802 2418 superbis
1819 2375 1869 2407 be-

1126 2430 1239 2463 neficio
1272 2430 1454 2472 regularum
1479 2429 1515 2461 de
1547 2439 1609 2462 non
1637 2429 1775 2462 tollendo
1800 2429 1868 2461 iure

1127 2483 1268 2527 quaesito
1293 2493 1328 2516 ac
1352 2483 1390 2516 de
1414 2483 1517 2515 annali
1535 2488 1564 2515 ct
1585 2482 1728 2515 triennali
1748 2493 1869 2526 posses-

1129 2547 1209 2579 sore,
1234 2546 1357 2569 necnon
1380 2536 1554 2580 privilegiis
1572 2535 1729 2576 omnibus,
1754 2535 1868 2579 quibus

1129 2590 1268 2624 diuturni
1283 2600 1481 2634 possessores
1494 2589 1615 2634 pacifici
1633 2589 1867 2633 quomodolibet

1130 2648 1283 2684 utuntur,
1307 2643 1471 2687 potiuntur
1495 2649 1525 2677 et
1549 2643 1683 2686 gaudent
1698 2671 1705 2685 ,
1731 2643 1870 2687 plenarie

1763 233 1781 265 li
1792 233 1826 265 'm
1873 243 1923 268 Λη.
1940 242 1966 269 ιτ.
1988 243 2055 268 taen
