2269 3235
103 246 154 273 An.
171 243 199 272 C.
217 242 282 271 ¹627

130 410 269 433 Prooemium.

160 1047 293 1074 Supplicatio

110 1076 165 1096 facta
198 1073 293 1095 Pontifici

110 1108 148 1128 pro
173 1100 294 1123 huiusmodi

112 1129 200 1150 indulto.

907 237 1049 262 URBANUS
1074 237 1129 260 vm
1153 237 1202 261 1³1².

506 287 642 315 Urbanus
657 287 735 321 Papa
750 286 828 320 vlu,

423 333 459 359 ad
474 335 651 366 perpetuam
669 331 713 359 rei
733 330 913 359 memoriam.

346 394 515 428 Salvatoris
529 399 559 427 et
575 393 697 427 Domini
714 393 812 427 nostri
830 393 897 425 lesu
916 391 1039 431 Christi,

301 448 354 492 qui
379 448 493 481 milites
524 458 597 481 suos
621 447 768 491 inclytos,
793 456 929 489 quorum
955 455 1041 477 mors

302 502 440 545 pretiosa
463 506 510 535 est
534 501 565 534 in
585 504 757 544 conspectu
781 499 858 539 eius,
884 498 1043 530 immorta-

302 555 398 587 litatis
423 555 540 588 corona
557 554 650 587 donat
665 553 696 585 in
713 552 817 592 caelis,
835 551 917 584 vices
934 561 1042 594 quam-

303 619 397 651 quam
431 608 581 641 immeriti
616 613 761 649 gerentes
791 606 822 638 in
852 605 960 645 terris,
993 604 1043 647 pia

304 661 556 694 christifidelium
590 659 777 704 praesertim
813 657 1043 691 catholicorum

305 725 417 757 regum
443 719 522 754 rota,
546 724 603 758 per
619 723 699 756 quae
716 712 901 746 eorumdem
922 716 1044 744 sancto-

305 778 376 800 rum
412 767 547 800 militum
584 766 743 800 veneratio
766 770 992 809 promovetur,
1017 768 1045 796 et

305 821 450 855 laudatur
473 820 624 854 Dominus
648 820 680 852 in
704 820 819 853 sanctis
843 818 916 861 suis,
935 818 972 851 ad
994 829 1046 851 ex-

306 874 474 907 auditionis
505 873 639 917 gratiam
667 873 801 906 libenter
834 872 1046 914 admittimus,

306 927 529 971 favoribusque
554 933 583 961 et
607 927 717 971 gratiis
748 926 971 970 prosequimur
996 936 1050 970 op-

306 981 459 1025 portunis.

353 1035 368 1078 §
392 1035 422 1068 Δ1.
447 1035 523 1068 Cum
541 1034 654 1078 itaque,
669 1034 750 1067 sicut
766 1034 871 1067 dilecti
889 1033 945 1066 filii
963 1043 1051 1077 prae-

309 1088 428 1132 positus
453 1088 608 1131 generalis
633 1092 662 1121 et
688 1087 864 1132 presbyteri
888 1087 1050 1120 Societatis

310 1142 381 1175 Iesu
404 1141 496 1175 nobis
521 1152 623 1185 nuper
647 1141 761 1185 exponi
781 1142 932 1181 fecerunt,
957 1150 1051 1173 rene-

311 1195 425 1228 rabiles
449 1195 562 1228 fratres
585 1195 684 1228 nostri
710 1194 738 1227 S.
764 1195 799 1228 R.
820 1195 852 1227 E.
878 1193 1052 1227 cardinales

311 1248 408 1281 sacris
432 1248 544 1282 ritibus
569 1248 741 1292 praepositi
766 1249 797 1280 in
818 1249 913 1280 causa
931 1246 1053 1280 canoni-

312 1302 442 1335 zationis
466 1302 560 1336 trium
585 1307 771 1346 martyrum,
796 1301 948 1343 videlicet,
967 1300 1053 1333 Pauli

312 1356 414 1398 Miehi,
439 1366 475 1389 ac
500 1356 625 1389 Ioannis
649 1355 687 1388 de
712 1356 801 1396 Goto,
816 1360 846 1388 et
862 1355 969 1388 Didaci
985 1354 1056 1393 Qui-

312 1410 357 1442 zai
389 1421 426 1443 ex
456 1410 540 1443 dicta
572 1410 748 1449 Societate‚
773 1409 826 1452 qui
859 1419 917 1452 pro
941 1407 1054 1442 Christi

312 1463 439 1496 nomine
453 1463 483 1495 in
499 1463 614 1507 oppido
632 1463 756 1496 civitate
773 1467 954 1506 nuncupato
978 1462 1056 1495 Nan-

313 1527 396 1560 gasa,
418 1517 471 1560 qui
492 1522 579 1550 extra
600 1527 708 1549 muros
732 1517 764 1549 in
788 1526 886 1559 reguo
911 1516 1055 1559 Iaponiae

314 1570 400 1604 cruci
425 1570 508 1603 affixi
533 1575 563 1603 et
581 1569 827 1603 transverberati
850 1569 998 1611 suerunt,
1025 1568 1055 1600 in

314 1634 404 1657 sacro
420 1624 516 1657 Rotae
533 1623 701 1663 auditorio,
727 1622 887 1656 et-deinde
912 1622 950 1655 de
973 1632 1058 1654 man-

315 1677 386 1710 dato
410 1682 519 1710 nostro
536 1677 576 1709 ab
602 1676 719 1709 eisdem
737 1675 958 1716 cardinalibus,
982 1675 1059 1708 rese-

315 1736 404 1763 rente
435 1730 550 1763 dilecto
581 1729 646 1763 filio
677 1735 786 1763 nostro
818 1729 944 1762 Tiberio
977 1728 1057 1763 tituli

317 1785 346 1818 S.
372 1785 496 1818 Priscae
508 1784 693 1829 presbytero
714 1783 865 1817 cardinali
886 1783 970 1816 Muto
983 1793 1059 1829 nun-

319 1843 442 1881 cupato,
467 1837 622 1877 discussa,
648 1837 826 1870 censuerint
850 1841 993 1870 constare
1021 1836 1059 1868 de

319 1890 471 1934 martyrio
491 1895 521 1923 et
544 1890 721 1930 miraculis,
744 1890 877 1933 ideoque
901 1889 940 1922 ad
960 1893 1061 1922 actua—

321 1945 382 1977 lem
407 1944 533 1977 illorum
558 1943 824 1977 canonizationem
849 1943 1061 1987 quandocum-

322 2008 383 2041 que
407 1997 547 2031 deveniri
572 1997 687 2041 posse,
713 1996 911 2041 praepositus
932 2006 1007 2029 vero
1033 2000 1062 2028 et

320 2051 498 2095 presbyteri
522 2050 689 2094 praedicti,
713 2061 771 2094 pro
796 2060 843 2091 eo,
868 2060 962 2093 quem
988 2060 1062 2092 erga

322 2105 407 2149 ipsos
427 2110 550 2138 sanctos
573 2105 724 2148 Martyres
748 2107 872 2147 gerunt,
889 2103 1063 2136 devotionis

324 2158 450 2201 affeetu,
476 2158 614 2192 officium
640 2163 670 2191 et
694 2158 821 2190 missam
845 2158 884 2190 de
907 2157 968 2190 illis
993 2156 1063 2199 (do-

324 2222 381 2256 nec
398 2211 437 2244 ad
456 2212 629 2245 solemnem
653 2222 764 2244 eorum
785 2210 1064 2250 canonizationem,

325 2275 384 2309 pro
408 2275 469 2308 qua
490 2276 553 2299 non
573 2265 674 2298 solum
696 2264 790 2297 iidem
814 2264 1009 2308 praepositus
1036 2268 1065 2296 et

326 2318 521 2363 presbyteri,
545 2330 655 2352 rerum
686 2319 780 2352 etiam
806 2318 1010 2352 charissimus
1035 2317 1066 2350 in

328 2373 450 2407 Christo
470 2372 552 2406 filius
575 2378 682 2406 noster
706 2373 870 2417 Philippus
894 2383 948 2406 rex
965 2372 1067 2405 catho—

329 2425 418 2466 licus,
435 2436 470 2459 ac
494 2425 679 2459 charissima
695 2426 726 2458 in
742 2426 864 2460 Christo
882 2425 945 2458 filia
961 2429 1068 2458 nostra

329 2479 459 2512 Isabella
472 2479 582 2521 regina
597 2479 751 2512 catholica
764 2478 996 2522 lrlispaniarum,
1011 2488 1068 2511 nee

329 2543 393 2566 non
416 2532 563 2566 universa
594 2533 701 2566 civitas
730 2533 906 2566 Manilensis
940 2538 970 2565 et
998 2532 1069 2566 Chi-

330 2586 446 2628 nensis,
464 2597 519 2619 seu
535 2586 759 2628 Machanensis‚
773 2586 889 2631 aliique
905 2585 996 2619 nobis
1013 2595 1071 2629 per

330 2651 442 2674 eorum
466 2640 586 2674 litteras
610 2639 648 2673 ad
671 2650 728 2674 nos
751 2639 951 2674 transmissas
969 2638 1071 2672 humi-

1072 285 1142 317 liter
1175 283 1405 328 supplicarunt)
1438 282 1637 323 deveniatur,
1667 288 1700 314 ut
1732 284 1811 315 int'ra

1073 337 1198 370 recitari
1223 346 1314 380 posse
1338 336 1510 380 plurimum
1528 335 1722 368 desiderent:

1119 392 1133 433 g
1157 390 1185 422 Ξῖ.
1212 391 1290 430 Nos,
1324 389 1383 433 piis
1415 389 1555 433 ipsorum
1588 390 1758 433 praepositi
1785 395 1810 421 vt

1074 445 1335 488 presbyterorum
1361 444 1454 485 votis,
1479 449 1629 487 quantum
1655 454 1727 477 cum
1754 444 1813 476 llu-

1077 497 1162 530 mino
1185 507 1363 540 possumus,
1384 507 1531 539 annuere,
1551 497 1682 541 illosque
1699 497 1815 541 specia-

1077 551 1159 583 libus
1184 550 1344 583 savoribus
1363 555 1394 583 et
1418 550 1526 593 gratiis
1547 550 1696 594 prosequi
1717 551 1815 583 voh-n-

1078 609 1133 643 teS,
1158 614 1331 646 eorumque
1354 603 1528 646 singulares
1552 614 1702 647 personas
1720 615 1736 635 a
1754 604 1818 646 qui-

1077 657 1184 690 busvis
1201 657 1546 697 excommunicationis,
1563 657 1776 700 suspensionis
1790 663 1817 689 et

1080 710 1247 751 interdicti,
1262 710 1394 753 aliisque
1412 710 1630 743 ecclesiasticis
1648 710 1818 750 sententiis,

1081 765 1222 797 censuris
1246 769 1276 797 ct
1299 764 1419 808 poenis,
1437 775 1454 796 a
1474 764 1542 797 iure
1559 764 1606 796 vel
1627 764 1665 796 ah
1682 764 1819 803 homine,

1080 818 1190 862 quavis
1214 818 1378 851 occasione
1402 817 1450 850 vel
1475 819 1568 850 causa
1591 817 1678 857 latis,
1704 817 1727 849 si
1753 818 1821 860 qui-

1081 873 1140 904 bus
1164 871 1400 915 quomodolibet
1424 871 1589 904 innodatae
1614 870 1760 907 existunt,
1785 870 1822 902 ad

1082 926 1228 960 effectum
1262 925 1478 970 praesentium
1514 924 1674 957 dumtaxat
1707 934 1818 956 eonse-

1083 979 1254 1023 quendum,
1278 979 1391 1012 harum
1412 978 1492 1011 serie
1508 978 1705 1011 absolventes
1725 981 1751 1009 et
1775 977 1825 1009 ah-

1084 1034 1200 1067 solutas
1232 1033 1299 1066 sore
1332 1037 1515 1074 censentes,
1545 1030 1824 1074 supplicationibus

1084 1087 1255 1132 praepositi
1286 1098 1321 1120 ac
1350 1086 1628 1130 praesbyterorum
1653 1084 1826 1128 praedicto-

1085 1153 1156 1175 rum
1184 1141 1312 1174 nomine
1341 1140 1432 1174 nobis
1463 1150 1557 1183 super
1581 1139 1642 1172 hoc
1666 1138 1826 1171 humiliter

1085 1195 1241 1240 porrectis
1269 1194 1427 1235 inclinati,
1452 1193 1490 1226 de
1515 1192 1699 1226 eorumdem
1725 1191 1826 1225 cardi-

1086 1249 1205 1282 nalium
1229 1248 1382 1288 consilio,
1407 1252 1441 1280 ut
1470 1247 1507 1280 de
1539 1246 1658 1279 eisdem
1690 1245 1828 1289 Martyri-

1086 1304 1145 1336 bus
1158 1303 1196 1336 ab
1210 1302 1358 1336 omnibus
1372 1301 1473 1334 dictae
1489 1300 1651 1335 Societatis
1671 1299 1828 1342 religiosis

1087 1357 1204 1401 ubique
1229 1356 1432 1390 existentibus
1456 1355 1594 1388 officium
1615 1359 1645 1387 et
1669 1354 1764 1386 missa
1791 1353 1829 1385 ds:

1089 1411 1248 1444 communi
1273 1410 1485 1454 plurimorum
1511 1409 1682 1452 Martyrum
1707 1407 1756 1439 die
1782 1417 1831 1439 eo-

1089 1475 1161 1497 rum
1185 1464 1291 1504 natali,
1313 1463 1457 1496 videlicet
1474 1462 1523 1495 die
1543 1462 1652 1505 quinta
1669 1460 1830 1500 februarii,

1090 1518 1216 1551 recitari
1230 1516 1425 1550 etcelebrari
1454 1515 1627 1559 respective
1649 1514 1747 1547 libere
1764 1525 1832 1558 pos-

1091 1571 1130 1605 sit
1154 1576 1183 1604 et
1208 1571 1328 1611 valeat,
1353 1570 1525 1614 apostolica
1556 1569 1762 1610 auctoritate,
1787 1574 1832 1600 te-

1091 1635 1169 1658 nore
1193 1623 1407 1668 praesentium
1432 1623 1589 1655 licentiam
1608 1626 1637 1656 et
1654 1622 1832 1654 facultatem

1092 1678 1293 1712 concedimus
1319 1682 1348 1710 et
1372 1677 1582 1720 impartimur.

1138 1732 1152 1776 ξ
1175 1731 1205 1764 3.
1230 1732 1299 1764 Non
1330 1730 1525 1764 obstantibus
1558 1728 1834 1762 constitutioniluis

1094 1791 1123 1819 et
1147 1784 1398 1819 ordinationibus
1430 1783 1627 1827 apostolicis,
1660 1782 1834 1826 ceterisque

1093 1838 1260 1872 contrariis
1285 1838 1547 1882 quibuscumque.

1139 1893 1154 1936 g
1178 1892 1207 1924 4.
1231 1892 1383 1925 Volumus
1413 1896 1540 1931 autem,
1564 1895 1598 1924 ut
1622 1891 1835 1934 praesentium

1095 1946 1312 1990 transumptis,
1327 1946 1419 1978 etiam
1440 1944 1611 1988 impressis,
1630 1954 1724 1976 manu
1745 1944 1837 1976 alicu-

1096 2001 1144 2033 ius
1166 1999 1281 2033 notarii
1305 1999 1423 2042 publici
1448 1998 1653 2041 subscriptis,
1680 2003 1710 2030 et
1734 1997 1837 2039 sigillo

1096 2053 1228 2087 alicuius
1247 2062 1401 2097 personae
1414 2052 1446 2084 in
1462 2051 1611 2094 dignitate
1626 2050 1836 2083 ecelesiastica

1098 2107 1283 2141 constitutae
1308 2105 1451 2146 munitis,
1476 2105 1584 2138 eadem
1609 2114 1741 2148 prorsus
1762 2103 1839 2135 tides

1098 2161 1214 2204 ubique
1238 2159 1435 2201 adhibeatur,
1461 2169 1540 2202 quae
1566 2158 1641 2202 ipsis
1665 2157 1840 2201 praesenti-

1098 2215 1157 2248 bus
1182 2214 1402 2255 adhiberetur,
1428 2212 1453 2245 si
1479 2213 1582 2245 forent
1613 2211 1768 2244 exhibitae
1793 2211 1840 2244 vel

1100 2274 1253 2304 ostensae.

1144 2324 1256 2357 Datum
1280 2323 1409 2362 Romae,
1434 2321 1516 2364 apud
1541 2320 1570 2354 S.
1596 2319 1725 2353 Mariam
1747 2318 1842 2352 Maio-

1101 2389 1179 2419 rem,
1189 2377 1247 2410 sub
1265 2376 1379 2409 annulo
1397 2375 1574 2415 Piscatoris,
1595 2373 1645 2406 die
1658 2384 1698 2407 xv
1713 2378 1844 2416 septem-

1102 2431 1167 2464 bris
1192 2440 1354 2471 Mncxxvn,
1374 2428 1574 2474 pontificatus
1597 2427 1698 2460 nostri
1715 2437 1796 2459 anno
1814 2436 1849 2465 v„

1140 2495 1197 2522 Dat.
1215 2495 1258 2523 die
1274 2495 1306 2522 15
1321 2493 1484 2530 septembris
1502 2492 1581 2527 1627,
1598 2491 1693 2528 pontif.
1711 2499 1779 2519 anno
1797 2498 1822 2517 v.

1104 2585 1260 2629 Sequitur
1282 2583 1445 2617 decretum
1468 2593 1579 2616 sacrae
1603 2583 1728 2615 rituum
1759 2581 1842 2615 Con-

1148 2638 1361 2683 qreqctlt'onz'S,
1374 2648 1436 2682 quo
1449 2636 1654 2682 praedictum
1678 2635 1844 2669 ‘indultum

1717 226 1780 257 595
1826 235 1874 261 An.
1895 235 1923 262 C.
1942 235 2007 263 1627

1856 403 1975 424 (ζηιιιῚ-ζκιη,
1986 403 2011 423 th,-

1830 436 1871 454 qua
1888 437 1905 449 ιιι
1923 430 2013 450 iuluirta.

1920 1732 2033 1755 Deruentio

1851 1761 1942 1779 contrari
1950 1765 1965 1778 η
1973 1764 2013 1778 um.

1886 1892 2034 1916 'la-anumque-

1852 1925 1897 1938 ruui
1914 1918 1972 1937 tides.
