2269 3235
284 256 332 283 Λη.
350 256 379 282 C.
399 256 464 283 1627

347 1489 469 1509 Roscia-atio

287 1516 406 1537 usufructus
432 1522 470 1535 sua

289 1546 329 1563 vita
347 1543 441 1563 «iurante.

511 246 575 279 576

485 304 582 337 lectos
602 302 683 336 filios
700 306 788 333 natos
806 306 835 333 ct
851 299 1003 332 haeredes
1027 298 1099 332 dieti
1125 308 1225 342 quon-

485 357 555 389 dam
582 354 703 389 loannis
729 353 883 386 Francisei
909 352 986 385 solvi
1019 351 1169 396 solitum),
1195 356 1224 384 ct

485 410 617 452 denique
644 408 762 450 reliqua
788 406 891 439 onmia
915 416 970 438 sua
991 406 1072 439 bona
1097 405 1223 439 mobilia

484 469 515 495 et
540 461 721 500 immobilia,
748 460 925 504 praesentia
949 464 978 492 et
1002 460 1116 500 futura,
1134 470 1224 503 pecu-

485 517 606 548 niarum
626 524 774 554 summas,
792 513 930 546 aetiones
948 518 977 545 ct
1000 512 1128 553 credita,
1146 513 1225 545 iura—

485 579 545 613 que
559 574 588 601 et
601 568 660 600 alia
674 567 857 611 quorumvis
875 566 1029 599 montium
1049 566 1127 606 loca,
1145 577 1223 610 qnae

486 629 625 666 tempore
650 622 696 654 sui
721 621 825 655 obitus
849 620 976 654 habebit
993 625 1023 653 et
1042 619 1222 664 possidebit,

485 686 538 708 seu
556 675 594 707 ad
612 686 683 708 eum
698 675 934 718 quomodolibet
950 679 1090 718 spectare
1104 679 1132 706 et
1152 684 1224 717 pei·-

487 729 584 761 tinere
610 729 845 772 dignoscentur,
870 729 901 761 in
926 729 984 761 liac
1008 729 1116 761 nostra
1141 727 1224 760 Urbe

485 787 514 816 et
532 782 614 815 illius
637 782 781 815 districtu
798 782 957 815 dumtaxat
982 781 1145 813 existentia
1163 780 1225 823 (ex-

485 835 584 879 ceptis
602 840 707 868 tamen
724 835 824 868 tribus
842 834 980 867 millibus
1002 833 1097 866 scutis
1115 832 1225 865 similis

486 895 629 922 monetae
654 890 820 928 Romanae,
841 888 878 920 ad
903 887 1045 919 eamdem
1071 885 1225 918 rationem

487 940 634 973 iuliorum
659 940 766 972 decem
789 949 847 982 pro
865 938 989 981 singulo
1015 942 1102 970 scuto
1120 936 1226 969 liuius-

488 993 582 1033 modi‚
601 1004 637 1026 ex
657 992 907 1036 promptioribus
931 991 995 1024 suis
1018 990 1109 1024 bonis
1130 990 1227 1023 mobi—

486 1047 567 1078 libus
591 1045 824 1089 depromendis,
849 1056 907 1088 pei·
932 1055 1003 1077 eum
1024 1044 1100 1077 alias
1117 1044 1148 1076 in
1165 1043 1227 1076 ani-

487 1110 554 1131 mae
566 1109 639 1131 suae
654 1098 856 1141 refrigerium
874 1097 1020 1141 hospitali
1034 1102 1064 1130 et
1077 1096 1226 1130 ecclesiae

486 1153 516 1185 B.
543 1152 656 1185 Mariae
675 1145 714 1184 de
739 1152 840 1185 Monte
868 1151 994 1184 Serrato
1018 1153 1226 1194 nuncupatae,

486 1206 578 1239 etiam
605 1206 642 1238 de
668 1205 766 1246 Urbe,
791 1205 958 1237 donatione
983 1206 1076 1237 causa
1101 1204 1226 1244 mortis,

486 1260 542 1292 sub
556 1259 605 1291 die
620 1258 723 1302 prima
738 1258 854 1291 mensis
867 1258 1044 1291 decembris
1058 1258 1129 1290 anni
1146 1258 1227 1291 eius-

487 1313 556 1346 dem
577 1312 700 1345 Domini
726 1311 885 1344 millesimi
910 1311 1125 1344 sexcentesimi
1147 1311 1227 1355 vige-

487 1367 557 1400 simi
583 1367 703 1410 quinti,
728 1377 785 1410 per
810 1371 878 1398 acta
911 1366 1015 1398 dilecti
1040 1366 1095 1398 silii
1122 1366 1226 1399 Iaeobi

488 1421 588 1453 Moi‘er
606 1420 710 1453 clerici
730 1419 887 1462 coniugati
905 1419 1048 1452 Elnensis
1065 1419 1226 1461 dioecesis,

487 1475 517 1506 in
534 1474 674 1507 archivio
700 1474 857 1506 Romanae
874 1473 985 1506 Curiae
1010 1473 1158 1516 descripti
1176 1483 1228 1505 no-

487 1528 566 1567 tarii,
591 1528 716 1570 legatis,
735 1537 866 1567 necnon,
884 1526 987 1570 quoad
1007 1526 1127 1568 vixerit,
1153 1526 1226 1559 dicti

486 1581 601 1625 palatii,
628 1592 698 1614 cum
722 1580 869 1624 praefatis
885 1580 949 1613 suis
967 1579 1128 1620 membris,
1147 1579 1228 1612 adia-

487 1635 596 1667 cenliis
620 1640 649 1668 et
674 1634 880 1678 pertiuentiis,
899 1645 958 1666 usu
976 1638 1006 1666 et
1025 1633 1227 1674 habitatione,

487 1699 522 1721 ae
550 1688 762 1732 praefatorum
789 1692 819 1720 et
843 1687 977 1720 aliorum
1003 1697 1229 1732 quorumcum-

487 1753 547 1786 que
571 1743 715 1775 locorum
740 1741 913 1783 montium,
941 1750 1114 1784 censusque
1138 1751 1229 1784 prac-

487 1796 570 1837 dieti,
596 1800 626 1828 ct
650 1795 847 1838 reliquorum
872 1793 1024 1836 omnium,
1042 1799 1105 1827 tam
1127 1794 1227 1827 mobi-

488 1849 564 1882 lium
589 1859 685 1893 quam
710 1847 931 1888 immobilium,
958 1847 1168 1891 praesentium
1200 1852 1229 1880 et

488 1904 677 1944 futurorum,
695 1902 806 1947 quovis
823 1901 950 1935 nomine
963 1906 1228 1945 nuncupatorum,

487 1958 644 1991 bonorum
669 1967 799 1990 suorum
824 1955 999 1997 usufructu,
1018 1960 1048 1987 et
1072 1954 1109 1987 de
1134 1954 1229 1987 scutis

488 2016 613 2044 centuni
627 2010 695 2043 auri
706 2010 736 2042 in
750 2021 827 2043 auro
841 2009 880 2042 ad
892 2008 1123 2053 beneplacitum
1138 2019 1229 2041 suum

489 2064 746 2099 testamentaliter
780 2063 967 2107 disponendi
994 2062 1140 2095 facultate
1170 2062 1229 2094 sibi

489 2118 664 2160 reservatis,
682 2119 879 2162 expensaque
904 2116 1095 2149 funeralium
1114 2121 1143 2149 et
1159 2126 1229 2148 exe-

489 2173 632 2216 quiarum
658 2182 795 2212 suarum,
814 2171 898 2204 iuxta
917 2175 1015 2203 status
1032 2170 1080 2202 sui
1101 2169 1229 2212 exigen-

490 2226 563 2260 tiam
580 2231 610 2259 et
626 2225 817 2269 qualitatem,
835 2224 977 2268 dempta)
994 2223 1094 2265 nobis,
1113 2228 1142 2256 et
1163 2233 1230 2255 suc-

490 2279 668 2313 cessoribus
707 2278 822 2311 nostris
852 2277 1001 2311 canonice
1041 2275 1229 2310 intrantibus

491 2334 575 2376 (cum
589 2332 767 2365 conditione
784 2336 898 2373 tamen,
917 2330 1000 2374 quod
1018 2330 1043 2363 si
1060 2329 1229 2372 collegium

491 2398 546 2420 seu
570 2385 774 2419 seminarium
799 2384 979 2417 huiusmodi
996 2383 1027 2416 in
1044 2383 1127 2417 dicto
1144 2383 1229 2426 pala-

493 2440 544 2480 tio,
570 2440 694 2483 suisque
713 2438 863 2471 membris
887 2443 916 2471 et
933 2437 1138 2481 pertinentiis,
1157 2447 1229 2469 cum

492 2493 698 2537 applicatione
722 2492 879 2525 dictorum
896 2492 1054 2525 bonorum
1071 2501 1130 2535 pro
1147 2489 1230 2523 illius

494 2549 563 2578 itote
589 2551 618 2580 et
642 2547 841 2579 alumnorum
864 2546 895 2578 in
923 2556 960 2579 eo
984 2544 1230 2578 introducendo-

495 2611 564 2632 rum
589 2599 811 2632 sustentatione
836 2599 1076 2642 assignatorum,
1095 2599 1157 2631 vita
1177 2608 1230 2631 no-

495 2656 558 2688 stra
583 2653 713 2687 durante
734 2663 796 2687 non
820 2653 1074 2697 fnndaverimus,
1097 2652 1230 2687 erexeri-

1065 250 1243 274 BULLARIUM
1268 249 1427 303 Romanu»

1259 308 1329 331 mus
1343 298 1390 331 vel
1403 297 1642 338 instituerimus,
1657 297 1857 343 infrascripta
1870 299 1997 333 donatio

1259 351 1433 385 successori
1449 354 1557 386 nostro
1575 350 1754 384 immediate
1771 352 1922 395 sequenti,
1940 352 1998 385 sub

1258 405 1367 440 eadem
1392 405 1580 446 conditione,
1606 409 1636 437 et
1660 414 1696 437 eo
1721 398 1815 437 etiam
1833 405 1864 437 in
1880 405 1928 438 liis
1945 405 1996 438 de-

1258 459 1392 502 ficiente,
1406 459 1474 491 aliis
1494 458 1644 491 Romanis
1659 457 1863 491 Pontificibus
1879 468 1999 491 sueces-

1258 512 1383 545 soribus
1414 511 1553 552 nostris,
1579 516 1611 544 ut
1635 511 1822 555 praefertur,
1850 511 1999 544 canonice

1258 565 1446 599 intrantibus
1470 565 1501 597 in
1526 564 1693 605 inlinitum,
1711 564 1810 598 donec
1832 569 1862 598 et
1888 575 2001 608 quous-

1258 630 1319 663 que
1343 618 1472 652 intentio
1490 623 1518 651 et
1547 618 1598 662 pia
1615 618 1758 651 voluntas
1783 617 1856 651 dicti
1874 618 2000 651 loannis

1259 671 1413 715 Baptistae
1437 671 1532 704 modo
1561 670 1737 715 praemisso
1755 681 1848 703 suum
1873 671 2000 714 plenum

1259 724 1407 758 sortiatur
1432 724 1588 765 effectum,
1609 728 1640 756 et
1663 733 1727 757 non
1752 723 1837 765 alias,
1858 733 1916 756 nee
1939 723 2000 756 alio

1259 778 1362 820 modo,
1373 779 1453 811 sacta
1462 789 1529 811 esse
1543 778 1720 821 censeatur)
1731 776 1899 810 donatione
1911 786 2002 820 spon-

1260 832 1349 863 tanea
1374 835 1403 864 et
1432 831 1649 873 irrevocabili,
1675 841 1754 874 quae
1780 830 1895 863 dicitur
1919 830 2001 863 inter

1260 884 1346 917 vivos
1369 884 1449 925 sieri,
1467 895 1525 928 per
1541 888 1609 918 acta
1634 884 1738 917 dilecti
1755 883 1812 916 filii
1830 883 2001 917 Glirisantis

1260 937 1395 970 Roscioli
1409 937 1649 980 Fulginatensis,
1660 937 1804 970 similiter
1818 936 1923 969 curiae
1933 947 2002 969 cau-

1260 1001 1366 1023 sarum
1381 1001 1524 1023 camerae
1537 996 1663 1024 nostrae
1676 990 1866 1034 apostolicae
1876 989 2001 1030 notarii,

1261 1044 1317 1076 sub
1335 1043 1384 1076 die
1400 1044 1503 1087 prima
1528 1044 1646 1076 mensis
1670 1043 1746 1076 iunii
1771 1043 1842 1075 anni
1860 1042 2001 1076 eiusdem

1260 1097 1385 1130 Domini
1409 1107 1553 1130 MDGXXVI
1577 1097 1710 1137 dederit,
1735 1095 1907 1138 donaverit,
1933 1106 2000 1129 ces-

1261 1151 1337 1183 serit
1361 1156 1391 1183 et
1415 1150 1627 1190 ti·anstulei·it;
1653 1155 1683 1183 et
1707 1160 1766 1193 pro
1783 1149 2002 1183 observatione

1261 1209 1450 1238 statutorum
1476 1204 1580 1246 Urbis,
1606 1203 1691 1237 cirea
1715 1203 1941 1236 insinuationes
1965 1203 2002 1236 si-

1261 1258 1383 1291 milium
1408 1257 1613 1291 donationum
1637 1257 1796 1290 faciendas
1822 1257 1978 1289 editorum
1994 1285 2001 1299 ,

1262 1316 1391 1355 sponte,
1417 1310 1565 1354 oninique
1590 1310 1714 1343 meliori
1746 1309 1840 1343 modo
1865 1320 1927 1353 quo
1951 1320 2003 1353 po-

1263 1365 1320 1397 tuit
1337 1370 1366 1398 et
1383 1364 1500 1405 debuit,
1515 1364 1663 1397 dilectum
1682 1364 1782 1396 filium
1800 1363 2003 1397 substitutum

1261 1418 1366 1451 dilecti
1383 1418 1439 1451 filii
1460 1417 1669 1451 commissarii
1687 1418 1843 1460 generalis
1860 1428 2003 1450 camerae

1261 1477 1387 1506 nostrae
1420 1471 1597 1515 praedictae
1622 1470 1660 1503 ad
1685 1470 1861 1514 specialiter
1886 1476 1916 1503 et
1943 1481 2000 1504 ex·-

1261 1535 1369 1569 presse
1394 1524 1607 1565 donationem,
1632 1523 1807 1557 cessionem
1824 1528 1854 1556 et
1870 1524 2002 1556 transla-

1264 1579 1379 1612 tionem
1394 1577 1571 1622 praedictas
1585 1587 1691 1610 coram
1713 1576 1824 1620 quovis
1842 1576 2003 1610 ordinario

1263 1633 1310 1665 vel
1328 1633 1389 1665 alio
1409 1633 1567 1665 Romanae
1588 1631 1698 1665 Curiae
1717 1630 1830 1671 iudice,
1847 1635 1877 1663 et
1897 1641 2004 1663 coram

1263 1686 1377 1730 quibus
1402 1696 1481 1729 opus
1507 1690 1597 1727 esset,
1616 1695 1673 1717 suo
1697 1684 1824 1717 nomine
1848 1683 2006 1716 insinuan-

1263 1739 1326 1782 das,
1353 1738 1574 1783 significandas
1599 1743 1629 1771 et
1652 1737 1859 1771 notificandas
1883 1748 2002 1781 procu-

1263 1798 1401 1826 ratorem
1426 1803 1519 1825 suum
1543 1792 1652 1825 fecerit
1677 1796 1707 1823 et
1730 1791 1948 1831 constituerit,

1308 1848 1322 1890 g
1347 1846 1366 1869 ε)

1263 1900 1474 1941 instrumenti,
1488 1904 1642 1943 quatenus
1660 1897 1873 1940 donationem,
1891 1907 2007 1930 cessio-

1263 1964 1335 1987 nem
1352 1958 1383 1986 et
1403 1953 1640 1986 translationem
1659 1951 1851 1992 huiusmodi,
1866 1961 1926 1995 pro
1943 1951 2007 1984 illa-

1263 2019 1334 2041 rum
1359 2007 1472 2041 maiori
1500 2006 1700 2041 subsistentia
1724 2011 1754 2038 et
1777 2007 1931 2049 perpetua
1955 2016 2006 2039 ro-

1263 2062 1349 2096 boris
1373 2061 1537 2103 firmitate,
1563 2061 1602 2093 de
1626 2059 1819 2104 apostolieae
1844 2059 2006 2103 potestatis

1263 2115 1457 2159 plenitudine
1482 2114 1671 2147 confirmare
1690 2118 1720 2145 et
1736 2112 1923 2156 approbare,
1942 2122 2007 2145 om-

1263 2179 1382 2212 nesque
1396 2173 1458 2201 tam
1471 2167 1618 2201 formales
1632 2171 1662 2199 et
1675 2165 1902 2208 substantialeS,
1912 2176 2007 2209 quam

1263 2222 1341 2256 alios
1366 2221 1493 2267 quosvis
1517 2226 1581 2253 tain
1608 2220 1685 2253 iuris
1710 2230 1804 2263 quam
1828 2219 1901 2252 sacti
1927 2219 2006 2252 defe-

1264 2280 1342 2316 ctus,
1359 2275 1411 2318 qui
1428 2273 1666 2318 quomodolibet
1683 2272 1715 2305 in
1732 2272 1844 2305 iisdem
1869 2272 2006 2305 interve-

1263 2329 1377 2371 nerint,
1403 2328 1441 2361 de
1461 2327 1601 2360 ciusdem
1622 2326 1784 2371 potestatis
1810 2325 2006 2370 plenitudine

1265 2383 1411 2427 supplere
1436 2386 1466 2415 ct
1489 2381 1600 2415 tollere
1631 2380 1782 2413 vellemus
1807 2383 1837 2413 et
1860 2379 2007 2423 dignare-

1265 2447 1346 2477 mur,
1371 2435 1522 2468 instanter
1547 2433 1781 2478 supplicaverit,
1800 2437 1895 2477 prout
1911 2433 1943 2466 in
1960 2433 2007 2465 in-

1265 2494 1441 2524 strumento
1454 2488 1591 2532 desuper
1605 2498 1662 2532 per
1677 2487 1796 2520 dietum
1811 2486 2007 2521 Chrisantem

1264 2543 1423 2577 notarium
1440 2547 1553 2585 rogato
1572 2540 1695 2585 plenius
1713 2540 1905 2580 continetur3
1924 2545 2007 2584 post-

1266 2597 1394 2631 modum
1420 2606 1494 2629 vero
1512 2595 1643 2628 dilectus
1670 2594 1753 2628 silius
1778 2594 1908 2628 loannes
1925 2594 2006 2627 Alto-

1265 2651 1355 2694 vitus,
1365 2649 1535 2696 supradicti
1546 2648 1755 2684 commissarii
1768 2647 1924 2692 generalis
1937 2647 2007 2682 sub-

2012 253 2061 280 An.
2079 251 2109 280 C.
2129 251 2195 280 1627

1348 1870 1376 1879 -.
1402 1846 1564 1890 Nobisque
1588 1850 1771 1889 praeterea,
1797 1850 1906 1877 tenore
1930 1844 2205 1903 dictidfflzibusstnqirgceg

2020 1908 2177 1929 confirmentur,
