2269 3235
68 267 117 295 An.
134 266 163 293 C.
185 265 252 294 1623

86 1713 227 1735 Prooemium.

84 2042 165 2073 Causae
179 2043 240 2073 huius

59 2072 219 2092 constitutionis.

871 261 1012 285 unuruus

264 317 287 355 ἦ.

264 369 287 407 †

263 422 286 461 †
310 419 340 453 C.
366 418 395 452 S.
421 418 539 453 Nicolai
563 418 594 451 in
619 418 749 452 Carcere
772 415 914 450 Tulliano
938 415 1004 448 dia-

352 482 450 506 conus
475 471 640 505 cardinalis
665 470 745 504 Pius.

263 527 288 570 -1-
312 526 349 559 M.
375 526 403 559 S.
421 524 580 559 Eustachii
604 524 754 558 diaconus
776 522 943 558 cardinalis
965 523 1004 556 de

351 578 514 613 Sabaudia.

262 636 286 675 †

262 689 285 728 †
309 686 375 730 Ego
399 684 570 719 Alexander
594 683 623 717 S.
646 683 761 717 Mariae
784 683 817 716 in
836 683 1002 718 Cosmedin

351 738 499 773 diaconus
522 737 689 772 cardinalis
714 736 852 771 Ursinus.

261 796 284 994 -i-—i-i-i-

308 952 374 996 Ego
398 952 583 986 Franciscus
608 952 637 985 S.
662 951 772 994 Angeli
796 951 827 984 in
852 951 933 984 Foro
958 951 1003 984 Pi-

350 1006 450 1039 scium
475 1005 626 1039 diaconus
656 1005 823 1039 cardinalis
847 1005 1001 1038 Boncom-

350 1069 481 1104 pagnus.

262 1117 284 1154 -'s
308 1113 375 1156 Ego
399 1112 586 1157 Hyppolitus
615 1112 643 1145 S.
669 1112 783 1145 Mariae
806 1113 910 1146 Novae
935 1112 1000 1145 dia-

350 1176 448 1200 conus
467 1165 634 1199 cardinalis
651 1165 913 1207 Aldrobmdinus,
935 1176 1001 1199 san-

350 1225 417 1254 ctae
433 1221 591 1254 Romanae
607 1219 756 1253 ecclesiae
774 1220 976 1254 camerarius.

603 1353 650 1386 lV.

294 1425 503 1460 canonizatio
528 1425 613 1458 beati
635 1425 807 1458 Franciscz·
830 1425 966 1459 cheriz'

472 1488 488 1511 e
503 1478 658 1512 Societate
673 1478 747 1512 Iesu
757 1479 776 1512 ¹.

459 1549 595 1577 Urbanus
614 1549 790 1584 episcopus,

433 1601 538 1622 servus
565 1600 721 1622 servorum
746 1594 818 1627 Dei,

384 1638 422 1667 ad
437 1641 609 1673 perpetuam
625 1639 670 1667 rei
685 1639 865 1667 memoriam.

299 1699 422 1734 Rationi
446 1700 592 1743 congruit
615 1705 646 1734 et
667 1701 813 1734 convenit
835 1701 994 1745 aequitati,

256 1757 289 1786 ut
312 1763 358 1795 ea,
382 1763 462 1798 quae
486 1753 524 1786 de
548 1754 680 1788 Romani
710 1753 870 1788 Pontificis
893 1754 996 1798 provi-

255 1806 361 1840 dentia
384 1812 623 1851 processerunt,
649 1807 731 1848 licet,
756 1807 823 1840 eius
847 1818 995 1852 superve-

254 1859 359 1893 niente
382 1859 486 1901 obitu,
510 1860 632 1894 litterae
652 1860 842 1904 apostolieae
859 1860 995 1905 desuper

256 1913 415 1948 confectae
430 1923 492 1947 non
509 1913 642 1956 suerint,
659 1925 750 1948 suum
767 1914 907 1948 debitum
925 1925 995 1948 con-

255 1973 426 2012 sequantur
450 1967 604 2002 effectum.

299 2022 314 2066 §
338 2021 368 2054 sl.
394 2021 517 2054 Dudum
545 2021 699 2066 siquidem
726 2022 824 2055 felicis
851 2023 995 2056 reeorda-

254 2073 347 2108 tionis
371 2073 543 2117 Gregorius
570 2075 651 2119 Papa
673 2075 745 2116 XV,
770 2075 995 2120 praedecessor

254 2132 380 2168 noster,
408 2127 460 2172 pie
490 2127 743 2172 praemeditans,
768 2129 852 2173 quod
883 2129 993 2173 unige-

255 2181 337 2214 nitus
366 2184 397 2215 et
427 2186 611 2214 coaeternus
645 2181 764 2215 aeterni
795 2182 919 2215 Patris²
943 2183 993 2216 Fi-

256 2233 332 2275 lius,
357 2245 428 2267 cum
454 2234 492 2268 de
519 2234 679 2278 regalibus
703 2235 829 2269 sedibus
854 2236 885 2268 in
910 2237 1011 2270 hunc:

1009 2281 1011 2296 ⁵
1027 2298 1143 2322 nomen
1159 2288 1283 2321 Domini
1297 2288 1349 2321 Dei
1365 2288 1464 2321 nostri
1482 2287 1513 2320 in
1530 2288 1685 2321 universis
1698 2298 1770 2331 gen-

255 2345 459 2384 operaretur,
484 2341 715 2383 descendisset,
740 2354 847 2376 semen
875 2344 992 2377 bonum
1009 2343 1010 2371 Ξ
1029 2343 1111 2375 tibus
1136 2342 1293 2376 redditum
1318 2347 1415 2381 esset3
1440 2342 1522 2374 inter
1546 2346 1668 2375 eeteros
1683 2352 1768 2383 vero,

257 2287 430 2328 mundum,
464 2293 500 2321 ut
533 2288 666 2321 salutem
702 2289 831 2321 humani
868 2290 993 2332 generis

255 2393 342 2426 verbi
375 2393 422 2426 sui
453 2394 484 2427 in
519 2405 595 2438 agro
631 2396 717 2430 orbis
752 2400 907 2430 terrarum
944 2408 992 2431 se-

254 2447 443 2487 minaverat,
466 2453 500 2480 ut
523 2449 663 2482 omnium
688 2450 869 2483 caelestium
895 2451 992 2484 virtu-

254 2505 319 2535 tum
344 2506 375 2535 et
399 2501 436 2534 ad
461 2506 634 2536 extremum
659 2509 802 2538 aeternae
827 2505 907 2539 vitae
928 2506 992 2539 sru—

290 2583 301 2609 1
320 2581 417 2610 Recole
431 2581 522 2610 adnot.
539 2590 571 2610 ex
589 2583 709 2612 Cherub.
729 2593 810 2621 supra
830 2593 890 2622 pag.
912 2587 940 2613 11
959 2586 991 2614 ad

254 2626 365 2654 Constit.
381 2632 399 2653 11
413 2628 452 2661 (n.
468 2627 516 2661 τ.).

289 2670 306 2698 2
320 2671 390 2698 Edit.
406 2671 488 2698 Main.
504 2671 567 2707 legit
582 2672 668 2700 Patri
681 2675 719 2707 (n.
736 2675 784 2709 τ.).

334 2724 413 2753 Ball.
436 2725 520 2754 Rom.
562 2726 622 2755 Vol.
642 2727 722 2755 XIII.
885 2730 900 2755 5

1038 261 1092 284 vni
1117 261 1164 284 rr.

1040 314 1124 342 ctum
1150 308 1352 342 credentibus
1377 306 1569 351 germinaret
1583 318 1590 347 ;
1615 305 1780 350 quodque,

1040 372 1133 403 cum,
1158 372 1216 406 pro
1247 361 1370 394 divinae
1402 360 1496 394 huius
1525 359 1640 403 segetis
1672 359 1779 392 incre-

1038 419 1154 456 mento,
1179 415 1444 459 pretiosissimum
1468 413 1653 456 sanguinem
1677 422 1780 453 suum,

1037 468 1243 512 ignominiam
1269 468 1372 501 crucis
1389 466 1564 501 voluntarie
1585 466 1721 508 subiens,
1739 468 1781 500 et'-

1036 522 1188 562 fudisset,
1213 531 1267 562 ac,
1299 521 1440 565 perfecto
1464 520 1591 554 demum
1616 531 1712 565 opere
1742 521 1781 553 ad

1036 575 1120 619 quod
1145 575 1259 608 missus
1283 574 1395 615 suerat,
1420 584 1514 618 super
1539 574 1686 608 omnibus
1709 584 1779 607 cae-

1037 629 1140 662 lorum
1177 627 1423 662 sublimitatibus
1459 627 1497 660 ad
1533 627 1693 661 dexteram
1722 628 1779 660 Pa-

1035 682 1093 715 tris
1110 682 1142 714 in
1158 681 1359 715 saeculorum
1373 680 1557 714 aeternitate
1573 691 1779 714 consessurus

1035 734 1247 775 ascendisset,
1274 734 1430 778 plurimos
1461 744 1568 767 servos
1600 739 1631 767 et
1661 735 1779 768 amieos

1036 799 1109 822 suos
1123 789 1154 821 in
1167 788 1260 821 terris
1277 788 1460 833 reliquerat,
1478 788 1532 834 qui
1548 788 1720 829 laboribus,
1738 789 1780 821 vi-

1035 842 1128 886 giliis,
1145 847 1250 886 atque,
1268 841 1306 875 ad
1331 841 1430 886 ipsius
1448 841 1640 886 exemplum,
1656 842 1778 886 proprii

1035 895 1195 938 sanguinis
1212 895 1374 936 effusione,
1387 894 1524 928 divinam
1542 895 1622 928 banc
1639 896 1779 929 excolen-

1035 954 1081 981 tes
1095 954 1277 990 sementem,
1291 959 1425 982 messem
1439 948 1732 992 quamuberrimam
1747 949 1779 982 in

1035 1003 1185 1036 horreum
1203 1002 1269 1035 eius
1290 1006 1530 1045 congregarent,
1551 1001 1680 1046 eiusque
1700 1002 1778 1036 fines

1035 1067 1071 1090 co
1089 1066 1188 1100 usque
1212 1056 1388 1097 dilatarent,
1409 1056 1518 1096 donec,
1540 1056 1623 1089 iuxta
1643 1056 1778 1100 promis-

1034 1110 1156 1143 sionem
1181 1110 1291 1151 Patris‚
1321 1120 1430 1143 omnes
1454 1114 1563 1153 gentes
1591 1115 1622 1143 et
1650 1110 1776 1144 termini

1033 1170 1136 1197 terrac
1171 1164 1322 1197 darentur
1358 1164 1385 1196 ei
1417 1164 1448 1196 in
1485 1163 1711 1197 haereditatem
1747 1171 1778 1198 et

1033 1217 1282 1261 possessionem3
1309 1222 1355 1257 et,
1381 1218 1526 1260 quamvis
1551 1217 1683 1250 verbum
1708 1217 1777 1251 eius

1033 1281 1158 1314 semper
1190 1280 1207 1302 a
1238 1270 1441 1313 generatione
1476 1269 1508 1302 in
1539 1270 1776 1313 generationem

1032 1328 1254 1368 prosperatum
1280 1329 1381 1364 esset,
1406 1328 1562 1364 attamen,
1586 1324 1712 1367 quando
1736 1325 1776 1357 ab

1032 1377 1166 1411 aeternis
1182 1377 1379 1421 temporibus
1398 1376 1668 1421 praedestinatum
1685 1377 1776 1411 bene-

1030 1432 1135 1476 placiti
1153 1432 1219 1465 eius
1236 1437 1360 1475 tempus
1377 1431 1546 1464 advenerat
1565 1437 1600 1464 ut
1615 1431 1776 1465 abundare

1031 1483 1148 1515 faceret
1164 1482 1253 1526 quasi
1278 1482 1413 1515 imbrem
1430 1482 1634 1516 inundantem
1654 1483 1776 1516 miseri-

1031 1537 1170 1570 cordiam
1195 1547 1283 1570 suam
1307 1546 1455 1580 magnam
1481 1547 1575 1580 super
1593 1536 1775 1570 universum

1031 1600 1139 1623 semen
1162 1590 1300 1624 filiorum
1321 1590 1431 1631 Adam,
1456 1589 1655 1634 gloriamque
1672 1590 1774 1624 crucis

1031 1654 1105 1677 suae
1125 1653 1225 1688 usque
1249 1643 1288 1676 ad
1304 1643 1450 1676 ultimum
1466 1648 1580 1684 terrae,
1598 1649 1628 1677 et
1645 1644 1677 1677 in
1693 1645 1773 1677 mari

1030 1698 1123 1741 longe
1147 1702 1349 1742 propagaret,
1374 1707 1447 1730 vere
1473 1696 1670 1730 admirabilis
1694 1697 1774 1730 sacta

1029 1755 1096 1785 erat
1118 1750 1258 1795 potentia
1280 1750 1389 1794 ipsius,
1414 1760 1486 1783 eum
1511 1750 1656 1783 revelatis
1686 1750 1773 1784 inco-

1029 1804 1123 1848 gnitis
1140 1809 1231 1837 antea
1248 1804 1392 1837 tribubus
1409 1809 1440 1837 et
1455 1804 1572 1847 linguis
1592 1814 1628 1837 ac
1647 1805 1773 1849 populis

1030 1863 1060 1891 et
1072 1857 1262 1899 nationibus,
1277 1867 1412 1890 messem
1431 1867 1578 1900 magnam
1595 1863 1688 1902 atque
1702 1858 1774 1892 ube—

1029 1923 1097 1945 rem
1110 1917 1288 1956 aperuerat,
1306 1917 1399 1955 atque
1413 1911 1445 1944 in
1461 1913 1498 1944 ea
1515 1912 1679 1956 operarios
1696 1913 1773 1946 mul-

1029 1966 1232 2011 tiplicaverat,
1257 1968 1407 2011 tantaque
1430 1966 1591 1999 fructuum
1616 1966 1773 2000 abundan-

1029 2020 1070 2053 tia
1094 2020 1219 2054 labores
1243 2030 1355 2053 eorum
1380 2020 1602 2063 compleverat,
1627 2025 1671 2061 ut,
1696 2020 1772 2064 ipsis

1029 2074 1296 2114 annuntiantibus,
1314 2073 1512 2117 evangelicae
1529 2073 1771 2117 praedicationis

1028 2139 1124 2162 sonus
1147 2139 1249 2172 usque
1272 2128 1311 2161 ad
1332 2133 1490 2161 extremos
1507 2127 1594 2161 orbis
1613 2131 1771 2162 terrarum

1028 2182 1105 2215 sines
1122 2185 1328 2225 penetrasset,
1345 2186 1375 2214 et
1398 2191 1415 2214 a
1435 2181 1509 2214 solis
1526 2186 1599 2214 ortu
1616 2192 1716 2225 usque
1732 2182 1771 2216 ad

1028 2246 1191 2277 oceasum,
1216 2235 1255 2268 ab
1281 2235 1427 2279 aquilone
1451 2239 1481 2267 et
1505 2234 1595 2276 mari,
1620 2245 1770 2279 magnum

1027 2408 1107 2441 quos
1131 2397 1169 2429 ad
1192 2396 1420 2440 perficiendum
1446 2396 1611 2430 voluntatis
1631 2406 1705 2430 suae
1725 2408 1769 2430 sa-

1008 2447 1224 2484 ‘eramentum
1257 2450 1288 2482 in
1320 2453 1477 2483 tantarum
1509 2449 1651 2492 gentium
1676 2461 1769 2484 voca-

1027 2505 1111 2538 tione
1136 2503 1286 2537 Dominus
1309 2503 1595 2547 praeordinaverat,
1620 2504 1767 2547 egregius

1027 2568 1135 2592 servus
1158 2557 1225 2590 eius
1256 2556 1440 2590 Franciseus
1470 2556 1638 2601 Xaveriusj,
1667 2567 1767 2591 novus

1027 2611 1186 2645 Indiarum
1211 2611 1392 2655 apostolus,
1417 2610 1518 2654 gloria
1542 2610 1712 2644 sanctitatis
1737 2617 1767 2644 et

1027 2666 1212 2700 meritorum
1237 2665 1404 2709 splendore
1434 2665 1604 2709 praecipue
1632 2665 1766 2699 emicue-

1700 248 1742 281 33
1791 258 1842 285 Au.
1862 256 1976 285 &1623
