2269 3235
230 290 278 317 An.
294 290 319 317 r..
346 289 412 316 icet
458 280 524 313 164

253 984 276 1004 Ei
292 984 365 1005 tribuit
381 984 409 1004 s-i·

226 1011 325 1031 cultatem

226 1038 317 1063 pellendi

225 1070 333 1084 cenulfus.

354 1017 408 1031 (Um-

425 338 578 370 beueticia
602 337 827 377 ecclesiastica,
855 336 976 369 etiamsi
999 336 1165 376 manualia,

425 396 454 423 ct
479 391 516 423 ‹lc
543 391 804 433 iurrpatrenatus,
831 395 863 421 ut
888 389 1079 432 praefertur,
1104 389 1167 421 sue-

426 443 497 481 rint,
515 444 623 486 quavis
640 442 825 475 auctoritate
849 442 1022 485 apostolica
1047 452 1101 474 seu
1119 452 1167 475 or-

424 496 545 528 dinaria
572 501 621 528 aut
649 495 848 537 subtlelegatz't
875 495 919 527 cis
940 495 1025 527 unita
1045 500 1075 527 et
1095 506 1166 527 con-

425 560 522 588 cessa,
538 560 617 592 quae
636 549 702 591 ipsa
721 549 867 592 capitula,
880 548 1167 590 colleg-5:1,semina-

425 602 479 641 ria,
495 602 757 643 congregationes
771 607 801 635 et
814 602 873 634 alia
884 603 950 635 loca
965 603 1013 646 pia
1028 602 1166 645 praefata

425 655 533 697 vigore
548 655 699 688 unionum
714 656 893 689 buiusmoili
914 656 1082 700 possident,
1098 657 1166 689 illo-

424 718 558 750 rumque
578 719 698 741 annuos
715 710 847 749 valores,
861 709 919 741 sub
937 709 1120 752 privationis
1137 715 1166 741 et

425 761 493 793 aliis
519 762 549 793 in
576 762 687 794 litteris
718 763 874 795 diciorum
907 763 950 795 t‘ii
984 767 1013 796 et
1041 763 1118 795 sixti
1144 764 1165 795 V

424 814 702 857 praedecessorum
730 815 910 848 huiusmodi
929 816 1083 848 contentis
1101 826 1167 848 sen-

424 867 538 908 tentiis,
558 868 700 900 censuris
716 874 743 900 et
762 869 882 911 poenis,
904 869 934 900 in
956 869 1094 901 Romana
1111 879 1165 901 cu-

425 920 483 958 ria,
504 926 534 953 et
560 927 646 953 extra
668 932 747 959 eam,
767 926 913 953 moneant
938 926 967 953 ct
987 921 1165 964 requirant,

469 974 483 1015 g
507 972 536 1005 3.
555 974 629 1007 Cum
656 980 808 1017 potestate
833 974 914 1006 dicta
941 974 1085 1017 capitula,
1107 975 1167 1006 col-

424 1026 521 1068 legia,
547 1027 826 1068 congregationes,
852 1027 1040 1067 seminaria,
1066 1028 1166 1059 socie-

425 1084 523 1118 tates,
549 1079 716 1122 hospitalia
747 1085 776 1111 et
806 1079 865 1111 alia
890 1080 958 1112 loca
984 1079 1164 1122 praedicta,

424 1141 544 1164 necnon
570 1132 754 1164 eorumdem
776 1132 1042 1175 quindenniorum
1070 1137 1100 1165 et
1125 1133 1167 1165 iu-

424 1184 506 1217 rium
521 1184 681 1217 debitores
700 1186 730 1217 in
745 1186 965 1229 praesentibus
981 1186 1097 1219 nostris
1121 1186 1167 1219 lit-

425 1237 499 1270 teris
534 1238 790 1281 comprehensos,
820 1238 912 1270 etiam
941 1249 998 1282 per
1029 1238 1164 1271 edictum

423 1291 597 1334 publicum,
623 1291 757 1324 constito
782 1292 955 1323 summarie
968 1291 1006 1324 de
1020 1302 1081 1324 non
1100 1297 1166 1324 tuto

425 1354 575 1384 accessu,
601 1349 663 1376 tam
691 1344 720 1376 in
745 1344 829 1376 dicta
856 1344 943 1377 curia
964 1355 1057 1387 quam
1079 1351 1165 1377 extra

424 1407 492 1429 eam
518 1397 649 1436 citandi,
675 1397 823 1430 monendi
849 1403 877 1430 et
902 1398 1105 1441 requirendi,
1131 1408 1166 1430 ac

424 1451 468 1483 eis
492 1456 523 1483 et
542 1451 611 1483 aliis
628 1451 799 1494 quibusvis,
815 1456 854 1491 et,
868 1452 991 1494 quoties
1005 1462 1085 1495 opus
1105 1452 1167 1484 fue-

424 1503 474 1543 rit,
493 1504 551 1536 sub
569 1504 710 1536 censuris
727 1510 757 1536 et
774 1504 883 1548 poenis
901 1505 1119 1537 ecclesiasticis
1133 1516 1168 1537 ac

423 1557 614 1600 pecuniariis
639 1568 748 1589 eorum
774 1558 905 1590 arbitrio
932 1558 1085 1598 serendis,
1106 1564 1167 1590 sta-

424 1612 564 1653 tuendis,
600 1612 800 1645 moderandis
830 1618 860 1645 et
891 1612 1108 1656 applicandis,
1133 1622 1168 1645 ac

425 1664 517 1696 etiam
539 1664 724 1708 privationis
750 1665 975 1697 beneficiorum
996 1665 1168 1705 unitorum,

424 1717 517 1750 etiarn
551 1717 645 1749 simili
678 1718 781 1751 edicto
806 1718 989 1760 inhibendi,
1020 1718 1169 1761 ipsosque

425 1769 584 1803 debitores
608 1771 645 1803 ad
671 1771 872 1804 indicandum
902 1771 1053 1804 beneficia
1084 1771 1168 1804 unita

425 1829 456 1857 et
480 1824 663 1857 solvendum
682 1825 872 1868 quindennia
890 1825 1034 1865 decursa,
1047 1825 1167 1859 etiamsi

425 1878 463 1910 ad
489 1878 519 1910 id
546 1879 575 1910 in
600 1881 725 1912 camera
750 1879 921 1922 apostolica
946 1889 1009 1912 non
1034 1889 1066 1911 se
1091 1879 1170 1911 obli-

425 1932 578 1974 gaverint,
598 1934 734 1965 constito
749 1938 852 1965 tamen
873 1933 911 1965 de
927 1933 1039 1966 sortito
1057 1933 1167 1966 effectu

425 1985 589 2026 unionum,
608 1997 665 2029 per
682 1987 801 2019 similes
822 1986 1002 2026 sententias,
1020 1996 1169 2019 censuras

425 2043 453 2071 et
475 2049 602 2082 poenas,
620 2039 712 2072 etiam
731 2050 788 2083 per
804 2039 961 2072 interdicti
984 2045 1045 2072 tam
1062 2040 1169 2072 localis

425 2102 519 2135 quam
539 2092 714 2135 personalis
728 2092 969 2136 appositionem,
983 2102 1040 2136 per
1052 2092 1168 2125 dictum

426 2146 652 2190 Hieronymum
686 2151 716 2178 et
751 2146 970 2188 subrogandos
995 2146 1169 2189 praefatos,

426 2199 548 2243 quoties
573 2210 652 2243 opus
677 2200 781 2239 suerit,
807 2200 950 2232 ferendas
975 2204 1004 2231 et
1028 2200 1169 2243 promul-

427 2253 561 2296 gandas,
587 2263 708 2286 necnon
734 2254 911 2293 fructuum,
937 2252 1116 2285 reddituum
1142 2257 1170 2286 et

426 2312 636 2350 proventuum
650 2306 873 2339 beneficiorum
883 2306 1168 2339 ecelesiasticorum

427 2370 506 2403 quae
524 2360 581 2404 ipsi
600 2361 759 2394 debitores
775 2361 988 2405 possidebunt,
1006 2371 1063 2404 pro
1077 2371 1171 2404 quan-

428 2414 512 2447 titate
538 2425 647 2447 corum
674 2414 788 2455 debiti,
818 2415 1116 2458 sequestrationem,
1141 2420 1171 2447 et

428 2468 488 2500 alia
499 2474 678 2512 opportuna
692 2469 769 2501 iuris
783 2475 809 2502 et
826 2469 897 2502 sacti
916 2468 1065 2508 remedia,
1077 2468 1169 2502 etiam

429 2532 500 2554 cum
527 2523 723 2556 invocatione
741 2523 846 2556 auxilii
868 2523 989 2556 brachii
1010 2523 1170 2563 secularis,

429 2575 561 2617 eogendi
587 2582 617 2608 et
641 2577 863 2620 compellendi,
885 2588 920 2609 ac
941 2577 971 2609 in
989 2576 1170 2621 praemissis

429 2629 577 2662 omnibus
608 2634 638 2662 et
669 2630 819 2673 singulis,
853 2630 945 2664 etiam
977 2629 1169 2670 summarie,

428 2682 616 2728 simpliciter
640 2688 671 2717 et
694 2683 732 2717 (le
756 2683 868 2728 plano,
894 2683 960 2718 sine
984 2683 1118 2728 strepitu
1142 2688 1172 2716 et

1011 288 1193 313 numanum
1214 288 1365 313 ROMANUM

1200 336 1303 378 figura
1329 335 1445 376 iudicii,
1470 335 1535 368 solit
1558 335 1628 368 sacti
1646 335 1774 369 veritate
1791 336 1942 379 inspecta,

1200 394 1227 420 et
1246 389 1321 421 alias
1336 399 1424 421 more
1441 388 1588 421 camerali
1608 388 1809 432 procedendi,
1828 399 1863 422 ac
1877 399 1941 429 eOS,

1200 441 1251 483 qui
1274 441 1459 481 sententias,
1486 451 1634 473 censuras
1659 446 1690 473 et
1712 451 1830 485 poenas
1854 452 1942 485 prae-

1200 493 1319 534 dictas,
1345 498 1378 526 ut.
1400 494 1634 537 praemittitur,
1660 494 1874 534 incurrerint,
1902 494 1941 527 al)

1201 547 1317 579 eisdem
1344 547 1485 579 censuris
1510 552 1539 579 et
1565 546 1685 590 poenis,
1711 547 1838 590 praevia
1855 547 1943 580 satis-

1201 600 1343 639 factione,
1368 600 1548 633 absolvendi
1571 605 1601 632 et
1625 599 1794 640 liberandi,
1819 600 1942 643 aliaque

1200 652 1353 695 faciendi,
1379 653 1508 695 gerendi
1533 658 1564 685 et
1588 653 1774 694 exercendi,
1805 663 1885 696 quae
1909 653 1942 686 in

1201 707 1382 750 praemissis
1399 707 1575 740 necessaria
1593 707 1718 748 fuerint,
1737 717 1790 740 seu
1812 717 1943 751 quomo-

1200 759 1320 793 dolibet
1344 766 1531 803 opportuna.

1246 813 1261 856 g
1285 813 1313 845 4.
1340 814 1407 847 Non
1431 814 1628 848 obstantibus
1645 824 1844 858 quacumque
1868 824 1942 847 cen-

1202 866 1341 907 tenaria,
1366 867 1459 899 etiam
1485 868 1651 911 completa,
1669 873 1699 900 et
1716 867 1808 900 etiam
1830 866 1942 900 maiori

1201 929 1218 950 a
1239 919 1306 951 iure
1324 922 1439 952 statuta
1455 921 1715 964 praescriptione,
1730 931 1766 954 ac
1780 920 1943 964 quibusvis

1201 972 1476 1004 constitutionibus
1493 978 1523 1005 et
1542 973 1803 1015 ordinationibus,
1820 983 1943 1006 necnon

1200 1023 1389 1066 privilegiis,
1415 1025 1664 1068 exemptionibus
1687 1026 1814 1058 indultis
1839 1032 1869 1059 et
1893 1026 1943 1058 lit-

1201 1077 1276 1108 teris
1301 1077 1491 1120 apostolicis,
1513 1078 1668 1121 capitulis,
1694 1079 1944 1121 congregationi-

1202 1130 1281 1171 bus,
1307 1130 1470 1173 collegiis,
1495 1131 1691 1171 seminariis,
1722 1131 1943 1172 societatibus,

1201 1183 1407 1225 hospitalibus
1424 1187 1453 1217 et
1469 1183 1538 1216 aliis
1553 1184 1613 1227 piis
1627 1184 1703 1217 locis
1717 1184 1874 1227 praefatis,
1886 1184 1944 1217 sub

1200 1236 1452 1280 quibuscumque
1463 1237 1625 1270 tenoribus
1643 1244 1672 1270 et
1688 1237 1807 1277 formis,
1820 1248 1856 1270 ac
1872 1248 1944 1271 cum

1202 1289 1364 1332 quibusvis
1385 1290 1478 1322 etiam
1493 1290 1766 1332 derogatoriarum
1781 1291 1945 1333 derogato—

1203 1342 1267 1380 riis,
1281 1343 1412 1385 aliisque
1426 1343 1655 1376 efficacioribus
1674 1349 1705 1377 et
1718 1344 1851 1377 insolitis
1864 1344 1946 1377 clau-

1201 1396 1286 1437 sulis,
1311 1406 1434 1429 necnon
1455 1397 1651 1430 irritantibus
1671 1403 1700 1430 et
1715 1398 1783 1430 aliis
1800 1398 1944 1438 decretis,

1202 1450 1294 1482 etiam
1320 1455 1408 1483 motu
1432 1456 1463 1483 et
1487 1451 1616 1483 scientia
1641 1451 1817 1491 similibus,
1846 1461 1882 1484 ac
1906 1450 1945 1484 de

1201 1503 1392 1546 apostolicae
1417 1504 1580 1546 potestatis
1604 1504 1819 1547 plenitudine,
1849 1504 1944 1537 etiam

1201 1556 1472 1597 consistorialiter,
1483 1562 1558 1590 etex
1568 1561 1662 1590 causa
1672 1557 1739 1590 initi
1753 1562 1944 1598 contractus,

1201 1615 1254 1641 aut.
1266 1610 1340 1642 alias
1350 1610 1589 1653 quomodolibet
1606 1610 1764 1644 concessis
1773 1621 1809 1643 ac
1822 1610 1942 1643 iteratis

1202 1663 1946 1706 vicibusapprobatisetinnovatis.Quibusornni-

1203 1716 1276 1757 bus,
1302 1717 1422 1749 etiamsi
1446 1728 1503 1760 pro
1528 1717 1654 1750 illorum
1674 1717 1839 1750 sufficienti
1858 1717 1946 1750 dero-

1201 1769 1325 1811 gatione
1350 1769 1388 1802 de
1413 1770 1484 1809 illis,
1501 1780 1676 1814 eorumque
1693 1770 1765 1804 totis
1782 1770 1945 1803 tenoribus

1202 1822 1354 1866 specialis,
1380 1823 1536 1866 specifica,
1562 1834 1712 1867 expressa
1729 1829 1760 1856 et
1774 1823 1945 1863 individua,

1202 1885 1237 1908 ae
1262 1875 1299 1907 de
1321 1875 1418 1909 verbo
1443 1876 1481 1908 ad
1506 1877 1648 1915 verbum,
1673 1887 1736 1910 non
1761 1881 1863 1910 autem
1889 1887 1947 1920 per

1202 1929 1356 1962 clausulas
1367 1930 1530 1972 generales
1542 1929 1623 1962 idern
1635 1930 1852 1973 importantes,
1864 1940 1948 1963 men-

1203 1983 1245 2015 tio
1262 1994 1317 2015 seu
1334 1983 1462 2026 quaevis
1479 1983 1540 2015 alia
1556 1983 1717 2026 expressio
1732 1983 1877 2016 habenda
1890 1986 1944 2017 aut

1203 2035 1305 2079 aliqua
1322 2036 1381 2068 alia
1398 2036 1551 2079 exquisita
1571 2036 1672 2069 forma
1689 2036 1841 2069 servanda
1854 2041 1946 2077 esset,

1203 2093 1326 2122 tenores
1347 2089 1538 2129 huiusmodi,
1556 2100 1592 2122 ac
1612 2089 1636 2122 si
1659 2089 1696 2122 de
1712 2089 1808 2122 verbo
1824 2089 1863 2121 ad
1881 2099 1948 2122 ver-

1203 2143 1276 2175 bum
1302 2143 1527 2183 insererentur,
1543 2143 1761 2187 praesentibus
1778 2153 1836 2186 pro
1853 2143 1945 2186 plene

1203 2202 1233 2229 et
1246 2196 1436 2229 sufficienter
1448 2197 1604 2240 expressis
1622 2197 1781 2235 habentes,
1798 2196 1857 2229 hac
1878 2196 1947 2229 vice

1203 2250 1363 2283 dumtaxat
1387 2250 1565 2293 specialiter
1588 2255 1618 2283 et
1645 2260 1793 2294 expresse
1817 2249 1947 2293 deroga-

1205 2315 1282 2343 mus,
1307 2314 1429 2337 necnon
1454 2304 1600 2336 omnibus
1621 2303 1692 2344 illis,
1717 2314 1797 2347 quae
1819 2304 1947 2347 praede-

1203 2368 1345 2392 cessores
1363 2358 1493 2402 praesati
1510 2358 1542 2390 in
1559 2358 1691 2401 singulis
1708 2368 1817 2391 eorum
1833 2358 1947 2391 litteris

1205 2413 1373 2446 voluerunt
1389 2422 1452 2445 non
1470 2412 1606 2454 obstare,
1632 2412 1811 2457 ceterisque
1828 2416 1948 2446 contra-

1204 2466 1258 2499 riis
1282 2466 1541 2510 quibuscumque.

1248 2520 1263 2564 ξ
1288 2520 1317 2553 5.
1344 2520 1495 2553 Volumus
1519 2524 1623 2554 autem
1639 2548 1646 2561 ,
1673 2524 1708 2555 ut
1735 2520 1946 2564 praesentium

1205 2574 1419 2617 transumptis,
1431 2574 1522 2608 etiam
1542 2574 1713 2617 impressis,
1725 2584 1819 2606 manu
1833 2572 1946 2607 notarii

1205 2627 1320 2670 publici
1339 2627 1534 2671 subscriptis,
1550 2633 1579 2660 et
1599 2627 1702 2670 sigillo
1723 2626 1855 2660 alicuius
1878 2636 1948 2670 per-

1205 2691 1300 2715 sonae
1315 2680 1348 2715 in
1361 2680 1513 2726 dignitate
1530 2681 1743 2716 ecclesiastica
1760 2679 1947 2715 constitutae

1961 288 2008 315 Λη.
2022 287 2050 316 C.
2074 289 2140 317 1624

2027 824 2143 853 Dei-ngatio

1958 853 2120 871 contrarioium.

2001 2522 2064 2543 Fides
2085 2523 2146 2543 tnu-

1961 2552 2097 2576 sumptorum.
