2269 3235
132 275 180 301 An.
197 273 226 300 C.
248 272 316 300 ¹624

175 759 315 784 Praeceptum

131 785 157 806 de
176 792 218 812 quo
240 792 260 806 in
282 792 315 806 ru>

131 814 198 834 brica-

177 1773 316 1796 Quaestiones

132 1805 196 1825 super
242 1800 317 1819 valim-

133 1828 176 1846 tate
196 1827 316 1850 privilegio-

132 1859 177 1873 rum
192 1853 242 1873 huic
256 1852 316 1873 Ordi-

132 1880 152 1899 ni
162 1885 316 1900 concessorum.

130 1906 317 1932 siquanoriantur,

132 1931 160 1952 ad
175 1932 252 1953 Sedem
263 1934 316 1957 Apo>

132 1959 228 1979 staturam
260 1958 316 1980 defe-

132 1985 219 2006 rendae.

159 2144 182 2165 Si
194 2144 244 2170 quid
255 2150 317 2174 secus

133 2173 254 2194 attrn'stur.
272 2178 316 2191 irri-

132 2199 175 2218 tum
191 2197 316 2219 declaratur.

945 272 1086 295 canimus
1111 271 1166 295 vin
1190 272 1237 296 Pr.
1748 259 1806 294 161
1858 269 1910 297 An.
1925 269 1954 297 G.
1975 268 2044 297 ¹62⁴

328 320 502 360 bonorum,
526 320 724 364 aliorumque
749 320 864 353 inrinm
889 319 1068 352 huiusmodi

329 374 559 407 conservationi
579 379 610 407 et
638 378 806 417 augmento
831 384 923 417 quam
950 373 1070 405 debetis

329 427 572 461 sollicitudinem
588 427 786 471 impendatis,
799 432 902 459 tamen
916 426 1070 469 apostola-

328 485 378 514 tus
403 481 561 520 osticium,
585 480 670 524 quod
694 479 843 512 immeriti
877 478 1028 521 gerimus,
1053 489 1069 511 a

330 533 421 567 nobis
439 534 582 577 flagitare
601 543 663 566 non
681 537 790 571 cessat,
808 537 841 565 ut
857 532 950 565 etiam
968 532 1069 574 bonis,

330 590 424 631 atque
448 586 571 619 iuribus
600 585 800 626 huiusmodi,
824 591 975 628 quantum
998 596 1068 618 cum

330 638 463 672 Domino
478 649 656 683 possumus,
669 638 928 682 superintendere
945 648 1007 672 non
1020 648 1070 671 ne-

330 692 496 735 gligamns.

374 746 389 789 ἓ
413 745 442 778 t.
477 745 560 778 Motu
585 745 689 789 itaque
714 745 845 789 proprio
870 750 899 778 et
923 755 959 778 ex
984 746 1069 777 certa

329 799 458 832 scientia
481 800 589 832 nostra
614 799 702 832 vobis
727 799 874 832 omnibus
891 804 920 831 et
939 798 1071 841 singulis

329 851 360 884 in
385 852 501 885 virtute
525 857 650 885 sanctae
667 852 874 893 obedientiae,
891 862 927 885 ac
944 852 1002 885 snb
1020 863 1071 884 ex—

328 904 623 938 communicationis
654 906 734 937 latae
760 905 930 939 sententiae
954 907 1070 949 poena,

328 959 541 1002 praecipimus
572 964 602 992 et
633 959 836 1000 mandamus,
860 970 899 992 ne
930 970 995 998 vos,
1019 964 1072 991 aut

328 1012 411 1044 ullus
432 1016 582 1053 vestrum,
601 1013 694 1045 etiam
712 1013 750 1045 ad
771 1013 907 1045 cuiusvis
926 1023 1073 1058 quacum-

328 1076 389 1108 que
413 1065 566 1108 dignitate
581 1071 611 1098 et
626 1066 874 1109 praeeminentia
892 1077 927 1099 ac
944 1066 1071 1110 speciali

328 1120 403 1151 nota
429 1118 523 1162 digna
545 1124 575 1152 et
599 1119 637 1152 de
661 1119 845 1152 necessitate
866 1119 1071 1162 exprimenda

328 1171 516 1211 instantiam,
533 1172 680 1205 intuitum
698 1173 744 1205 vel
761 1173 1071 1216 contemplationem,

329 1230 360 1257 et
383 1235 420 1257 ex
444 1236 644 1269 quacumque
662 1227 766 1265 causa,
783 1231 836 1258 aut
852 1225 962 1268 quovis
980 1236 1073 1268 quae-

330 1278 388 1312 sito
413 1279 519 1312 colore
543 1279 590 1311 vel
615 1284 791 1322 praetextu,
809 1279 934 1322 publice
958 1279 1006 1311 vel
1023 1289 1072 1311 oc-

330 1332 422 1371 culte,
440 1331 558 1364 directe
578 1332 624 1364 vel
650 1331 812 1371 indirecte,
830 1332 998 1376 quicquam
1016 1342 1070 1364 ne-

330 1384 477 1427 gligatis,
509 1395 564 1417 seu
595 1385 713 1428 negligi
745 1386 955 1429 permittatis,
986 1386 1069 1429 quod

328 1437 486 1471 bonorum
501 1465 509 1479 ‚
533 1438 733 1482 aliorumque
758 1439 874 1471 inrium
900 1438 997 1483 ipsius
1022 1450 1071 1472 ve-

329 1492 384 1525 stri
410 1491 535 1525 Ordinis
560 1493 800 1533 conservationi,
825 1499 1005 1535 augmento,
1031 1497 1072 1527 at-

329 1556 390 1589 que
414 1545 588 1579 defensioni
613 1552 827 1590 opportunum
850 1547 952 1587 suerit,
969 1558 1072 1591 neque

330 1599 578 1633 iurisdictionem
596 1600 839 1633 eeclesiasticam
862 1600 1001 1640 laedatis,
1020 1607 1072 1633 ant

330 1652 464 1693 violatis,
485 1654 651 1697 minusque
671 1653 702 1686 in
719 1653 824 1697 aliquo
842 1654 933 1695 laedi,
952 1655 1072 1695 violari,

331 1711 385 1739 aut
407 1707 553 1750 usurpari
578 1707 776 1751 permittatis.

376 1759 391 1803 ἓ
406 1759 435 1792 2.
449 1759 535 1799 Quod
551 1760 574 1792 si
593 1760 630 1793 de
649 1761 805 1794 validitate
822 1760 1072 1805 privilegiorum,

332 1813 421 1847 vobis
445 1824 499 1847 seu
524 1813 632 1847 Ordini
657 1820 761 1847 vestro
782 1825 838 1858 per
862 1825 919 1848 nos
944 1816 991 1848 vel
1017 1816 1074 1849 Ro-

331 1877 441 1900 manos
465 1867 632 1900 Pontifices
662 1867 922 1911 praedecessores
947 1874 1072 1902 nostros

331 1920 568 1963 quomodolibet
579 1931 813 1961 concessorum,
827 1932 880 1954 sen
896 1922 932 1955 de
947 1923 1072 1956 illorum

331 1974 589 2018 interpretatione
606 1975 657 2018 agi
675 1986 729 2008 seu
750 1976 875 2009 tractari
895 1977 1073 2019 contigerit,

331 2027 363 2060 id
387 2031 484 2061 totum
511 2027 599 2061 Sedis
623 2029 823 2072 Apostolicae
852 2030 1024 2072 cognitioni
1045 2037 1074 2064 et

331 2081 550 2115 deliberationi
576 2082 751 2116 remittatis.

377 2135 391 2178 ἓ
414 2134 444 2168 3.
469 2136 532 2169 Nos
557 2136 639 2168 enim
665 2147 700 2169 ex
725 2147 808 2170 nunc
827 2137 951 2170 irritum
969 2138 1074 2171 decer-

331 2188 435 2222 nimus
459 2195 490 2222 et
513 2189 604 2222 inane
628 2190 780 2234 quidquid
806 2201 895 2224 secus
913 2192 1073 2235 superbis

332 2253 350 2275 a
374 2253 550 2287 quoquam,
575 2244 685 2287 quavis
710 2245 912 2285 auctoritate,
939 2245 1074 2278 scienter

332 2296 378 2329 vel
398 2296 591 2339 ignoranter,
606 2297 774 2340 contigerit
787 2299 942 2330 attentari.
959 2299 1067 2331 lncon-

333 2350 464 2383 trarium
491 2351 686 2392 facientibus,
706 2362 768 2385 non
794 2352 989 2387 obstantibus
1009 2353 1075 2397 qui-

331 2403 537 2448 huscumque.

376 2458 486 2491 Datum
513 2459 650 2500 Romae,
675 2459 757 2504 apud
786 2460 814 2493 S.
841 2460 967 2493 Petrum
983 2488 990 2501 ‚
1016 2461 1073 2494 sub

332 2512 448 2544 annulo
474 2511 660 2552 piscatoris,
692 2513 742 2546 die
767 2524 798 2546 Vl
824 2514 900 2547 iunii
924 2525 1072 2556 nncxxiv,

331 2565 533 2611 pontificatus
557 2566 657 2598 nostri
682 2577 763 2600 anno
788 2578 807 2600 1.

368 2628 425 2655 Dat.
447 2627 490 2654 die
505 2629 521 2654 6
537 2627 603 2654 iunii
625 2629 703 2663 1624,
725 2629 819 2664 pontif.
841 2638 911 2657 anno
928 2638 947 2657 1.

416 2733 495 2761 Bult.
516 2733 599 2760 Rom.
614 2748 649 2752 —
667 2733 726 2760 Vol.
742 2733 822 2761 XIII.
985 2734 1016 2761 21

1424 317 1522 351 LXIV.

1106 398 1316 440 Confirmatio
1341 403 1368 431 et
1393 398 1557 431 renovatio
1578 397 1847 430 constitutionum

1147 452 1206 484 Pii
1233 451 1257 484 V
1271 456 1299 484 et
1317 452 1404 485 sixti
1422 451 1554 494 Vsuper
1577 451 1737 483 solutione
1761 461 1846 483 com-

1148 504 1319 543 munium,
1348 508 1551 536 cmnalarum
1576 507 1604 536 et
1626 503 1847 547 quindennio-

1147 567 1234 597 rum,
1258 567 1296 589 ac
1317 556 1517 589 indicatione
1537 558 1699 589 mesenum
1713 558 1733 590 ¹.

1306 627 1443 654 Urbanus
1465 627 1543 661 Papa
1563 628 1642 660 vm,

1326 675 1407 699 motu
1418 673 1548 706 proprio,
1565 675 1622 699 etc.

1148 744 1232 776 Alias
1256 743 1354 776 felicis
1379 743 1606 776 recordationis
1622 743 1695 775 Pius
1712 744 1796 787 Papa
1813 744 1846 785 V,
1871 756 1973 788 „ci-..1³22-
1982 755 2045 776 huin·

1104 796 1329 840 praedecessor
1350 802 1467 837 noster,
1484 796 1614 839 provide
1635 796 1846 837 considerans,
1862 783 2030 803 ⁰³⁰⁵³¹²⁰¹¹⁰⁰¹⁸'

1105 850 1190 894 quod
1214 855 1410 890 annatarum,
1431 850 1646 883 communium
1665 855 1695 882 et
1712 850 1847 883 aliorum

1106 904 1222 936 iurium
1258 914 1402 937 camerae
1437 903 1629 948 apostolicae
1666 902 1846 935 debitorum

1106 957 1236 997 exactio,
1254 957 1285 989 in
1310 957 1559 999 recognitionem
1586 956 1771 988 universalis
1795 956 1849 989 do-

1107 1011 1194 1043 minii
1216 1010 1403 1050 introducta,
1429 1015 1476 1043 est
1500 1010 1736 1053 antiquissima,
1761 1010 1848 1053 quin-

1106 1064 1359 1107 denniorumque
1384 1074 1459 1096 usus
1483 1069 1513 1096 et
1537 1064 1652 1097 solutio
1674 1064 1742 1097 ideo
1763 1063 1848 1096 adin-

1107 1118 1187 1150 venti
1213 1118 1349 1157 suerunt,
1374 1128 1412 1150 ne
1437 1128 1579 1150 camerae
1605 1117 1784 1161 praedictae
1811 1128 1846 1150 ex
1889 1127 1920 1158 Ρη
1937 1128 2047 1149 Vconstt-

1107 1170 1384 1210 monasteriorum,
1412 1170 1623 1213 prioratuum,
1649 1170 1847 1214 aliorumque
1862 1158 1915 1203 {3¹3⁰
1950 1161 2046 1176 ¹⁰⁰⁶¹¹⁸⁰'

1107 1223 1334 1256 beneficiorum
1359 1223 1644 1256 ecclesiasticorum
1668 1223 1847 1263 unionibus,

1105 1287 1184 1320 quae
1201 1277 1335 1320 amplius
1353 1287 1462 1309 vacare
1478 1286 1540 1309 non
1559 1277 1777 1320 sperabantur,
1798 1277 1849 1309 de-

1106 1331 1287 1364 trimentum
1324 1330 1450 1373 aliquod
1486 1331 1689 1363 induceretur
1703 1358 1710 1370 ‚
1742 1332 1850 1363 volens

1106 1390 1276 1428 propterea
1290 1383 1389 1416 dictae
1404 1394 1557 1423 camerae,
1572 1394 1607 1416 ae
1622 1384 1847 1416 venerabilium

1105 1438 1238 1470 fratrum
1263 1443 1445 1470 nostrorum
1471 1443 1595 1469 sanctae
1620 1438 1779 1482 Romanae
1798 1438 1849 1470 Ec-

1106 1491 1217 1524 clesiae
1242 1491 1446 1523 cardinalium
1474 1491 1617 1534 collegio,
1643 1501 1700 1524 nec
1725 1501 1788 1524 non
1806 1491 1849 1523 di-

1106 1545 1193 1578 lectis
1226 1544 1298 1577 filiis
1322 1545 1535 1587 ,cancettariae
1566 1544 1756 1588 apostolicae
1781 1545 1848 1577 offi-

1106 1598 1248 1638 cialibus,
1266 1598 1304 1631 de
1324 1598 1555 1637 communibus,
1574 1598 1694 1630 annatis
1712 1605 1741 1630 et
1762 1598 1850 1642 quin-

1106 1652 1229 1685 denniis
1254 1652 1524 1696 participantibus,
1546 1653 1614 1684 iura
1634 1663 1848 1696 praeservare,

1108 1707 1298 1750 illorumque
1330 1707 1524 1740 indemnitati
1555 1707 1735 1747 consulere,
1761 1713 1849 1741 motu

1108 1759 1213 1799 simili,
1228 1765 1285 1792 etc.
1304 1759 1408 1792 omnia
1427 1764 1457 1792 et
1474 1760 1597 1803 singula
1612 1760 1849 1801 cathedralium,

1108 1813 1201 1845 etiam
1228 1813 1555 1856 metropolitanarum,
1581 1814 1849 1858 ecclesiarumque

1108 1866 1345 1909 collegiatarum
1379 1867 1531 1910 capitula,
1568 1867 1849 1909 congregationes,

1108 1921 1335 1959 universitates,
1359 1921 1510 1961 collegia,
1535 1921 1715 1964 hospitalia,
1741 1932 1777 1954 ac
1801 1921 1850 1965 pia

1108 1975 1176 2007 loca
1200 1980 1229 2007 et
1253 1974 1381 2018 quosvis
1396 1975 1484 2014 alios,
1502 1974 1532 2006 in
1551 1986 1685 2018 qnorum
1709 1975 1849 2007 favorem

1110 2035 1169 2062 tam
1185 2030 1376 2062 secularium
1395 2040 1487 2073 quam
1502 2029 1687 2073 quorumvis
1697 2028 1848 2062 Ordinum

1110 2083 1300 2125 regularium
1318 2083 1516 2121 monasteria,
1537 2083 1704 2126 prioratus,
1720 2093 1851 2126 praepo-

1108 2136 1234 2175 siturae,
1251 2147 1371 2170 necnon
1390 2136 1556 2179 dignitates
1568 2142 1595 2168 et
1608 2136 1666 2168 alia
1681 2147 1851 2179 quaecum-

1108 2201 1168 2234 que
1193 2190 1344 2223 beneficia
1368 2190 1577 2222 ecclesiastica
1603 2190 1703 2229 unita,
1732 2201 1850 2223 annexa

1108 2250 1137 2276 et
1155 2244 1364 2287 incorporata„
1384 2255 1437 2276 seu
1456 2244 1610 2287 applicata
1625 2244 1803 2283 existerent,
1821 2249 1851 2277 et.

1109 2297 1234 2329 illorum
1261 2297 1393 2329 uniones
1417 2297 1461 2329 eis
1487 2297 1584 2329 sactae
1616 2297 1850 2340 reperirentur,

1108 2356 1398 2394 quantumcumque
1430 2357 1575 2394 exempta
1600 2357 1629 2383 et
1655 2351 1850 2393 privilegiata

1108 2405 1287 2443 existerent,
1302 2404 1422 2436 etiarnsi
1439 2415 1470 2436 se
1485 2415 1578 2448 super
1594 2404 1664 2436 inde
1680 2404 1708 2436 in
1723 2406 1850 2437 camera

1107 2457 1279 2501 apostolica
1294 2468 1356 2490 non
1377 2458 1580 2499 obligassent,
1598 2457 1770 2490 dummodo
1789 2468 1852 2490 mo-

1144 2550 1152 2574 1
1175 2548 1232 2574 Hoc
1244 2547 1324 2574 etiam
1338 2547 1415 2574 trusit
1429 2548 1526 2574 Paulus
1538 2548 1568 2574 lv
1586 2548 1610 2574 in
1626 2550 1849 2583 s·=at:0nst.xx1‚

1110 2593 1226 2625 Decem,
1245 2598 1310 2618 toln.
1329 2599 1365 2625 vt,
1385 2601 1445 2626 pag.
1463 2594 1525 2624 5:53,
1543 2597 1568 2618 et
1587 2594 1649 2619 pius
1662 2593 1678 2617 V
1695 2592 1787 2619 Const.
1807 2602 1850 2625 iix,

1106 2638 1286 2671 Apustottcae
1310 2641 1374 2663 torn.
1388 2644 1433 2668 Vtt,
1451 2646 1511 2672 pag.
1524 2638 1586 2670 59⁸,
1598 2642 1625 2663 et
1639 2638 1779 2672 ampliavit
1790 2638 1850 2663 Six-

1107 2687 1147 2709 tus
1159 2683 1179 2708 V
1196 2684 1287 2708 coust.
1302 2688 1372 2716 xiim,
1390 2682 1541 2715 Gamerae,
1556 2687 1620 2709 toni.
1638 2689 1695 2716 viu,
1713 2691 1773 2719 pag.
1787 2683 1847 2709 703.
