2269 3235
232 271 283 298 An.
297 270 326 298 c.
349 269 417 297 1624
461 260 525 294 248

431 321 525 352 tatem
549 322 579 351 et
602 318 708 357 vitam,
725 317 897 351 secundum
921 316 1117 360 disciplinam
1137 322 1167 349 ct

431 371 570 405 instituta
592 371 724 414 collegii,
744 370 968 403 moderandam
992 369 1166 414 pertinent,

430 424 578 468 privatim
603 424 786 464 doccantur,
802 434 903 467 neque
923 434 995 457 cum
1020 424 1098 465 aliis,
1115 429 1168 457 aut

431 477 463 510 in
486 477 637 510 cubiculis
661 482 842 519 versentur,
867 483 920 510 aut
949 478 1115 521 separatim
1140 488 1168 511 a·

431 535 514 572 gant,
540 530 589 562 vcl
617 529 867 573 colloquantui·‚¹
892 531 1028 574 exceptis
1052 530 1089 563 iis
1113 531 1167 574 qui

431 582 469 615 ad
493 583 524 615 id
548 593 565 615 a
590 583 807 627 superioribus
830 583 947 617 fuerint
970 584 1131 628 designati.

475 636 660 670 Generalcm
685 647 741 680 per
765 637 795 670 id
822 641 945 681 tempus
971 638 1064 672 totius
1089 638 1168 671 vitae

432 688 661 722 confessionem
676 690 790 724 sacient
805 691 887 734 apud
905 691 1029 733 collegii
1053 692 1170 725 conses-

432 742 560 783 sarium,
574 747 627 776 aut
643 743 748 786 alium,
763 744 816 787 qui
834 744 934 787 magis
948 744 986 778 ad
999 756 1067 777 rem
1080 755 1170 789 supe-

432 795 509 828 riori
525 795 676 837 videatur,
693 797 746 841 qui
764 808 817 830 cos
835 807 851 829 a
868 798 1008 831 censuris
1024 798 1170 831 omnibus

433 852 462 883 ct
478 849 603 883 casibus
620 849 691 883 Sedi
704 851 911 894 Apostolicae,
925 851 1017 883 etiam
1036 851 1067 883 in
1083 851 1169 884 hulla

432 902 552 935 Coenae
568 902 691 936 Domini
709 903 884 945 reservatis,
903 903 988 936 iuxta
1008 904 1170 938 facultates

432 955 472 988 ab
497 955 607 988 eadem
631 956 710 989 Sede
734 966 898 989 concessas
922 955 1071 990 absolvet,

476 1008 563 1047 Quod
581 1009 606 1041 si
624 1009 705 1053 quis,
718 1014 850 1053 propter
866 1010 974 1042 aetatis
991 1009 1171 1043 teneritudi-

431 1071 515 1102 nem,
532 1062 570 1094 ad
593 1073 749 1095 secessum
776 1063 879 1096 minus
903 1063 1044 1104 idoneus,
1068 1074 1171 1108 neque

432 1125 470 1146 ex
494 1115 688 1149 confessione
713 1116 852 1159 generali
877 1116 1041 1149 utilitatem
1067 1123 1172 1161 captu-

432 1178 487 1200 rus
510 1168 672 1211 videatur,
697 1169 805 1202 decem
830 1170 938 1203 saltem
967 1169 1077 1203 diebus
1101 1176 1171 1203 ante

433 1221 644 1255 iuramentum
669 1222 804 1264 secedat,
824 1233 859 1256 ac
878 1223 948 1267 piae
966 1223 1170 1264 meditationi,

434 1275 621 1309 confessioni
654 1276 808 1318 generali,
833 1282 864 1309 et
888 1277 968 1309 vitae
999 1277 1171 1310 secundum

434 1339 523 1361 suam
533 1329 728 1362 vocationem
739 1329 946 1363 instituendae
956 1336 1172 1371 vace1301nncs

434 1386 537 1415 tamen
556 1382 644 1416 initio
664 1383 836 1416 doceantur
852 1383 925 1416 fidei
942 1384 1129 1426 rudimenta,
1143 1390 1173 1418 et

435 1440 537 1468 cetera
557 1436 595 1468 ad
614 1436 761 1480 pietatem
782 1437 997 1478 conducentia,
1015 1448 1094 1481 quae
1114 1448 1172 1481 pro

434 1494 535 1533 captu<
553 1489 661 1522 aetatis
686 1500 760 1522 suae
785 1489 905 1522 discere
928 1494 1068 1534 possunt.

478 1543 539 1577 Sed
562 1543 623 1576 illis
648 1543 818 1584 mensibus,
835 1543 888 1587 qui
912 1543 973 1576 illis
998 1544 1173 1577 concedun-

436 1603 487 1630 tur
511 1597 549 1630 ad
568 1597 817 1638 deliberandum,
835 1608 873 1630 an
891 1608 1019 1631 manere
1035 1598 1066 1630 in
1083 1598 1174 1631 colle-

436 1650 499 1693 gio,
524 1651 653 1695 eiusque
684 1651 861 1684 institutum
893 1651 1041 1694 amplecti
1066 1651 1172 1692 velint,

436 1705 575 1737 attendat
590 1700 765 1748 ‘diligenter
788 1710 903 1747 rector,
920 1716 996 1737 num
1020 1705 1059 1738 ad
1083 1706 1175 1739 colle-

437 1757 480 1800 gii
504 1757 700 1801 disciplinam
725 1763 755 1791 et
781 1757 876 1791 finem
900 1758 945 1791 illi
976 1759 1174 1802 propositum

437 1811 542 1844 idonei
557 1811 626 1844 sint.
647 1811 736 1850 Quod
753 1811 777 1843 si
794 1822 889 1855 quem
907 1811 1009 1844 minus
1026 1812 1174 1845 idoneum

438 1863 690 1909 deprehenderit,
715 1865 780 1897 sine
805 1866 895 1897 mora
919 1865 1063 1898 dimittat.

482 1918 580 1952 Nemo
604 1918 636 1951 in
660 1918 720 1951 hoc
744 1918 878 1961 collegio
902 1918 1013 1959 alatur,
1038 1917 1091 1962 qui
1109 1918 1175 1952 sine

439 1982 493 2016 spe
512 1972 602 2005 solidi
624 1972 656 2004 in
676 1972 791 2016 pietate
814 1972 1008 2005 fundamenti
1027 1972 1177 2005 discessu-

439 2036 493 2058 rus
517 2025 673 2066 videatur,
698 2035 736 2058 ne
767 2025 868 2057 malus
893 2025 986 2058 unius
1016 2025 1117 2059 exitus
1141 2035 1176 2057 ea

440 2079 596 2120 destruat,
616 2090 696 2123 quae
721 2079 894 2112 multorum
918 2078 950 2111 in
970 2078 1123 2121 religione
1148 2083 1178 2111 et

441 2133 555 2178 pietate
582 2133 741 2177 profectus
772 2132 955 2165 aedificavit.
980 2132 1178 2176 Quapropter

441 2186 572 2221 rectoris
582 2186 803 2220 conscientiam
817 2185 988 2219 districtius
1000 2195 1177 2225 oneramus,

440 2251 479 2274 ne
509 2241 689 2274 huiusmodi
722 2240 888 2281 homines,
914 2245 1079 2284 postquam
1104 2249 1178 2280 effi,

442 2295 504 2328 sive
520 2300 590 2328 ante
612 2294 675 2328 sive
694 2300 765 2339 post
782 2294 992 2327 iuramentum
1010 2293 1181 2337 deprehen-

442 2349 530 2391 derit,
556 2359 720 2382 remanere
742 2348 773 2381 in
797 2348 930 2391 collegio
955 2348 1071 2381 diutius
1088 2348 1181 2391 patia-

442 2408 491 2436 tur
500 2414 506 2441 ;
531 2402 795 2446 quemadmodum
820 2412 859 2435 ne
883 2412 937 2435 eos
961 2401 1103 2445 quidem,
1128 2400 1180 2444 qui

443 2456 547 2489 minus
565 2455 596 2488 in
619 2455 731 2489 litteris
755 2455 928 2500 profecturi
953 2455 1109 2496 videntur,
1127 2454 1181 2487 ubi

446 2510 516 2541 <atis
543 2519 653 2542 eorum
678 2509 799 2542 indoles
824 2509 985 2553 explorata
1007 2507 1110 2541 fuerin

488 2562 602 2595 Omnes
634 2561 665 2594 in
696 2562 829 2605 collegio
861 2562 1001 2594 fraterna
1032 2560 1182 2594 charitate

445 2615 579 2649 devincti
597 2615 707 2648 iisdem
726 2616 847 2659 legibus
862 2616 976 2659 vivant,
994 2614 1115 2648 etiamsi
1134 2625 1182 2647 sa-

481 2678 493 2710 1
511 2677 651 2705 Coniunct.
667 2681 693 2705 et
708 2678 829 2706 delemus
843 2678 884 2713 (n.
900 2678 947 2713 Τ.).

1006 267 1185 293 BULLARIUM
1210 267 1364 293 ROMANUM

1200 316 1353 358 cerdotcs‚
1368 316 1518 360 religiosi,
1533 323 1563 350 et
1576 318 1718 361 magistri
1735 319 1796 353 sint
1809 326 1839 354 et
1854 331 1937 355 com-

1200 379 1328 402 munem
1346 380 1417 403 cum
1439 369 1551 403 ceteris
1576 369 1656 403 vitae
1680 370 1833 405 rationem
1848 372 1879 406 in
1895 374 1937 407 vi-

1200 427 1261 464 ctu,
1279 423 1400 464 vestitu,
1418 423 1610 457 habitatione
1623 429 1653 457 et
1666 425 1779 458 ceteris
1791 426 1936 460 omnibus

1200 477 1295 510 rebus
1318 482 1499 521 sequantur,
1752 501 1754 503 -

1245 530 1320 569 Quia
1344 530 1438 563 totius
1468 530 1638 574 spiritualis
1671 530 1804 564 aedificii
1828 531 1938 565 funda·
1979 549 2138 575 premimus.

1954 581 1995 602 que
2003 576 2137 596 exercitatio-

1953 601 2022 623 uibus.

1201 588 1341 616 mentum
1366 583 1464 627 pietas
1483 589 1539 625 est,
1556 584 1587 616 in
1605 595 1642 618 eo
1662 583 1856 627 diligentiam
1874 595 1940 618 orn-

1202 647 1273 670 nem
1297 638 1459 682 impendat
1481 643 1597 679 rector,
1617 643 1650 672 ut
1667 648 1734 672 eam
1753 638 1784 671 in
1800 638 1940 672 alumno-

1202 700 1273 722 rum
1297 690 1479 734 pectoribus
1504 691 1621 725 inserat
1629 702 1637 732 ;
1663 695 1752 724 curet
1775 690 1882 733 igitur,
1907 697 1941 724 ut

1202 743 1349 787 frequens
1373 749 1652 785 sacramentorum,
1669 754 1800 788 precum
1820 754 1856 777 ac
1876 744 1941 788 pio-

1203 806 1274 828 rum
1299 796 1453 830 librorum
1477 807 1553 830 usus
1570 797 1601 829 in
1622 797 1755 840 collegio
1780 796 1893 840 vigeat,
1907 807 1942 830 ac

1203 849 1299 882 verbo
1323 850 1378 882 Dei
1398 855 1429 882 et
1452 850 1519 894 ipse
1536 860 1589 883 eos
1606 850 1644 883 ad
1661 850 1799 883 studium
1819 850 1943 894 pietatis

1203 901 1320 944 incitet,
1341 906 1371 937 et
1394 903 1546 936 iuvandos
1562 903 1601 936 ab
1618 903 1686 936 aliis
1706 903 1876 937 identidem
1893 914 1944 937 cu-

1204 960 1262 996 ret,
1280 955 1322 988 ita
1342 960 1376 988 ut
1392 960 1517 999 praeter
1536 956 1686 990 lectiones
1705 961 1758 989 aut
1774 957 1943 990 conciones

1204 1018 1331 1049 sacras,
1354 1019 1432 1052 quas
1456 1008 1488 1041 in
1511 1009 1637 1053 templis
1661 1009 1810 1051 audient,
1834 1011 1943 1044 saltem

1204 1061 1439 1105 quintodecimo
1456 1072 1582 1106 quoque
1599 1062 1649 1095 die
1661 1062 1791 1106 privatis
1804 1063 1944 1097 cohorta-

1204 1115 1344 1149 tionibus
1361 1115 1399 1148 ad
1416 1125 1461 1156 ea,
1475 1125 1554 1159 quae
1571 1115 1742 1149 vocationis
1762 1121 1792 1149 et
1811 1116 1944 1150 instituti

1205 1169 1252 1202 sui
1279 1174 1351 1202 sunt
1374 1169 1515 1213 propria,
1540 1169 1727 1202 animentur.

1250 1222 1344 1255 Vetus
1368 1222 1493 1265 collegii
1517 1222 1711 1255 consuetudo
1735 1228 1888 1264 servetur,
1912 1228 1945 1256 ut

1205 1280 1315 1308 octavo
1334 1285 1460 1319 quoque
1476 1275 1527 1308 die
1543 1275 1762 1317 confiteantur,
1776 1279 1816 1316 et,
1832 1276 1946 1320 quibus

1205 1334 1330 1373 praeter
1354 1334 1488 1362 aetatem
1512 1329 1594 1370 licet,
1614 1329 1848 1373 decimoquinto
1872 1341 1947 1374 quo-

1206 1393 1266 1426 quc
1283 1382 1331 1415 die
1349 1382 1599 1423 communicent3
1626 1386 1790 1426 praeterea
1806 1394 1882 1417 vcro
1899 1394 1947 1417 so-

1206 1435 1362 1469 lemnibus
1387 1435 1498 1469 diebus
1523 1436 1618 1477 festis,
1636 1447 1672 1469 ac
1692 1436 1857 1469 dominicis
1882 1447 1947 1470 om-

1206 1489 1298 1522 nihus
1321 1489 1472 1522 adventus
1497 1492 1527 1522 et
1550 1489 1826 1533 quadragesimae,
1852 1489 1946 1534 idque

1207 1542 1366 1575 ordinarie
1382 1542 1470 1575 latito
1490 1542 1562 1582 ritu,
1580 1547 1802 1586 praeterquam
1820 1542 1851 1575 in
1868 1544 1947 1577 festo

1208 1595 1375 1637 Paschatis,
1397 1595 1596 1628 Pentecostes
1621 1600 1651 1627 et
1675 1595 1707 1627 in
1730 1595 1811 1628 festo
1835 1595 1949 1629 Nativi-

1208 1649 1279 1681 tatis
1292 1648 1426 1689 Domini,
1442 1652 1494 1682 aut
1507 1649 1532 1681 si
1548 1648 1674 1692 quando
1684 1653 1848 1692 praeterea
1859 1648 1948 1681 iustis

1208 1702 1246 1735 de
1271 1703 1372 1735 causis
1392 1702 1565 1746 protectori
1589 1702 1754 1735 videbitur.
1772 1703 1949 1735 Doceantur

1209 1761 1312 1788 autem
1332 1766 1350 1788 a
1366 1755 1569 1796 confessario,
1582 1758 1634 1789 aut
1652 1755 1713 1789 alio
1731 1755 1948 1799 spiritualibus

1210 1808 1303 1841 rebus
1318 1809 1486 1853 praesectO,
1499 1808 1658 1852 quomodo
1675 1808 1752 1841 baec
1770 1819 1842 1841 cum
1856 1808 1949 1852 spiri—

1210 1862 1284 1895 tuali
1299 1873 1355 1895 suo
1368 1862 1473 1894 fructu
1486 1866 1647 1905 peragant.
1666 1861 1808 1900 Quotidie
1822 1861 1951 1894 missam

1211 1915 1305 1948 latino
1330 1915 1392 1948 ritu
1416 1914 1560 1955 audiant;
1585 1914 1670 1947 festis
1690 1924 1765 1947 vero
1790 1913 1901 1947 diebus
1924 1924 1952 1948 e-

1212 1970 1286 2001 tiam
1310 1968 1373 2001 ritu
1397 1978 1522 2011 graeco,
1541 1973 1571 2001 et
1587 1978 1678 2001 mane
1703 1973 1872 2012 antequam
1892 1972 1952 2001 stu-

1211 2023 1269 2056 diis
1294 2033 1423 2066 operam
1448 2022 1530 2062 dent,
1556 2021 1719 2055 dimidiam
1743 2022 1856 2055 horam
1880 2032 1951 2055 ora-

1211 2077 1286 2110 tioni
1301 2076 1451 2120 pendant:
1466 2075 1660 2108 meditationi
1673 2075 1811 2119 quidem,
1827 2075 1880 2118 qui
1896 2085 1953 2119 per

1212 2135 1343 2162 aetatem
1368 2129 1472 2162 idonei
1497 2128 1701 2167 videbuntur3
1727 2127 1823 2160 ceteri
1848 2132 1952 2161 autem

1214 2182 1313 2216 vocali
1328 2182 1461 2216 orationi
1475 2193 1513 2215 ex
1527 2180 1708 2215 confessarii
1717 2181 1913 2225 praescripto
1924 2186 1951 2214 et

1214 2247 1301 2270 more
1318 2236 1453 2275 colle0·ii;
1471 2245 1611 2278 vespere,
1628 2239 1795 2277 antequam
1813 2233 1953 2266 cubitum

1214 2294 1294 2329 eant,
1318 2290 1415 2322 horae
1438 2287 1645 2332 quadrantem
1665 2297 1763 2320 unum
1787 2286 1903 2319 litaniis
1925 2292 1955 2320 et

1214 2342 1427 2377 discutiendae
1458 2341 1667 2375 conscientiae
1700 2351 1774 2373 suae
1800 2341 1954 2381 tribuent;

1214 2397 1298 2442 quod
1315 2397 1340 2429 si
1358 2396 1427 2440 quis
1448 2395 1587 2429 officium
1612 2394 1859 2428 ecclesiasticum
1880 2393 1956 2428 reci-

1216 2456 1281 2484 tare
1304 2454 1458 2490 teneatur,
1483 2449 1514 2482 id
1538 2448 1606 2482 aliis
1630 2448 1718 2481 horis
1744 2447 1910 2492 persolvat.

1259 2504 1316 2544 Qui
1341 2503 1530 2543 sacerdotes,
1547 2502 1648 2535 autin
1674 2501 1771 2535 sacris
1796 2500 1955 2535 constituti

1217 2563 1298 2600 sunt,
1316 2558 1348 2591 in
1372 2556 1473 2601 gradu
1497 2567 1553 2590 suo
1578 2556 1759 2589 ministrare
1783 2554 1956 2589 secundum

1218 2612 1350 2646 rectoris
1367 2611 1601 2656 praescriptum
1621 2610 1766 2651 debeant,
1782 2613 1817 2644 ut
1833 2609 1912 2642 ritus
1929 2614 1959 2643 et

1219 2666 1433 2700 caeremonias
1457 2664 1682 2699 ecclesiasticas
1707 2674 1783 2708 quas
1807 2673 1955 2697 exercere

1951 273 2001 302 An.
2016 275 2045 302 C.
2065 276 2134 303 162&
