2269 3235
105 265 153 293 An.
173 263 201 290 C.
221 262 288 290 1624

918 263 1060 287 URBANUS
1082 263 1136 286 vul
1158 264 1205 286 PF.

302 311 441 350 ducatus,
462 310 631 351 civitatum,
656 310 881 352 dominiorum,
912 310 1041 353 oppido-

302 373 382 403 rum,
398 368 563 406 terrarum,
578 363 731 406 locorum,
742 363 940 406 aliorumque
954 372 1041 406 prae-

301 415 468 458 dictorum,
490 427 610 450 necnon
631 417 762 458 arcium,
788 416 1041 460 propugnaculo-

300 480 382 512 rum,
403 475 433 503 et
456 470 677 508 fortalitiorum
703 469 875 511 custodias,
910 469 1041 513 populo-

301 533 434 566 rumque
463 533 572 567 paeem
602 527 631 557 et
655 522 810 566 quietem,
841 532 876 554 ac
900 532 1041 555 annonae

301 576 525 609 abundantiam
551 576 730 620 spectantia,
749 586 784 608 ae
810 580 872 608 tam
897 575 1041 618 gratiam,

301 640 395 673 quam
413 629 561 662 iustitiam
583 628 812 669 concernentia,
832 628 953 661 etiamsi
970 628 1043 660 talia

301 683 362 716 sint
395 683 442 716 vel
467 683 592 723 fuerint,
621 693 700 726 quae
725 682 783 715 sub
807 682 945 726 generali
967 692 1039 714 ver-

301 736 416 769 borum
442 735 670 779 significatione
700 745 762 769 non
795 736 957 778 venirent,
988 735 1042 768 sed

287 790 492 834 ‘specialibus
517 789 695 832 indigerent
719 789 889 832 vocabulis,
918 794 948 822 et
972 800 1041 833 spe-

301 842 370 875 ciali
388 843 462 875 nota
479 842 574 885 digna
591 846 704 883 essent,
722 842 963 887 specialemque,
979 853 1044 886 spe-

301 895 421 929 cificam
448 900 478 928 et
502 905 682 938 expressam
699 895 898 939 requirerent
914 896 1044 929 mentio-

301 959 383 991 nem,
401 948 505 991 facias,
523 948 636 990 dicas¹,
658 959 749 991 geras
766 954 796 982 et
811 949 991 993 exequaris;
1009 960 1044 983 ae

301 1003 333 1036 in
357 1003 506 1036 omnibus
539 1007 569 1036 et
593 1002 724 1046 singulis
755 1003 937 1047 praemissis
972 1014 1045 1047 qua-

302 1067 511 1101 rumcumque
535 1067 758 1101 personarum,
785 1057 877 1090 etiam
903 1057 1044 1090 ecelesia-

303 1110 463 1152 sticarum,
483 1110 678 1153 regularium
703 1121 976 1154 quorumcumque
996 1122 1044 1144 or-

302 1163 420 1204 dinum,
437 1163 529 1197 etiarn
551 1174 749 1207 quacumque
773 1163 932 1206 dignitate,
950 1163 1043 1196 etiam

303 1217 474 1262 episcopali
499 1218 546 1250 vel
570 1217 683 1251 maiori
707 1217 894 1260 fulgentium
909 1244 916 1258 ,
946 1219 1044 1261 opera

302 1271 419 1314 utaris,
446 1281 561 1314 easque
597 1281 669 1303 cum
704 1271 904 1304 facultatibus
933 1282 990 1315 per
1014 1277 1043 1304 te

303 1325 363 1357 illis
383 1324 637 1369 praescribendis
654 1324 840 1367 subdeleges
858 1324 913 1368 (ita
928 1329 1042 1367 tamen,

302 1382 336 1412 ut
352 1378 390 1411 de
414 1378 510 1421 gestis
530 1383 560 1411 et
577 1377 740 1422 exequutis
756 1388 813 1421 per
831 1382 870 1418 te,
891 1382 944 1410 aut
961 1388 1044 1410 man-

304 1432 376 1465 dato
401 1437 454 1465 tuo
478 1442 535 1476 per
567 1442 783 1476 quoscumque
808 1431 898 1472 alios,
925 1436 956 1464 tu
971 1459 978 1473 ,
997 1433 1043 1465 vel

304 1485 347 1517 illi
371 1485 470 1527 nobis,
503 1490 556 1517 aut
580 1485 728 1518 Romanis
753 1485 955 1518 Pontificibus
980 1496 1045 1519 suo-

304 1538 498 1572 cesssoribus
517 1538 642 1580 nostris,
661 1543 713 1570 aut
734 1538 762 1571 S.
788 1539 822 1571 R.
849 1538 881 1571 E.
907 1539 1046 1571 cardina-

303 1592 381 1625 lium
406 1591 550 1634 eollegio,
569 1592 617 1624 vel
637 1591 889 1635 quibuscumque
903 1592 991 1632 aliis,
1012 1598 1046 1625 ut

303 1646 489 1689 praefertur,
502 1650 723 1689 praeterquam
734 1646 791 1678 soli
803 1646 876 1688 Deo,
890 1646 1044 1679 rationem

303 1700 441 1744 aliquam
476 1700 541 1733 ullo
576 1710 714 1743 unquam
743 1705 886 1744 tempore
912 1700 1045 1733 reddere

305 1753 433 1786 minime
457 1753 637 1794 teneamini,
654 1763 754 1797 neque
780 1753 819 1786 ad
843 1753 874 1785 id
899 1753 980 1796 cogi,
999 1754 1045 1786 vel

305 1807 450 1851 compelli
464 1806 614 1851 possitis),
629 1806 759 1850 insuper
773 1806 916 1849 civitatis,
928 1807 1044 1851 oppidi,

306 1866 418 1901 terrae,
437 1860 541 1902 castri,
570 1860 618 1892 vel
642 1859 713 1899 loci,
739 1860 770 1892 in
796 1870 877 1903 quo,
906 1870 960 1893 seu
984 1870 1045 1903 qua

304 1920 334 1947 te
358 1919 500 1958 tempore
525 1913 629 1948 obitus
650 1913 724 1947 dicti
748 1913 907 1947 Francisci
932 1914 1045 1947 Mariae

305 1968 393 2002 ducis
413 1978 480 2001 esse
505 1967 682 2010 eontigerit,
699 1968 907 2011 corporalem,
928 1969 1044 2001 realem

306 2028 335 2056 et
359 2022 512 2056 actualem
542 2021 772 2066 possessionem
806 2022 907 2055 solum
932 2033 990 2066 per
1017 2027 1046 2055 te

307 2077 407 2120 ipsum
424 2103 430 2116 ,
451 2075 527 2108 alias
544 2080 648 2108 tamen
672 2075 767 2108 modo
784 2080 814 2108 et
837 2075 938 2108 forma
959 2086 1047 2119 prae-

308 2131 420 2172 missis,
444 2130 548 2174 eapias
573 2135 603 2162 et
623 2129 850 2173 apprehendas,
876 2129 969 2162 etiam
986 2129 1048 2173 pri-

307 2184 406 2217 vative
424 2184 528 2228 quoad
552 2184 691 2216 diversas
708 2183 784 2216 alias
799 2194 964 2227 expressas
981 2194 1047 2228 per-

308 2247 408 2279 sonas,
422 2237 536 2280 quibus
554 2237 671 2270 similes
688 2247 747 2281 pro
763 2237 944 2281 praemissis
960 2248 1049 2281 pera-

309 2290 417 2332 gendis
430 2290 590 2324 facultates
604 2290 723 2334 pariter
736 2290 958 2332 concessimus,
972 2302 1049 2335 quas

309 2343 434 2387 quidem
455 2343 613 2377 facultates
638 2344 753 2377 eisdem
778 2344 921 2388 personis
945 2345 1049 2389 quoad

309 2397 369 2430 hoc
386 2396 551 2439 suffragari
567 2397 654 2431 nullo
671 2398 764 2431 modo
782 2398 936 2431 volumus:
954 2409 1049 2442 super

309 2450 423 2494 quibus
440 2450 587 2484 omnibus
611 2455 641 2486 et
665 2451 795 2495 singulis
820 2452 957 2496 plenam,
978 2452 1050 2485 libe-

308 2515 387 2546 ram,
397 2504 580 2547 absolutam,
593 2510 623 2538 et
635 2506 847 2539 omnimodam
860 2507 1048 2547 facultatem,

308 2562 511 2602 potestatem,
537 2563 566 2590 et
589 2559 806 2592 auctoritatem
833 2563 939 2593 tenore
963 2571 1050 2604 prae-

310 2613 444 2646 sentium
464 2611 519 2644 tibi
539 2611 739 2646 concedimus
763 2619 793 2646 et
817 2614 1027 2657 impartimur.

347 2676 357 2702 1
376 2673 447 2702 Edit.
463 2674 546 2702 Main.
563 2674 627 2710 legit
642 2675 717 2702 dices
731 2675 770 2710 (a.
788 2676 836 2710 τ,).

1719 252 1775 284 ⁶274

1119 314 1134 354 ς’,
1159 311 1187 343 Ξ).
1214 310 1413 353 Iniungcntes
1429 313 1595 354 propterea
1615 309 1732 342 eisdem
1751 320 1815 341 car-

1075 364 1230 397 dinalibus
1255 365 1291 397 de
1317 365 1413 397 latere
1437 365 1557 407 legatis,
1577 375 1612 397 ac
1634 363 1815 396 mandantes

1075 418 1340 461 archiepiscopis,
1374 418 1548 462 episcopis,
1583 423 1612 451 et
1643 417 1712 450 aliis
1735 417 1815 450 loco-

1075 481 1144 502 rum
1170 470 1342 503 Ordinariis
1375 471 1561 514 praedictis,
1595 471 1653 503 sub
1686 470 1814 504 interdi-

1076 527 1125 557 cto
1151 524 1313 566 ingressus
1345 525 1517 565 ecclesiae,
1542 535 1578 557 ac
1603 523 1816 568 suspensionis

1076 587 1092 609 a
1113 577 1236 617 divinis,
1254 582 1283 609 et
1302 582 1363 610 tam
1389 578 1436 618 iis,
1451 588 1544 621 quam
1563 579 1815 621 quibuscumcpie

1076 630 1350 672 gubernatoribus,
1367 630 1629 674 praesidentibus,
1644 632 1817 664 locatenen-

1076 683 1168 724 tibus,
1189 684 1406 727 praetoribus,
1434 694 1556 716 necnon
1590 684 1793 716 thesaurariis
1808 712 1815 725 ,

1076 736 1215 769 datiariis
1240 741 1269 770 et
1286 737 1496 777 exactoribus,
1514 737 1745 777 collectoribus,
1762 748 1816 781 ap-

1076 790 1292 834 paltatoribus‚
1318 795 1348 824 et
1371 791 1440 823 aliis
1464 791 1650 824 officialibus
1674 795 1701 823 el
1728 790 1818 823 mini-

1076 844 1159 885 stris,
1173 844 1424 888 quibuscumque
1436 844 1616 878 nominibus
1633 854 1817 887 nuncupen-

1076 902 1148 938 tur,
1174 897 1261 931 Sedis
1286 902 1316 931 et
1348 908 1491 931 camerae
1524 897 1757 941 praedictarum
1787 896 1818 930 in

1077 950 1213 984 Statibus
1244 952 1361 985 nostris
1392 951 1560 996 praedictis
1592 951 1817 992 existentibus,

1077 1004 1250 1037 baronibus
1275 1016 1422 1050 quoque,
1443 1004 1618 1038 domicellis
1632 1031 1639 1044 ,
1664 1004 1816 1046 ducibus,

1077 1059 1332 1100 marchionibus,
1360 1069 1485 1093 necnon
1520 1058 1817 1100 communitatibus,

1077 1112 1331 1145 universitatibus
1353 1116 1383 1146 et
1410 1112 1590 1146 hominibus
1614 1111 1817 1155 quibuscum-

1077 1175 1152 1207 que,
1180 1175 1216 1197 ae
1240 1165 1333 1198 etiam
1358 1165 1598 1205 ecclesiasticis,
1623 1165 1818 1198 secularibus

1077 1222 1107 1250 et
1120 1218 1319 1260 regularibus
1333 1219 1477 1263 personis
1490 1218 1669 1262 praedictis,
1680 1218 1819 1251 demum-

1077 1281 1138 1314 que
1162 1271 1316 1304 universis
1333 1276 1363 1305 et
1383 1272 1514 1315 singulis
1539 1271 1670 1305 subditis
1692 1272 1817 1314 nostris,

1077 1324 1265 1357 immediatis
1283 1330 1313 1358 et
1334 1325 1488 1365 mediatis,
1506 1326 1536 1357 in
1556 1325 1667 1357 virtute
1693 1330 1818 1357 sanctae

1077 1378 1284 1419 obedientiae,
1302 1389 1337 1411 ae
1354 1379 1411 1411 sub
1436 1379 1659 1422 indignationis
1683 1384 1818 1419 nostrae,

1077 1442 1200 1465 necnon
1224 1432 1415 1475 rebellionis,
1437 1443 1472 1465 ac
1489 1433 1581 1465 etiam
1608 1432 1820 1465 excommuni-

1078 1486 1208 1519 cationis
1225 1486 1303 1518 latae
1324 1486 1495 1519 sententiae
1519 1486 1641 1530 poenis,
1661 1491 1693 1519 ut
1714 1486 1767 1520 tibi
1789 1486 1819 1519 in

1078 1539 1223 1572 omnIbus
1248 1544 1278 1572 et
1301 1550 1358 1583 per
1382 1539 1498 1579 onmia,
1515 1550 1713 1583 quacumque
1731 1551 1820 1573 excu—

1078 1593 1217 1634 satione,
1251 1592 1509 1635 tergiversatione
1538 1597 1568 1625 et
1592 1593 1819 1636 impedimento

1078 1646 1229 1687 remotis,
1258 1651 1406 1690 prompte
1430 1651 1583 1690 pareant,
1610 1646 1759 1679 obediant
1790 1652 1821 1680 et

1078 1700 1234 1741 assistant,
1259 1705 1374 1744 tuaque
1398 1700 1501 1740 iussa,
1530 1700 1648 1733 monita
1677 1705 1704 1733 et
1732 1711 1819 1733 man-

1078 1753 1158 1793 data,
1183 1764 1282 1797 aeque
1311 1764 1346 1787 ac
1370 1758 1553 1794 nostramet,
1583 1755 1618 1786 ea
1643 1764 1705 1798 qua
1731 1753 1821 1787 decet

1078 1807 1255 1840 obedienti-21
1280 1812 1310 1840 et
1339 1807 1401 1840 fide
1435 1812 1629 1851 exequantur
1660 1812 1689 1840 et
1721 1807 1821 1840 adim-

1078 1860 1192 1904 pleant,
1206 1860 1345 1904 alioquin
1370 1860 1565 1903 sententiam,
1587 1860 1651 1893 sive
1677 1870 1820 1904 poenam,

1079 1925 1173 1958 quam
1195 1914 1255 1947 rite
1278 1914 1388 1947 tuleris
1421 1924 1475 1947 seu
1500 1914 1646 1947 statueris
1670 1915 1701 1947 in
1723 1914 1822 1947 rebel-

1078 1968 1133 2008 les,
1147 1972 1245 2001 ratam
1263 1968 1461 2009 habebimus,
1480 1972 1510 2001 et
1527 1968 1677 2001 faciemus
1694 1973 1821 2003 auctore

1079 2022 1212 2055 Domino
1245 2032 1345 2065 usque
1378 2021 1416 2054 ad
1445 2021 1688 2055 satisfactionem
1713 2022 1822 2055 condi-

1079 2085 1173 2118 gnam
1197 2074 1420 2108 inviolabiliter
1444 2075 1624 2115 observari,
1646 2076 1821 2109 camerario

1080 2140 1165 2170 vero,
1194 2130 1391 2163 thesaurario
1416 2129 1556 2172 generali
1585 2135 1614 2162 et
1639 2130 1821 2174 praesiden-

1080 2182 1163 2216 tibus
1177 2183 1309 2224 elericis,
1327 2182 1457 2226 aliisque
1472 2193 1614 2216 camerae
1630 2184 1821 2227 apostolicae

1080 2236 1258 2281 praedictae
1283 2236 1444 2276 ministris,
1473 2241 1507 2269 ut
1531 2236 1688 2280 impensas
1712 2237 1821 2271 huius-

1081 2290 1165 2324 modi
1182 2300 1239 2335 per
1257 2294 1286 2322 te
1311 2289 1477 2330 faciendas,
1498 2295 1529 2323 et
1548 2290 1673 2323 illarum
1692 2291 1822 2334 partitas

1081 2355 1138 2388 per
1162 2349 1200 2386 te,
1233 2344 1258 2376 si
1283 2348 1315 2376 tu
1341 2354 1548 2388 expensarum
1581 2344 1755 2386 rationem,
1789 2351 1823 2378 ut

1081 2398 1267 2442 praefertur,
1287 2397 1419 2431 reddere
1444 2397 1590 2438 volueris
1619 2398 1821 2442 exhibendas,

1082 2452 1112 2484 in
1133 2452 1273 2485 eiusdem
1290 2461 1432 2484 camerae
1456 2451 1646 2496 apostolieae
1666 2452 1755 2485 libris
1772 2453 1823 2486 de-

1083 2506 1221 2539 scribant
1238 2511 1267 2538 et
1291 2505 1445 2549 accipiant
1468 2510 1498 2538 et
1522 2505 1619 2539 bonas
1643 2505 1766 2539 faciant.

1126 2560 1141 2603 ,ξ
1159 2559 1187 2593 5.
1209 2560 1277 2592 Non
1297 2559 1493 2592 obstantibus
1516 2559 1614 2592 felicis
1635 2560 1824 2594 recordatio-

1083 2614 1130 2646 nis
1149 2613 1193 2646 Pii
1207 2613 1244 2646 lv
1257 2613 1294 2646 de
1308 2612 1416 2656 gratiis
1430 2612 1580 2646 interesse
1598 2623 1740 2646 camerae
1753 2624 1825 2658 apo·

1084 2667 1212 2702 stolicae
1230 2667 1493 2700 concernentibus
1513 2667 1545 2700 in
1569 2667 1679 2702 eadem
1697 2670 1823 2702 camera

1830 261 1878 287 An.
1896 262 1923 287 C.
1949 262 2015 288 ¹624

1876 323 2014 347 Praeceptum

1830 348 1856 369 de
1868 350 1897 369 illi
1913 349 2014 375 parendo.

1909 2570 2022 2596 Derogatiu

1838 2598 1999 2618 contrariorum.
