2269 3235
192 275 239 301 Λη.
258 275 287 301 (2.
308 274 373 302 toa-t

224 602 317 627 Gregwul
341 601 375 622 XV

193 630 275 650 litter-tc
286 629 377 649 rrl'rruu-

193 658 237 679 tur.

198 1296 278 1319 Quibus
291 1296 380 1320 Congu«-

198 1327 303 1349 mliorem
322 1324 382 1344 Ordi-

198 1357 229 1370 uis
241 1351 261 1371 S.
274 1351 381 1370 tiene-tuti

198 1377 341 1397 Ht·lt.›t1‹»1tiui
357 1377 382 1397 :tlt

210 1404 370 1424 Utiliii.irwrtiut

199 1431 384 1451 iuri-dictwnrrx-

199 1456 254 1481 unit,

424 264 485 298 138
975 270 1150 293 continuum

433 324 464 356 S.
494 322 661 355 Benedicti
685 321 906 354 IIvlretiorum
930 318 968 351 ab
994 317 1132 352 Ordina-

435 376 562 409 re'orum
584 375 810 408 iurisdictione
830 373 988 405 casimilm·
1002 371 1019 403 ¹.

594 465 729 491 Urbanus
750 464 828 496 Papa
848 462 926 493 vt11.

517 519 553 545 ad
572 522 747 552 perpetuam
763 517 807 544 rei
826 516 1007 544 memoriam.

438 591 519 624 Alias
533 601 550 622 a
564 589 662 622 felicis
679 588 907 622 recordationis
920 587 1074 632 Gregorio
1082 587 1133 621 XV

393 643 636 687 praedecessore
665 647 774 675 nostro
802 645 989 675 emanarunt
1013 641 1134 675 litterae

394 696 512 730 tenoris
536 695 754 740 subsequentis
778 695 939 728 videlicet:

567 775 743 818 Greqorr'us
768 774 863 817 Papa
887 773 958 813 XV,

489 829 531 861 ad
553 832 743 873 perpetuam
769 828 817 859 rei
842 827 1042 859 memoriam.

439 909 578 944 Onerosa
602 907 768 953 pastoralis
793 906 886 939 officii
911 916 996 946 cura,
1016 906 1137 938 meritis

395 963 468 997 licet
492 962 677 1005 imparibus,
708 961 797 992 nobis
822 970 856 992 ex
883 960 945 991 alto
970 959 1137 992 commissa

396 1017 550 1061 postulat,
575 1020 609 1047 ut
633 1025 669 1046 ea
694 1024 772 1056 quae
801 1012 1025 1055 religiosorum
1058 1023 1136 1055 quo-

397 1068 569 1103 modolibet
594 1077 747 1111 prospero
773 1066 875 1105 statui,
900 1065 1047 1108 sclicique
1068 1076 1143 1108 pro:

396 1122 519 1165 gressui
545 1121 735 1159 conducunt,
762 1119 893 1151 libcnter
918 1119 1137 1159 concedamus,

396 1182 490 1221 prout
515 1174 726 1218 conspicimus
755 1173 924 1205 salubriter
949 1173 979 1205 in
1005 1172 1157 1205 Domino

397 1229 552 1274 expedire.
572 1229 678 1271 ltaque
699 1228 829 1260 dilectos
850 1227 931 1259 tilios
955 1227 1085 1260 abbates
1109 1232 1139 1260 et

399 1283 570 1316 monachos
600 1281 724 1314 Ordinis
748 1280 846 1312 sancti
878 1280 1035 1312 Benedicti
1060 1280 1139 1313 Con-

399 1335 590 1379 grcgationis
616 1334 830 1366 Helvetiorum
852 1333 1041 1376 specialibus
1060 1334 1140 1366 savo-
1157 1346 1158 1349 ¹

400 1390 486 1422 ribus
510 1394 537 1421 et
564 1387 673 1430 gratiis
698 1387 846 1431 prosequi
873 1387 1021 1427 volentes,
1039 1392 1067 1420 et
1088 1397 1159 1419 co-÷

400 1456 471 1477 runi
497 1444 671 1486 singulares
696 1452 848 1486 personas
872 1452 889 1473 a
914 1441 1076 1485 quibusvis
1093 1452 1141 1473 ex—

400 1495 1141 1540 communicationis‚suspensionisetinterdicti,

399 1553 531 1595 aliisque
555 1550 772 1584 ecclesiasticis
798 1548 975 1588 sententiis,
1000 1549 1142 1582 censuris

400 1611 428 1638 et
454 1605 581 1648 poenis,
606 1615 623 1636 a
649 1604 715 1635 iure
741 1603 786 1635 vel
813 1603 852 1635 ab
878 1603 1015 1643 homine,
1033 1602 1160 1645 quavis*

400 1659 565 1692 occasione
591 1658 636 1690 vel
662 1659 755 1689 causa
780 1656 858 1695 latis,
883 1656 907 1687 si
933 1655 1049 1699 quibus
1069 1666 1160 1698 quo-1

401 1712 572 1745 modolibet
596 1711 760 1744 innodatae
777 1710 921 1749 existunt,
939 1709 977 1741 ad
995 1709 1141 1741 effectum

399 1765 612 1809 praesentium
631 1764 791 1796 dumtaxat
808 1763 1074 1806 consequendum,
1092 1763 1143 1795 lia-

401 1829 470 1851 rum
497 1819 577 1850 serie
602 1818 811 1856 absolventes,
836 1822 866 1849 et
890 1816 1051 1850 absolutas
1076 1817 1141 1849 sore

400 1878 573 1911 censentes,
588 1871 871 1914 supplicationibus
880 1870 1065 1903 eorumdem
1079 1881 1143 1903 mo-

400 1926 575 1959 nachorum
593 1925 721 1957 nomine
742 1924 833 1957 nobis
854 1935 948 1968 super
967 1925 1026 1956 hoc
1043 1924 1144 1956 humi-

400 1979 471 2012 liter
496 1979 650 2023 porrectis
681 1978 837 2018 inclinati,
861 1978 1143 2021 Congregationem

401 2033 592 2077 praedictam
608 2059 615 2072 ,
641 2032 770 2075 eiusque
795 2032 984 2065 monasteria
1014 2036 1044 2064 et
1076 2032 1143 2064 loca

402 2078 569 2129 regularia,
592 2086 780 2128 illorumque
805 2085 942 2125 abbates,
961 2085 1143 2129 monachos

403 2144 432 2173 et
443 2141 522 2172 bona
533 2150 759 2182 quaecunxqroe,
769 2139 807 2170 ab
818 2139 903 2172 omni
918 2139 1143 2179 iurisdictione,
1161 2157 1162 2164 κ

403 2194 598 2233 visitatione,
631 2194 846 2233 correctione,
871 2198 898 2226 et
925 2193 1163 2236 superioritate

404 2259 677 2293 quorumcumque
700 2248 939 2281 Ordinariorum
961 2248 1022 2291 <ita
1044 2253 1075 2281 ut
1101 2247 1144 2279 illi
1162 2278 1163 2293 ¹

405 2303 435 2335 in
457 2303 750 2345 Congregationem,
777 2302 981 2341 monasteria,
1007 2302 1074 2334 loca
1099 2312 1164 2351 re«)

405 2358 545 2399 gularia,
572 2367 745 2399 eorumque
769 2356 899 2387 abbates
925 2361 951 2387 et
975 2356 1165 2400 monachos:

406 2411 586 2445 huiusmodi
606 2411 741 2454 aliquam
761 2410 1009 2442 iurisdictionem
1030 2410 1075 2442 vel
1095 2420 1146 2442 su-
1164 2447 1165 2450 Ἰ

406 2465 631 2509 perior-itatem,
652 2464 763 2507 quovis
788 2467 951 2507 praetextu
971 2468 999 2495 et
1018 2474 1052 2496 ex
1075 2473 1148 2506 qua-

408 2530 542 2561 cumque
575 2521 689 2555 causa,
719 2518 834 2550 babere
860 2523 886 2550 et
914 2528 1060 2549 exercere
1085 2526 1147 2549 non

408 2573 541 2616 possint,
567 2572 632 2603 sine
659 2576 760 2604 tamen
794 2571 988 2614 praeiudicio
1013 2570 1147 2609 iuriutn,

410 2637 489 2671 quae
515 2626 605 2658 dictis
625 2625 798 2658 Ordinariis
817 2626 846 2657 in
865 2626 1026 2669 regulares
1047 2616 1165 2657 exem-¹

447 2690 456 2716 1
482 2688 518 2716 Ex
540 2687 645 2723 aegest.
667 2689 693 2715 in
714 2689 817 2715 semet.
841 2688 916 2714 Brev.

1178 266 1328 291 lunianum

1166 321 1247 360 ptos,
1266 314 1374 357 vigore
1394 311 1521 346 Concilii
1545 310 1719 344 Tridentini
1744 315 1774 345 et
1795 312 1907 345 consti-

1167 370 1325 403 tutionum
1349 366 1610 411 apostolicarum,
1635 368 1794 408 tamquam
1819 364 1907 398 Sedis

1167 421 1364 466 Apostolicae
1388 419 1540 462 delegatis
1564 418 1763 462 competunt)
1784 423 1907 462 aposto-

1167 476 1227 509 lica
1251 474 1447 514 auctoritate,
1468 479 1578 506 tenore
1601 471 1825 515 praesentium,
1845 471 1907 505 exi-

1168 530 1284 563 mimus
1311 533 1342 561 et
1370 526 1551 560 liberamusss
1576 526 1786 559 Decernentes
1815 534 1908 568 prae·

1168 588 1271 616 sentes
1286 582 1404 615 litteras
1421 591 1546 625 semper
1564 584 1596 612 et
1619 583 1774 623 perpetuo
1791 577 1908 611 validas

1168 642 1199 670 et
1218 637 1360 670 efficaces
1377 645 1444 668 esse
1461 639 1492 667 et
1508 634 1585 673 fore,
1602 643 1638 666 ac
1655 631 1908 675 Congregationi,

1169 689 1378 729 monasteriis,
1402 688 1479 721 loeis
1504 686 1716 730 regularibus,
1733 695 1770 718 ac
1793 684 1910 717 abbati-

1168 743 1227 776 bus
1257 748 1288 776 et
1315 741 1478 775 monachis
1501 738 1681 772 huiusmodi
1708 738 1740 771 in
1763 737 1911 771 omnibus

1170 802 1200 829 et
1223 807 1280 840 per
1303 795 1409 828 omnia
1439 793 1619 838 plenissime
1644 791 1829 835 suffragari;
1854 791 1911 825 sic·

1170 859 1231 894 que
1255 859 1311 893 per
1335 857 1554 892 quoscumque
1585 846 1704 879 iudices
1732 845 1910 879 ordinarios

1171 909 1202 936 et
1218 903 1387 946 delegatos,
1412 901 1506 934 etiam
1531 910 1696 933 causarum
1714 899 1820 944 palatii
1837 910 1911 944 apo-

1172 957 1273 990 stolici
1297 955 1468 994 auditores,
1493 954 1611 997 ubique
1635 953 1767 987 iudicari
1783 958 1815 986 et
1838 952 1911 986 defi-

1171 1009 1231 1042 niri
1257 1009 1383 1048 debere,
1407 1018 1444 1040 ac
1468 1007 1594 1039 irritum
1610 1012 1641 1039 et
1657 1007 1758 1047 inane,
1779 1007 1804 1040 si
1821 1017 1912 1041 secus

1173 1074 1267 1106 super
1292 1062 1341 1094 his
1365 1072 1381 1093 a
1406 1071 1576 1105 quoquam,
1592 1060 1701 1104 quavis
1717 1061 1912 1102 auctoritate,

1173 1117 1309 1149 scienter
1338 1115 1385 1147 vel
1411 1115 1603 1157 ignoranter,
1627 1113 1796 1156 contigerit
1818 1118 1913 1146 atten-

1172 1170 1242 1203 tari.
1270 1170 1338 1202 Non
1362 1167 1558 1202 obstantibus
1582 1166 1857 1201 constitutionibus
1885 1171 1915 1201 el

1174 1222 1424 1256 ordinationibus
1444 1220 1636 1266 apostolicis,
1654 1219 1827 1264 privilegiis
1839 1230 1915 1264 quo·

1174 1287 1250 1321 que,
1272 1276 1399 1310 indultis
1423 1281 1454 1308 et
1476 1274 1589 1308 litteris
1613 1274 1803 1318 apostolicis,
1827 1273 1916 1308 Ordi-

1174 1331 1271 1363 nariis
1294 1329 1482 1374 praedictis,
1507 1333 1538 1361 et
1568 1327 1730 1372 quibusvis
1765 1328 1852 1369 aliis,
1882 1327 1915 1360 in

1175 1384 1370 1418 contrarium
1398 1382 1658 1427 praemissorum,
1677 1381 1915 1425 quomodolibet

1176 1437 1350 1478 concessis,
1374 1436 1568 1470 confirmatis
1592 1440 1623 1469 et
1646 1435 1809 1468 innovatis.
1841 1435 1915 1475 Qui·

1175 1493 1233 1526 bus
1256 1492 1403 1526 omnibus
1426 1497 1457 1524 et
1481 1490 1629 1533 singulis,
1654 1500 1766 1523 eorum
1790 1494 1916 1523 tenores

1175 1546 1395 1591 praesentibus
1418 1555 1478 1589 pro
1501 1544 1657 1588 expressis
1676 1543 1837 1584 habentes,
1854 1543 1916 1576 illis

1175 1601 1251 1632 alias
1269 1600 1299 1632 in
1317 1610 1374 1632 suo
1394 1599 1510 1631 robore
1529 1597 1757 1642 permansuris,
1775 1597 1832 1630 hac
1849 1597 1916 1630 vice

1175 1654 1336 1686 dumtaxat
1361 1652 1538 1696 specialiter
1562 1657 1592 1684 et
1616 1661 1763 1695 expresse
1787 1650 1917 1694 deroga-

1176 1719 1256 1745 mus,
1274 1706 1450 1749 ceterisque
1467 1705 1635 1738 contrariis
1651 1705 1915 1748 quibuscumque.

1221 1762 1331 1794 Datum
1358 1762 1486 1800 Romae,
1511 1759 1592 1803 apud
1617 1759 1646 1792 S.
1664 1759 1793 1792 Mariam
1821 1758 1917 1792 Maio-

1176 1826 1255 1856 rem,
1276 1815 1333 1847 sub
1358 1814 1474 1847 annulo
1499 1813 1676 1855 piscatoris,
1695 1812 1745 1846 die
1765 1811 1917 1854 vigesima

1178 1868 1250 1901 maii
1276 1878 1416 1908 nncxxu,
1441 1866 1641 1911 pontificatus
1661 1865 1762 1899 nostri
1786 1875 1868 1898 anno
1885 1875 1916 1898 11.

1221 1923 1236 1966 ξ
1260 1922 1289 1955 2.
1314 1922 1391 1955 Cum
1415 1926 1530 1961 autem,
1547 1920 1628 1953 sicut
1652 1916 1780 1957 abst
1806 1924 1836 1952 et
1855 1929 1919 1952 mo-

1177 1975 1268 2008 nachi
1293 1975 1445 2019 praedicti
1467 1973 1559 2007 nobis
1582 1983 1684 2017 nuper
1709 1972 1821 2017 exponi
1840 1973 1920 2006 sece-

1178 2034 1260 2069 runt,
1279 2029 1337 2072 ipsi
1362 2028 1537 2072 plurimum
1555 2027 1691 2072 cupiant,
1708 2026 1918 2070 praeinsertas

1177 2083 1297 2116 litteras
1322 2083 1521 2122 huiusmodi,
1545 2093 1604 2126 pro
1634 2081 1768 2115 firmiori
1793 2081 1918 2114 illarum

1178 2137 1387 2176 subsistentia,
1401 2135 1590 2179 apostolicae
1607 2140 1732 2168 nostrae
1750 2133 1919 2168 confirma-

1178 2190 1272 2223 tionis
1287 2190 1402 2223 robore
1418 2189 1625 2228 communiri,
1643 2188 1733 2222 nobis
1751 2193 1920 2232 propterea

1179 2244 1340 2276 humiliter
1372 2243 1543 2287 supplicari
1568 2243 1725 2282 fecerunt,
1750 2247 1784 2274 ut
1808 2252 1919 2275 eorum

1179 2298 1342 2331 desideriis
1368 2297 1548 2330 huiusmodi
1569 2307 1707 2329 annuere
1727 2296 1764 2329 de
1782 2295 1920 2339 benigni-

1181 2358 1241 2385 tate
1273 2352 1443 2396 apostolica
1476 2351 1690 2394 dignaremur.
1716 2351 1778 2384 Nos
1804 2350 1919 2393 igitur,

1180 2407 1308 2438 abbates
1332 2411 1362 2438 et
1388 2405 1557 2438 monachos
1582 2404 1758 2448 praedictos
1776 2403 1921 2448 speciali-

1180 2461 1238 2493 bus
1263 2460 1421 2493 favoribus
1446 2465 1475 2492 et
1508 2459 1617 2502 gratiis
1642 2458 1790 2503 prosequi
1820 2458 1922 2491 volen-

1180 2519 1237 2551 tes,
1261 2520 1291 2547 et
1315 2524 1426 2547 eorum
1451 2513 1628 2555 singulares
1652 2522 1802 2556 personas
1819 2522 1836 2544 a
1855 2511 1922 2555 qui-

1182 2568 1287 2602 busvis
1318 2567 1674 2606 excommunicationis,
1707 2564 1921 2610 suspensionis

1182 2629 1210 2655 et
1238 2622 1412 2662 interdicti,
1436 2622 1566 2665 aliisque
1599 2621 1819 2654 ecclesiasticis
1850 2630 1921 2653 sen-

1184 2677 1297 2717 tentiis,
1322 2675 1462 2709 censuris
1487 2680 1517 2708 et
1541 2675 1660 2720 poenis,
1680 2685 1697 2707 a
1716 2674 1784 2708 iure
1814 2673 1862 2706 vel
1883 2672 1921 2706 ab

1922 262 1971 289 An.
1988 262 2016 289 C.
2036 262 2104 291 ¹62³.

1934 1963 1938 1981 1
1960 1934 1985 1955 Et
1996 1934 2118 1956 contii-mau-

1943 1967 1974 1982 ur.
