2269 3235
215 216 263 241 An.
281 216 309 242 C.
336 216 400 242 1625

239 1282 359 1305 Exordium.

446 208 509 241 ‚40⁹3

715 264 812 299 CLXX
818 265 847 297 V.

417 345 583 377 Institutio
608 343 749 376 archivii
768 344 853 375 sacri
874 342 1002 387 colleqz'i
1026 347 1153 376 ,sanctae

457 398 620 431 Romanae
634 396 792 429 Ecclesiae
805 395 1031 429 cardinalium
1050 396 1085 428 in
1098 406 1153 439 pa-

459 451 537 482 latio
560 450 722 489 Vaticano,
748 450 784 482 in
808 460 871 494 quo
894 450 1077 483 conservari
1101 449 1152 483 de-

457 504 550 536 beant
569 504 751 546 scripturae
767 507 796 535 et
813 503 884 536 alia
901 507 972 536 acta
985 503 1028 536 acl
1044 504 1153 547 ipsum

457 557 629 599 colleqium
660 557 897 600 quomodolibet
926 557 1149 602 pertinentia,

456 620 576 642 necnon
600 620 786 653 processus,
813 620 910 654 super
934 610 1152 654 qualitatibus

454 662 745 705 promovendorum
770 663 812 696 ud
835 663 1035 696 cathedrales
1052 662 1149 695 eccle-

457 717 523 749 sias
548 721 577 749 et
602 716 801 749 mona-storia
821 716 1073 756 consistorialia,
1102 726 1151 748 co-

456 779 529 801 ram
556 769 651 802 dictis
680 770 906 802 cardinalibus
933 769 1077 812 formati.
1106 769 1153 804 Ac

456 824 535 855 anio
544 823 644 865 officii
652 823 879 855 secrctarzssatas
892 822 1152 865 conyreqationis

456 877 680 909 cardinalium
693 886 789 919 super
804 876 1045 919 provisionibus
1071 885 1148 908 con-

455 930 675 961 sistorialibus
699 929 929 971 deputatorum
953 928 1058 972 officio
1085 928 1150 974 cle-

454 983 517 1014 rici
546 982 629 1016 Itali
658 982 738 1014 dicti
769 983 855 1014 sacri
888 982 1018 1026 collegyii
1048 992 1150 1016 secre-

457 1036 536 1067 tarii
550 1036 568 1068 ¹.

620 1106 757 1134 Urbanus
778 1105 944 1141 Episcopus

597 1157 703 1178 servus
725 1157 879 1178 servorum
900 1151 962 1182 Dei,

536 1196 572 1222 ad
592 1198 767 1229 perpetuam
786 1195 830 1223 rei
850 1195 1031 1223 memoriam.

457 1266 607 1299 Admonet
634 1277 692 1300 nos
708 1276 782 1300 cura
807 1266 973 1310 pastoralis
989 1266 1084 1300 officii
1100 1277 1154 1302 no·

411 1320 469 1361 bis,
488 1319 607 1352 meritis
628 1320 698 1352 licet
723 1319 906 1363 imparibus,
923 1320 1028 1355 divina
1047 1321 1152 1364 dispo-

412 1372 524 1405 sitione
559 1372 739 1413 commissi,
766 1378 797 1405 ut
828 1373 865 1405 ad
890 1383 926 1406 ea
948 1372 1083 1406 libenter
1107 1374 1154 1406 in-

412 1426 594 1467 tendamus,
618 1438 675 1470 per
699 1437 778 1470 quae
809 1427 928 1470 gratiae
952 1427 1152 1471 apostolicae,

413 1491 491 1523 quac
516 1491 534 1513 a
557 1480 649 1513 nobis
666 1484 696 1514 et
715 1491 774 1524 pro
796 1487 935 1525 tempore
952 1480 1154 1517 existentibus

413 1534 561 1567 Romanis
585 1534 800 1575 Pontificibus,
825 1534 1010 1578 praesertim
1031 1535 1063 1567 in
1081 1545 1152 1568 con—

414 1589 539 1621 sistorio
564 1593 685 1622 secreto
710 1589 747 1621 de
773 1593 897 1622 sanctae
921 1589 1079 1623 Romanae
1096 1589 1153 1624 Ec-

414 1642 526 1675 clesiae
551 1642 757 1675 cardinalium
783 1642 913 1675 consilio
931 1653 991 1686 pro
1011 1647 1154 1686 tempore

414 1706 560 1729 emanare
585 1696 824 1739 dignoscuntur,
845 1701 879 1729 ut.
903 1696 1064 1730 eveniente
1081 1707 1153 1729 casu

413 1759 575 1793 personae,
600 1750 631 1782 in
656 1750 744 1782 cuius
766 1750 905 1783 savorem
936 1749 1032 1790 fiunt,
1056 1750 1155 1782 sciant

415 1814 477 1847 quo
504 1803 628 1837 tendere
659 1814 719 1847 pro
748 1803 873 1836 illarum
898 1803 1153 1847 consequutione,

452 1904 462 1928 1
481 1901 599 1927 Adverte
613 1901 684 1936 quod
701 1901 780 1936 Greg.
792 1900 836 1927 XV
852 1904 977 1928 erexerat
992 1905 1019 1927 et
1033 1901 1154 1929 institue-

415 1949 457 1972 rat
480 1945 599 1972 osticium
619 1945 716 1973 notarii
739 1946 773 1972 ad
797 1946 968 1973 formandum
994 1954 1154 1981 processuS,

415 1991 546 2025 privative
562 1990 651 2025 quoad
667 1998 760 2017 omnes
776 1990 853 2025 alios,
870 1999 961 2017 coram
977 1995 1085 2018 sanctae
1102 1991 1155 2018 Ro-

416 2043 511 2062 manae
523 2035 661 2062 Ecclesiae
677 2035 872 2071 cardinalibus,
884 2043 966 2070 super
981 2035 1155 2072 qualitatibus

415 2080 666 2115 promovendorum
680 2080 712 2107 ad
728 2080 855 2108 ecclesias
871 2081 1041 2108 cathedrales
1057 2085 1083 2109 et
1096 2089 1155 2109 mo-

416 2124 531 2151 nasteria
542 2124 748 2159 consistorialia,
757 2128 787 2151 ut
797 2124 887 2152 videre
896 2128 973 2160 potes
982 2124 1008 2152 in
1018 2126 1109 2152 Const.
1120 2131 1157 2151 xx

418 2170 583 2201 Consuevit,
604 2173 670 2196 tom.
692 2176 745 2201 ΧΠ,
766 2178 828 2204 pag.
845 2169 913 2204 5553
934 2170 975 2196 cui
996 2173 1089 2206 postea
1109 2170 1156 2197 de-

416 2214 554 2241 mandavit
573 2214 808 2241 conservationem
826 2215 960 2242 dictorum
980 2223 1154 2251 processuum

417 2267 476 2285 cum
488 2259 670 2294 assignatione
686 2259 802 2286 duorum
818 2260 977 2287 ducatorum
992 2259 1052 2287 auri
1067 2259 1100 2287 de
1111 2268 1156 2287 ca-

415 2306 492 2330 mera
510 2312 559 2339 pro
581 2312 745 2339 unoquoque
764 2312 906 2340 processu,
923 2307 951 2331 ut
970 2304 997 2331 in
1012 2303 1154 2333 Constitut.

417 2356 477 2383 XLV,
494 2350 623 2383 Prz'clem,
640 2349 707 2376 ibid.
724 2358 785 2386 pag.
803 2350 865 2385 643,
878 2359 959 2385 quam
979 2350 1155 2379 Constitutio-

417 2402 478 2420 nem
495 2394 543 2420 iste
560 2394 656 2421 Pontis.
669 2393 757 2430 quoad
772 2394 843 2421 hanc
859 2398 961 2429 partem
975 2397 1095 2421 revocat.
1107 2395 1157 2421 Ar-

418 2437 536 2463 chivium
562 2439 700 2465 Romanae
723 2438 818 2465 Curiae
840 2438 951 2466 instituit
976 2438 1059 2466 Iulius
1078 2438 1111 2470 ΙΙ,
1127 2442 1157 2466 ut

417 2482 508 2507 donst.
520 2488 565 2507 xrx
576 2482 617 2515 (in
630 2490 654 2509 n.
670 2482 711 2509 ed.
725 2483 797 2515 xvm)
808 2483 1037 2517 Siculprudens,
1049 2486 1117 2510 tom.
1129 2490 1155 2517 v,

417 2533 477 2559 pag,
496 2526 556 2552 458.
574 2526 699 2554 Archivia
718 2535 782 2557 vero
799 2527 829 2556 in
851 2531 905 2555 toto
925 2528 1001 2555 Statu
1019 2527 1155 2556 Ecclesia-

418 2570 482 2596 stico
505 2570 588 2597 erexit
602 2570 665 2598 Sixt.
683 2571 713 2606 V,
728 2571 820 2602 Coust.
838 2571 1018 2609 Sollicitudo,
1035 2576 1100 2602 tom.
1116 2580 1154 2603 tx,

416 2623 478 2650 pag.
493 2615 536 2641 ⁰23.

1004 214 1182 241 BULLARIUM
1206 212 1361 239 noMANtJM

1939 211 1988 239 An.
2004 211 2033 238 G.
2056 210 2123 240 ¹025

1187 262 1246 296 sub
1267 262 1349 296 bona
1367 266 1397 295 et
1412 260 1497 295 fideli
1514 260 1655 294 custodia
1670 266 1823 305 ,perpetuo
1839 269 1928 305 prae-

1188 320 1361 358 serventur,
1380 320 1410 348 ct
1427 319 1460 348 ut
1474 314 1504 347 id
1518 313 1638 347 facilius
1655 313 1802 358 subsequi
1816 313 1926 358 possit,

1188 369 1377 414 quandoque
1401 378 1481 401 nova
1504 368 1573 400 loca
1596 372 1627 400 et
1643 365 1758 407 officia,
1774 377 1853 410 quae
1868 377 1927 410 pro

1187 422 1361 466 gratiarum
1379 420 1559 455 huiusmodi
1573 419 1811 454 conservatione
1823 430 1928 454 neces-

1188 477 1272 510 saria
1296 486 1363 509 csse
1381 474 1603 518 conspicimus,
1620 473 1658 507 de
1674 483 1756 507 novo
1777 473 1928 516 erigimus

1187 534 1218 562 ct
1234 529 1437 569 instituimus,
1455 538 1490 561 ac
1504 528 1631 561 illorum
1645 537 1753 561 euram
1768 526 1843 560 viris
1856 526 1927 568 fide,

1187 582 1342 622 doctrina,
1355 592 1391 615 ac
1403 591 1530 615 morum
1546 579 1725 623 integritate
1738 579 1927 624 conspicuis,

1187 635 1239 679 qui
1264 635 1348 669 circa
1371 635 1432 668 hoc
1456 638 1595 668 exactam
1620 633 1815 676 diligentiam
1839 633 1928 666 adhi-

1187 688 1281 722 bituri
1307 692 1483 732 sperantur,
1508 686 1735 722 committimus
1751 689 1782 720 et
1803 685 1929 719 manda-

1187 752 1268 782 mus,
1281 752 1317 774 ac
1330 741 1407 775 alias
1421 741 1556 784 desuper
1569 739 1775 784 disponimus,
1788 744 1883 783 prout
1895 739 1927 772 in

1188 794 1319 827 Domino
1341 794 1552 838 conspicimus
1577 792 1746 828 salubriter
1770 792 1927 836 expedire.

1232 847 1247 889 ἓ
1271 847 1300 879 i.
1325 847 1401 880 Cum
1426 847 1541 890 itaque,
1566 845 1647 879 sicut
1669 846 1858 890 accepimus,
1875 845 1929 878 du·
1959 856 2127 887 sompni-ereo-

1188 899 1262 932 dum
1278 902 1354 932 tunc
1370 899 1537 932 existentes
1553 903 1677 932 sanctae
1698 899 1857 932 Romanae
1872 898 1929 932 Ec·
1942 890 1974 931 ld?
1990 883 2127 931 {on‘iiiiiiissI

1188 952 1300 985 clesiae
1313 951 1497 994 cardinales,
1512 956 1652 995 tempore
1670 952 1813 986 videlicet
1829 953 1930 996 ponti·
1942 937 2128 958 ”⁰⁸⁹ff⁰‘m⁸¹¹¹¹³²'

1188 1005 1298 1038 sicatus
1312 1004 1409 1038 felicis
1427 1003 1654 1038 recordationis
1666 1004 1777 1038 Leonis
1790 1004 1891 1048 Papae
1903 1006 1929 1038 X

1188 1058 1441 1103 praedecessoris
1465 1058 1575 1099 nostri,
1592 1058 1696 1092 officio
1714 1058 1852 1092 duorum
1872 1059 1930 1092 cle-

1188 1112 1328 1145 ricorum
1353 1111 1433 1145 sacri
1459 1111 1586 1145 illorum
1611 1110 1747 1154 collegii,
1773 1111 1857 1155 quod
1873 1122 1930 1155 per

1189 1166 1304 1199 multos
1327 1175 1425 1199 annos
1448 1170 1539 1198 antea
1555 1175 1670 1208 magno
1684 1164 1781 1208 ipsius
1805 1165 1929 1208 collegii

1189 1219 1390 1253 incommodo
1420 1219 1522 1252 suerat
1551 1219 1675 1260 venale,
1706 1209 1866 1252 communi
1891 1219 1929 1252 ab

1189 1272 1234 1305 eis
1264 1272 1429 1316 redempto
1464 1272 1607 1316 impensa
1638 1277 1669 1304 et
1699 1272 1731 1304 in
1760 1271 1929 1315 pristinum

1188 1336 1280 1358 suum
1309 1330 1423 1359 statum
1455 1325 1581 1359 reducto
1593 1352 1602 1366 ,
1637 1330 1757 1358 veteres
1788 1325 1929 1358 eiusdem

1189 1379 1313 1422 collegii
1330 1379 1568 1413 constitutiones
1582 1381 1662 1412 nova
1674 1378 1808 1422 quadam
1826 1379 1929 1413 forma

1189 1438 1218 1466 et
1242 1433 1336 1466 modo
1361 1432 1530 1467 instaurari
1554 1433 1685 1466 fecerint
1708 1432 1812 1476 primo
1820 1443 1828 1473 3

1232 1486 1248 1530 ἓ
1271 1486 1300 1521 2.
1314 1486 1351 1519 Et
1370 1486 1556 1528 successive,
1578 1485 1705 1518 sedente
1722 1485 1792 1529 piae
1808 1495 1928 1519 memo·
1972 1495 2016 1516 Sub
2028 1495 2129 1525 rauiqm

1190 1538 1253 1572 riae
1267 1539 1362 1572 Paulo
1376 1539 1414 1571 ΙΙΙ
1432 1539 1525 1571 etiam
1543 1538 1786 1583 praedecessore
1809 1544 1929 1580 nostro,
1944 1522 2130 1575 gissintacnffiice‘ii

1189 1603 1260 1625 cum
1272 1592 1542 1633 constitutionum,
1560 1597 1594 1625 ut
1610 1593 1795 1636 praefertur,
1812 1593 1929 1627 instau-
1945 1582 1982 1629 iiio
1990 1576 2130 1633 deie'i'ivo‘iii'r'is2

1188 1651 1328 1680 ratarum
1345 1650 1466 1689 partem
1482 1656 1557 1679 raro
1574 1645 1783 1687 observatam,
1807 1649 1928 1689 partem
1944 1629 2095 1651 ⁰⁰⁵¹⁰d¹⁰nd'⁵'

1189 1709 1264 1732 vero
1283 1698 1476 1742 antiquatam
1498 1704 1527 1731 et
1543 1699 1719 1741 neglectam
1737 1698 1930 1732 animadver-

1190 1752 1308 1793 tissent,
1326 1752 1364 1786 de
1381 1751 1542 1785 communi
1563 1751 1706 1785 omnium
1722 1762 1877 1785 consensu
1894 1762 1930 1785 ac

1189 1805 1423 1845 deliberatione,
1447 1805 1609 1849 praedicto
1633 1805 1729 1838 Paulo
1749 1805 1931 1848 praedeces-

1190 1869 1260 1891 sore
1276 1858 1307 1891 id
1321 1858 1414 1891 etiam
1432 1858 1636 1902 approbante,
1654 1868 1689 1891 ex
1708 1857 1799 1891 dictis
1819 1858 1930 1893 consti-

1190 1912 1363 1945 tutionibus
1378 1911 1538 1946 nonnullis
1554 1912 1688 1954 reiectis,
1705 1912 1864 1957 aliquibus
1880 1923 1931 1946 re-

1190 1965 1299 2008 tentis,
1331 1965 1463 2009 aliisque
1493 1965 1664 2007 adiunctis,
1689 1976 1725 1999 ac
1756 1965 1861 2010 aliqua
1894 1977 1932 2000 ex

1189 2024 1277 2063 parte
1297 2018 1365 2055 aliis
1390 2018 1579 2060 immutatis,
1596 2018 1678 2051 inter
1695 2018 1755 2052 alia
1775 2019 1932 2055 voluerint

1191 2077 1220 2105 et
1235 2071 1465 2114 constituerint,
1484 2071 1565 2106 inter
1582 2075 1703 2105 ceteros
1725 2071 1824 2115 ipsius
1841 2072 1931 2106 colle-

1190 2126 1233 2168 gii
1251 2125 1411 2160 ministros
1431 2125 1547 2158 debere
1571 2125 1650 2158 duos
1667 2125 1799 2159 clericos
1814 2136 1871 2171 per
1891 2127 1931 2159 sa-

1190 2179 1301 2213 harum
1323 2178 1473 2222 suffragia
1493 2178 1615 2220 creari,
1645 2190 1780 2222 quorum
1798 2180 1877 2213 alter
1894 2191 1930 2213 ex

1190 2232 1277 2269 Italia
1294 2237 1323 2266 et
1340 2233 1418 2269 alter
1435 2237 1560 2266 exterus
1578 2237 1669 2275 esset,
1687 2237 1717 2265 et
1734 2232 1785 2266 hic
1802 2233 1930 2277 quidem

1190 2286 1228 2320 ad
1252 2296 1368 2320 annum
1393 2286 1571 2328 dumtaxat,
1597 2286 1649 2319 ille
1677 2297 1752 2320 vero
1777 2287 1814 2320 ad
1838 2287 1932 2322 bene-

1189 2340 1350 2385 placitum,
1376 2340 1465 2373 cuius
1490 2339 1583 2373 etiam
1615 2341 1692 2374 cura
1724 2340 1797 2373 libri
1820 2351 1935 2376 ⁸onmes

1190 2398 1220 2426 et
1236 2393 1410 2439 scripturae
1427 2392 1464 2426 ad
1481 2393 1656 2437 praefatum
1675 2393 1843 2437 collegium
1861 2404 1931 2439 per-

1190 2447 1322 2484 tinentes
1336 2446 1566 2483 conficerentur
1583 2452 1613 2480 et
1629 2447 1876 2492 duplicarentur,
1890 2452 1929 2490 et,

1190 2500 1397 2546 originalibus
1421 2500 1452 2534 in
1476 2499 1627 2541 archivio,
1652 2499 1737 2547 quod
1760 2500 1792 2541 in
1816 2501 1930 2546 palatio

1190 2553 1363 2598 apostolico
1388 2552 1615 2597 designandum
1640 2559 1725 2596 erat,
1749 2553 1788 2590 ad
1809 2564 1926 2600 perpe-

1190 2613 1276 2651 tuam
1300 2608 1345 2641 rei
1371 2607 1557 2642 memoriam
1588 2608 1756 2652 repositis,
1780 2607 1930 2654 duplicati
