2269 3235
213 255 260 281 An.
276 254 302 282 c.
328 253 395 280 1025
441 244 506 277 5204

991 249 1175 276 nULLAnuJM
1194 249 1347 275 ROMANUM

1941 248 1989 275 An.
2003 247 2031 274 C.
2054 247 2122 276 1625

408 311 488 334 anno
508 300 650 344 proxime
674 299 814 343 sequenti
836 299 994 330 dumtaxat
1014 298 1081 330 lieri
1101 309 1149 331 vo·
1182 298 1357 340 guminum,
1379 295 1439 329 olei
1466 301 1496 328 et
1520 295 1652 328 aliarum
1678 305 1784 328 rerum
1806 295 1844 328 ad
1861 306 1922 328 an·
1937 308 2003 329 sciam
2016 309 2120 334 perime..-

408 355 521 393 lumus,
546 352 773 396 computandos
798 351 946 384 valituris.

453 407 562 439 Datum
589 407 726 442 Romae,
751 404 833 448 apud
861 404 890 436 S.
917 404 1063 444 Petrum,
1091 403 1149 436 sub

409 461 524 493 annulo
544 459 719 498 l’iseatoris,
748 458 796 490 die
818 468 848 491 iv
878 457 981 490 martii
1008 467 1148 498 mcxxv,

408 513 608 556 pontificatus
626 512 724 545 nostri
748 520 830 544 anno
844 520 874 544 11.

444 566 503 591 Dat.
521 565 564 592 die
581 566 596 591 t
612 565 700 592 martii
721 564 798 598 1625,
815 563 908 600 pontif.
926 571 997 590 anno
1014 570 1041 590 n.

407 742 594 776 Facultates
604 744 793 787 provinciae
805 742 1041 777 Romandiolae
1055 752 1150 786 prae-

450 797 517 830 sida*
541 807 703 830 concessae
727 796 769 830 ad
789 806 956 829 annonam
981 796 1017 828 in
1041 795 1151 828 eadem

448 851 618 894 provincia
640 849 881 894 procurandam
898 848 915 881 ¹.

407 917 575 945 Venerabili
595 916 682 943 fratri
703 915 925 949 archiepiscopo
945 914 1151 947 adrianopoli-

443 964 533 994 tano‚
554 960 726 995 provinciae
746 962 868 986 nostrae
889 957 1100 986 Romaudiolae
1120 959 1151 984 et.

444 1007 601 1032 exarcatus
621 1004 779 1031 Ravennae
794 1002 937 1036 praesidi,

602 1048 739 1075 Urbanus
768 1048 849 1081 Papa
876 1046 952 1074 VIII.

627 1100 812 1128 Venerabilis
827 1100 928 1135 frater,

444 1145 573 1173 salutem
596 1147 627 1172 et
647 1144 843 1179 apostolicam
862 1143 1114 1172 benedictionem.

225 1217 321 1247 rat-unat
334 1221 393 1245 praef
453 1205 468 1247 ἓ
485 1204 513 1236 ’1.
539 1205 687 1237 Annonae
705 1204 822 1247 copiae,
841 1208 990 1247 quantum
1006 1213 1077 1236 cum
1094 1202 1152 1235 Do-

210 1244 279 1290 {iiiim
296 1243 393 1290 llsskfflfli'
409 1257 494 1290 mino
508 1267 685 1301 possumus,
700 1257 737 1289 ad
755 1256 953 1289 subditorum
969 1261 1150 1290 nostrorum

209 1302 317 1322 p⁸‘⁵‘'⁰³³*
410 1311 611 1344 commodum
623 1316 653 1343 et
661 1311 804 1343 levamen
821 1310 987 1343 consulere
1000 1310 1150 1350 volentes,

410 1375 445 1397 ac
469 1364 507 1397 de
531 1367 582 1398 tua
608 1363 760 1406 singulari
780 1363 851 1404 fide,
877 1360 1049 1406 diligentia,
1076 1363 1152 1395 inte-

410 1417 523 1461 gritate
548 1422 578 1450 et
596 1417 762 1461 prudentia
779 1417 951 1460 plurimum
969 1416 1001 1448 in
1017 1416 1150 1449 Domino

410 1470 530 1511 confisi,
555 1470 621 1512 tibi,
647 1481 740 1513 quem
765 1480 866 1514 nuper
889 1469 1070 1514 provinciae
1094 1480 1150 1502 no-

410 1530 492 1557 strae
518 1523 741 1557 Romandiolae
760 1529 787 1557 et
805 1528 968 1556 exarcatus
986 1524 1150 1556 Ravennae

409 1577 586 1621 praesidem
611 1577 784 1621 apostoliea
808 1576 991 1610 auctoritate
1025 1576 1152 1619 deputa-

410 1631 522 1671 vimus,
547 1641 604 1675 per
628 1636 668 1670 te,
694 1641 747 1663 seu
771 1641 827 1674 per
852 1640 1004 1674 personas
1021 1640 1037 1662 a
1055 1635 1083 1661 te
1102 1629 1152 1662 de-

411 1684 573 1727 putandas,
584 1694 693 1717 omnes
703 1689 733 1716 et
742 1694 957 1726 quascumque
971 1682 1150 1726 provinciae

412 1743 441 1770 et
466 1742 628 1770 exarcatus
653 1736 833 1769 huiusmodi
858 1736 1007 1777 civitates,
1032 1742 1150 1776 terras,

412 1790 527 1834 oppida
559 1796 586 1823 et
615 1791 684 1823 loca
698 1818 705 1829 ,
737 1791 831 1823 etiam
867 1790 905 1822 ad
936 1800 1150 1833 quascumque

413 1849 650 1887 personastam
675 1844 832 1877 seculares
849 1854 941 1888 quam
968 1844 1153 1877 eeclesiasti-

413 1908 463 1930 cas
477 1925 484 1938 ,
509 1908 544 1931 ac
569 1897 706 1931 cuiusvis
730 1897 855 1931 Ordinis
869 1925 876 1937 ,
897 1896 1151 1940 congregationis

412 1954 442 1982 et
455 1950 596 1991 instituti,
610 1950 703 1983 etiam
718 1950 880 1994 hospitalis
900 1952 928 1983 S.
947 1950 1071 1983 Ioannis
1085 1949 1152 1982 Hie-

412 2003 629 2047 rosolymitani
653 2003 826 2046 regulares,
851 2003 944 2037 etiam
962 2014 1096 2036 oneroso
1122 2008 1152 2035 et

412 2056 522 2100 quovis
542 2057 603 2090 alio
627 2057 718 2090 titulo
736 2061 911 2100 exemptas,
937 2062 997 2089 tam
1022 2056 1151 2097 ducalis,

412 2109 579 2151 baronalis,
590 2121 684 2155 quam
698 2110 835 2144 cuiusvis
851 2110 979 2143 alterius
993 2110 1152 2153 dignitatis

413 2163 590 2205 existentes,
611 2165 704 2197 etiam
721 2164 932 2197 cardinalatus
948 2165 1070 2198 honore
1086 2164 1153 2196 suna

413 2223 542 2260 gentes,
567 2222 597 2252 et
620 2222 745 2252 nostros
769 2218 958 2252 feudatarios
983 2217 1153 2261 spectantia

413 2277 443 2303 et
467 2271 667 2314 pertinentia,
689 2271 782 2303 etiam
806 2270 897 2304 nobis
914 2276 944 2303 et
964 2270 1064 2303 dictae
1081 2270 1152 2303 Sedi

413 2323 546 2357 mediate
570 2324 719 2365 subiecta,
744 2330 774 2357 ct
794 2324 874 2356 infra
897 2324 1012 2357 limites
1030 2323 1073 2357 tui
1099 2334 1154 2366 gu-

413 2377 513 2409 bernii
539 2377 719 2410 huiusmodi
745 2376 917 2417 existentia,
945 2377 983 2409 ad
1007 2376 1151 2410 effectum

415 2430 646 2474 iusi-ascriptum
668 2431 802 2471 visitare,
821 2441 856 2463 ac
872 2441 1085 2474 quascumque
1103 2430 1149 2463 ci-

264 2491 346 2517 Easque
364 2496 398 2511 eo·
414 2483 552 2524 vitatum,
572 2489 740 2525 terrarum,
758 2483 948 2528 oppidorum
967 2488 995 2518 et
1009 2484 1152 2517 locorum

215 2518 276 2541 ,cendi
296 2519 323 2538 ad
342 2518 399 2538 exlu-

215 2545 399 2592 ffiffirgdnaffigj
413 2537 644 2580 lin-aedictorum
659 2548 809 2582 personas
823 2549 919 2582 supra
936 2548 1099 2582 expressas
1113 2537 1152 2570 ad

215 2603 261 2618 nam
297 2600 317 2618 ez
351 2603 399 2623 gra·
414 2600 519 2623 veram
534 2596 563 2623 et
580 2591 695 2624 realem
714 2602 897 2634 granorum,
919 2591 1097 2631 bladorum,
1110 2591 1152 2624 le-

450 2656 458 2680 1
480 2653 516 2681 Ex
533 2653 639 2689 Regest.
657 2654 683 2681 iu
699 2655 799 2681 Secret.
818 2654 953 2682 Brevium,

1938 335 1995 356 tium.

1182 361 1296 384 nonam
1323 355 1354 383 et
1378 349 1532 392 grasciam
1557 348 1766 392 spectantium
1790 359 1846 393 per
1871 359 1922 382 eas

1183 403 1417 447 quomodolibet
1444 412 1660 446 possessarum
1686 406 1792 435 notam
1818 408 1848 436 et
1871 402 1923 435 de-

1183 456 1385 500 scriptionem
1407 456 1461 488 tibi
1480 454 1690 489 exhibendum
1705 460 1735 488 et
1751 455 1862 489 invitas
1875 466 1923 489 co-

1183 521 1258 552 gere
1281 515 1311 543 et
1335 510 1541 553 compellere,
1566 519 1601 541 ac
1622 508 1794 550 frumenta,
1820 508 1922 549 blada,

1184 563 1341 607 legumina
1359 568 1389 596 et
1403 563 1463 595 alia
1481 561 1663 596 huiusmodi
1681 572 1697 595 e
1714 561 1791 595 locis
1804 561 1842 594 ad
1855 561 1923 595 loca

1185 617 1267 651 iuxta
1292 617 1338 649 rei
1363 622 1393 650 et
1417 627 1507 649 casus
1532 616 1741 659 exigentiam,
1774 619 1868 659 prout
1892 615 1923 647 in

1184 671 1315 704 Domino
1341 670 1454 703 videris
1479 669 1646 714 expedire,
1673 669 1864 711 transferre,
1888 679 1924 702 ac

1183 723 1221 756 ad
1246 724 1460 765 frumentum,
1484 723 1596 764 blada,
1628 722 1787 766 legumina
1811 727 1841 755 et
1865 721 1925 754 alia

1184 776 1344 820 praedicta
1368 776 1564 809 vendendum
1589 775 1732 808 similiter
1756 785 1870 818 cogere
1895 778 1926 808 et
1967 784 1993 806 1³2
2004 784 2126 806 huiusmodi

1185 828 1374 872 compellere
1398 829 1484 871 (cum
1512 828 1572 862 hoc
1596 834 1711 870 tamen,
1735 834 1769 862 ut
1794 829 1825 860 in
1848 826 1926 861 locis
1940 812 2016 869 {330ss
2032 811 2127 859 {23323‘3

1184 882 1274 915 nobis
1288 887 1318 915 et
1331 882 1431 916 dictae
1442 882 1513 915 Sedi
1531 882 1675 923 mediate,
1688 886 1722 915 ut
1737 881 1924 926 praefertur,
1940 864 2128 917 iiidit'cfffl'd‘n'

1184 933 1318 966 subditis
1343 937 1372 967 et
1396 934 1570 977 exemptis,
1601 945 1636 967 ac
1667 934 1751 968 circa
1775 944 1925 978 personas

1185 987 1413 1020 ecclesiasticas
1435 987 1621 1030 praedictas,
1639 993 1798 1031 tamquam
1819 991 1925 1022 noster

1185 1046 1215 1074 et
1239 1040 1379 1073 eiusdem
1397 1040 1487 1073 Sedis
1504 1040 1665 1083 delegatus
1688 1040 1853 1084 procedas,
1878 1045 1924 1074 te-

1185 1104 1246 1137 que
1260 1093 1304 1126 uti
1321 1094 1416 1126 talem
1432 1092 1605 1137 procedere
1619 1103 1745 1137 semper
1760 1093 1925 1137 declares),

1230 1147 1245 1190 ἓ
1262 1146 1290 1180 9..
1309 1146 1441 1191 Insuper
1456 1157 1670 1190 quascumque
1688 1146 1926 1181 constitutiones
1952 1155 2018 1185 ‚Cum
2038 1155 2126 1177 tacuna-

1185 1200 1384 1244 apostolicas,
1404 1210 1527 1233 necnon
1544 1200 1655 1241 edicta,
1670 1200 1826 1240 mandata,
1850 1210 1925 1244 pro·
1942 1183 2126 1239 ἓξὲἒὲὲῗέἷωῖῗὲ

1185 1255 1318 1287 clamata
1343 1260 1373 1287 et
1396 1254 1499 1287 banna
1522 1254 1702 1297 generalia,
1725 1253 1763 1287 ad
1788 1254 1925 1287 favorem
1942 1236 2117 1257 ⁶⁰⁰⁰⁹d'⁵⁰¹⁰⁰‘'

1185 1318 1327 1341 annonae
1352 1313 1382 1340 et
1406 1307 1547 1351 grasciae
1567 1306 1749 1340 huiusmodi
1775 1312 1926 1344 emanata,

1185 1361 1356 1402 observari,
1365 1371 1488 1394 necnon
1496 1370 1711 1405 quascumque
1720 1360 1927 1404 provisiones,

1185 1414 1399 1448 ordinationes
1413 1419 1443 1447 et
1456 1414 1515 1447 alia
1528 1414 1643 1455 omnia,
1656 1424 1736 1457 quae
1748 1419 1927 1458 propterea,

1185 1478 1219 1500 ac
1233 1468 1327 1501 etiam
1340 1478 1398 1511 pro
1412 1467 1649 1500 conservatione
1667 1476 1851 1510 granorum,
1865 1466 1929 1499 bla-

1186 1521 1308 1563 dorum,
1327 1521 1535 1564 leguminum,
1551 1521 1610 1554 olei
1626 1526 1655 1553 et
1668 1521 1801 1553 aliarum
1819 1531 1927 1555 rerum

1186 1575 1420 1619 praedictarum
1435 1575 1466 1607 in
1480 1575 1566 1607 Statu
1580 1574 1809 1614 Ecclesiastico,
1819 1584 1854 1607 ac
1868 1584 1927 1617 pro

1184 1628 1338 1662 beneficio
1374 1634 1403 1661 et
1438 1628 1519 1661 felici
1550 1627 1704 1670 gubernio
1729 1637 1871 1660 annonae
1896 1628 1928 1659 in

1185 1681 1371 1721 civitatibus,
1388 1681 1491 1722 terris,
1517 1681 1643 1724 oppidis
1667 1686 1697 1713 et
1720 1680 1797 1713 locis
1819 1680 1927 1713 huius-

1186 1735 1270 1768 modi
1294 1734 1472 1768 necessaria
1487 1745 1555 1767 esse
1572 1738 1602 1768 et
1621 1733 1858 1778 quomodolibet
1875 1744 1928 1777 op-

1185 1795 1321 1832 portuna
1345 1788 1482 1829 duxeris,
1503 1788 1624 1821 etiamsi
1650 1788 1721 1820 talia
1745 1788 1823 1828 sint,
1848 1798 1927 1831 quae

1186 1842 1286 1885 magis
1303 1842 1481 1886 specialem,
1499 1841 1677 1885 specificam
1695 1845 1725 1873 et
1748 1851 1928 1884 expressam

1186 1896 1385 1940 requirerent
1407 1895 1609 1935 mentionem,
1630 1905 1702 1927 cum
1723 1894 1928 1927 facultatibus

1185 1948 1290 1981 dilecti
1314 1948 1370 1981 filii
1394 1948 1543 1992 praefecti
1568 1958 1709 1981 annonae
1725 1958 1782 1991 per
1798 1957 1855 1980 nos
1875 1947 1928 1980 de—

1186 2002 1294 2046 putati,
1312 2002 1413 2035 facere
1432 2007 1461 2035 et
1486 2002 1632 2035 ordinare
1657 2006 1687 2034 et
1703 2001 1813 2044 exequi
1830 2001 1928 2033 libere

1186 2062 1215 2088 et
1237 2056 1319 2089 licite
1337 2056 1439 2100 possis
1461 2060 1491 2088 et
1508 2056 1622 2096 valeas,
1641 2056 1778 2099 plenam,
1795 2054 1927 2087 liberam

1186 2114 1213 2142 et
1228 2110 1365 2154 amplam
1384 2110 1564 2143 facultatem
1579 2113 1608 2144 et
1624 2109 1841 2143 auctoritatem
1855 2118 1928 2152 apo-

1187 2163 1295 2195 stolica
1309 2163 1495 2196 auctoritate
1509 2166 1617 2197 tenore
1630 2161 1842 2207 praesentium
1856 2171 1928 2194 con—

1187 2215 1327 2249 cedimus
1344 2221 1375 2249 et
1392 2215 1601 2260 impartimur.

1235 2269 1250 2312 §
1279 2268 1308 2302 3.
1342 2269 1521 2302 Mandantes
1552 2274 1722 2313 propterea
1752 2268 1782 2301 in
1813 2268 1926 2301 virtute
1968 2285 2125 2307 Mandatum&

1186 2328 1310 2356 sanctae
1335 2322 1542 2363 obedientiae,
1562 2332 1597 2355 ac
1621 2322 1678 2355 sub
1703 2321 1927 2365 indignationis
1942 2312 2045 2339 ¹³⁸‘⁸⁰⁴¹⁰·

1186 2381 1321 2417 nostrae,
1335 2376 1466 2420 aliisque
1480 2375 1601 2408 arbitrii
1616 2375 1714 2409 nostri
1731 2375 1850 2419 poenis,
1864 2385 1928 2409 om-

1186 2429 1278 2462 nibus
1301 2434 1331 2462 et
1355 2429 1498 2472 singulis,
1523 2429 1561 2461 ad
1587 2439 1666 2472 quos
1690 2428 1924 2472 quomodolibet

1186 2489 1313 2527 spectat,
1330 2488 1364 2515 ut
1388 2482 1651 2527 quandocumque
1676 2493 1693 2514 a
1717 2488 1757 2524 te,
1782 2493 1837 2516 seu
1854 2492 1926 2526 per-

1186 2537 1270 2570 sonis
1294 2547 1310 2569 a
1337 2542 1365 2570 te
1389 2536 1574 2580 deputandis
1599 2535 1791 2577 huiusmodi,
1812 2535 1926 2569 suerint

1186 2590 1338 2634 requisiti,
1352 2590 1438 2623 omni
1452 2595 1481 2623 et
1501 2600 1698 2634 quacumque
1718 2589 1926 2634 appellatione

1185 2649 1211 2677 et
1238 2643 1460 2679 reclamatione
1486 2643 1625 2684 remotis,
1643 2648 1773 2687 pareant
1797 2648 1827 2675 et
1852 2642 1926 2675 obe-

2193 305 2209 317 b
