2269 3235
129 216 180 244 An.
196 216 225 244 C.
246 215 316 244 1624

167 864 197 885 De
220 864 311 884 novitio·

127 897 172 920 rum
183 891 282 915 magistro
291 892 310 911 et

127 923 173 938 eius
190 922 256 937 socio.

938 216 1079 242 URBANUS
1105 216 1160 241 vm
1184 217 1232 241 Pr.

327 267 437 296 ventus
461 262 627 307 superiori,
643 263 667 296 si
685 263 947 308 quandocumque
965 264 1068 307 ingre-

326 315 475 349 diendum
491 316 550 349 sibi
561 316 738 350 necessario
752 316 975 350 existimaverit
982 327 990 356 ;
1007 327 1070 360 quo

326 373 431 401 tamen
448 379 522 402 casu
539 369 675 414 aliquem
696 379 820 414 semper
837 380 872 403 ex
893 369 1070 402 senioribus

327 427 499 455 conventus
524 428 554 455 et
577 422 760 457 monasterii
783 421 927 466 patribus
948 422 1068 455 socium

327 481 474 508 assumat.

371 528 470 562 Huius
493 528 555 562 loci
586 529 751 562 clausurae
776 527 871 561 clavis
895 527 979 573 apud
1003 538 1068 561 ma-

327 583 462 627 gistrum
495 593 619 627 semper
648 588 846 623 asservetur,
878 583 985 627 illique
1011 583 1068 616 soli

327 637 419 670 liccat
443 647 479 670 ex
503 636 590 680 gravi
617 640 735 670 tantum
768 638 861 670 eausa
891 637 1067 680 ingressum

328 692 402 725 illuc
422 691 514 725 alicui
530 690 731 735 permittere;
757 690 783 723 si
808 690 878 734 quis
894 695 999 723 autem
1017 700 1069 724 no-

328 745 474 779 vitiorum
498 743 679 788 quempiam
704 744 822 788 alloqui
841 744 985 784 voluerit,
1006 754 1069 776 ma-

327 798 425 841 gistro
445 802 619 841 praesente,
638 802 667 830 et
681 807 744 830 non
760 797 861 837 aliter,
879 797 1066 841 alloquatur.

370 851 566 885 Novitiorum
591 851 744 894 magistro
761 851 875 892 socius,
893 851 917 884 si
937 856 1068 895 propter

325 903 518 937 novitiorum
543 904 803 938 instruendorum
834 904 1067 937 multitudinem

325 957 523 991 necessarius
542 957 646 999 fuerit,
663 957 725 990 vita
745 963 774 990 et
791 957 943 1000 moribus,
964 958 1068 1002 quoad

325 1011 394 1044 fieri
418 1011 543 1055 poterit,
570 1011 743 1044 consimilis
761 1011 940 1056 deputetur,
961 1012 1016 1056 qui
1036 1012 1067 1044 in

324 1065 384 1106 his,
408 1075 488 1109 quae
505 1064 545 1097 ad
568 1065 736 1098 novitiatus
757 1065 901 1108 regimen
917 1070 1067 1109 spectant,

325 1118 409 1152 dicto
433 1118 586 1161 magistro
610 1118 793 1151 immediate
818 1118 978 1152 subiectus
1003 1120 1068 1152 exi-

325 1175 404 1213 stat,
429 1172 668 1217 eliganturque,
698 1175 760 1205 tam
789 1172 940 1214 magister
971 1183 1066 1216 quam

324 1225 445 1266 socius,
470 1235 528 1269 per
557 1224 752 1269 provissciale
786 1224 980 1268 capitulum,
1010 1236 1067 1270 per

324 1277 495 1310 triennium
519 1277 558 1310 ad
582 1277 686 1310 minus
710 1287 789 1310 onus
809 1277 989 1311 huiusmodi
1014 1289 1065 1311 su-

322 1330 429 1364 bituri.
455 1330 542 1370 Quod
567 1330 592 1363 si
617 1331 723 1374 aliquo
740 1341 815 1364 casu
839 1334 925 1365 extra
942 1336 1066 1376 tempus

323 1384 495 1429 capitulare
527 1395 608 1418 nova
640 1385 710 1418 loca
740 1384 910 1418 novitiatus
936 1386 1066 1419 concedi

323 1438 492 1482 contingat,
517 1442 590 1472 tunc
613 1438 799 1472 electionem
817 1439 961 1482 magistri
977 1440 1065 1473 novi-

321 1491 440 1525 tiorum
472 1497 503 1525 et
533 1491 610 1525 socii
642 1491 824 1526 huiusmodi
850 1492 881 1525 in
905 1493 953 1526 his
978 1494 1066 1527 novis

321 1546 399 1579 loeis
427 1556 486 1590 per
513 1545 694 1589 generalem
725 1556 780 1579 seu
809 1546 988 1580 ministrum
1013 1553 1066 1581 aut

321 1610 433 1633 eorum
457 1599 634 1633 visitatores
659 1609 715 1633 seu
738 1599 882 1641 vicarios,
899 1600 938 1633 de
954 1600 1064 1634 defini-

321 1657 426 1688 torum
451 1657 555 1686 tamen
579 1653 627 1686 vel
652 1653 834 1696 graviorum
854 1653 990 1687 aliorum
1014 1666 1065 1698 pa-

310 1704 406 1740 'trum
431 1716 603 1748 consensu,
628 1707 697 1740 fieri
726 1707 943 1751 permittatur:
969 1708 1065 1741 idem-

147 2039 224 2061 Eorum
236 2040 303 2061 dotes.

321 1772 382 1805 que
406 1765 559 1802 servetur,
576 1760 601 1793 si
622 1760 703 1795 intra
727 1760 908 1803 triennium,
930 1762 1063 1795 alterum

321 1815 369 1848 vel
393 1820 563 1858 utrumque
584 1815 710 1858 urgenti
735 1815 839 1859 aliqua
860 1815 898 1848 de
915 1817 1009 1849 eausa
1027 1827 1063 1850 ex

320 1869 382 1902 illis
405 1869 484 1902 locis
509 1868 648 1902 amoveri
666 1869 715 1902 vel
732 1869 813 1902 mori
838 1869 1015 1913 eontigerit,
1032 1871 1064 1903 in

321 1923 410 1956 cuius
434 1922 483 1955 vel
507 1932 644 1966 quorum
676 1923 781 1956 locum
807 1923 859 1956 alii
884 1924 1064 1958 consimiles

320 1976 490 2019 subrogari
514 1975 657 2009 debeant.

364 2030 439 2063 Tam
463 2029 655 2063 novitiorum
680 2028 830 2072 magister
848 2039 942 2073 quam
959 2031 1063 2064 socius
1079 2027 1080 2044 ³

320 2084 358 2117 ab
383 2084 420 2117 iis
444 2083 590 2117 omnibus
607 2083 727 2125 officiis,
745 2084 957 2128 oneribusque
978 2095 1064 2118 vaca-

320 2138 438 2171 tionem
461 2137 610 2178 habeant,
634 2147 714 2182 quae
738 2137 928 2172 novitiorum
954 2146 1080 2172 curam&

321 2195 350 2226 et
363 2191 505 2235 regimen
518 2191 673 2235 impedire
686 2191 817 2225 valeant.
833 2192 900 2236 Ipse
912 2192 1063 2235 magister
1079 2216 1080 2222 ,

321 2245 507 2279 sacerdotali
518 2245 628 2279 ordine
640 2245 679 2278 sit
692 2245 842 2288 initiatus,
853 2256 888 2279 ac
904 2246 935 2279 in
952 2247 1062 2291 quinto

321 2299 430 2332 saltem
444 2309 538 2343 supra
552 2299 750 2342 trigesimum
766 2300 874 2333 aetatis
888 2311 962 2334 suae
980 2311 1062 2334 anno
1078 2326 1080 2335 t

320 2352 516 2394 constitutuS,
528 2358 558 2386 et
570 2364 626 2397 per
637 2353 825 2397 decennium
836 2364 854 2387 a
867 2356 1061 2399 professione
1078 2379 1080 2383 -

320 2406 434 2440 emissa
451 2406 483 2439 in
502 2406 654 2450 religione
672 2407 855 2451 perstiterit.
867 2408 976 2442 Socius
988 2419 1062 2442 vero

320 2459 519 2503 trigesimum
536 2469 651 2493 annum
672 2460 810 2502 excedat,
828 2461 951 2506 sintque
967 2462 1062 2496 ambo

320 2513 480 2554 doctrina,
511 2518 557 2554 et,
587 2519 739 2557 quantum
771 2525 829 2559 per
860 2516 1062 2559 superiorum

320 2567 515 2612 diligentiam
545 2573 576 2600 et
604 2567 686 2601 vires
714 2567 784 2602 sieri
815 2569 950 2613 poterit,
982 2571 1062 2604 vitae

321 2622 414 2656 etiam
438 2626 598 2654 anteactae
616 2622 758 2665 exemplo
774 2628 978 2666 praestantes,
995 2634 1063 2657 ora-

405 2684 484 2714 Buzl.
503 2684 588 2713 Rom.
605 2700 638 2705 —
656 2684 715 2712 Vol.
736 2684 818 2714 XIII.
975 2685 1009 2712 28

1107 263 1216 298 tionis¹
1242 269 1405 309 praeterea
1426 269 1456 298 et
1477 263 1728 297 mortificationis
1745 265 1847 308 operi-

1104 317 1163 352 bus
1188 318 1319 360 addicti,
1344 318 1531 363 prudentia,
1556 317 1770 362 charitateque
1795 328 1845 351 re-

1104 371 1185 413 ferti,
1210 382 1273 405 non
1298 372 1364 405 sine
1389 372 1571 405 affabilitate
1596 381 1718 415 graves,
1743 371 1844 404 zelum

1103 424 1156 457 Dei
1182 436 1254 458 cum
1279 425 1516 459 mansuetudine
1548 424 1780 469 praeferentes,
1806 424 1845 457 ab

1103 478 1188 510 omni
1214 478 1318 511 cordis
1343 489 1378 511 ac
1402 479 1498 511 animi
1523 477 1780 522 perturbatione,
1804 478 1844 510 ab

1102 530 1149 563 ira
1174 531 1360 574 praesertim
1385 537 1414 564 et
1446 532 1679 574 indignatione,
1709 541 1788 575 quae
1814 531 1844 564 in

1103 595 1134 617 se
1160 589 1189 617 ct
1209 595 1285 627 erga
1301 585 1378 618 alios
1396 585 1581 617 charitatem
1606 585 1757 629 impedire
1775 595 1845 619 con-

1102 643 1282 678 sueverunt,
1300 648 1393 681 quam
1412 638 1594 681 longissime
1607 638 1710 680 alieni,
1726 644 1755 671 et
1770 639 1844 672 tales

1102 691 1239 732 demum,
1258 691 1310 735 qui
1328 691 1360 724 in
1378 691 1526 725 omnibus
1543 692 1663 735 seipsos
1687 692 1843 725 bonorum

1102 755 1234 789 operum
1260 745 1438 789 exemplum
1459 745 1643 789 praebeant,
1669 750 1702 777 ut
1726 745 1764 786 ii,
1791 746 1843 789 qui

1102 808 1213 831 eorum
1239 808 1333 831 curae
1357 797 1499 837 subsunt,
1524 798 1594 831 illos
1611 808 1674 831 non
1697 803 1759 831 tam
1784 810 1845 831 me-

1102 856 1189 884 tuant
1213 862 1307 895 quam
1324 856 1538 893 revereantur,
1555 861 1613 884 nec
1630 851 1690 885 illis
1704 862 1843 896 unquam

1102 904 1267 938 detrahere
1292 905 1460 949 quicquam
1484 904 1614 948 possint.

1146 959 1263 992 Habeat
1288 959 1381 992 etiam
1407 958 1557 1001 magister
1588 958 1714 1002 plenam
1740 964 1769 992 et
1793 959 1844 992 ab·

1102 1013 1236 1046 solutam
1261 1017 1449 1056 potestatem
1474 1013 1558 1045 circa
1582 1012 1774 1046 novitiorum
1800 1013 1844 1046 in-

1101 1067 1318 1107 structionem,
1343 1077 1378 1100 ac
1402 1066 1571 1100 novitiatus
1588 1066 1741 1109 regimen,
1758 1072 1792 1100 ut
1812 1068 1843 1100 in

1101 1119 1161 1151 illis
1181 1119 1300 1152 nemini
1319 1119 1555 1163 (visitatoribus,
1573 1129 1609 1152 ac
1626 1120 1843 1164 superioribus

1101 1172 1291 1215 maioribus,
1318 1173 1365 1206 vel
1389 1173 1483 1206 etiam
1508 1173 1660 1206 localibus
1690 1174 1842 1219 exceptis)

1100 1225 1211 1268 quovis
1235 1226 1342 1259 colore
1366 1236 1399 1259 se
1424 1225 1570 1269 ingerere
1594 1225 1695 1259 liceat.

1144 1279 1257 1312 Curam
1282 1278 1428 1312 adhibeat
1452 1279 1651 1322 diligentem,
1675 1284 1710 1312 ut
1734 1281 1842 1314 novitii

1100 1343 1209 1366 omnes
1234 1333 1266 1366 in
1282 1334 1422 1376 regulari
1442 1333 1609 1378 disciplina
1629 1334 1738 1368 sedulo
1756 1345 1842 1368 excr-

1100 1391 1239 1427 ceantur,
1263 1391 1498 1431 agnoscantque
1521 1387 1690 1431 praecipue
1709 1387 1842 1428 divinae,

1100 1450 1162 1483 qua
1185 1439 1272 1483 digni
1297 1440 1369 1474 facti
1394 1445 1476 1482 sunt,
1494 1441 1666 1475 vocationis
1685 1447 1843 1486 praestan-

1100 1493 1175 1526 tiam
1201 1498 1231 1528 et
1250 1494 1480 1535 excellentiam3
1502 1505 1582 1539 quae
1601 1505 1675 1529 vera
1692 1495 1731 1528 sit
1748 1501 1841 1541 atquc

1098 1547 1237 1591 perfecta
1254 1553 1400 1581 votorum
1417 1549 1606 1582 solemnium
1635 1556 1665 1582 et
1681 1560 1774 1593 quam
1792 1560 1842 1584 ne-

1099 1601 1235 1634 cessaria
1259 1601 1412 1645 cuiusque
1437 1602 1561 1635 Ordinis
1583 1603 1842 1637 constitutionum

1099 1654 1310 1695 observantia3
1330 1656 1458 1689 modum
1482 1656 1514 1689 in
1539 1657 1681 1690 oratione
1706 1661 1771 1691 tum
1789 1669 1841 1691 vo—

1098 1708 1157 1741 cali
1182 1713 1248 1741 tum
1268 1709 1396 1742 mentali
1413 1710 1573 1743 fructuose
1593 1710 1792 1753 persistendi,
1809 1710 1842 1743 il-

1098 1761 1198 1795 licitas
1221 1762 1383 1806 passiones
1408 1768 1439 1795 et
1463 1762 1546 1804 vitia,
1571 1763 1609 1796 ad
1630 1774 1710 1807 quae
1729 1768 1842 1797 natura

1097 1826 1154 1859 per
1178 1819 1341 1859 peecatum
1366 1816 1550 1851 labefactata
1582 1817 1667 1850 omni
1697 1823 1841 1861 tempore

1097 1879 1197 1913 prona
1221 1875 1268 1902 est
1292 1875 1384 1913 atque
1418 1870 1586 1913 proclivis,
1610 1881 1667 1914 per
1691 1881 1840 1904 sensuum

1097 1923 1272 1956 custodiam
1297 1928 1327 1956 et
1351 1924 1629 1957 mortificationem
1652 1924 1838 1966 cohibendi,

1097 1977 1329 2018 austeritatem,
1354 1977 1486 2018 ieiunia,
1512 1978 1622 2018 cilicia,
1648 1978 1839 2022 disciplinas,

1097 2031 1307 2064 conscientiae
1323 2031 1503 2075 puritatem,
1518 2031 1663 2065 crebram
1681 2032 1764 2064 illius
1781 2032 1839 2064 dis-

1097 2085 1294 2127 cussionem,
1319 2089 1589 2119 sacramentorum
1614 2085 1837 2129 frequentiam,

1097 2139 1301 2172 confessionis
1320 2139 1525 2182 praesertim,
1553 2149 1633 2182 quae
1657 2139 1705 2171 bis
1729 2139 1838 2173 saltem

1097 2192 1228 2236 singulis
1257 2192 1418 2225 mensibus
1448 2192 1523 2233 siat,
1549 2203 1607 2236 per
1631 2192 1838 2236 aperitionem

1096 2246 1311 2291 quotidianam
1337 2249 1479 2280 motuum
1512 2246 1708 2280 internorum
1734 2246 1838 2279 cordis

1097 2306 1126 2333 et
1144 2300 1349 2334 tentationum
1370 2300 1663 2340 manifestationem,
1680 2310 1737 2343 per
1754 2310 1838 2332 exer-

1096 2353 1204 2387 citium
1224 2353 1408 2387 humilitatis
1425 2353 1509 2386 cirea
1526 2353 1636 2386 viliora
1653 2353 1835 2395 ministeria,

1096 2419 1153 2452 per
1186 2407 1371 2440 modestiam
1408 2406 1440 2439 in
1472 2406 1618 2440 omnibus
1650 2406 1836 2448 actionibus,

1096 2462 1344 2505 diuturnumque
1370 2460 1538 2493 silentium.

1139 2515 1277 2555 Quilibet
1299 2514 1435 2547 novitius
1459 2514 1507 2546 bis
1532 2513 1671 2557 quotidie
1702 2514 1837 2548 orationi

1096 2569 1223 2603 mentali
1240 2574 1270 2602 et
1294 2568 1393 2601 vocali
1418 2567 1599 2608 incumbat,
1623 2568 1838 2612 unusquisque

1130 2633 1144 2660 1
1163 2632 1265 2660 Forsan
1282 2630 1424 2667 legendum
1440 2630 1572 2660 oracioni
1585 2631 1625 2666 (R.
1647 2630 1695 2666 T.).

1750 207 1814 240 ‘2217
1859 217 1909 245 Λη.
1925 216 1953 245 c.
1978 217 2045 246 1624

1906 2521 2036 2542 Nmitiorum

1853 2547 1930 2569 officia.
