2269 3235
1131 258 1172 262 -,
1197 248 1227 270 γ,
1257 258 1295 261 -

423 314 734 366 gratissimoque
749 312 884 353 animo
903 310 1144 362 profitemur
1160 310 1268 350 illius
1283 308 1543 361 potissimum
1559 305 1878 357 impensioribus
1893 304 2002 347 curis

423 385 625 427 debitores
660 397 734 425 nos
763 397 849 425 esse
880 382 1054 433 ingentis
1085 381 1226 429 huius,
1264 393 1376 431 quae
1404 378 1514 430 apud
1550 391 1626 419 nos
1661 375 1830 418 sollicite
1867 383 2001 418 custo-

423 456 542 504 ditur,
580 455 827 496 ineditorum
864 453 1000 494 adhuc
1030 458 1397 493 monumentorum
1429 449 1587 501 copiae,
1624 461 1749 500 quae,
1780 453 1999 499 postquam

422 533 504 568 tota
532 526 651 567 suerit
680 524 874 575 evulgata,
907 522 1106 564 miraculo
1138 522 1223 564 erit.

473 596 549 638 Ast
578 611 659 638 non
690 596 731 637 in
761 594 885 636 finem
917 594 1095 636 deseruit
1123 607 1200 634 nos
1231 592 1278 633 D.
1311 591 1357 634 O.
1388 591 1443 632 M.
1474 591 1685 643 ipsiusque
1720 590 1759 630 in
1795 588 1912 630 terris
1940 587 2005 630 Vi-

424 668 518 709 carii
553 668 660 709 bona
696 667 955 717 benignaque
989 663 1274 712 Pi‘ovidentia3
1312 677 1446 715 neque
1482 676 1581 704 sane
1617 662 1779 703 minora
1814 672 1999 712 unquam

425 752 637 790 speramus
667 736 816 778 auxilia
845 744 967 787 atque
988 735 1195 777 iuvamina
1216 735 1267 775 ab
1290 733 1627 775 Eminentissimo
1658 745 1705 773 ac
1735 729 2003 772 Reverendis-

424 809 525 850 simo
556 808 747 859 Principe
774 807 965 849 Anoxsro
996 807 1132 852 Blmo,
1163 806 1248 847 cive
1275 804 1569 854 Alexandrino,
1600 803 1808 854 totiusque
1838 800 2004 843 ditionis

423 879 671 930 Subalpinae
702 878 857 920 lumine
879 884 1000 930 atque
1022 883 1275 926 ornamento,
1299 890 1423 927 quem
1449 875 1525 927 ipsi
1556 875 1737 926 primum
1767 886 1876 914 anno
1906 885 2006 913 mox

422 949 578 1000 elapso,
610 963 739 1000 quum
768 948 927 989 Romae
956 948 1109 989 fuimus
1140 946 1368 988 centennali
1398 946 1474 987 Bb.
1495 944 1789 997 Apostolorum
1825 941 1937 985 Petri
1967 948 2005 984 et

421 1019 541 1060 Pauli
571 1024 804 1061 recurrente
834 1017 1081 1063 celebritate,
1112 1017 1374 1058 vehementer
1394 1015 1686 1067 flagitavimus,
1708 1028 1842 1066 nuper
1862 1019 2000 1055 autem

421 1089 655 1140 suppliciter
675 1103 698 1130 a
718 1089 836 1130 nobis
867 1094 1057 1129 exoratus
1086 1087 1316 1128 Patronum
1345 1086 1456 1128 dedit
1476 1086 1599 1128 Pater
1620 1084 2004 1137 peramantissimus

423 1158 549 1200 PIUS
568 1159 652 1200 ΡΙ).
675 1159 736 1200 IX
754 1159 888 1200 virum
910 1158 985 1200 sibi
1007 1159 1292 1200 cohaerentem
1311 1164 1434 1209 atque
1455 1157 1708 1202 unanimem,
1730 1156 1850 1198 nobis
1866 1161 2004 1197 autem

425 1243 520 1281 prae
553 1230 694 1271 ceteris
724 1230 852 1281 patria
881 1229 1183 1271 necessitudine
1215 1229 1468 1275 devinctum,
1493 1228 1533 1268 in
1555 1234 1639 1269 tota
1669 1241 1791 1279 porro
1822 1226 2007 1268 Ecclesia

421 1300 617 1342 virtutum
635 1300 937 1351 sapientiaeque
956 1299 1136 1341 claritate
1159 1299 1441 1351 conspicuum.
1466 1298 1682 1350 Equidem,
1707 1304 1908 1350 quantum
1938 1296 2007 1338 tali

423 1370 523 1412 Viro
553 1371 797 1422 adaugenda
827 1371 876 1411 sit
913 1377 1053 1412 nostra
1082 1370 1238 1419 Editio,
1271 1371 1355 1422 ipse
1394 1371 1474 1411 iam
1511 1370 1663 1421 optime
1698 1369 1830 1417 noris,
1861 1368 2008 1410 Lector

423 1442 614 1493 benigne;
646 1455 691 1483 eo
728 1442 964 1492 praesertim
1005 1441 1121 1483 titulo
1158 1442 1374 1491 adiuncto,
1406 1455 1529 1493 quem
1562 1441 1703 1483 ceteris
1733 1439 1885 1492 ingenii
1923 1439 2007 1480 ani·

424 1512 562 1563 mique
580 1512 743 1554 dotibus
758 1512 881 1554 veluti
900 1512 1113 1554 cumulum
1132 1513 1395 1565 superposuit
1412 1513 1611 1564 Princeps
1632 1498 2007 1556 Eminentissimus,

426 1583 670 1632 comitatem,
700 1583 882 1634 inquam,
905 1590 942 1625 et
969 1583 1294 1625 benevolentiam
1327 1598 1409 1635 qua
1437 1597 1513 1625 nos
1543 1597 1794 1635 operamque
1823 1590 2007 1624 nostram

427 1654 509 1695 suis
531 1654 607 1695 sub
638 1654 828 1705 auspiciis
854 1654 1027 1696 libenter
1048 1655 1230 1706 excipere
1261 1655 1367 1696 ultro
1390 1655 1598 1706 professus
1627 1661 1686 1696 est
1706 1654 1733 1695 ¹.
1765 1653 1856 1700 Qua
1886 1653 1936 1694 de
1965 1666 2008 1694 re

427 1724 527 1765 dum
563 1725 885 1776 impensissimas
922 1725 979 1767 illi
1017 1733 1149 1778 grates
1188 1740 1234 1768 ex
1273 1726 1411 1767 animo
1444 1726 1532 1767 heic
1571 1725 1734 1778 publice
1770 1725 2007 1774 referimus,

426 1795 557 1836 facere
577 1809 659 1836 non
691 1810 911 1847 possumus
941 1797 1040 1848 quin
1070 1804 1206 1838 tecum
1237 1811 1415 1849 quoque,
1444 1797 1595 1849 optime
1616 1797 1773 1843 Lector,
1792 1796 2007 1838 vehemen-

426 1865 578 1906 tissime
608 1866 875 1917 gratulemur:
918 1882 1013 1908 nam
1044 1868 1210 1919 reliquis
1240 1868 1465 1910 sedulitatis
1494 1875 1658 1910 nostrae
1694 1867 2008 1920 diligentiaeque

426 1938 685 1987 argumentis,
719 1952 844 1989 quae,
875 1946 1052 1990 quatuor
1081 1940 1185 1980 intra
1216 1939 1340 1981 unius
1362 1940 1459 1981 anni
1481 1940 1658 1992 spatium
1679 1939 1877 1991 evulgatis
1897 1939 2008 1981 volu-

426 2006 607 2049 minibus
637 2014 697 2050 ter
727 2009 883 2051 circiter
912 2011 1154 2062 paginarum
1186 2010 1312 2052 millia
1342 2011 1463 2053 simul
1496 2011 1824 2058 conficientibus,
1850 2011 2008 2064 potissi-

468 2167 480 2193 1
506 2165 550 2194 En
573 2166 676 2203 quibus
698 2167 795 2195 verbis
817 2167 1035 2205 benignissimis
1056 2178 1139 2197 suam
1161 2170 1244 2198 nobis
1266 2169 1356 2198 animi
1378 2170 1603 2208 propensionem
1625 2170 1727 2200 testari
1750 2170 1844 2200 voluit
1865 2170 2007 2210 Princeps

427 2222 561 2260 Optimus
583 2223 641 2252 suis
663 2224 774 2253 Romae
797 2225 871 2253 datis
893 2225 996 2255 littoris
1019 2227 1065 2255 die
1090 2228 1103 2255 1
1127 2227 1225 2256 martii
1251 2229 1341 2256 1868:

672 2303 681 2315 α
707 2291 920 2328 Pregiatissimi
943 2293 1077 2331 Signori‚

504 2359 648 2388 rmvsuaso
671 2360 717 2389 del
746 2371 856 2391 sommo
884 2364 1047 2401 vantaggio
1075 2364 1126 2392 cho
1153 2372 1242 2393 senza
1267 2365 1374 2395 dubbio
1403 2366 1525 2396 recliora
1553 2367 1614 2405 agli
1641 2367 1735 2405 studi,
1763 2366 2010 2406 principalmente

470 2418 554 2453 -›'?¹·l·l‚
578 2417 606 2445 la
627 2427 724 2446 nuova
745 2428 760 2447 o
783 2419 935 2456 splendida
957 2421 1097 2449 Edizione
1120 2422 1167 2449 del
1189 2432 1263 2459 gran
1284 2423 1414 2452 Bollario
1438 2425 1567 2453 Romano
1589 2424 1627 2453 da
1647 2424 1704 2453 Voi
1735 2425 1920 2463 continuata,
1948 2434 2008 2454 non

432 2484 440 2494 ν
466 2473 543 2510 potei
566 2474 671 2502 esitare
694 2475 729 2503 ad
752 2479 928 2514 acvottarne,
952 2478 1234 2516 coll'approvazionn
1253 2480 1331 2509 della
1353 2481 1468 2510 Santila
1491 2482 1520 2510 di
1538 2482 1646 2511 Nostro
1669 2482 1804 2520 Signore,
1826 2483 1845 2510 il
1866 2483 2009 2521 protesto-

435 2541 444 2552 ·
468 2532 548 2567 rato3
571 2540 586 2557 ο
607 2532 672 2560 saro
696 2532 845 2561 lictissimo
869 2535 897 2562 di
920 2544 1091 2564 eoncorrorc
1114 2537 1247 2573 anch'io,
1265 2541 1375 2575 quanto
1393 2548 1439 2568 mo
1462 2539 1490 2569 lo
1513 2540 1740 2569 consentiranno
1763 2541 1791 2569 lo
1812 2540 1869 2569 mie
1891 2540 1970 2568 sorze
1992 2548 2008 2566 ο

434 2598 442 2610 ν
467 2587 495 2615 le
516 2588 573 2616 mio
595 2590 798 2627 oooupazioni,
822 2592 848 2619 nl
872 2592 954 2621 felice
977 2595 1170 2631 ‹wimpimento
1186 2595 1214 2623 di
1230 2599 1332 2632 questa
1345 2597 1461 2635 insigne
1477 2607 1493 2626 e
1508 2598 1649 2627 colossale
1671 2598 1851 2636 intraprem,
1871 2597 1902 2625 la
1923 2597 2009 2633 quale

432 2654 442 2668 ⁸
467 2645 490 2674 sl
513 2647 724 2683 grandcmcntc
747 2658 838 2678 onom
859 2650 887 2678 la
911 2655 1005 2680 vostra
1027 2662 1094 2681 casa
1116 2663 1131 2681 e
1154 2653 1182 2682 la
1204 2656 1303 2683 nostra
1325 2656 1422 2692 patria
1448 2667 1470 2683 2.
