2269 3235
118 262 168 291 An.
188 261 217 290 C.
232 261 301 290 1627

144 911 299 931 Contrariorum

117 937 235 963 abrogatio.

922 256 1063 281 nnnanns

316 306 402 341 modi
427 306 488 340 illis
511 305 641 350 pacifice
665 305 727 338 frui
751 310 781 339 et
805 304 962 348 gaudere,
992 314 1055 337 non

317 361 534 405 permittentes
552 370 605 393 eos
622 360 757 403 desuper
771 369 826 402 per
839 368 1054 402 quoscumque

315 413 552 458 quomodolibet
573 412 710 451 indebite
736 411 911 450 molestari;
934 416 1055 443 contra-

315 467 450 501 dictores
468 466 624 510 quoslibet
643 470 672 498 et
691 465 823 497 rebelles
837 475 893 507 per
907 474 1055 496 censuras

315 526 346 554 et
365 531 482 564 poenas
514 518 760 559 ecclesiasticas,
786 518 907 560 aliaque
936 527 1053 560 oppor-

316 579 390 606 tuna
414 573 491 606 iuris
515 577 544 604 et
568 571 638 605 sacti
664 570 813 613 remedia,
844 570 1054 614 appellatione

316 627 502 671 postposita,
526 624 765 668 compescendo,
791 634 825 656 ac
853 634 1001 657 censuras
1026 628 1055 655 et

314 690 432 723 poenas
452 679 543 722 ipsas,
562 678 683 710 servata
703 677 804 709 forma
822 676 959 709 eiusdem
974 676 1054 709 sacri

315 732 443 766 Concilii
468 730 650 772 Tridentini,
677 730 771 763 etiam
796 730 915 763 iteratis
935 730 1055 763 vicibus

315 784 536 830 aggravando,
561 783 705 816 invocato
730 783 824 816 etiam
852 783 891 816 ad
922 784 1004 824 hoc,
1030 783 1055 816 si

316 849 394 882 opus
417 837 521 879 fuerit,
546 836 662 870 auxilio
687 836 808 869 brachii
833 836 992 869 secularis.

358 891 373 934 ἓ
397 890 449 923 47.
470 891 538 923 Non
555 890 752 924 obstantibus
769 892 877 924 nostra
895 890 932 922 de
947 890 1055 933 gratiis
1071 904 1073 927 ῃ

314 944 352 977 ad
376 944 474 977 instar
497 954 560 977 non
585 944 813 984 concedendis,
846 954 881 977 ac
916 945 1054 987 praefata

315 998 459 1040 Gregorii
482 998 733 1042 praedecessoris
758 997 953 1040 huiusmodi,
979 1008 1055 1041 qua-

316 1056 406 1084 tenus
430 1062 510 1095 opus
534 1051 574 1084 sit
598 1056 628 1084 et
657 1056 809 1095 quatenus
841 1051 1054 1094 reperiretur,

315 1115 437 1138 necnon
450 1105 612 1149 quibusvis
626 1105 807 1149 apostolicis
827 1105 1055 1138 constitutioni-

316 1161 376 1193 bus
400 1166 430 1193 et
454 1160 714 1201 ordinationibus,
739 1171 775 1193 ac
795 1160 916 1193 statutis
937 1165 966 1192 et
987 1170 1073 1193 ron-¹

317 1216 544 1256 suetudinibus,
568 1215 741 1259 privilegiis
766 1225 902 1258 quoque,
928 1215 1074 1247 Induitis⁴

316 1276 346 1303 et
368 1270 481 1303 litteris
505 1269 695 1313 apostolicis,
720 1269 882 1313 quibusvis
907 1269 1056 1302 universi-

316 1324 441 1365 tatibus,
466 1323 616 1366 collegiis,
642 1333 816 1366 eorumque
833 1323 1009 1356 rectoribus
1027 1328 1055 1355 et
1072 1330 1073 1339 ¹

314 1378 474 1423 personis,
500 1377 592 1411 etiam
616 1377 673 1410 sub
699 1378 861 1421 quibusvis
886 1378 1073 1422 verborum

317 1431 478 1466 tenoribus
510 1436 539 1464 et
571 1431 703 1472 formis,
729 1441 763 1464 ae
788 1442 859 1464 cum
896 1423 1073 1475 quibusvisl

316 1485 410 1518 etiam
434 1485 709 1528 derogatoriarum
735 1485 953 1528 derogatoriis,
975 1485 1057 1519 aliis-

316 1550 376 1583 que
401 1539 629 1572 efficacioribus
663 1544 692 1572 et
723 1539 856 1572 insolitis
887 1540 1055 1580 clausulis,

315 1604 437 1626 necnon
449 1593 644 1627 irritantibus
662 1598 691 1625 et
708 1593 776 1625 aliis
794 1593 939 1634 decretis,
958 1593 988 1625 in
1006 1604 1055 1636 gc·
1071 1603 1073 1632 ε

314 1657 390 1680 nere
413 1647 462 1680 vel
485 1647 516 1679 in
540 1647 657 1690 specie,
683 1646 776 1679 etiam
801 1651 887 1679 motu
909 1652 939 1679 et
961 1653 1052 1691 pote--

315 1700 401 1733 statis
423 1700 619 1744 plenitudine
644 1700 808 1743 similibus,
826 1706 855 1733 et
875 1699 960 1733 aliis¹
978 1711 1056 1745 quo-

314 1755 487 1789 modolibet
511 1754 630 1788 iteratis
655 1755 774 1788 vicibus
799 1755 977 1795 concessis,
1002 1766 1056 1799 ap-

315 1809 455 1853 probatis
487 1814 517 1842 et
547 1809 722 1849 innovatis3
749 1809 862 1854 quibus
888 1809 1054 1852 omnibus,

318 1863 440 1897 etiamsi
462 1874 520 1908 pro
545 1875 656 1898 eorum
671 1865 836 1898 sufficienti
852 1865 1055 1908 derogatione
1071 1881 1073 1910 3

317 1918 355 1951 de
368 1918 438 1959 illis,
449 1928 620 1962 eorumque
633 1918 706 1951 totis
720 1918 890 1959 tenoribus,
902 1919 1055 1962 specialis,

318 1972 464 2016 specifica
488 1977 517 2005 et
541 1983 698 2016 expressa,
724 1983 759 2006 ac
782 1973 953 2013 individua,
972 1973 1056 2006 etde

317 2026 413 2059 verbo
424 2026 462 2059 ad
475 2026 618 2068 verbum,
632 2036 695 2059 non
707 2031 813 2059 autem
830 2037 888 2070 per
901 2027 1056 2060 clausulas

317 2081 480 2123 generales
503 2080 587 2113 idem
611 2080 834 2124 importantes,
859 2081 976 2114 mentio
1002 2092 1057 2114 seu

317 2134 446 2179 quaevis
464 2134 524 2166 alia
544 2135 704 2178 expressio
724 2134 867 2167 habenda
884 2139 937 2169 aut
954 2135 1057 2179 aliqua

317 2188 378 2222 alia
391 2187 546 2232 exquisita
559 2188 659 2221 forma
673 2188 710 2220 ad
724 2188 784 2221 boc
801 2189 953 2221 servanda
966 2190 1055 2232 soret,

317 2247 442 2276 tenores
465 2242 657 2283 huiusmodi,
673 2253 708 2276 ac
726 2242 751 2275 si
771 2242 809 2276 de
827 2243 923 2277 verbo
941 2244 979 2276 ad
992 2255 1058 2276 ver-

318 2296 404 2337 bum,
417 2296 494 2329 nihil
514 2296 638 2340 penitus
655 2296 782 2337 omisso,
800 2301 830 2330 et
847 2297 950 2330 forma
964 2297 995 2330 in
1013 2298 1057 2331 cis

318 2349 432 2383 tradita
456 2349 634 2392 observata,
660 2350 769 2383 inserti
793 2351 913 2392 serent,
938 2351 1056 2384 eisdem

316 2403 534 2449 praesentibus
547 2402 616 2448 ‘pro
632 2404 724 2448 plene
749 2410 779 2437 et
799 2405 990 2438 sufficienter
1010 2416 1058 2439 ex-

317 2458 435 2504 pressis
450 2458 610 2501 habentes,
632 2458 693 2492 illis
716 2459 792 2492 alias
808 2459 840 2492 in
860 2470 917 2493 suo
942 2460 1057 2494 robore

317 2514 552 2558 permansuris,
575 2513 634 2546 hac
658 2514 725 2547 vice
748 2514 910 2547 dumtaxat
938 2516 1057 2558 specia-

317 2568 389 2601 liter
405 2572 436 2600 et
454 2577 600 2611 expresse
621 2567 735 2600 harum
754 2568 835 2601 serie
855 2568 1056 2611 derogamus,

319 2621 485 2656 contrariis
499 2613 765 2664 quibuscumque,
786 2626 839 2654 aut
856 2621 880 2654 si
895 2622 1057 2665 quibusvis

354 2686 365 2711 1
384 2684 484 2712 Forsan
499 2682 607 2718 legend.
623 2683 694 2711 alitis
710 2687 738 2710 ut
750 2692 810 2719 sup.
828 2693 855 2719 p.
869 2685 920 2713 555
932 2685 946 2711 b
958 2685 994 2720 (R.
1008 2685 1055 2720 T.).

404 2739 483 2768 Ball.
503 2738 588 2768 Rom.
608 2752 642 2758 —
665 2738 723 2768 Vol.
743 2738 825 2767 XIII.
971 2741 1001 2768 71

1088 256 1143 280 vin
1167 257 1214 280 1³1².
1727 243 1785 277 501
1837 251 1887 280 An.
1907 251 1936 280 C.
1960 251 2026 280 1627

1089 303 1301 337 conm‘iuniter
1325 308 1378 336 aut
1400 303 1522 336 divisim
1541 301 1580 335 ab
1601 301 1772 345 apostolica
1791 300 1829 334 sit

1090 358 1167 390 Sede
1194 358 1358 397 indultum,
1384 357 1467 401 quod
1495 356 1655 396 interdici,
1681 354 1829 399 suspendi

1090 411 1135 443 vel
1161 411 1426 443 excommunicari
1453 421 1515 443 non
1540 410 1660 454 possint
1691 420 1747 453 per
1779 408 1828 440 lit-

1089 470 1170 497 teras
1191 465 1379 508 apostolicas
1403 474 1465 496 non
1490 464 1638 496 iacientes
1659 464 1782 507 plenam
1801 466 1831 493 et

1089 528 1269 561 expressam
1302 528 1337 549 ac
1369 518 1407 549 de
1440 517 1534 549 verbo
1567 517 1605 549 ad
1638 517 1766 549 verbum
1791 515 1829 548 de

1089 571 1210 604 indulto
1234 570 1413 604 huiusmodi
1439 570 1640 602 mentionem.

1133 624 1196 667 {7-
1223 625 1372 657 Volumus
1400 629 1525 666 autem,
1557 629 1591 656 ut
1615 624 1829 667 praesentium

1089 677 1313 721 transumptis,
1347 688 1442 709 mauu
1470 677 1585 709 notarii
1616 677 1732 720 publici
1757 677 1830 709 sub-

1090 731 1235 774 scriptis,
1265 735 1295 763 et
1323 730 1426 773 sigillo
1447 730 1608 763 communi
1629 730 1702 761 dieti
1730 730 1828 762 colle-

1090 783 1141 826 gii,
1160 787 1212 817 aut
1236 783 1367 816 alicuius
1392 783 1498 816 curiae
1523 783 1832 823 ecclesiasticae,sei.1

1089 848 1242 881 personae
1259 838 1289 870 in
1314 838 1464 881 dignitate
1488 837 1699 871 ecclesiastica
1718 836 1832 869 consti-

1090 895 1172 925 tutae
1197 891 1335 932 munitis,
1360 891 1469 924 eadem
1494 902 1626 935 prorsus
1646 890 1723 923 fides
1741 889 1770 921 in
1791 889 1834 921 iu-

1089 946 1171 980 dicio
1196 951 1226 980 et
1250 952 1337 980 extra
1361 946 1531 988 habeatur,
1558 955 1637 988 quae
1662 944 1834 976 haberetur

1090 1001 1207 1034 eisdem
1231 999 1470 1044 praesentibus,
1499 999 1524 1031 si
1549 999 1651 1031 forent
1675 996 1832 1029 exhibitae

1090 1057 1137 1089 vel
1154 1060 1307 1089 ostensae.

1134 1112 1148 1155 ἓ
1172 1110 1223 1144 lt).
1250 1109 1333 1144 Nulli
1359 1119 1437 1151 crgo
1463 1106 1592 1141 omnino
1612 1105 1779 1139 hominum
1798 1104 1833 1137 li-

1090 1169 1157 1199 ceat
1181 1165 1261 1198 lianc
1273 1163 1420 1208 paginam
1444 1166 1570 1194 nostrae
1591 1159 1767 1200 erectionis,
1788 1158 1832 1191 in-

1090 1219 1270 1259 stitutionis,
1291 1216 1513 1257 attributionis,
1532 1214 1744 1255 subiectionis,
1762 1223 1832 1245 con-

1090 1273 1268 1314 stitutionis,
1287 1270 1463 1311 creationis,
1482 1269 1598 1307 statuti,
1615 1267 1831 1307 ordinationis,

1090 1327 1212 1367 indulti,
1237 1324 1461 1370 requisitionis,
1485 1322 1703 1362 monitionum,
1722 1321 1833 1353 exlior-

1091 1382 1232 1422 tationis,
1258 1377 1566 1417 communicationis,
1593 1375 1831 1414 coniunctionis,

1091 1434 1341 1476 concessionum,
1357 1431 1562 1475 elargitionis,
1583 1427 1831 1474 approbationis,

1091 1487 1350 1529 confirmationis,
1369 1487 1580 1526 decretorum,
1600 1483 1831 1523 mandatorum,

1091 1542 1304 1586 derogationis
1325 1545 1354 1574 et
1371 1540 1566 1573 voluntatum
1588 1538 1760 1580 intringere
1784 1537 1833 1569 vel

1091 1597 1117 1629 ei
1135 1607 1211 1629 ausu
1228 1594 1395 1628 temerario
1413 1592 1579 1626 contraire.
1598 1591 1629 1624 Si
1645 1591 1715 1633 quis
1728 1594 1833 1622 autem

1091 1652 1151 1684 hoc
1160 1654 1311 1684 attentare
1321 1646 1580 1692 praesumpserit,
1588 1644 1834 1686 indignationem

1091 1703 1316 1748 omnipotentis
1325 1702 1379 1735 Dei
1391 1712 1426 1734 ac
1437 1701 1602 1733 beatorum
1614 1698 1697 1731 Petri
1707 1703 1737 1730 et
1748 1697 1834 1729 Pauli

1091 1759 1309 1803 apostolorum
1330 1756 1396 1789 eius
1417 1766 1448 1788 se
1473 1753 1596 1787 noverit
1620 1752 1833 1785 incursurum.

1134 1814 1246 1847 Datum
1258 1813 1385 1851 Romae,
1397 1809 1480 1854 apud
1493 1809 1522 1842 S.
1534 1807 1664 1841 Mariam'
1674 1806 1834 1846 Maiorem,

1091 1878 1172 1902 anno
1202 1864 1428 1899 incarnationis
1452 1862 1633 1896 Dominicae
1657 1869 1834 1900 nncxxvn,

1090 1921 1231 1955 kalendis
1249 1919 1336 1960 iunii,
1352 1917 1552 1963 pontificatus
1569 1915 1669 1949 nostri
1690 1925 1771 1948 anno
1792 1924 1834 1947 1v.

1126 1986 1184 2013 Dat.
1200 1984 1243 2013 die
1260 1986 1270 2012 1
1289 1983 1356 2012 iunii
1372 1982 1451 2017 1627,
1468 1980 1562 2017 pontif.
1579 1987 1649 2008 anno
1665 1987 1702 2006 ιν.

1880 636 2029 662 ‘frawumpw-

1845 669 1890 683 rum
1905 663 1963 683 tides.

1919 1116 2031 1137 Decretum

1847 1145 1946 1170 poenale⁴

1376 2108 1548 2143 CCXLVIII.

1091 2183 1288 2223 Declaratic,
1306 2180 1393 2226 cjttod
1410 2182 1527 2225 fratres
1544 2178 1742 2222 Cappuccz'nz'
1759 2181 1835 2210 sunt

1135 2248 1205 2270 rere
1221 2238 1339 2280 fratres
1357 2235 1499 2268 Minores
1525 2233 1660 2267 Ordinis
1680 2232 1710 2265 S.
1731 2232 1835 2265 Fran-

1136 2292 1222 2332 εἰδοί,
1243 2302 1278 2324 (ic
1295 2301 1333 2323 ex
1349 2290 1444 2322 illius
1461 2290 1534 2321 verri
1548 2292 1576 2320 el
1590 2297 1763 2330 nunquam
1785 2286 1836 2318 in-

1139 2334 1396 2389 terrupld'lined
1422 2342 1628 2381 descendunt,
1659 2340 1715 2373 sub
1740 2340 1835 2373 illius

1136 2400 1252 2444 requici
1278 2398 1426 2432 militant
1452 2401 1481 2430 ct
1504 2396 1695 2429 militarunt
1710 2393 1729 2427 ¹.

1127 2508 1140 2534 1
1154 2508 1211 2534 Hoc
1222 2506 1293 2533 idem
1304 2506 1461 2532 decreverat
1474 2504 1574 2530 Paulus
1585 2503 1646 2530 Vin
1657 2503 1748 2531 Const.
1760 2510 1834 2538 cxxt,

1095 2554 1236 2580 Ecclesiae
1249 2552 1290 2586 (In
1307 2551 1332 2578 11.
1346 2550 1530 2584 n.ed.cxx1v,
1547 2553 1613 2576 tom.
1630 2557 1667 2581 Χῖ,
1684 2559 1745 2585 pag.
1761 2548 1834 2583 55⁶2).

1092 2598 1124 2624 Et
1139 2598 1242 2624 eisdem
1262 2601 1292 2623 ut
1311 2604 1421 2623 crucem
1437 2595 1572 2631 propriam
1593 2595 1620 2621 in
1640 2595 1755 2630 publicis
1770 2604 1835 2630 pro-

1092 2642 1258 2670 cessionibus
1274 2641 1375 2676 ubique
1391 2641 1513 2667 locorum
1536 2640 1643 2667 deferre
1666 2645 1774 2675 possent
1793 2640 1835 2667 in-

1091 2687 1174 2715 dulsit
1188 2687 1215 2714 in
1230 2686 1320 2715 Consi.
1337 2685 1632 2721 ecrxxix‚1³ascoralis
1646 2685 1685 2721 (in
1700 2685 1727 2713 h.
1744 2694 1772 2713 n.
1786 2686 1831 2714 ed.
