2269 3235
208 223 259 251 An.
279 222 307 251 C.
324 223 393 251 1628

219 1397 284 1428 Huius
293 1398 382 1425 Congre-

197 1426 288 1449 gationis
337 1433 380 1447 ere-

197 1452 287 1472 ctionem
297 1452 367 1474 refert.

1013 230 1154 255 URBANUS
1179 231 1235 254 vm
1258 231 1306 255 ΡΡ.

407 270 590 315 disponente
614 272 780 307 clementia
805 275 983 316 constituti,
1008 277 1046 309 ad
1070 277 1142 310 uni-

405 334 495 357 versa
520 326 605 358 orbis
632 328 820 360 monasteria
844 334 969 362 nostrae
995 330 1142 363 conside-

405 378 535 411 rationis
566 380 712 413 intuitum
745 381 938 424 dirigentes,
971 393 1145 427 eorumque

405 430 510 464 decori
536 437 566 464 et
590 433 743 466 venustati
768 435 933 467 consulere
958 440 1144 478 satagentes,

404 484 442 517 ad
460 495 504 527 ea,
526 496 584 529 per
606 497 685 529 quae
706 487 829 519 divinus
848 488 876 520 in
894 488 954 520 illis
972 489 1074 522 cultus
1091 501 1143 522 au-

404 542 524 579 geatur,
549 539 716 582 propensis
745 540 854 573 studiis
879 541 1012 574 libenter
1037 542 1140 574 inten-

404 590 516 631 dimus,
537 602 572 625 30
588 602 633 632 ea,
659 603 738 636 quae
762 604 820 636 pro
838 593 966 626 illorum
988 606 1143 638 prospero

403 649 433 676 ct
457 644 538 677 felici
563 650 653 685 statu,
678 656 951 691 personarumque
972 648 1003 680 in
1021 649 1065 681 eis
1083 650 1142 682 sub

403 696 490 729 suavi
514 698 676 740 religionis
701 699 776 741 iugo
801 700 962 733 Altissimo
987 701 1141 735 famulan-

403 752 491 792 tium,
511 753 641 795 provide
658 764 694 786 ae
714 754 861 796 religiose
879 755 1022 790 ordinata
1046 757 1141 790 fuisse

401 804 557 845 dicuntur,
583 809 615 839 ut
639 806 781 839 firmiora
805 813 960 851 perpetuo
977 815 1006 842 et
1024 809 1141 844 illibata

400 857 579 901 persistant,
604 859 748 903 libenter,
768 872 839 894 cum
865 872 881 894 a
905 863 997 895 nobis
1014 864 1140 907 petitur,

400 912 572 954 apostolico
587 913 758 946 munimine
779 906 976 958 roboramus,
995 916 1141 961 ipsosque

400 964 581 1007 religiosos,
607 968 641 999 ut
664 977 775 999 eorum
807 973 877 1001 vota
902 969 939 1001 ad
965 969 995 1002 id
1020 971 1141 1004 facilius

400 1024 609 1060 concurrant,
635 1020 850 1063 spiritualibus
875 1024 1069 1064 nuineriljius,
1096 1025 1141 1057 in-

399 1072 568 1115 dulgentiis
593 1073 737 1107 videlieet
761 1080 790 1108 et
809 1081 1012 1119 peccatorum
1029 1078 1140 1111 remis-

399 1125 540 1159 sionibus
558 1127 770 1169 consoremns,
784 1139 820 1161 ac
838 1129 912 1162 alias
926 1130 1061 1174 desuper
1077 1132 1139 1164 dis-

399 1179 557 1222 ponimuS,
583 1186 678 1224 prout
705 1182 889 1214 eorumdem
917 1184 1138 1226 religiosorum

398 1232 569 1276 spiritualis
600 1233 723 1272 devotio
749 1240 778 1267 et
803 1236 1137 1271 christianissimorum

397 1296 509 1328 regum
530 1291 601 1320 vota
626 1294 808 1331 exposcunt,
826 1295 856 1321 et
880 1291 1092 1334 conspicimus
1107 1293 1138 1325 111

396 1338 529 1372 Ι)01111110
554 1340 723 1373 salubriter
748 1343 905 1385 expedire.

441 1393 456 1435 ἓ
481 1392 509 1425 l.
530 1393 654 1429 Dudum
671 1395 856 1438 siquidem¹,
874 1391 973 1429 felicis
990 1398 1137 1431 recorda-

396 1445 490 1479 tionis
514 1446 668 1490 Gregorio
698 1447 798 1492 Papae
828 1450 877 1483 XV
901 1451 1135 1494 praedecessori

395 1505 514 1541 nostro,
529 1511 586 1544 pro
600 1507 687 1544 parte
702 1502 878 1535 charissimi
896 1503 927 1535 in
944 1504 1066 1538 Christo
1080 1506 1135 1537 tilii

394 1553 504 1593 nostri,
529 1558 603 1587 tunc
628 1555 685 1595 sui,
715 1555 863 1588 Ludovici
890 1557 1081 1590 Francorum
1108 1563 1136 1592 et

394 1606 550 1639 Navarrae
571 1607 655 1650 regis
676 1609 937 1649 christianissimi,
955 1621 991 1643 ac
1011 1612 1136 1645 dilecto-

393 1669 464 1691 rum
482 1659 619 1693 filiorum
639 1660 686 1694 §.²
699 1663 865 1705 Augustini
883 1675 982 1708 prope
1001 1671 1030 1697 et
1048 1672 1134 1699 extra

392 1722 501 1746 muros
518 1714 760 1756 Lemovicensis
781 1727 816 1748 ac
837 1716 865 1749 S.
888 1717 997 1750 luliani
1015 1719 1053 1751 de
1071 1720 1132 1752 No-

392 1764 530 1800 biliaco3
555 1767 743 1802 Pictavensis
775 1769 946 1812 dioecesis,
971 1777 1001 1804 et
1026 1772 1054 1805 S.
1082 1774 1134 1806 Fa-

392 1819 479 1853 ronis
512 1831 611 1865 prope
636 1826 665 1856 et
689 1828 776 1856 extra
806 1834 914 1857 muros
946 1826 1131 1870 Meldensis,

392 1876 514 1907 necnon
531 1874 559 1907 S.
579 1875 661 1908 Petri
690 1876 727 1909 de
757 1877 942 1911 Gemetieis⁴
962 1880 1131 1914 Rhotonia-

391 1927 496 1970 gensis
519 1928 684 1970 dioecesis,
709 1940 745 1963 ac
769 1931 903 1964 alioruin
930 1935 1132 1968 monasterio-

391 1992 463 2014 rum
498 1982 640 2026 priorum
677 1988 706 2018 et
742 1986 971 2019 monachorum
1008 1988 1131 2021 Ordinis

391 2035 488 2068 sancti
502 2036 670 2077 Benedicti,
684 2038 846 2071 humiliter
860 2040 1044 2083 supplicato,
1059 2053 1132 2085 qua-

390 2091 480 2122 tenus
512 2089 543 2121 in
569 2101 668 2133 regno
693 2092 843 2125 Franciae
874 2104 967 2125 unam
995 2095 1131 2138 Congre-

389 2142 548 2184 gationem
574 2144 714 2177 eiusdem
748 2145 872 2179 Ordinis
902 2148 960 2180 sub
986 2149 1075 2182 titulo
1101 2156 1130 2182 et

390 2194 585 2230 invocatione
610 2208 665 2230 seu
693 2198 947 2233 denominatione
977 2201 1005 2234 S.
1031 2203 1128 2235 Mauri

391 2248 429 2281 ad
453 2249 550 2283 instar
574 2251 834 2295 Congregationis
859 2254 1050 2288 Cassinensis
1075 2267 1129 2289 seu

425 2363 437 2390 1
455 2363 522 2390 Vide
538 2364 648 2400 Gregor.
665 2365 710 2393 XV
723 2367 812 2395 Const.
830 2376 857 2403 x,
878 2369 904 2396 in
927 2373 991 2397 tom.
1013 2378 1058 2405 xu,
1081 2382 1129 2408 pa-

389 2407 450 2442 gina
466 2409 526 2436 5³3.
544 2410 610 2437 Vide
630 2411 710 2438 etiam
731 2422 813 2448 supra
835 2423 894 2449 pag.
918 2415 968 2441 608
984 2416 1010 2443 11.
1029 2417 1127 2445 volum.

389 2452 478 2480 Const.
496 2460 598 2488 CCvat,
615 2456 698 2491 ipsius
716 2457 813 2484 Urbani
833 2459 887 2486 vttl
904 2462 934 2494 (11
958 2464 1008 2494 Τ.).

423 2499 573 2526 2Τ1111111111
599 2502 628 2528 S.
655 2503 780 2530 addimus
803 2512 834 2530 ex
862 2505 919 2532 loco
949 2507 1044 2541 parali.
1072 2509 1127 2543 cit,

388 2546 454 2571 tom.
472 2550 506 2570 xii
523 2551 560 2572 111.
573 2549 622 2576 τ.).

423 2588 439 2615 3
454 2589 481 2615 111
497 2589 554 2616 1000
571 2591 663 2625 parati.
681 2591 780 2627 legitur
795 2594 953 2622 Nohaliaco
971 2597 1007 2631 (R.
1025 2598 1073 2632 ⁹12).

422 2634 439 2659 4
453 2632 515 2660 Loc.
533 2638 575 2660 cit.
594 2635 691 2670 legitur
706 2637 739 2663 de
757 2638 890 2665 Gemellis
905 2646 942 2672 111.
959 2640 1008 2676 Τ.).

477 2686 554 2714 Ball.
574 2688 658 2716 Rom.
679 2704 713 2709 —-
737 2691 795 2719 Vol.
815 2692 897 2720 XIII.
1044 2695 1076 2721 79

1181 278 1209 311 S.
1237 279 1371 312 Iustinae
1392 279 1429 312 de
1461 279 1565 313 Padua
1590 281 1735 323 erigere,
1766 283 1920 328 dictisque

1181 331 1342 375 prioribus
1366 337 1396 364 et
1425 333 1603 374 monacbis,
1628 339 1662 367 ut
1687 335 1724 367 ad
1755 346 1824 368 eum
1851 338 1921 370 etse-

1180 389 1263 418 ctum
1293 385 1451 428 praedicta
1485 386 1610 420 insimul
1643 398 1858 431 congregare,
1884 401 1919 424 ac

1179 437 1285 469 onmia
1298 438 1357 470 alia
1372 448 1433 471 non
1450 440 1617 473 reformata
1633 443 1823 474 monasteria
1841 443 1919 475 eius-

1178 489 1249 521 dem
1267 490 1400 532 Ordinis,
1419 495 1745 535 (piorumauonaclios
1766 496 1919 538 antiquio-

1178 542 1221 575 ris
1246 543 1430 587 disciplinae
1456 547 1610 588 regularis
1634 548 1865 582 observantiam
1888 550 1918 582 in

1177 596 1353 639 semetipsis
1378 599 1498 631 renasci
1525 601 1626 633 lacere
1647 612 1737 634 amor
1752 603 1917 644 excitaret,

1698 684 1705 687 .
1734 686 1740 687 e
1784 683 1789 695 ,
1819 684 1823 687 l

1176 702 1268 743 dere,
1297 704 1435 748 aliasque
1467 705 1497 737 in
1523 707 1705 749 praemissis
1738 716 1917 752 opportune

1176 757 1342 800 providere
1359 758 1396 790 de
1414 758 1604 801 benignitate
1622 763 1792 804 apostoliea
1813 764 1918 805 digna-

1177 815 1272 843 retur:
1283 811 1383 843 dictus
1395 812 1626 855 praedecessor,
1636 815 1917 857 supplicationibus

1176 864 1244 905 sibi,
1260 870 1292 897 ut
1306 866 1494 908 praefertur,
1509 867 1664 909 porrectis
1679 873 1751 900 tunc
1766 880 1915 913 annuens,

1175 917 1213 949 de
1238 923 1309 951 voto
1338 923 1411 951 tunc
1444 920 1642 953 existentium
1668 921 1696 953 S.
1724 922 1757 954 11.
1784 923 1814 954 Ε.
1842 934 1913 955 031·-

1175 970 1327 1003 dinalium
1358 971 1558 1005 decretorum
1587 974 1715 1007 Concilii
1744 975 1916 1008 Tridentini

1175 1023 1404 1067 interpretum,
1437 1026 1718 1069 Congregationem
1756 1028 1784 1061 S.
1817 1030 1915 1062 Mauri

1175 1076 1354 1110 huiusmodi
1380 1079 1479 1111 erexit
1504 1084 1533 1112 et
1560 1080 1700 1120 instituit,
1723 1092 1794 1113 cum
1820 1084 1915 1115 sacul-

1175 1130 1288 1162 tatibus
1309 1134 1338 1164 el
1354 1131 1481 1165 indultis
1503 1138 1575 1166 tunc
1593 1135 1761 1177 expressis,
1778 1146 1813 1168 ac
1827 1136 1913 1178 alias,

1173 1189 1266 1226 prout
1290 1184 1322 1216 in
1348 1185 1458 1218 litteris
1482 1188 1672 1230 apostolicis,
1695 1189 1753 1221 sub
1778 1189 1828 1221 die
1849 1200 1915 1223 xvu

1174 1238 1290 1270 mensis
1315 1239 1387 1271 maii
1413 1240 1485 1272 anni
1511 1241 1634 1273 Domini
1660 1242 1817 1274 millesimi
1844 1254 1913 1276 sex-

1173 1292 1334 1324 centesimi
1359 1293 1501 1335 vigesimi
1527 1294 1619 1337 primi
1645 1296 1845 1338 pontificatus
1866 1298 1913 1330 sui

1172 1355 1253 1378 anno
1271 1356 1280 1378 1
1305 1346 1441 1389 desuper
1456 1347 1487 1379 in
1506 1349 1607 1381 l'orma
1625 1349 1731 1382 Brevis
1749 1351 1912 1393 expeditis,

1172 1400 1294 1442 plenius
1320 1401 1509 1434 continetur.
1793 1434 1798 1436 .

1215 1454 1230 1495 g
1254 1453 1283 1486 2.
1309 1454 1384 1487 Cum
1411 1461 1530 1495 autem,
1557 1455 1636 1488 sicut
1660 1457 1797 1489 exhibita
1823 1458 1912 1491 nobis
1960 1473 1965 1478 ¹

1170 1516 1271 1549 nuper
1295 1518 1352 1550 pro
1377 1514 1465 1551 parte
1489 1509 1562 1541 dieti
1588 1510 1735 1543 Ludovici
1769 1512 1852 1553 regis
1877 1523 1912 1544 ac
1928 1505 2038 1546 ‘smum‘

1170 1560 1356 1594 dilectorum
1378 1562 1514 1594 tiliorum
1537 1564 1754 1606 praesidentis,
1773 1565 1912 1599 delinito-
1928 1560 1997 1579 ³¹³'''''

1170 1623 1250 1654 rum,
1262 1614 1467 1654 visitatorum,
1480 1616 1621 1658 priorum
1637 1622 1665 1649 et
1681 1619 1910 1651 monachorum

1169 1667 1432 1700 monasteriorum
1454 1668 1525 1701 dicti
1547 1669 1671 1702 Ordinis
1691 1670 1911 1714 Congregatio-

1168 1719 1215 1751 nis
1235 1720 1263 1752 S.
1282 1720 1378 1752 Mauri
1397 1721 1575 1754 huiusmodi
1595 1723 1702 1765 petitio
1720 1725 1909 1765 continebat,

1167 1779 1238 1816 post
1269 1774 1449 1808 huiusmodi
1482 1776 1691 1817 erectionem,
1722 1778 1909 1811 brevissimo

1168 1827 1237 1860 inde
1261 1829 1414 1872 temporis
1438 1830 1548 1873 spatio,
1576 1831 1681 1874 plures
1711 1832 1908 1866 diversorum

1166 1882 1306 1914 eiusdem
1331 1882 1455 1915 Ordinis
1481 1885 1745 1917 monasteriorum
1779 1887 1907 1921 abbates

1165 1941 1195 1968 et
1212 1937 1368 1977 monachi,
1387 1937 1438 1981 pio
1458 1939 1593 1981 quodam
1611 1939 1767 1973 desiderio
1793 1942 1902 1975 saltem

1165 1988 1203 2021 de
1227 1989 1318 2022 bonis
1341 1991 1497 2034 aliquibus
1522 1993 1758 2026 successoribus
1780 1994 1810 2026 in
1833 1995 1907 2038 ipsis

1166 2043 1363 2076 monasteriis
1387 2045 1570 2087 providendi
1597 2046 1736 2085 excitati,
1762 2049 1907 2091 superio-

1164 2106 1214 2128 res
1232 2102 1261 2129 et
1285 2098 1456 2130 monachos
1481 2100 1735 2141 congregationis
1754 2102 1906 2135 reforma-

1164 2155 1212 2183 tae
1237 2151 1416 2184 huiusmodi
1436 2153 1593 2185 continuis
1611 2154 1756 2196 precibus
1774 2157 1907 2199 requisi-

1165 2204 1263 2236 verint
1280 2205 1318 2237 de
1339 2205 1405 2248 ipsa
1431 2207 1652 2240 reformatione
1672 2208 1701 2239 in
1723 2219 1785 2241 non
1811 2211 1907 2243 refor-

1164 2263 1262 2291 matos
1287 2259 1529 2301 introducenda,
1556 2267 1585 2293 et
1611 2272 1760 2294 numerus
1785 2274 1905 2305 eorum,

1163 2311 1215 2354 qui
1238 2311 1266 2343 id
1292 2314 1457 2355 postulent,
1477 2314 1517 2345 ita
1539 2314 1566 2345 in
1589 2315 1654 2346 dies
1676 2317 1783 2357 augeri
1799 2317 1906 2359 digno-

1163 2371 1276 2405 scatur,
1294 2372 1326 2398 ut
1351 2367 1434 2399 clare
1460 2373 1489 2399 et
1513 2368 1673 2401 evidenter
1699 2371 1904 2413 concipiatur,

1163 2419 1267 2451 01111113
1292 2419 1364 2452 dicti
1391 2420 1515 2453 Ordinis
1542 2424 1731 2454 monasteria
1758 2423 1786 2455 in
1814 2426 1902 2467 regni

1164 2473 1313 2516 praedicti
1331 2474 1499 2517 provinciis
1514 2475 1676 2508 existentia
1693 2477 1773 2509 intra
1789 2489 1905 2520 paucos

1163 2527 1201 2558 ab
1227 2527 1299 2559 111110
1323 2538 1430 2569 annos,
1454 2529 1517 2561 Deo
1544 2529 1663 2562 favente
1679 2536 1708 2562 et
1729 2531 1905 2576 801161100-

1163 2580 1271 2613 stolica
1302 2587 1472 2622 annuente,
1499 2583 1535 2614 iri
1562 2584 1686 2626 penitus
1717 2586 1902 2626 1·el'ormata;

1162 2639 1201 2674 et,
1211 2634 1289 2666 sicut
1302 2634 1409 2667 eadem
1425 2636 1534 2679 petitio
1547 2638 1765 2681 subiungebat,
1779 2640 1901 2672 etiamsi

1821 227 1885 261 6⁶25
1931 237 1978 264 Αη.
2000 238 2028 265 c.
2053 241 2119 267 1628
