2269 3235
119 250 169 277 An.
185 248 214 277 C.
235 248 303 276 1626

154 1741 183 1761 De
200 1739 304 1761 Constitu-

121 1767 213 1788 tionibus
233 1793 237 1796 ῃ
251 1766 304 1786 Con-

121 1796 257 1819 gregationi‹.

122 2006 153 2026 De
161 2006 221 2026 novis
227 2004 307 2026 Consti·

123 2032 240 2052 tutionibus
264 2038 305 2052 non

123 2058 232 2080 faciendis.

921 245 1064 271 URBANUS
1087 245 1144 270 vm
1166 245 1216 269 1‘1’.

314 293 430 337 ubique
446 293 590 327 locorum
608 293 674 337 (illa
696 297 815 326 tantum
832 295 963 336 excepta
980 303 1055 336 pro-

314 346 427 388 vincia,
444 347 475 379 in
496 357 556 391 qua
581 347 649 391 ipsc
666 347 821 390 generalis
844 346 979 379 vicarius
995 356 1054 389 pro

315 404 459 444 tempore
483 400 673 444 reperietur)
696 400 845 442 fungatur
862 403 891 431 ct
906 399 1054 442 potiatur,

317 459 347 487 ct
371 458 600 498 consequenter
624 453 879 495 subrogationem
912 462 947 484 ac
971 451 1056 484 dele-

317 507 486 550 gationem,
512 517 529 539 a
552 506 692 550 praefato
718 504 856 547 generali
881 503 998 537 vicario
1024 504 1055 536 in

316 562 453 604 persona
475 560 572 603 patris
590 557 743 591 Valeriani
760 557 863 600 quarti
882 556 1055 590 definitoris

317 614 439 655 factam,
451 613 545 645 fuisse
557 616 588 645 et
601 621 668 644 esse
681 610 846 643 iuridicain
861 614 891 642 et
906 609 1056 642 canonice

317 666 448 706 factam,
468 670 499 698 et
521 664 566 697 uti
590 664 684 696 talem
708 663 775 696 sore
799 668 830 696 et
850 673 917 696 esse
942 663 1056 695 contir-

317 719 472 761 mandam,
490 721 584 762 prout
605 717 689 749 illam
710 716 935 749 confirmamus
953 721 982 749 et
999 727 1056 760 ap-

316 772 496 817 probamus,
510 775 539 803 et
554 780 613 813 pro
631 770 816 803 confirmata
833 773 862 804 et
881 770 1054 813 approbata

316 824 424 857 haberi
444 823 589 856 volumus
609 828 639 856 et
663 823 864 863 rnandamus;
881 823 1056 866 fratresque

317 887 426 910 ornnes
458 876 558 909 eidem
585 876 725 919 generali
755 877 873 910 vicario
901 876 1057 910 subiectos

316 930 457 963 eiusdem
467 930 639 973 religionis,
650 931 790 974 praefato
802 931 883 974 patri
893 930 1057 964 Valeriano

317 982 355 1015 ad
368 982 578 1016 obedientiam
591 984 811 1027 praestandam
825 983 909 1017 iuxta
922 983 1056 1016 sormam

317 1046 391 1069 suae
415 1036 620 1079 delegationis
645 1037 800 1080 obligatos
824 1037 919 1070 fuisse
943 1041 973 1070 et
990 1047 1057 1070 esse

317 1089 523 1122 declaramus.

361 1143 472 1176 Actum
492 1143 619 1183 Romae,
636 1143 722 1176 domi
742 1143 851 1176 solitae
871 1143 1057 1176 residentiae

318 1197 603 1230 illustrissimorum
627 1196 828 1230 dominorum
852 1207 959 1230 sacrae
982 1197 1059 1230 Con—

318 1251 530 1294 gregationis,
554 1251 613 1284 hac
633 1251 683 1284 die
706 1261 783 1284 xxvi
807 1251 881 1283 maii
906 1261 1056 1285 iincxxvi.

428 1314 462 1346 A.
488 1313 676 1346 Riccmmns
701 1313 796 1346 ludex
814 1318 844 1346 et
861 1313 945 1346 Secr.

545 1366 716 1400 Oooaant‘s
741 1368 954 1402 TfflALDisscrs
974 1368 1042 1402 Not.

316 1485 567 1528 Subsequunlur
592 1484 717 1517 decreta
733 1484 902 1527 qeneralia
915 1495 975 1527 pro
996 1485 1059 1517 Iolci

363 1537 618 1581 Conyrequtione
629 1538 773 1580 fratrum
786 1537 1059 1570 Dz'scalceatorwn

362 1592 394 1626 S.
418 1592 602 1635 Augyusliui
620 1592 752 1631 Italiae,
775 1592 860 1635 facts?
882 1592 920 1624 in
939 1592 1056 1624 risita-

364 1645 460 1685 tione,
483 1645 536 1677 dic
555 1654 609 1678 xxi
632 1645 723 1677 iunii
747 1645 830 1677 amzi
849 1654 1013 1678 iicoxxvn.

362 1732 604 1767 Constitutiones
621 1732 715 1766 huius
728 1732 996 1775 Congregafionis,
1009 1743 1061 1766 au-

319 1787 463 1821 ctoritate
479 1786 652 1830 apostolica
677 1786 891 1826 confirmatae,
908 1786 991 1819 infra
1010 1797 1061 1819 an-

318 1850 396 1872 num
419 1844 491 1883 post
515 1839 687 1883 capitulum
712 1840 858 1882 generale
877 1839 1061 1883 impriman-

319 1898 381 1936 tur,
399 1894 438 1926 ad
454 1894 514 1927 hoc
530 1899 565 1926 ut
585 1894 623 1926 ab
640 1894 787 1927 omnibus
812 1893 968 1936 religiosis
985 1904 1060 1938 prae

320 1947 468 1980 manibus
492 1947 613 1990 possint
637 1947 758 1987 haberi,
778 1951 836 1979 etc.

364 2000 410 2033 Ad
438 2000 591 2034 tollendas
615 1999 843 2040 dubitationes,
873 2009 953 2042 quae
977 2000 1061 2033 circa

319 2053 578 2087 constitutionum
588 2053 780 2086 intellectum
793 2058 920 2097 possent
933 2053 1060 2095 exoriri,

320 2117 409 2140 sacra
432 2106 650 2149 Congregatio,
671 2107 751 2140 sacto
776 2107 873 2140 verbo
899 2118 971 2140 eum
989 2108 1061 2140 San-

320 2161 469 2203 ctissimo,
490 2161 637 2201 declarat,
660 2161 811 2193 hactenus
835 2171 898 2194 non
924 2161 1060 2202 licuisse,

320 2224 421 2257 neque
444 2213 549 2254 licere,
569 2213 663 2246 huius
686 2214 945 2257 Congregationis
969 2225 1061 2258 supe-

321 2266 458 2299 rioribus
492 2267 587 2299 etiam
617 2267 650 2299 in
681 2267 826 2311 capitulis
859 2268 1060 2310 generalibus

321 2329 418 2352 novas
434 2319 645 2353 ordinationes
669 2326 721 2353 aut
738 2325 851 2354 statuta
874 2322 932 2354 sub
949 2321 1060 2365 quovis

321 2371 449 2404 nomine
472 2372 644 2405 contrarias
675 2377 727 2407 aut
757 2374 915 2407 contraria
945 2375 1060 2407 consti-

322 2424 495 2459 tutionibus
526 2427 697 2469 apostolica
722 2428 907 2461 auctoritate
928 2428 1061 2462 firmatis

322 2479 440 2519 facere;
467 2489 581 2522 easque
598 2490 662 2512 non
685 2481 834 2524 potuisse,
850 2492 953 2525 neque
969 2493 1061 2525 posse

321 2532 482 2576 praticari,
507 2537 674 2576 antequam
692 2544 710 2566 a
725 2535 826 2567 tribus
850 2535 994 2578 capitulis
1011 2547 1063 2579 ge-

322 2585 482 2618 neralibus
506 2585 672 2629 dispositae
689 2590 719 2621 et
737 2598 755 2620 a
779 2588 857 2621 Sede
881 2589 1062 2632 Apostolica

322 2638 439 2672 fuerint
463 2638 676 2673 confirmatae.

405 2701 485 2729 Bull.
503 2701 589 2730 Rom.
604 2716 639 2722 -
655 2701 714 2731 Vol.
735 2702 818 2733 XIII.
974 2703 1007 2731 61

1730 232 1790 266 481
1840 242 1890 270 Αη.
1906 241 1934 269 e.
1956 242 2024 270 1626

1131 293 1364 336 Consequenter
1394 290 1488 324 etiam
1518 289 1655 323 declarat
1688 299 1825 332 congre·
1853 302 2026 333 vrii-ewrwi-

1088 345 1245 387 gationem
1264 344 1504 377 definitorialern
1522 354 1558 376 ex
1580 343 1718 387 quinque
1734 343 1828 386 patri·
1842 332 1895 377 l'st't'.
1928 330 2026 350 ⁴¹⁸¹¹¹¹¹²'''

1088 397 1157 439 bus,
1183 398 1278 430 semel
1305 398 1335 430 in
1359 397 1558 430 hebdomada
1582 397 1732 429 hactenus
1758 407 1828 439 pra-

1089 450 1243 490 cticatum,
1261 450 1292 482 in
1309 450 1448 482 futurum
1472 460 1534 483 non
1551 460 1619 483 esse
1643 449 1825 490 faciendam,

1089 502 1143 535 sed
1173 512 1240 535 esse
1265 503 1431 535 servandas
1461 503 1715 544 constitutiones,
1739 507 1827 546 parte

1089 555 1190 596 tertia,
1213 565 1280 598 cap.
1299 566 1340 588 Ιν.

1133 608 1276 642 Declarat
1299 613 1463 652 praeterea
1479 608 1660 642 definitores
1677 619 1735 653 pro
1752 614 1828 642 tem-

1090 672 1167 705 pore
1198 661 1366 695 existentes
1397 662 1464 695 fore
1495 666 1524 696 et
1548 663 1679 695 essedo
1710 663 1828 696 familia

1091 715 1157 747 eius
1173 720 1356 755 conventus,
1369 715 1418 748 cui
1436 725 1453 747 a
1469 715 1633 758 superiore
1647 721 1740 748 erunt
1756 716 1829 748 assi-

1091 768 1186 811 gnati,
1204 773 1234 801 et
1253 778 1317 801 non
1341 768 1487 808 aliorum,
1512 772 1605 811 atque
1630 768 1700 801 ideo
1723 769 1828 801 locum

1091 831 1217 854 sumere
1242 821 1358 854 debere
1378 825 1450 864 post
1474 820 1632 864 priorem,
1657 821 1751 853 etiam
1775 821 1829 853 ubi

1091 873 1227 906 vicarius
1258 873 1414 916 generalis
1445 879 1604 914 moratum
1629 884 1665 906 ac
1689 874 1830 917 potuisse

1091 932 1121 959 et
1147 937 1239 970 posse
1264 937 1281 959 a
1305 927 1413 970 priore
1438 926 1469 959 in
1495 927 1618 960 levibus
1642 927 1775 969 corrigi,
1799 927 1831 959 in

1091 981 1203 1014 ceteris
1228 991 1303 1014 vero
1323 992 1341 1013 a
1360 981 1478 1014 vicario
1499 980 1649 1024 generali,
1666 980 1831 1023 tenerique

1092 1035 1179 1067 adire
1204 1035 1375 1079 capitulum
1400 1035 1439 1067 de
1463 1034 1575 1078 culpis,
1601 1040 1766 1078 expectare
1789 1034 1831 1066 si-

1091 1098 1188 1130 gnum
1208 1088 1241 1120 in
1265 1089 1381 1130 choro,
1406 1087 1572 1121 refectorio
1593 1093 1623 1120 et
1646 1087 1715 1120 aliis
1736 1087 1830 1128 locis,

1091 1151 1154 1174 non
1170 1141 1364 1175 obstantibus
1382 1141 1672 1181 constitutionibus,
1696 1145 1787 1184 parte
1809 1150 1831 1173 11

1092 1205 1159 1238 cap.
1187 1205 1254 1235 v111‚
1279 1198 1309 1229 et
1331 1199 1420 1239 parte
1444 1205 1478 1227 111
1503 1205 1571 1238 cap.
1595 1204 1639 1227 1v.

1136 1249 1279 1281 Declarat
1294 1253 1459 1292 praeterea
1477 1248 1603 1281 licuisse
1627 1252 1719 1291 atque
1735 1247 1832 1280 licere

1092 1302 1208 1335 vicario
1223 1302 1372 1345 generali,
1385 1313 1444 1346 pro
1460 1306 1603 1345 tempore
1615 1302 1770 1342 existenti,
1783 1302 1833 1334 de-

1092 1356 1233 1389 finitores
1257 1356 1408 1398 singulos,
1434 1355 1466 1387 in
1490 1355 1666 1388 visitatione
1683 1360 1714 1387 et
1733 1360 1831 1395 extra,

1092 1409 1187 1442 etiam
1211 1409 1243 1442 in
1267 1408 1466 1452 gravioribus
1498 1409 1639 1442 consulto
1672 1408 1833 1450 corrigere

1093 1468 1122 1495 et
1138 1462 1250 1506 punire
1264 1463 1382 1505 absque
1402 1461 1536 1494 aliorum
1548 1461 1750 1494 definitorum
1763 1472 1835 1494 con-

1094 1527 1196 1557 sensu,
1214 1527 1306 1560 posse
1324 1521 1430 1548 tamen
1447 1515 1629 1548 definitores
1645 1515 1785 1548 scribere
1805 1520 1835 1547 et

1093 1570 1234 1613 recipere
1257 1569 1387 1609 litteras,
1407 1579 1443 1601 ac
1459 1568 1641 1609 armarium,
1659 1568 1834 1601 oratorium

1093 1628 1323 1666 nuncupatum,
1355 1622 1487 1663 habere,
1520 1622 1638 1665 absque
1661 1621 1834 1665 superioris

1093 1677 1229 1717 licentia,
1254 1680 1312 1710 etc.

1137 1730 1280 1762 Declarat
1311 1728 1438 1761 demum
1468 1727 1669 1772 procuratori
1694 1729 1834 1771 generali

1092 1787 1257 1826 praesente
1281 1782 1421 1825 generali
1444 1781 1562 1815 vicario
1587 1782 1759 1814 secundum
1787 1782 1834 1814 lo-

1094 1846 1164 1869 cum
1190 1835 1321 1876 deberi,
1353 1835 1480 1868 absente
1512 1845 1587 1868 vero
1618 1835 1650 1867 in
1679 1840 1835 1868 conventu

1095 1889 1266 1922 secundum
1283 1899 1300 1921 a
1317 1888 1436 1932 priore,
1453 1892 1542 1921 extra
1557 1893 1746 1921 conventum
1760 1899 1834 1921 vero

1093 1949 1164 1988 post
1179 1944 1332 1977 vicarium
1346 1943 1525 1986 generalem
1543 1942 1655 1975 ceteris
1672 1943 1835 1986 praeferri,

1094 2008 1251 2042 posseque
1268 1997 1377 2040 egredi
1393 1997 1432 2029 ad
1452 1996 1578 2039 negotia
1598 1996 1787 2040 peragenda,
1805 2002 1836 2029 et

1095 2052 1212 2095 absque
1237 2050 1434 2084 cunctatione
1451 2050 1541 2094 prior
1558 2050 1679 2083 socium
1696 2049 1835 2092 assigna-

1094 2106 1149 2145 bit,
1163 2116 1199 2138 ac
1211 2105 1331 2149 pariter
1348 2104 1467 2137 litteras
1485 2103 1624 2137 scribere
1647 2108 1678 2135 et
1693 2104 1836 2146 recipere

1094 2159 1216 2202 absquo
1226 2158 1305 2192 scitu
1323 2158 1450 2202 prioris,
1464 2162 1494 2190 et
1511 2156 1686 2190 oratorium
1702 2156 1834 2189 habere:

1095 2213 1126 2245 in
1150 2211 1280 2255 reliquis
1304 2216 1408 2244 autem
1432 2210 1546 2249 omnia,
1563 2221 1643 2254 quae
1667 2210 1706 2242 de
1729 2210 1836 2242 defini—

1094 2266 1216 2300 toribus
1245 2265 1326 2298 dicta
1351 2270 1437 2307 sunt,
1462 2265 1567 2298 locum
1592 2263 1650 2296 sibi
1674 2263 1835 2296 vindicare

1096 2319 1127 2351 in
1151 2324 1360 2362 procuratore
1384 2317 1534 2361 generali.

1139 2372 1269 2406 Decreta
1300 2372 1377 2404 haec
1401 2369 1560 2413 generalia
1584 2379 1644 2414 pro
1669 2370 1734 2403 tota
1758 2369 1835 2403 Con·
1850 2378 1913 2425 ¹⁴>neh
1920 2378 2034 2425 omen-311-

1096 2425 1280 2469 gregatione
1309 2425 1405 2458 veluti
1435 2423 1643 2456 declaratoria
1671 2429 1836 2456 serventur
1850 2411 1976 2454 Galatiam
2015 2411 2036 2426 Ψ

1096 2479 1200 2513 statim
1218 2478 1274 2511 sub
1290 2479 1392 2522 poena
1415 2477 1546 2510 arbitrio
1571 2487 1679 2510 sacrae
1702 2477 1836 2520 Congre-

1097 2532 1239 2577 gationis.

1229 2586 1263 2619 A.
1277 2585 1380 2629 Episc.
1399 2583 1610 2617 Bellicastren.
1625 2583 1710 2618 Secr.
1725 2589 1756 2617 et
1767 2583 1834 2618 Iud.

1870 625 1898 645 De
1915 624 2027 645 definitori-

1842 651 1889 672 lius.

1874 1259 1903 1280 nn
1915 1260 2030 1280 auetorita-

1847 1289 1866 1307 te
1881 1287 1953 1306 rii-arii
1969 1292 2031 1311 genu-

1848 1314 1896 1334 ralxs
1919 1314 1939 1333 iu
1959 1314 2032 1334 detini·

1847 1343 1911 1361 tores.

1883 1739 1913 1760 De
1930 1744 2032 1765 procura-

1849 1769 1893 1787 tore
1910 1767 2008 1792 generali.
