2269 3235
86 184 135 211 Ᾰη.
155 183 184 210 (1.
204 181 273 210 «6⁶23

110 616 139 636 Ac
159 615 264 639 declarat,

84 642 160 663 altaria
182 643 228 664 eius
247 644 266 663 in

84 669 185 690 honorem
200 669 266 695 σει-ἱεὶς

140 827 266 854 Fanumque

85 859 145 880 posse
155 854 265 875 celebrati.

113 1145 205 1171 Eiusque
222 1146 268 1165 mi—

87 1171 179 1191 rantibus
200 1178 237 1197 sep
256 1174 258 1183 ¹

87 1197 270 1222 ebrinum-tutem*-

87 1225 128 1244 ως
139 1225 250 1245 concessit.

116 1672 200 1693 Missam
220 1673 265 1698 ipso

84 1699 170 1720 solemni
188 1705 264 1725 pompa

84 1725 204 1746 celebravit.

111 2415 193 2436 Mortuo
219 2415 268 2437 Gre-

85 2442 143 2468 gorio
164 2444 211 2463 ante
232 2449 268 2463 ex-

84 2468 213 2494 peditionem
224 2470 268 2490 bul-

84 2495 151 2524 larum
161 2511 173 2524 ,-
195 2498 267 2521 gestae

84 2526 115 2542 rei
126 2523 267 2544 testimouium

85 2548 112 2568 ab
126 2547 211 2569 urbano
221 2555 267 2576 par-

85 2574 175 2595 iubetur.

901 183 1042 208 URBANUS
1064 184 1119 208 VIII
1139 185 1186 209 Pr.

283 231 435 264 stolorum
453 230 590 263 decrevit
607 235 636 263 et
653 230 802 271 desinivit,
819 230 937 263 dictum
953 232 1022 264 Phi-

283 283 402 327 lippum
428 283 556 316 Nerium
577 283 803 323 Florentinum,
823 283 924 316 dietae
947 283 1022 317 Con-

283 337 474 381 gregationis
492 337 626 377 Oratorii
645 336 853 377 fundatorem,
870 337 932 369 una
950 348 1021 370 cum

282 391 380 424 beatis
396 391 516 425 Isidoro
537 396 566 424 et
593 391 711 434 ignatio
728 402 763 424 ac
779 391 947 424 Franciseo
964 401 1021 425 nee

283 454 344 477 non
365 445 514 478 Theresia
537 444 715 488 praedictiS,
732 444 879 478 Sanctum
899 450 928 477 et
945 445 1021 477 San-

283 502 405 531 ctorum
419 498 561 540 catalogo
578 497 819 530 adscribendum
837 507 914 538 esse,
928 501 1021 541 prout

283 550 451 595 adscripsit
474 557 504 584 et
527 550 731 594 aggregavit,

326 604 341 646 ς’
365 603 416 637 94.
440 604 594 645 Statuens,
610 609 644 636 ut
661 604 699 637 ab
717 604 872 637 universis
897 604 1021 637 christi-

282 655 427 690 fidelibus
462 657 493 690 in
524 657 591 690 eius
623 657 776 691 honorem
810 658 959 691 ecclesiae
994 663 1023 690 et

282 709 400 751 altaria,
413 710 445 743 in
462 710 575 754 quibus
592 710 744 744 sacrificia
758 710 821 744 Deo
838 710 1022 751 offerantur,
1038 710 1040 714 ’

282 763 485 798 aedificentur
495 775 502 804 ;

326 817 340 860 ἓ
365 817 415 852 95.
433 817 470 850 Et
486 817 627 861 quolibet
646 828 738 858 anno,
755 817 838 851 dieta
863 818 913 851 die
938 817 1021 851 illius

282 870 402 911 obitus,
427 871 561 914 septimo
586 871 729 904 videlicet
753 871 902 904 kalendas
927 871 1021 911 iunii,

282 924 394 957 festum
412 924 510 968 ipsius
527 929 556 957 et
573 925 711 958 officium
729 930 876 968 tanquam
893 925 931 957 de
948 925 1023 958 Con-

282 978 399 1011 fessore
423 988 485 1011 non
510 977 670 1016 pontifice,
696 977 733 1010 ad
758 978 893 1010 formam
918 977 949 1009 in
974 988 1023 1010 ru-

282 1031 377 1064 bricis
402 1032 524 1064 romani
548 1031 696 1064 breviarii
721 1032 957 1075 praescriptam,
976 1042 1023 1064 so-

284 1085 428 1117 lemniter
453 1084 606 1117 celebrari
631 1085 738 1128 possit.

329 1139 343 1181 §
367 1137 418 1170 96.
439 1138 569 1181 Insuper
589 1137 696 1170 eadem
721 1138 904 1171 auctoritate
925 1138 1023 1171 omni-

285 1190 343 1223 bus
366 1191 530 1234 utriusque
554 1201 645 1222 sexus
669 1190 925 1223 christifidelibus
949 1201 1022 1223 vere

283 1243 513 1287 poenitentibus
537 1247 566 1276 et
590 1243 748 1283 confessis,
773 1243 826 1286 qui
852 1244 940 1276 annis
964 1244 1022 1276 sin-

284 1296 364 1339 gulis
381 1296 412 1329 in
428 1296 524 1339 ipsius
542 1296 619 1328 sesto
633 1296 671 1328 ad
688 1297 901 1339 sepulchrum,
915 1297 946 1329 in
959 1308 1021 1341 quo

283 1359 396 1392 eorpus
419 1349 486 1381 eius
509 1349 688 1392 requiescit,
714 1349 899 1382 visitandum
922 1360 1023 1383 acces-

282 1402 388 1442 serint,
406 1412 503 1435 unum
527 1412 644 1435 annum
665 1407 693 1435 et
714 1402 921 1446 quadraginta
938 1404 1019 1443 dies;

282 1455 318 1487 iis
335 1465 427 1495 vero,
445 1455 498 1498 qui
517 1455 547 1488 in
565 1455 705 1488 eiusdem
725 1456 793 1488 festi
814 1459 921 1489 octava
938 1457 968 1489 id
982 1458 1022 1490 fe-

281 1508 390 1549 cerint,
405 1508 716 1552 etiamquadraginta
730 1509 796 1542 dies
815 1509 852 1542 de
873 1510 1020 1544 iniunctis

281 1561 325 1594 cis
345 1564 397 1595 aut
420 1562 495 1595 alias
519 1562 757 1605 quomodolibet
780 1562 892 1595 debitis
917 1564 1021 1606 poeni-

281 1614 384 1647 tentiis
401 1614 648 1648 misericorditer
666 1614 697 1647 in
714 1615 846 1648 Domino
859 1616 1017 1649 relaxavit.

325 1667 340 1710 ξ
363 1667 414 1700 97.
440 1667 475 1701 Et
499 1667 668 1701 decantato
693 1669 874 1701 solemniter
902 1669 1018 1713 hymno

285 1720 326 1753 Te
343 1720 447 1753 Deum
464 1720 648 1762 laudamus,
666 1726 696 1754 et
713 1721 816 1754 divina
834 1733 892 1766 ope
909 1723 1020 1767 implo1

280 1775 348 1806 rata
358 1774 462 1815 ,sancti
478 1775 614 1819 Philippi
631 1780 660 1808 et
679 1776 814 1808 aliorum
831 1776 1017 1810 Sanctorum

279 1827 513 1870 praedictorum
538 1828 667 1868 meritis,
688 1839 744 1872 per
768 1830 959 1872 peculiarem
981 1830 1018 1863 ad

280 1879 312 1913 id
328 1881 513 1922 orationem,
525 1892 618 1925 quam
634 1882 734 1915 dictus
748 1882 920 1925 Gregorius
933 1895 1020 1927 prae-

281 1933 427 1969 decessor
450 1935 502 1979 pie
526 1941 556 1968 et
579 1936 760 1969 solemniter
785 1937 946 1978 recitavit,
971 1948 1019 1970 sa-

281 1994 479 2022 crosanctum
510 1990 622 2023 missae
650 1990 838 2024 sacrificium
854 2018 861 2031 ,
886 1992 1019 2025 solemni

279 2043 396 2085 pompa
413 2047 442 2075 et
459 2043 532 2084 ritu,
546 2054 618 2077 cum
635 2044 819 2077 eorumdem
834 2044 1019 2079 Sanctorum

281 2097 589 2137 commemoratione,
607 2098 645 2130 ad
662 2098 760 2131 altare
777 2098 931 2143 Principis
948 2110 1021 2143 apo-

280 2148 433 2182 stolorum
459 2150 645 2191 celebravit;
670 2156 699 2184 et
724 2152 870 2185 omnibus
895 2153 1019 2186 christi-

280 2201 447 2245 fidelibus,
476 2209 550 2238 tunc
581 2205 819 2248 praesentibus,
847 2206 1018 2250 plenariam

282 2256 421 2289 omnium
434 2263 635 2301 peccatorum
649 2269 780 2292 suorum
793 2259 1019 2302 indulgentiam

283 2313 312 2341 et
325 2310 542 2344 remissionem
556 2312 595 2345 ad
611 2312 665 2345 Dei
685 2313 822 2354 laudem,
839 2318 869 2346 et
885 2314 1019 2357 gloriam

283 2360 467 2397 Sanctorum
490 2365 556 2398 eius
581 2366 759 2410 impertitus
783 2368 850 2400 suit.

327 2415 341 2458 ἕ
365 2415 416 2448 98.
438 2418 482 2451 Ne
499 2424 601 2452 autern
617 2420 656 2453 de
671 2420 806 2461 decreto,
827 2421 1018 2462 definitione,

282 2467 501 2512 adscriptione,
525 2473 757 2515 aggregatione,
782 2477 912 2514 statuto,
938 2474 1016 2507 rela-

281 2520 406 2555 xatione
428 2522 558 2567 aliisque
581 2525 773 2568 praemissis,
790 2536 849 2570 pro
873 2536 910 2560 eo
933 2526 1018 2571 quod

282 2584 376 2618 super
401 2575 462 2609 illis
486 2576 582 2619 ipsius
598 2578 741 2622 Gregorii
766 2580 1018 2623 praedecessoris

1723 175 1759 208 21

1056 233 1186 273 litterae,
1196 232 1262 265 eius
1276 232 1514 276 superveniente
1529 232 1625 273 obitu,
1639 234 1798 266 consectae

1054 294 1116 317 non
1141 286 1283 326 suerunt,
1309 285 1408 318 valeat
1431 285 1666 329 quomodolibet
1690 286 1795 319 haesi-

1056 338 1135 378 tari,
1161 339 1305 371 volumus
1340 344 1370 372 ct
1407 338 1580 383 apostolica
1613 339 1798 371 auctoritate

1055 390 1255 424 decernimus
1276 392 1360 435 quod
1383 391 1556 432 decretum,
1578 391 1729 432 definitio,
1750 392 1800 424 ad-

1056 443 1200 486 scriptio,
1226 445 1425 487 aggregatio,
1450 450 1613 485 statutum,
1639 444 1799 482 relaxatio,

1056 498 1240 541 impartitio,
1255 498 1376 541 aliaque
1400 498 1583 542 praemissa,
1600 508 1618 530 a
1633 498 1719 532 dieta
1738 497 1798 537 die,

1056 555 1167 594 quarto
1184 550 1253 584 idus
1270 551 1385 591 martii,
1403 561 1492 584 suum
1510 551 1652 584 debitum
1669 551 1800 585 sortian-

1055 607 1106 636 tur
1127 603 1285 644 effectum,
1303 614 1338 637 ac
1359 604 1383 637 si
1409 614 1505 647 super
1527 604 1588 637 illis
1612 604 1710 648 ipsius
1727 604 1800 638 Gre-

1056 656 1138 699 gorii
1161 656 1414 700 praedecessoris
1442 657 1563 690 litterae
1578 684 1585 697 ,
1610 657 1668 690 sub
1691 657 1799 690 datum

1056 711 1197 745 eiusdem
1229 712 1312 753 dici,
1341 713 1499 746 consectae
1531 713 1680 753 fuissent,
1704 718 1800 756 prout

1056 764 1202 808 superius
1232 770 1413 805 e1iar1·attn·;
1443 766 1588 809 quodque
1620 770 1800 809 praesentes

1056 817 1177 851 litterae
1208 818 1246 851 ad
1278 819 1476 861 probandum
1502 820 1594 863 plane
1618 819 1798 861 decretum,

1056 871 1288 913 definitionem,
1314 872 1575 916 adscriptionem,
1600 872 1799 915 aggregatio-

1056 934 1139 964 nem,
1154 930 1313 965 statutum‚
1328 926 1564 967 relaxationem,
1577 926 1699 969 aliaque
1715 936 1799 969 prae-

1056 978 1161 1018 missa,
1187 978 1303 1022 ubique
1328 979 1500 1019 sufficiant,
1525 989 1582 1012 nee
1607 979 1644 1012 ad
1670 979 1701 1012 id
1725 990 1799 1023 pro-

1055 1031 1189 1064 bationis
1214 1032 1342 1065 alterius
1362 1032 1587 1066 adminiculum
1608 1033 1798 1076 requiratur.

1101 1085 1115 1127 ξ,
1140 1084 1191 1117 99,
1209 1085 1363 1126 Ceterum,
1380 1086 1453 1129 quia
1470 1086 1596 1119 difficile
1614 1086 1694 1119 soret
1711 1096 1798 1130 prae-

1056 1142 1158 1170 sentes
1175 1143 1298 1171 nostras
1314 1139 1433 1171 litteras
1452 1139 1490 1171 ad
1508 1139 1631 1182 singula
1648 1139 1726 1181 loca,
1744 1139 1798 1172 ubi

1056 1201 1135 1234 opus
1160 1196 1257 1231 esset,
1286 1192 1418 1232 deferri,
1444 1192 1606 1233 volumus,
1630 1197 1665 1225 ut
1689 1202 1797 1225 earum

1056 1244 1218 1287 exemplis,
1243 1245 1337 1277 etiam
1362 1245 1534 1288 impressis,
1560 1256 1653 1278 manu
1682 1245 1799 1289 publici

1055 1297 1168 1329 notarii
1187 1297 1382 1341 subscriptis,
1400 1304 1430 1330 et
1447 1298 1550 1341 sigillo
1572 1299 1702 1331 alieuius
1726 1309 1798 1342 per-

1055 1360 1149 1383 sonae
1167 1351 1197 1383 in
1215 1351 1366 1394 dignitate
1384 1351 1594 1385 ecclesiastica
1611 1351 1798 1385 constitutae,

1055 1404 1201 1444 munitis,
1227 1404 1336 1437 eadem
1368 1404 1487 1448 ubique
1520 1404 1597 1438 fides
1626 1404 1799 1444 habeatur,

1054 1467 1133 1500 quae
1150 1457 1225 1500 ipsis
1242 1458 1461 1501 praesentibus
1481 1458 1696 1498 adhiberetur,
1715 1458 1739 1490 si
1757 1458 1798 1491 so-

1054 1515 1123 1542 rent
1148 1511 1303 1544 exhibitae
1328 1512 1375 1544 vel
1401 1516 1553 1544 ostensae.

1098 1564 1112 1605 ξ
1146 1563 1217 1596 100.
1249 1564 1332 1597 Nulli
1365 1575 1441 1607 ergo
1473 1565 1600 1597 omnino
1632 1564 1796 1598 hominum
1839 1572 1957 1594 Ctansutae.
1976 1561 1986 1568 “

1053 1616 1143 1649 liceat
1168 1617 1248 1649 hane
1276 1618 1422 1661 paginam
1448 1623 1628 1651 nostrarum
1655 1618 1797 1651 volunta-

1053 1675 1119 1702 tum
1137 1675 1165 1703 et
1183 1670 1299 1704 decreti
1326 1670 1508 1714 infringere,
1534 1671 1580 1704 vel
1605 1672 1632 1704 ei
1657 1681 1735 1704 ausu
1752 1676 1796 1703 te-

1053 1724 1189 1757 merario
1203 1724 1370 1757 contraire.
1384 1724 1414 1757 Si
1428 1724 1498 1768 quis
1512 1729 1615 1757 autem
1629 1725 1688 1757 hoc
1703 1730 1798 1757 atten-

1053 1783 1118 1810 tare
1143 1779 1401 1822 praesumpserit,
1428 1778 1675 1822 indignationem
1700 1778 1797 1812 omni-

1052 1832 1188 1875 potentis
1212 1832 1266 1864 Dei
1291 1842 1326 1865 ac
1351 1833 1516 1865 beatorum
1543 1833 1625 1865 Petri
1651 1838 1678 1865 et
1710 1833 1795 1865 Pauli

1053 1886 1269 1929 apostolorum
1293 1886 1360 1919 eius
1381 1896 1413 1919 se
1438 1886 1560 1919 noverit
1584 1886 1794 1919 incursurum.

1098 1939 1209 1972 Datum
1222 1939 1339 1973 Romae
1355 1939 1437 1984 apud
1453 1940 1482 1974 S.
1498 1940 1636 1981 Petrum,
1655 1950 1736 1973 anno
1752 1940 1797 1972 In-

1054 1993 1244 2026 carnationis
1267 1993 1446 2027 Dominicae
1475 2003 1628 2034 iuncxx111,
1654 2003 1710 2026 vin
1727 1993 1796 2025 idus

1053 2047 1187 2090 augusti,
1213 2048 1414 2092 pontificatus
1434 2047 1533 2081 nostri
1558 2057 1641 2080 anno
1665 2057 1684 2080 1.

1812 186 1859 211 Λη.
1877 186 1904 212 G.
1928 185 2003 214 1623-

1852 1096 1997 1121 Transumptis

1814 1122 1882 1142 :tanda
1898 1123 1958 1143 tides.

1089 2109 1149 2136 Dat.
1166 2109 1209 2137 die
1223 2110 1239 2137 6
1255 2111 1361 2144 augusti
1385 2110 1461 2143 1623,
1483 2109 1577 2145 pontif.
1595 2118 1638 2137 an.
1657 2116 1673 2136 ι.

1226 2215 1276 2265 ffl
1301 2217 1387 2252 EGO
1414 2216 1622 2252 URBANUS

1053 2296 1291 2321 CATt10L1CAE
1328 2297 1538 2322 neem-:snm
1573 2297 1793 2322 EPISCOPUS.

1053 2370 1075 2407 †

1053 2423 1075 2461 ἦ·
1100 2420 1165 2463 Ego
1190 2421 1374 2454 Franciscus
1398 2421 1494 2454 Maria
1520 2421 1686 2465 episeopus
1712 2421 1790 2454 Por-

1140 2473 1258 2506 tuensis
1283 2474 1449 2507 cardinalis
1473 2484 1491 2506 a
1512 2475 1624 2508 Monte.

1051 2528 1076 2569 †
1106 2527 1171 2570 Ego
1202 2526 1365 2560 Odoardus
1399 2528 1565 2571 episcopus
1601 2527 1794 2561 Tusculanus

1141 2581 1306 2614 cardinalis
1329 2581 1504 2615 Farnesius.

1838 2226 1908 2251 Papae
1918 2242 1921 2249 ,

1843 2428 1992 2450 caminatum·

1809 2456 1993 2482 quesubscriptm-

1809 2488 1814 2501 ι
1830 2488 1844 2495 ,,
