2269 3235
218 251 267 278 An.
288 250 316 278 C.
332 250 401 278 1624

268 1325 362 1346 Clemens
378 1324 403 1345 tv

222 1352 338 1379 probibuit.
354 1358 403 1377 qu.»-

222 1384 289 1400 nunus
309 1384 356 1404 quis
372 1384 405 1397 ex-

223 1409 254 1426 tra
269 1411 327 1425 suam
348 1404 405 1425 dioe-

223 1432 301 1455 cesim,
325 1431 405 1457 ubsque

223 1458 330 1479 Ordinarii
373 1458 405 1477 >ui

223 1484 406 1506 tlimissormlibus,

223 1518 289 1532 saeris
311 1512 404 1532 initiare-

223 1541 262 1559 tur.

256 2605 354 2626 Urbanus
370 2605 414 2627 Clc-

458 243 522 275 eet

418 304 578 341 vocantur,
594 299 771 342 Christique
788 297 915 331 militiae
933 297 1007 330 dant
1031 306 1156 338 nomen,

417 353 611 397 spiritualem
637 351 791 385 Ecclesiae
816 350 1070 393 tranquillitatem
1094 360 1157 384 non

416 404 693 449 pcrturbent„scd
718 414 825 447 pacem
852 404 1055 445 confirment,
1077 404 1157 436 vires

417 462 560 501 augeant,
581 468 616 490 ac
634 462 695 490 tam
717 462 843 489 strenue
864 466 897 489 se
916 462 1036 499 gerant,
1053 462 1087 490 ut
1111 457 1157 501 ip-

417 522 483 545 sam
516 511 710 551 terribilem,
735 510 823 554 quasi
853 515 1029 544 castrorum
1058 510 1157 544 aciem

418 565 604 605 ordinatam,
622 564 739 597 interae
762 569 932 608 potestates
949 574 983 597 ac
1003 564 1159 609 principes

420 619 620 651 tenebrarum
634 617 773 662 quotidie
790 618 889 661 magis
906 618 1157 662 perhorrescant.

421 673 502 706 llaec
525 677 628 705 autem
654 677 771 715 quanto
793 672 965 715 impensius
982 672 1051 715 fieri
1075 677 1161 716 opta-

419 736 498 766 mus,
524 730 609 758 tanto
634 724 745 757 maiori
770 724 984 767 indignatione
1008 724 1161 768 irreligio-

419 789 483 811 sam
495 778 706 823 quorumdam
720 778 947 822 impudentiam
958 778 1159 819 detestamur,

419 844 454 865 ae
471 833 656 876 sacrilegam
674 832 880 866 temeritatem
900 842 1094 872 execrantur,
1107 832 1160 875 qui

419 896 525 919 sacros
550 896 706 926 canones,
733 886 1000 930 Summorumque
1026 884 1157 917 Pontifi-

419 950 490 973 cum
515 940 640 973 decreta
665 949 728 972 non
754 944 906 979 verentes,
932 938 1092 971 clericales
1112 949 1162 971 or-

419 993 505 1025 dines
539 992 701 1035 illegitime
734 991 927 1035 suscipiunt,
956 1002 991 1024 ac
1023 991 1097 1023 dum
1131 991 1161 1023 in

419 1046 702 1079 ecclesiastieorum
724 1045 941 1077 ministrorum
963 1049 1087 1077 coetum
1106 1055 1163 1088 per

418 1099 503 1132 nefas
529 1099 682 1142 irrepunt,
707 1098 760 1131 Dei
786 1098 894 1139 cultui,
918 1098 1095 1131 animarum
1120 1108 1163 1130 sa-

418 1153 486 1194 luti,
504 1152 712 1196 omnibusque
735 1152 773 1184 ad
797 1152 952 1196 optimum
974 1152 1162 1186 christianae

420 1206 612 1251 reipublicae
638 1205 780 1249 regimen
805 1205 1044 1249 pertinentibus,
1068 1205 1163 1249 pluri-

420 1270 507 1294 mum
532 1260 642 1293 obesse
667 1264 849 1293 noscuntur.

465 1316 479 1359 ἓ
496 1315 525 1347 l.
543 1315 626 1348 Alias
643 1314 797 1358 siquidem
819 1313 916 1346 felicis
937 1313 1163 1347 recordationis

420 1369 563 1403 Clemens
580 1369 661 1412 Papa
678 1368 715 1401 IV
733 1367 957 1411 praedecessor
981 1372 1097 1409 noster,
1115 1378 1164 1400 vo-

421 1422 487 1455 lens
511 1421 660 1465 periculis
685 1421 861 1453 animarum
891 1431 1001 1453 eorum
1026 1420 1162 1462 obviare,

421 1476 474 1519 qui
499 1476 622 1508 vinculo
647 1473 981 1508 excommunicationis
1006 1473 1163 1516 adstricti,

421 1534 474 1562 aut
498 1533 675 1573 apostatae,
701 1539 755 1561 seu
783 1527 991 1570 irregulares,
1017 1528 1065 1560 vel
1089 1527 1164 1560 alias

422 1581 568 1615 ordinum
600 1591 763 1614 sacrorum
794 1580 991 1624 susceptione
1022 1580 1163 1623 indigni,

422 1646 509 1668 suam
534 1635 688 1679 patriam,
714 1635 744 1667 in
768 1645 829 1678 qua
854 1634 892 1667 de
921 1634 970 1666 his
994 1634 1165 1667 haberetur

421 1689 540 1729 notitia,
564 1688 729 1732 fugientes,
755 1698 786 1721 se
811 1688 841 1720 in
867 1687 997 1721 remotis
1022 1687 1164 1731 partibus

422 1742 574 1776 faciebant
603 1742 641 1774 ad
671 1741 852 1774 huiusmodi
877 1741 1003 1775 ordines
1028 1751 1161 1785 promo-

422 1796 498 1837 veri,
524 1795 644 1836 statuit,
671 1800 704 1829 ut
728 1796 832 1828 nullus
858 1795 1081 1839 episcoporum
1106 1795 1164 1827 lta-

423 1850 482 1884 liae
517 1850 555 1883 de
584 1854 689 1883 cetero
721 1849 857 1893 aliquem
896 1849 1164 1881 ultramontanum

424 1904 574 1938 clericum
598 1903 744 1936 ordinare
778 1907 1012 1946 praesumeret,
1036 1902 1096 1934 nisi
1127 1902 1165 1934 ab

424 1957 534 1991 eodem
566 1956 723 1991 Clemente
754 1956 1020 2000 praedecessore,
1046 1956 1095 1988 vel
1126 1956 1165 1988 ab

424 2012 584 2056 episcopo,
609 2011 647 2044 de
668 2010 757 2043 cuius
781 2010 916 2043 dioecesi
943 2014 1079 2043 traxerat
1104 2010 1165 2043 ori-

424 2065 527 2108 ginem
553 2064 746 2097 ordinandus
772 2064 817 2096 vel
853 2064 884 2096 in
909 2063 998 2096 cuius
1028 2063 1164 2096 dioecesi

423 2119 627 2153 beneficiatus
651 2118 823 2159 existebat,
848 2128 905 2162 per
935 2118 1002 2151 eius
1026 2120 1166 2161 patentes

424 2173 543 2206 litteras
567 2182 694 2206 eausam
718 2171 937 2204 rationabilem
956 2171 1165 2212 continentes,

424 2237 521 2271 quare
546 2226 649 2271 ipsum
673 2226 799 2259 nolebat
823 2230 876 2258 aut.
907 2225 1057 2269 nequibat
1080 2224 1184 2275 ordi-;⁴

425 2280 541 2321 nare‚¹
567 2280 734 2325 specialem
764 2279 920 2314 licentiam
946 2280 1087 2320 haberet,
1113 2289 1184 2325 eos⁴

427 2346 524 2376 vero,
557 2345 635 2379 quos
671 2339 780 2368 contra
812 2334 986 2378 praemissa
1022 2332 1184 2376 conligis,

427 2393 471 2422 set
496 2388 653 2429 ordinari,
678 2397 805 2421 manere
830 2387 945 2428 voluit,
971 2387 1088 2431 absque
1113 2396 1167 2430 spe

428 2442 667 2485 dispensationis
691 2452 785 2485 super
809 2442 869 2475 hoc
900 2452 917 2474 a
941 2440 1019 2474 Sede
1039 2441 1169 2484 Aposto-

429 2495 486 2528 Ναὶ
513 2496 708 2537 obtinendae,
734 2505 912 2540 suspensos,
930 2506 965 2528 ac
987 2494 1168 2529 ordinantes

430 2550 583 2592 «aadignzl
609 2549 799 2592 poenitentia
817 2549 930 2592 puniri.

475 2604 490 2646 ἓ
513 2603 542 2635 ⁶2.
564 2602 639 2635 Cum
664 2607 778 2643 autem,
795 2612 858 2635 non
876 2602 941 2635 sinc
966 2602 1053 2646 gravi
1074 2601 1169 2635 animi

468 2666 476 2692 t
498 2664 682 2699 lmportunum
699 2665 759 2693 nisi
774 2665 897 2693 delemus
911 2666 948 2700 (ti.
965 2665 1012 2699 T.).

985 249 1163 273 nttLLAan
1188 247 1341 273 ROMANUM

1939 251 1991 278 An.
2013 251 2042 279 C.
2061 251 2128 279 1624

1188 297 1287 331 nostri
1312 297 1467 338 molestia,
1492 297 1582 331 nobis
1607 298 1795 340 innotuerit,
1820 310 1929 344 quam-
1945 313 2129 343 monus-nimum

1188 352 1295 395 plures
1319 352 1578 393 ultramontanOS,
1597 361 1672 384 suae
1688 351 1796 385 salutis
1820 353 1930 386 imme·
1946 340 2128 363 ⁶⁰⁰⁵‘'¹¹¹‘¹⁰¹²⁰¹¹¹'

1190 414 1304 445 mores,
1328 404 1445 448 Deique
1470 404 1584 437 timore
1607 404 1792 448 postposito,
1817 404 1855 438 ad
1879 416 1930 439 or-

1190 457 1277 490 dines
1291 457 1468 501 pracdictos
1485 467 1557 491 cum
1571 456 1655 489 salsis
1669 456 1932 492 dimissorialibus

1191 510 1312 551 litteris,
1333 521 1387 543 seu
1414 511 1508 545 ctiam
1535 510 1624 543 titulo
1648 510 1831 554 patrimonii
1848 510 1931 555 ficto,

1192 565 1239 597 vel
1264 564 1440 605 fiduciario,
1465 575 1520 597 seu
1544 564 1637 596 etiam
1662 564 1750 605 salso,
1775 574 1847 598 curn
1871 575 1932 598 ma-

1192 617 1277 650 ximo
1300 617 1459 653 bonorum
1476 617 1617 650 omnium
1638 617 1795 658 scandalo,
1813 627 1846 650 se
1862 628 1933 662 pro—

1193 670 1312 704 moveri
1338 670 1463 704 secisse:
1487 681 1555 711 nos,
1581 670 1765 711 innumeris,
1791 680 1871 714 quae
1895 681 1932 704 ex

1194 723 1297 755 minus
1329 723 1479 757 canonica
1511 723 1700 757 clericorum
1736 723 1933 757 ordinatione

1194 776 1374 809 huiusmodi
1406 777 1615 820 proveniunt,
1646 776 1757 818 malis,
1783 780 1933 821 quantum

1193 828 1284 861 nobis
1309 839 1345 861 cx
1371 829 1433 862 alto
1458 829 1657 870 conceditur,
1682 829 1849 874 providere
1874 840 1931 863 vo-

1194 882 1292 916 lentes
1306 910 1313 923 ,
1338 883 1529 926 praedictam
1559 884 1726 917 Clementis
1748 884 1933 928 praedeces-

1195 936 1275 968 soris
1293 936 1558 978 eonstitutionem,
1577 948 1648 970 eum
1665 937 1812 971 omnibus
1829 943 1859 971 et
1876 938 1935 971 sin-

1195 989 1278 1032 gutis
1304 989 1335 1021 in
1353 991 1389 1022 ea
1414 990 1579 1033 contentis,
1604 991 1814 1035 approbantes
1838 996 1869 1024 et
1892 991 1936 1024 in-

1195 1047 1354 1084 novantes,
1369 1046 1454 1077 motu
1468 1043 1598 1087 proprio
1610 1048 1640 1076 et
1654 1054 1689 1076 ex
1699 1045 1785 1076 certa
1795 1044 1935 1086 seientia,

1195 1108 1230 1129 ae
1262 1098 1387 1130 matura
1421 1097 1647 1131 deliberatione
1674 1097 1812 1138 nostris,
1836 1097 1936 1142 deque

1195 1150 1385 1194 apostolicae
1402 1150 1564 1194 potestatis
1585 1150 1789 1194 plenitudine,
1813 1161 1938 1184 venera-

1195 1203 1311 1236 bilibus
1336 1203 1486 1236 sratribus
1510 1203 1708 1248 patriarchis,
1725 1203 1938 1248 archiepisco-

1196 1257 1243 1301 pis
1252 1258 1447 1302 etepiscopis
1463 1258 1494 1290 in
1507 1258 1593 1291 Italia
1607 1258 1820 1299 existentibus,
1830 1261 1938 1292 tenore

1197 1311 1422 1356 praesentium,
1437 1312 1655 1356 prohibemus,
1668 1322 1707 1344 ne
1721 1312 1832 1356 quovis
1849 1322 1940 1356 prae-

1198 1370 1281 1397 textu
1306 1370 1336 1397 et
1360 1376 1396 1397 ex
1421 1376 1620 1409 quacumque
1645 1367 1749 1406 causa,
1774 1365 1938 1409 Hispanos,

1196 1419 1369 1461 Lusitanos,
1395 1419 1509 1459 Gallos,
1528 1411 1575 1451 rel
1601 1419 1783 1460 Germanos,
1800 1419 1940 1463 aliosque

1197 1483 1413 1516 quoscumque
1430 1473 1692 1513 ultramontanos,
1712 1478 1742 1505 et
1759 1483 1795 1505 ex
1810 1472 1939 1516 quibus-

1199 1526 1243 1558 vis
1264 1526 1340 1559 locis
1358 1531 1446 1559 extra
1466 1527 1587 1559 Italiam
1605 1526 1756 1560 oriundos
1769 1525 1789 1567 ¹,
1810 1537 1873 1560 non
1890 1537 1940 1560 so-

1198 1579 1263 1612 lum
1282 1579 1319 1611 ad
1346 1590 1472 1621 sacros,
1497 1580 1550 1612 sed
1575 1590 1677 1623 neque
1702 1580 1794 1612 etiam
1820 1579 1858 1612 ad
1882 1579 1940 1612 mi-

1198 1644 1291 1666 nores
1307 1633 1433 1667 ordines
1456 1634 1503 1666 vel
1530 1633 1707 1666 clericalem
1726 1633 1940 1666 characterem

1198 1697 1387 1731 promovere
1405 1686 1553 1729 audeant,
1575 1697 1629 1720 seu
1649 1691 1864 1731 praesumant,
1882 1686 1940 1719 nisi

1199 1740 1424 1773 dimissoriales
1448 1751 1577 1773 suorum
1599 1740 1839 1774 Ordinariorum
1864 1739 1942 1773 litte-

1199 1805 1249 1827 ras
1262 1805 1279 1827 a
1292 1793 1408 1827 nostris
1421 1798 1451 1827 et
1467 1794 1561 1827 huius
1580 1793 1710 1826 Sanctae
1723 1792 1811 1826 Sedis
1824 1792 1941 1826 nuntiis

1199 1858 1254 1880 seu
1272 1847 1495 1881 collectoribus
1509 1847 1540 1879 in
1561 1847 1621 1879 illis
1638 1846 1781 1891 partibus
1799 1856 1940 1879 commo-

1199 1901 1340 1934 rantibus
1358 1900 1536 1944 recognitas
1549 1905 1579 1932 et
1596 1900 1745 1944 probatas
1763 1903 1793 1933 et
1808 1899 1942 1932 subscri-

1199 1959 1266 1998 ptas
1280 1954 1430 1995 habeant,
1445 1953 1668 1987 eorumdemve
1689 1953 1873 1985 nuntiorum
1887 1962 1940 1986 seu

1199 2009 1404 2041 collectorum
1430 2007 1678 2051 subscriptiones
1697 2017 1715 2039 a
1734 2006 1859 2040 dilectio
1875 2006 1941 2039 filio

1199 2067 1308 2095 nostro
1334 2062 1364 2094 in
1385 2062 1467 2094 alma
1492 2062 1577 2095 Urbe
1601 2060 1718 2094 vicario
1743 2060 1774 2093 in
1800 2060 1941 2104 spiritua-

1200 2116 1282 2149 libus
1308 2115 1447 2159 gencrali
1464 2115 1609 2148 similiter
1633 2114 1837 2154 examinatae,
1854 2124 1942 2147 reco-

1200 2169 1304 2212 gnitae
1321 2174 1351 2201 et
1366 2169 1556 2212 approbatae
1572 2167 1702 2208 suerint;
1720 2167 1796 2200 alias
1817 2176 1943 2211 promo-

1202 2228 1316 2263 ventes,
1327 2222 1365 2255 ad
1374 2232 1489 2255 annum
1499 2222 1538 2254 ab
1547 2221 1696 2254 exercitio
1703 2220 1941 2264 pontificalium,

1200 2275 1337 2320 promoti
1355 2285 1429 2309 vero
1445 2279 1616 2319 perpetuae
1637 2274 1852 2318 suspensionis
1869 2284 1942 2318 poe-

1201 2340 1296 2371 nam,
1321 2330 1439 2373 absque
1469 2339 1523 2372 spe
1547 2327 1787 2372 dispensationis
1818 2338 1835 2360 a
1864 2327 1942 2361 Sede

1202 2384 1380 2428 Apostolica
1405 2383 1603 2423 obtinendae,
1628 2382 1790 2415 incurrant
1810 2392 1846 2416 eo
1864 2382 1942 2427 ipso.

1202 2439 1333 2482 Insuper
1362 2442 1525 2481 promotos
1557 2435 1759 2477 huiusmodi,
1784 2446 1819 2469 ae
1849 2435 1942 2469 etiam
1985 2443 2142 2464 Promniosau-

1202 2503 1265 2533 eos,
1290 2491 1343 2535 qui
1369 2501 1440 2524 cum
1465 2489 1559 2530 falsis,
1578 2490 1624 2522 vel
1642 2489 1732 2531 fictis,
1751 2494 1803 2522 aut
1818 2488 1944 2522 fiducia-
1958 2470 2142 2526 {fallnffit'l‘nsstlsslt

1203 2546 1257 2579 riis
1278 2544 1460 2590 patrimonii
1482 2543 1578 2577 titulis
1594 2544 1728 2577 scienter
1746 2554 1778 2577 se
1802 2543 1840 2576 ad
1863 2542 1944 2576 ordi·
1959 2525 2142 2576 iiiiinivunii'fems

1203 2611 1256 2635 nes
1289 2599 1470 2634 huiusmodi
1499 2599 1679 2643 promoveri
1711 2598 1855 2639 fecerint,
1880 2607 1943 2630 non

1238 2665 1250 2691 1
1271 2663 1390 2692 Erronee
1405 2663 1469 2691 edit.
1486 2662 1565 2691 Μαίη.
1583 2662 1646 2698 legit
1660 2661 1793 2690 oriundis
1806 2661 1844 2696 (a.
1860 2662 1908 2694 Τ.).

1958 1163 2136 1188 Ultramontanos.

1952 1191 2033 1217 absque
2065 1191 2137 1211 huius-

1952 1217 2008 1238 modi
2041 1217 2138 1238 dimisso-

1953 1243 2042 1264 rialibus
2052 1249 2065 1264 a
2074 1243 2138 1265 Sedis

1953 1270 2087 1296 apostolicae
2100 1270 2137 1290 mi-

1954 1297 2024 1317 nistris
2046 1297 2138 1317 recensi-

1954 1324 1995 1347 us,
2010 1323 2102 1344 ordinari
2117 1323 2138 1343 in

1954 1350 2015 1371 ltalia
2031 1350 2070 1370 sub
2087 1355 2138 1375 poe-

1954 1383 1981 1397 na
1995 1376 2139 1403 suspensionis

1956 1405 2020 1425 telnt.
