2269 3235
256 276 304 301 Αη.
323 274 351 302 c.
373 273 442 302 1625
486 265 550 299 292

273 1238 376 1258 tumeat
385 1238 434 1258 Gre-

250 1270 302 1290 ιοιίι
318 1266 404 1285 littera-⁴>

276 1504 318 1524 Sed
328 1509 374 1524 rum
383 1509 433 1524 non-

249 1531 305 1551 nulla
317 1537 326 1550 e
338 1533 410 1550 contra
421 1536 433 1550 a

250 1557 391 1580 Portum-tuae
402 1563 433 1577 re-

249 1584 280 1609 gis
288 1586 381 1603 nltntslw
390 1584 433 1603 sue-

250 1610 290 1629 rint
305 1611 406 1636 allegatffl

768 322 865 355 cxlx.

452 393 640 427 Comfmi'ssio
660 392 820 425 collectori
837 393 1076 436 Portuyczlliae,
1092 399 1191 427 utcu·

493 450 540 478 ret
564 447 601 478 in
624 446 731 489 reqnis
756 446 985 489 Porlugyalliae
1009 451 1038 480 et
1062 447 1186 490 Αἱμαν-

494 499 621 531 ὺὶονιιηι
639 498 840 542 supersederi
856 500 897 532 ab
914 501 1127 544 coeequutioue
1141 500 1190 534 lit-

495 556 639 584 terarum
661 552 811 595 Greyorii
830 552 860 585 X
873 552 894 585 l'
908 552 946 585 de
969 558 1189 597 exemplormn

491 604 677 648 privileqz'is
697 606 783 638 circa
808 616 921 638 curam
941 608 1133 640 animarum
1161 612 1189 640 el

494 658 817 692 admim'slralionem
836 666 1114 695 sacramentorum
1128 673 1191 695 mo-

491 711 637 744 nialium
646 713 855 753 monasteria,
868 718 896 746 et
912 715 1188 757 praedicationem

492 765 581 797 verbi
600 765 661 798 Dei
674 763 691 797 ¹.

449 835 564 864 Dilecto
583 836 645 863 fluo
666 837 810 871 magistro
831 838 934 864 Ioanni
955 838 1111 871 Baptistae
1128 840 1190 867 Dal-

485 880 557 914 loto,
577 880 607 907 in
624 880 751 914 utraque
766 881 923 915 signatura
939 881 1044 909 nostra
1059 883 1190 910 referen-

485 924 577 957 dario,
589 924 699 951 iurium
711 928 742 951 et
751 926 912 958 spoliorum
925 933 1056 953 camerae
1068 928 1190 954 nostrae

484 969 668 1002 apostolicae
681 969 711 995 in
723 969 927 1002 Portuqalliae
943 972 973 997 et
985 970 1190 1004 Alqarhiorum

483 1014 583 1048 regnis
600 1013 767 1041 debitorum
783 1014 940 1041 collectori
956 1015 1101 1049 generali,

650 1066 788 1093 Urbanus
809 1067 888 1100 Papa
909 1068 985 1095 VIII.

721 1120 836 1147 Dilecto
856 1120 910 1154 fili,

483 1164 613 1204 salutem
637 1167 668 1191 et
691 1165 889 1198 apostolicam
908 1166 1155 1194 benedictionem.

493 1226 507 1268 ἓ
532 1225 560 1258 ’1,
586 1226 668 1259 Alias
692 1237 710 1259 a
735 1226 832 1259 felicis
861 1227 1090 1261 reeordationis
1115 1229 1190 1262 Gre-

448 1279 539 1322 gorio
561 1279 642 1323 Papa
658 1280 709 1312 XV
725 1280 967 1324 praedecessore
984 1286 1092 1315 nostro
1111 1293 1192 1315 ema-

448 1336 562 1366 narunt
585 1332 706 1366 litterae
724 1334 842 1366 tenoris
860 1333 1088 1378 subsequentis,
1106 1335 1187 1369 vide-

448 1385 535 1419 licet:
563 1386 738 1430 Gregorius
762 1388 937 1431 episcopus,
955 1392 1013 1421 etc.
1032 1388 1191 1432 (Gregorii

449 1439 703 1473 constitutionem
718 1439 787 1473 vide
803 1440 833 1473 iu
852 1446 926 1474 tom.
944 1451 998 1482 xu,
1012 1452 1083 1485 pag.
1102 1442 1190 1487 656).

493 1493 507 1535 g
531 1493 560 1525 ⁶2.
582 1493 658 1527 Cum
675 1496 789 1534 autem,
807 1494 886 1528 sicut
903 1494 1092 1538 accepimus,
1106 1495 1190 1529 circa

449 1546 692 1590 exequutionem
716 1547 892 1580 litterarum
909 1548 1143 1592 praedictarum
1160 1549 1191 1582 in

448 1599 658 1643 Portugalliae
676 1605 705 1633 et
721 1601 945 1643 Algarbiorum
962 1602 1067 1645 regnis
1081 1602 1192 1636 sacien-

448 1653 530 1693 dam,
544 1653 693 1685 nonnulla
706 1664 763 1697 per
780 1653 928 1688 dilectum
945 1654 1046 1687 filium
1060 1655 1192 1688 Michae-

448 1706 509 1739 lem
527 1706 672 1739 Suarium
690 1707 825 1749 Pereira,
844 1708 1051 1751 negociorum
1077 1719 1192 1752 reguo-

448 1771 519 1793 rum
543 1761 724 1794 huiusmodi
745 1771 804 1804 pro
822 1761 984 1795 carissimo
1011 1763 1040 1794 in
1065 1763 1189 1795 Christo

448 1813 513 1847 filio
537 1818 645 1847 nostro
670 1814 816 1857 Philippo
842 1814 1052 1857 portugalliae
1077 1820 1106 1849 et
1129 1817 1187 1849 Al-

447 1867 633 1909 garbiorum
646 1877 722 1910 rege
736 1867 891 1900 catholico
901 1867 931 1899 in
944 1869 1082 1901 Romane*¹
1098 1869 1187 1901 curia

447 1924 602 1962 agentem,
628 1919 768 1952 eiusdem
793 1920 929 1964 Philippi
955 1922 1039 1963 regis
1063 1922 1189 1964 nomine

448 1983 554 2005 coram
580 1972 701 2005 dilectis
724 1973 796 2006 filiis
820 1974 936 2007 nostris
960 1974 1123 2008 Dominico
1144 1977 1187 2008 Ss.

448 2026 619 2059 Duodecim
638 2026 864 2070 Apostolorum
882 2027 1059 2071 Gymnasio,
1076 2028 1189 2061 Ioanne

449 2080 558 2113 Garzia
582 2081 626 2113 Ss.
651 2080 790 2119 Quatuor
813 2081 1042 2114 Coronatorum
1062 2082 1189 2123 Milliuo,

449 2144 484 2166 ac
509 2133 655 2177 Scipione
675 2134 704 2167 S.
726 2134 896 2175 Susmmae,
913 2145 1034 2168 necnon
1054 2136 1189 2169 Antonio

449 2186 478 2218 S.
502 2186 656 2230 Onuphrii
683 2187 844 2221 titulorum
870 2188 1062 2232 presbyteris
1086 2189 1188 2222 cardi-

448 2240 571 2273 nalibus
582 2240 755 2284 respective
764 2242 951 2285 nuncupatis
968 2242 1007 2274 ad
1023 2242 1054 2275 id
1068 2252 1085 2274 a
1097 2242 1189 2275 nobis

448 2293 624 2337 specialiter
648 2294 804 2337 deputatis
828 2295 961 2328 deducta
985 2296 1117 2336 fuerintg
1142 2295 1189 2328 id-

448 2347 531 2380 circe
549 2347 648 2381 donec
665 2347 808 2389 deducta,
821 2352 854 2382 ut
867 2349 1054 2392 praefertur,
1068 2354 1098 2382 et
1110 2359 1190 2393 quae

448 2400 629 2433 dmzlucenda
652 2401 777 2443 suerint,
799 2412 857 2445 per
877 2401 1086 2443 Dominicum,
1105 2403 1190 2435 Ioan-

447 2463 517 2485 nem
542 2453 684 2487 Garziam
698 2481 706 2495 ,
740 2454 919 2498 Scipionem
955 2459 986 2487 et
1020 2455 1189 2488 Antonium

448 2507 621 2540 iau-dinates
645 2507 843 2552 praedictos,
873 2518 929 2541 seu
954 2508 1032 2542 alios
1056 2519 1073 2541 a
1098 2508 1188 2541 nobis

448 2571 542 2604 super
558 2561 606 2594 liis
624 2561 829 2605 deputandos,
848 2561 1001 2595 maturius
1018 2567 1048 2595 et
1065 2562 1189 2606 plenius

448 2613 612 2646 videantur
636 2619 730 2659 atque
754 2615 1010 2651 considerentur2

483 2678 494 2703 1
518 2676 555 2703 Ex
576 2675 684 2712 Regest.
705 2677 732 2705 in
752 2663 853 2705 Secret.
874 2677 952 2705 Brev.

1031 275 1207 300 BULLAIUUM
1232 275 1386 299 ΠΟΜΛΝΠΜ

1977 277 2027 304 An.
2043 276 2072 304 C.
2093 275 2162 304 1625

1267 324 1281 367 g
1305 323 1334 356 3.
1361 324 1443 356 Motu
1460 323 1591 367 proprio
1612 327 1642 355 et
1666 333 1701 356 ex
1723 325 1808 357 certa
1833 324 1962 358 seientia
2004 338 2162 365 νωκῑριιυν-

1222 387 1258 410 ac
1282 378 1406 410 matura
1438 376 1665 409 deliberatione
1692 377 1830 419 nostris,
1862 378 1962 422 deque
1978 365 2033 412 332⁰
2037 371 2086 421 {bs-'i
2096 371 2162 412 1332}

1223 430 1411 473 apostolicae
1435 429 1596 473 potcstatis
1610 429 1813 473 plenitudine,
1833 430 1888 463 tibi
1906 441 1963 475 per
1978 419 2126 445 ⁰¹⁹q¹'¹¹⁸¹⁰⁰⁹'

1223 488 1404 526 praesentes
1424 483 1652 517 committimus
1670 488 1700 516 et
1717 482 1912 524 mandamus,
1930 489 1963 516 ut.

1224 535 1255 568 in
1293 536 1399 579 regnis
1436 536 1645 579 portugalliae
1681 541 1711 569 et
1743 535 1962 579 Algarbiorum

1222 588 1391 632 praedictis
1408 594 1528 622 tantum
1546 588 1584 621 ad
1601 588 1858 632 exequutionem¹
1871 599 1963 632 prae-

1224 642 1411 676 insertarum
1432 643 1608 676 litterarum
1626 642 1807 676 huiusmodi
1824 653 1966 687 superse-

1223 695 1310 736 deri,
1331 697 1515 730 auctoritatc
1540 698 1665 737 nostra,
1691 707 1782 729 cures
1806 702 1836 730 et
1860 696 1964 739 facias,

1224 750 1323 783 donec
1347 751 1437 784 aliter
1460 762 1477 783 a
1501 751 1592 783 nobis
1616 761 1671 783 seu
1695 750 1844 784 Romanis
1863 750 1965 784 Ponti—

1224 803 1335 835 ficibus
1346 804 1580 836 successoribus
1597 804 1712 838 nostris
1728 804 1889 848 provisum
1903 804 1966 837 fue-

1225 856 1282 895 rit3
1308 856 1555 889 contradictores
1580 857 1736 900 quoslibet
1760 862 1789 890 et
1814 857 1964 899 rebelles,

1224 918 1259 940 ac
1277 908 1331 940 tibi
1346 909 1377 940 iu
1391 910 1450 941 lioc
1461 919 1523 942 nou
1540 915 1695 952 parentes,
1712 920 1768 953 per
1785 910 1964 950 sententias

1225 971 1374 993 censuras
1398 966 1427 993 et
1452 972 1569 1004 poenas
1586 963 1822 1004 ecclesiasticas,
1844 963 1965 1007 aliaque

1225 1019 1403 1058 opportuna
1427 1014 1504 1047 iuris
1521 1018 1551 1048 et
1566 1015 1636 1048 sacti
1654 1016 1805 1057 remedia,
1829 1017 1966 1060 appella-

1226 1067 1308 1100 tione
1332 1068 1526 1111 postposita,
1552 1069 1799 1112 compescendo,
1823 1069 1966 1103 invocato

1225 1121 1318 1153 etiam
1336 1121 1374 1153 ad
1391 1121 1462 1162 hoc,
1479 1121 1505 1154 si
1521 1132 1599 1165 opus
1624 1122 1729 1163 suerit,
1754 1122 1870 1156 auxilio
1894 1122 1966 1157 bra-

1225 1175 1287 1207 chii
1310 1175 1471 1208 secularis.

1270 1226 1284 1269 §
1298 1225 1327 1258 4.
1340 1226 1407 1259 Non
1424 1226 1621 1260 obstantibus
1638 1227 1842 1271 praeinsertis
1854 1227 1966 1274 litteris

1225 1278 1421 1319 huiusmodi,
1447 1279 1622 1323 ceterisque
1647 1281 1677 1313 in
1702 1280 1896 1314 contrarium
1916 1281 1962 1313 ta-

1225 1331 1379 1365 cientibus
1403 1332 1665 1378 quibuscumque.

1269 1386 1381 1428 Datum
1402 1386 1535 1427 Romae,
1571 1387 1653 1430 apud
1683 1387 1711 1420 S.
1743 1387 1883 1428 Petrum,
1908 1388 1966 1420 sub

1226 1440 1342 1472 annulo
1370 1439 1547 1480 Piscatoris,
1565 1440 1616 1473 die
1646 1451 1680 1473 111
1700 1440 1803 1474 martii
1822 1451 1964 1480 mcxxv,

1225 1492 1426 1535 pontificatus
1450 1493 1550 1526 nostri
1567 1504 1650 1527 anno
1667 1504 1698 1527 11.

1262 1545 1319 1573 Dat.
1336 1546 1380 1573 die
1397 1546 1413 1574 3
1429 1546 1517 1574 martii
1535 1546 1612 1579 1625,
1635 1547 1728 1582 pontif.
1746 1555 1815 1575 anno
1831 1554 1857 1574 u.

1982 1239 2091 1260 Contraria
2103 1240 2164 1261 tollit.

1553 1662 1637 1696 CXX.

1225 1723 1396 1757 [adultum
1414 1725 1618 1758 Tiniensibus
1631 1725 1846 1769 consequendi
1858 1725 1966 1759 indul-

1267 1778 1413 1821 9ent2'am
1430 1779 1513 1811 anni
1533 1778 1671 1812 iubilaei
1684 1779 1720 1811 in
1735 1779 1807 1822 ipsct
1819 1779 1967 1812 Tiniensi

1268 1831 1381 1863 z'rzsttla
1393 1830 1412 1862 ⁹.

1428 1893 1565 1920 Urbanus
1586 1894 1664 1927 Papa
1684 1894 1761 1927 VIII,

1224 1936 1378 1964 Universis
1394 1936 1642 1964 christifidelibus
1656 1940 1833 1971 praesentes
1846 1938 1966 1969 litteras

1259 1981 1454 2015 inspecturis,
1471 1982 1600 2008 salutem
1617 1984 1648 2009 et.
1663 1983 1860 2016 apostolicam
1874 1983 1964 2010 hene-

1259 2025 1428 2053 dictionem.

1268 2078 1409 2111 Salvator
1432 2084 1539 2112 noster
1557 2079 1708 2112 Dominus
1724 2080 1810 2113 Iesus
1826 2079 1965 2114 Christus

1223 2132 1277 2164 Dei
1301 2132 1410 2174 filius,
1437 2132 1526 2165 cuius
1557 2133 1630 2165 licet
1653 2133 1802 2165 immeriti
1827 2133 1909 2166 vices
1934 2134 1964 2165 iu

1224 2186 1316 2218 terris
1341 2186 1491 2228 gerimus,
1521 2186 1559 2219 ad
1588 2187 1647 2219 hoc
1678 2186 1769 2220 nobis
1794 2187 1911 2229 ligandi
1936 2192 1965 2220 et

1223 2239 1362 2272 solvendi
1386 2244 1573 2282 potestatem
1598 2240 1721 2272 tradere
1740 2240 1847 2279 voluit,
1865 2244 1898 2274 ut
1919 2250 1966 2272 su-

1222 2302 1279 2335 per
1306 2292 1373 2325 eius
1397 2303 1527 2335 gregem
1553 2293 1740 2326 excubantes
1765 2293 1848 2325 illius
1873 2294 1964 2326 saluti

1222 2349 1351 2389 paterne
1372 2346 1601 2379 incumbamus*

1267 2400 1282 2443 ἓ
1307 2400 1335 2432 l.
1362 2400 1441 2433 Ilinc
1465 2403 1511 2433 est
1542 2400 1626 2443 quod
1659 2410 1736 2441 uos,
1770 2400 1964 2434 attendentes
1979 2406 2164 2459 §pseussjeffdgffi

1223 2453 1360 2497 populos
1380 2456 1409 2486 et
1425 2463 1575 2496 personas
1592 2453 1700 2486 fideles
1717 2453 1836 2486 insulae
1852 2453 1964 2486 Tinen—
1979 2448 2020 2506 ’Ἤ
2033 2465 2164 2507 ffiss‘gmfflss‘g

1223 2507 1265 2540 sis
1289 2507 1330 2540 ob
1355 2517 1500 2550 magnam
1531 2507 1709 2542 distantiam
1734 2512 1765 2541 et
1788 2507 1965 2551 longinqui·
1979 2512 2089 2537 0⁰¹¹&er

1222 2565 1327 2602 tatem,
1353 2561 1476 2605 aliaque
1500 2561 1639 2604 legitima
1657 2561 1893 2605 impedimenta,
1909 2570 1964 2593 seu

2009 2090 2127 2111 litor-tium.

1259 2633 1270 2659 1
1288 2631 1431 2659 Viden-etur
1446 2632 1592 2668 legendum
1605 2632 1640 2660 ab
1655 2632 1849 2668 eaeequutione
1863 2631 1904 2667 (n.
1915 2633 1963 2665 T.).

1258 2675 1274 2703 2
1294 2675 1331 2703 Ex
1352 2676 1459 2712 Regest.
1480 2676 1506 2703 in
1525 2676 1626 2704 Secret.
1647 2676 1722 2704 Brev-
