2269 3235
109 260 162 286 An.
179 260 209 287 C.
228 258 295 286 162AE

915 258 1055 281 [intimus
1082 258 1134 280 Vlll
1157 258 1203 280 ΙΨ.

109 306 407 346 „usnimada-dictae
439 306 613 340 redditibus
642 312 672 339 et
705 307 839 346 iuribus,
869 315 1043 349 poenarum
1080 316 1187 338 carum
1213 310 1242 338 et
1266 304 1540 338 bannimentorum
1565 301 1700 345 desuper
1725 301 1821 335 edito-

109 348 228 370 bunalibus.

146 963 228 985 indulta
243 967 293 989 quo·

112 996 152 1017 que
162 990 217 1011 bona
231 990 292 1009 certis

110 1017 205 1044 personis
227 1015 293 1036 infeu-

111 1043 188 1068 daudi;

134 1336 296 1362 frumentaque,

112 1363 197 1389 aliaque
208 1363 295 1383 huiusce

113 1395 194 1415 generis
233 1389 296 1410 blada

112 1416 295 1439 extrahendi,ads-

112 1443 216 1469 portandi.
232 1445 272 1463 ete.

308 371 449 405 quoque,
475 361 701 395 maleficiorum
728 365 757 393 et
782 358 964 393 introituum
990 369 1044 402 ap-

308 414 503 459 plicationes,
528 414 810 459 appropriationes,
835 421 957 444 necnon
978 421 1046 444 can-

309 467 518 510 cellariarum,
543 467 766 507 notariatuum,
791 475 846 498 seu
874 464 1045 497 bancarum

309 521 447 555 civilium
476 526 506 555 et
535 519 761 559 criminalium,
787 518 1046 557 secretariarum,

309 579 340 607 et
368 574 492 608 illarum
522 573 824 612 emolumentorum,
849 570 1047 614 aliorumque

310 627 427 660 iurium
459 632 489 660 et
520 626 674 659 bonorum
711 624 869 658 stabilium
904 634 1048 658 camerae

310 686 341 714 et
365 680 624 715 communitatum
648 678 892 722 praedictarum,
910 677 1048 712 cuiusvis

310 734 465 779 qualitatis
489 738 518 766 et
542 732 739 776 quantitatis,
765 732 898 775 gratias,
924 743 1049 766 conces-

310 788 412 822 siones
427 792 456 821 et
468 786 670 820 alienationes
687 797 900 831 quascumque
917 787 948 819 in
964 797 1050 831 prae-

310 841 459 875 iudicium
483 840 667 874 earumdem
692 851 835 874 camerae
860 846 890 874 et
912 835 1051 874 cominu-

308 895 457 935 nitatum,

352 947 367 992 g
391 947 442 981 14.
469 948 597 983 Necnon
622 948 741 982 indulta
761 948 799 981 de
822 948 913 982 bonis
939 948 1052 983 stabili-

308 1001 366 1034 bus
383 1006 413 1035 et
425 1002 546 1035 iuribus
560 1002 699 1036 eiusdem
714 1014 866 1044 camerae,
880 1004 912 1036 in
929 1003 1052 1036 civitate

309 1059 417 1090 nostra
451 1061 481 1089 ct
512 1056 656 1090 districtu
680 1057 873 1090 Ferrariensi
899 1068 954 1090 seu
978 1057 1052 1089 alibi

311 1109 564 1151 consistentibus,
586 1111 680 1144 certis
704 1111 846 1154 personis
872 1114 990 1144 tantum
1011 1110 1054 1142 i11-

311 1162 482 1205 feudandis,
500 1174 556 1208 per
573 1164 643 1208 piae
667 1164 838 1198 memoriae
863 1164 1051 1207 Gregorium

311 1216 426 1260 Papam
436 1217 497 1257 XV,
507 1217 599 1250 etiam
610 1217 886 1262 praedecessorem
900 1223 1052 1259 nostrum,

312 1280 460 1303 concessa
470 1270 489 1311 ¹,

356 1323 371 1367 ξ
395 1323 446 1357 15.
472 1324 514 1357 Ac
539 1324 646 1357 omnia
670 1329 700 1358 et
729 1325 852 1368 singula
876 1324 1053 1369 privilegia,

311 1376 451 1410 licentias
487 1382 517 1411 et
546 1378 707 1412 facultates
740 1379 917 1419 frumenta,
943 1378 1053 1418 blada,

310 1430 480 1474 legumina,
505 1432 661 1473 animalia,
686 1432 802 1473 oleum,
827 1432 924 1466 olivas
949 1437 979 1465 et
995 1432 1054 1464 alia

311 1495 538 1529 quaecumque,
548 1491 612 1518 tam
626 1496 782 1519 annonam
795 1497 890 1530 quam
900 1486 1053 1529 grasciam

312 1538 552 1580 concernentia,
585 1539 678 1572 etiam
709 1540 741 1572 in
775 1539 914 1584 propriis
946 1550 1054 1573 eorum

311 1591 449 1635 praediis
463 1597 492 1625 et
505 1593 768 1636 possessionibus,
778 1593 862 1636 agris
876 1598 905 1625 et
923 1594 1056 1626 terrenis

312 1655 371 1689 pro
396 1648 537 1689 tempore
560 1646 738 1686 recollecta,
758 1651 822 1679 tam
847 1646 885 1679 ad
910 1646 1054 1680 effectum

313 1704 402 1732 extra
425 1700 546 1733 Statum
567 1700 831 1740 Ecclesiasticum,
850 1711 944 1743 quam
963 1700 1056 1733 etiam

313 1752 352 1785 ad
375 1753 444 1787 loca
465 1753 598 1787 mediate
618 1754 666 1786 vel
684 1753 865 1787 immediate
885 1753 956 1787 Sedi
976 1755 1057 1798 Apo-

315 1807 442 1841 stolicae
467 1807 618 1849 subiecta,
636 1813 858 1852 praeterquam
879 1808 917 1840 ad
939 1808 1055 1841 Urbem

314 1861 506 1905 praedictam
527 1862 718 1906 asportandi,
732 1862 825 1896 etiam
842 1867 986 1906 tempore
1007 1873 1058 1895 an-

314 1924 415 1948 nonae
446 1915 652 1958 difficultatis,
678 1921 708 1949 et
734 1927 793 1960 pro
824 1927 883 1949 usu
907 1916 1056 1960 proprio,

315 1969 361 2002 vel
380 1969 418 2002 ad
435 1970 582 2004 effectum
600 1970 631 2003 in
656 1980 766 2003 eorum
787 1970 835 2003 vel
860 1970 969 2003 alienis
993 1971 1058 2014 qui-

314 2021 424 2056 busvis
453 2023 641 2057 molendinis
672 2023 827 2065 molendi,
853 2024 917 2057 sive
952 2026 1057 2065 terra,

315 2075 380 2108 sive
405 2076 494 2118 mari,
512 2077 559 2110 vel
577 2088 635 2121 per
651 2088 765 2121 aquam
783 2077 917 2119 dulcem,
936 2088 972 2110 ex
989 2077 1056 2120 qui-

318 2129 515 2174 buscumque
529 2130 633 2164 Status
646 2131 747 2164 nostri
761 2130 970 2164 Ecclesiastiei
984 2134 1059 2164 tem-

316 2184 433 2226 poralis
447 2185 629 2228 provinciis,
648 2190 678 2218 et
703 2186 796 2218 etiam
821 2196 838 2218 a
862 2185 945 2218 dieta
963 2185 1058 2226 Urbe,

317 2246 352 2268 ae
376 2237 562 2279 civitatibus,
584 2238 687 2280 terris,
708 2239 819 2272 castris
844 2243 874 2272 et
898 2239 986 2279 locis,
1011 2249 1060 2272 co-

318 2301 452 2334 rumque
476 2292 645 2333 territoriis
677 2298 707 2326 et
730 2293 944 2333 districtibus,
969 2293 1059 2326 nobis

319 2348 348 2375 et
372 2343 471 2378 dictae
497 2351 620 2379 sanctae
638 2346 795 2379 Romanae
817 2346 974 2380 Ecclesiae
998 2357 1061 2380 me-

318 2395 400 2429 diate
422 2397 470 2429 vel
491 2397 669 2432 immediate
687 2400 847 2441 subiectis,
865 2400 1060 2440 extrahendi,

318 2454 371 2482 aut
388 2449 441 2482 illa
454 2450 536 2484 ultra
548 2462 640 2484 usum
660 2458 770 2486 contra
795 2458 899 2486 tamen
925 2453 1059 2487 formam

319 2503 578 2537 constitutionum
603 2510 632 2538 et
657 2506 892 2541 ordinationum
915 2507 1061 2551 apostoli-

356 2630 366 2656 1
383 2628 543 2657 Huiusmodi
559 2630 684 2666 Gregorii
699 2631 744 2658 XV
759 2636 889 2660 statutum
905 2640 960 2660 non
979 2631 1063 2659 liabe-

320 2676 363 2700 tur
378 2673 403 2700 in
424 2673 558 2701 Bullarz'o
573 2674 612 2709 (n.
630 2674 678 2707 1,).

1081 370 1150 390 rum
1169 363 1198 391 et
1218 358 1411 391 edendorum
1429 356 1562 399 emendi,
1580 367 1625 395 ac,
1643 360 1675 388 ut
1695 355 1820 394 dicitur,

1081 412 1173 444 etiam
1199 412 1381 453 inccttandi,
1408 422 1465 456 per
1489 420 1705 455 quoscumque
1729 420 1820 453 prae-

1081 464 1263 497 decessores
1294 470 1439 505 nostros,
1471 476 1507 498 ac
1539 475 1617 504 nos,
1649 468 1679 496 et
1709 462 1821 496 Sedem

1081 517 1403 560 p1·aedietam,etiam
1431 523 1518 550 motu
1543 517 1673 561 proprio
1698 522 1728 549 et
1753 526 1823 549 con-

1082 570 1289 612 sistorialitcr,
1300 583 1335 604 ac
1352 576 1476 603 sauctae
1492 571 1649 603 Romanae
1668 569 1824 602 Ecclesiae

1083 625 1290 657 camerarium
1317 629 1347 657 ct
1371 634 1527 657 cameram
1549 623 1751 667 praedictam,
1769 633 1824 655 seu

1084 679 1176 711 etiam
1198 679 1332 721 legatos,
1359 678 1561 721 vicclegatos,
1586 678 1824 720 gubernatores,

1084 731 1234 766 officiales
1259 737 1288 765 ct
1317 731 1498 773 ministros,
1524 730 1706 774 quibusvis,
1731 730 1825 762 etiam

1085 785 1310 826 Avenionensi,
1336 784 1548 824 Feri-ariensi,
1573 784 1825 823 Beneventanae,

1085 844 1115 872 et
1140 839 1208 872 aliis
1233 839 1325 872 etiam
1351 838 1477 882 speciali
1494 839 1569 870 nota
1593 836 1696 879 dignis
1720 836 1828 869 civita-

1086 893 1177 933 tibus,
1203 898 1233 926 et
1256 893 1382 926 illarum
1408 891 1626 935 regiminibus,
1651 889 1828 923 communi-

1086 946 1201 979 tatibus
1222 952 1251 979 et
1277 945 1542 987 universitatibus,
1564 955 1686 978 necnon
1703 943 1828 977 familiis

1087 1004 1117 1034 et
1141 1000 1309 1039 nobilibus,
1327 999 1534 1043 principibus,
1552 998 1684 1031 ducibus
1701 1002 1731 1030 et
1748 1007 1830 1030 mar-

1088 1054 1263 1094 chionibus,
1288 1052 1469 1093 baronibus,
1495 1052 1686 1092 domicellis,
1711 1056 1741 1085 et
1764 1051 1830 1095 qui-

1087 1107 1194 1140 busvis
1226 1106 1294 1140 aliis
1326 1106 1486 1150 personis,
1511 1116 1710 1150 quacumque
1735 1105 1829 1138 etiam

1088 1161 1269 1206 episcopali,
1288 1160 1559 1204 archiepiscopali,
1580 1159 1782 1204 patriarchali
1799 1164 1830 1192 et.

1088 1215 1320 1255 cardinalatus,
1346 1214 1470 1258 aliaque
1496 1218 1556 1248 tam
1583 1213 1716 1246 seculari
1736 1223 1830 1256 quam

1089 1268 1298 1302 ecclesiastica
1328 1268 1478 1311 dignitate
1502 1267 1712 1310 fulgentibus,
1737 1267 1830 1299 etiam

1089 1323 1210 1356 ratione
1235 1322 1474 1366 guberniorum,
1499 1325 1529 1356 ct
1552 1321 1687 1354 aliorum
1712 1320 1831 1354 officio-

1089 1388 1160 1410 rum
1175 1380 1205 1410 et
1221 1387 1389 1409 munerum
1407 1375 1451 1408 eis
1465 1374 1719 1415 commissorum,
1737 1373 1830 1406 etiam

1090 1441 1148 1473 pro
1173 1440 1205 1463 se
1230 1435 1260 1462 et
1283 1429 1365 1469 liliis,
1391 1439 1565 1472 eorumque
1589 1427 1778 1460 haeredibus
1803 1431 1833 1459 et

1089 1483 1373 1526 descendentibus,
1404 1493 1527 1515 necnon
1561 1481 1766 1514 familiaribus
1803 1485 1833 1513 et

1090 1537 1352 1577 inservientibus,
1378 1537 1498 1570 colonis
1529 1536 1622 1569 etiam
1652 1534 1832 1579 partiariis,

1089 1590 1322 1624 laboratoribus
1339 1595 1368 1623 et
1385 1589 1577 1629 affictuariis,
1595 1600 1630 1622 ac
1647 1600 1706 1632 pro
1722 1598 1833 1621 eorum

1089 1644 1280 1684 civitatibus,
1295 1643 1398 1684 terris,
1413 1643 1533 1683 castris,
1558 1642 1649 1682 villis,
1668 1641 1834 1682 casalibus,

1089 1698 1237 1742 praediis,
1263 1697 1370 1737 vineis,
1396 1701 1425 1729 et
1449 1696 1518 1729 aliis
1542 1695 1634 1729 bonis
1658 1695 1834 1735 stabilibus,

1090 1752 1257 1793 fructibus,
1275 1751 1398 1784 iuribus
1423 1755 1452 1783 et
1476 1749 1663 1790 actionibus,
1681 1754 1834 1793 perpetuo

1091 1806 1137 1839 vel
1163 1806 1201 1839 ad
1226 1811 1360 1849 tempus,
1378 1816 1413 1837 ac
1438 1804 1469 1837 in
1494 1809 1560 1837 toto
1585 1803 1632 1836 vel
1650 1813 1709 1846 pro
1734 1807 1834 1846 parte,

1090 1865 1120 1893 et
1145 1860 1238 1893 etiam
1255 1861 1350 1892 eausa
1371 1858 1588 1903 cmporiorum
1606 1867 1661 1890 seu
1685 1856 1836 1889 nundina-

1090 1924 1160 1946 rum
1186 1913 1279 1947 etiam
1303 1912 1523 1956 publicarum,
1549 1916 1602 1944 aut
1630 1910 1719 1951 alias,
1744 1915 1774 1943 et
1799 1920 1835 1943 ex

1090 1966 1200 2010 quavis
1224 1968 1329 2006 causa,
1355 1965 1449 1999 etiam
1473 1965 1505 1998 in
1529 1974 1768 2008 recompensam
1792 1964 1836 1996 la-

1091 2021 1216 2063 borum,
1229 2020 1417 2052 damnorum
1434 2029 1610 2062 passorum,
1625 2027 1836 2061 expensarum

1092 2076 1139 2108 vel
1173 2074 1384 2115 meritorum,
1410 2084 1466 2106 seu
1497 2073 1623 2106 illorum
1656 2072 1781 2112 intuitu,
1806 2075 1837 2104 et

1092 2129 1153 2162 alia
1178 2127 1379 2172 quantumvis
1403 2125 1626 2170 urgentissima
1658 2136 1694 2158 ac
1722 2125 1760 2158 de
1785 2135 1837 2158 ne-

1092 2182 1235 2216 cessitate
1259 2180 1465 2224 cxprimenda
1489 2180 1602 2220 causa,
1627 2179 1685 2212 sub
1705 2178 1836 2222 quibus-

1093 2246 1230 2279 cumque
1261 2234 1430 2267 verborum
1461 2234 1570 2267 formis
1603 2238 1632 2266 et
1663 2232 1835 2273 tenoribus,

1093 2301 1128 2323 ac
1154 2300 1225 2323 cum
1250 2288 1412 2332 quibusvis
1446 2287 1594 2320 clausulis
1625 2292 1655 2319 et
1679 2286 1835 2327 decretis,

1093 2344 1215 2377 etiamsi
1241 2343 1271 2375 in
1296 2342 1480 2386 appaltuum
1505 2352 1560 2374 seu
1584 2340 1776 2373 locationum
1794 2340 1836 2372 in-

1094 2397 1276 2431 strumentis
1300 2396 1463 2441 provisum
1494 2401 1524 2428 et
1555 2399 1681 2428 cautum
1705 2394 1745 2427 sit
1769 2394 1836 2427 illas

1094 2450 1256 2484 observari
1280 2449 1405 2490 debere,
1427 2449 1702 2492 appaltatoresque
1720 2451 1749 2482 et
1766 2457 1836 2481 con—

1094 2505 1241 2538 ductores
1258 2503 1296 2536 ad
1314 2503 1439 2536 illarum
1454 2502 1708 2536 observationem
1725 2502 1836 2542 teneri,

1095 2570 1130 2592 ac
1147 2559 1226 2599 illas,
1243 2557 1540 2601 quomodocumque
1558 2560 1588 2590 et
1611 2556 1837 2601 qualitercum-

1095 2622 1155 2655 que
1172 2612 1332 2651 hactenus,
1347 2611 1378 2643 in
1392 2621 1506 2654 genere
1521 2610 1569 2643 vel
1586 2610 1618 2643 in
1643 2610 1756 2654 specie,
1774 2615 1837 2642 tam

1095 2671 1175 2707 ante,
1193 2676 1287 2709 quam
1313 2670 1383 2709 post
1403 2664 1544 2699 eiusdem
1568 2664 1655 2698 Pauli
1680 2664 1703 2697 V
1721 2668 1751 2698 et
1767 2663 1839 2697 alio-

1724 243 1787 276 02‘27
1835 253 1882 279 An.
1900 253 1927 279 e.
1951 253 2018 280 1624
