2269 3235
108 263 161 291 An.
179 263 208 292 G.
228 262 295 291 1624

916 264 1058 288 URBANUS
1083 263 1137 288 vm
1158 265 1206 288 1³1².

307 316 431 355 tempus
461 311 676 355 quadriennii,
702 323 759 357 per
783 311 901 345 dictum
927 312 1047 345 Sixtum

306 365 582 409 praedecessorem
619 365 781 410 prorogati
817 375 872 398 seu
899 364 938 397 de
966 375 1047 398 novo

306 419 456 459 concessi,
471 420 509 452 de
523 419 654 453 consilio
673 418 896 452 venerabilium
916 419 1046 451 fratrum

306 478 430 506 sanctae
463 473 621 506 Romanae
653 472 810 505 Ecclesiae
840 471 1046 504 cardinalium

306 526 560 569 congregationis
590 526 795 565 Germaniae,
819 525 867 558 bis
892 524 930 557 ad
964 525 1047 558 aliud

305 579 554 623 quinquennium
569 579 749 612 extenderat
761 584 791 612 et
807 583 1047 622 prorogaverat,

306 637 335 665 et
359 638 512 676 quatenus
532 633 654 676 lapsum
673 637 754 665 esset
774 632 856 665 idem
879 632 1047 673 indultum,

305 685 343 718 de
367 697 448 720 novo
473 691 680 727 concesserat,
701 686 786 719 iuxta
811 686 946 719 sormam
969 685 1049 718 litte-

304 749 411 772 rarum
437 739 524 772 Pauli
548 740 585 772 tv
602 739 856 783 praedecessoris
877 738 1046 783 praedicti;

305 791 346 824 ita
369 797 491 834 tamen,
516 797 549 825 ut
573 793 690 836 prioris
723 792 904 825 huiusmodi
934 792 1046 825 indulti

304 846 489 889 prorogatio
513 857 568 879 seu
593 847 754 880 concessio
780 857 842 880 non
868 846 1048 879 extendere-

303 903 356 932 tur
379 899 417 932 ad
442 900 642 933 canonicatus
671 904 700 934 et
725 900 921 944 praebendas
951 901 1047 933 eccle—

251 949 256 953 ’
304 951 367 984 siae
385 953 658 996 metropolitanae,
672 953 709 986 ad
727 954 859 987 vicarias
873 964 948 986 vero
965 953 1043 986 tam¹

303 1004 404 1038 dictae
429 1006 697 1050 metropolitanae,
715 1017 810 1051 quam
835 1007 968 1039 aliarum
995 1017 1045 1039 ec-

305 1058 472 1091 clesiarum
498 1059 639 1092 omnium
665 1059 766 1092 dictae
791 1060 934 1100 civitatis,
952 1059 1044 1092 etiam

304 1111 343 1144 ad
367 1123 438 1152 eos,
462 1113 516 1156 qui
541 1113 572 1145 in
596 1113 656 1146 alia
681 1122 775 1157 quam
807 1114 838 1145 in
870 1113 1045 1147 Coloniensi

304 1165 465 1198 academia
491 1166 625 1209 gradum
650 1167 877 1210 suscepissent,
898 1167 975 1199 illud
996 1177 1046 1199 ex-

305 1222 428 1252 tensum
459 1230 526 1252 esse
557 1219 699 1252 voluerat
731 1225 761 1252 et
793 1220 975 1252 extenderat
1010 1230 1044 1252 ae

304 1272 523 1315 ampliaverat;
542 1273 648 1305 volens
666 1276 695 1306 et
712 1272 857 1305 inhibens
875 1272 915 1315 (si
932 1272 1044 1315 aliquis

303 1325 482 1358 nominatus
506 1325 707 1365 beneficium,
733 1325 771 1358 ad
795 1325 880 1369 quod
903 1326 1045 1358 nomina-

302 1381 352 1409 tus
374 1377 492 1418 suisset,
508 1378 670 1421 resignare
690 1379 799 1421 vellet)
817 1389 856 1411 ne
873 1378 1044 1418 ullomodo,

302 1430 362 1463 nisi
387 1431 418 1463 in
443 1432 586 1464 manibus
618 1432 749 1465 Romani
781 1432 962 1473 Pontificis,
992 1437 1045 1465 aut

302 1485 409 1517 nuncii
441 1486 604 1529 apostolici
640 1486 671 1518 in
707 1486 791 1518 dicta
827 1485 950 1518 civitate
986 1497 1044 1529 pro

303 1543 446 1582 tempore
471 1539 624 1582 degentis,
649 1539 831 1572 huiusmodi
854 1539 1044 1572 beneficium

303 1591 336 1624 in
359 1593 500 1626 savorem
525 1593 664 1633 alterius,
690 1604 707 1625 a
732 1597 855 1627 rectore
872 1598 902 1626 et
919 1593 1044 1626 decanis

304 1646 472 1691 praedictis
496 1646 689 1687 nominandi,
709 1657 766 1680 nec
782 1658 840 1691 per
864 1647 1045 1690 resignatio-

304 1709 377 1732 nem
402 1699 479 1732 illud
506 1710 563 1732 nec
580 1711 637 1743 per
655 1701 920 1743 permutationem
944 1701 1045 1733 dimit-

306 1756 370 1787 tere
384 1758 504 1797 posset;
518 1753 676 1797 quodque,
689 1754 813 1787 nonnisi
828 1759 950 1787 servato
964 1754 1045 1787 inter

305 1807 528 1851 competitores
555 1818 722 1848 concursu,
747 1818 765 1839 a
789 1818 878 1840 sacro
907 1808 1045 1841 Concilio

305 1861 487 1894 Tridentino
512 1861 543 1894 in
568 1861 787 1894 collationibus
815 1862 1044 1905 parochialium

305 1914 509 1947 ecclesiarum
522 1915 728 1959 praescripto,
742 1915 780 1948 ad
798 1915 1000 1948 canonicatus
1017 1921 1045 1948 et

306 1968 500 2012 praebendas
525 1968 702 2012 praedictos
726 1969 890 2002 nominare
914 1974 943 2002 et
971 1980 1045 2002 con-

306 2022 389 2055 ferre
403 2022 562 2063 deberent,
578 2033 613 2055 ac
626 2023 823 2056 nominantes
837 2023 941 2056 iurare
954 2034 986 2056 se
1003 2023 1047 2056 di-

306 2075 448 2119 gniorem
475 2080 504 2108 et
528 2075 565 2108 ad
590 2075 782 2119 profitendi²
806 2086 920 2109 munus
946 2076 1047 2119 magis

306 2135 413 2174 aptum
427 2130 636 2174 praelaturos,
649 2140 684 2163 ac
698 2129 835 2163 vicissim
853 2141 935 2170 eum,
952 2141 1046 2174 quem

306 2184 458 2227 praeferri
479 2184 669 2226 contigisset,
688 2183 803 2223 iurare,
824 2194 856 2216 se
873 2183 1046 2217 iniunctum

307 2237 367 2269 sibi
392 2237 561 2281 profitendi
581 2237 720 2270 officium
737 2237 904 2280 diligenter
920 2238 1048 2281 praesti-

306 2294 430 2331 turum;
456 2291 568 2324 deinde
592 2302 667 2325 vero
692 2303 727 2325 ex
753 2292 855 2325 causis
878 2292 1048 2336 praedictis

308 2344 408 2377 dictus
421 2344 562 2378 Clemens
579 2345 804 2390 praedecessor
821 2345 976 2379 indultum
995 2346 1049 2378 hu·

307 2397 444 2431 iusmodi
476 2398 590 2431 iterum
623 2399 661 2432 ad
689 2399 773 2432 aliud
798 2399 1047 2443 quinquennium

306 2457 544 2496 prorogaverat,
558 2453 746 2494 extenderat,
757 2464 812 2486 seu
825 2453 1047 2494 concesserat&

344 2544 355 2570 1
373 2542 415 2569 Sic
436 2551 489 2570 non
508 2543 602 2571 dubito
622 2545 769 2577 legendum
788 2552 836 2580 pro
858 2548 956 2573 tamen
976 2544 1048 2580 quod

307 2584 389 2614 habet
408 2587 473 2614 edit.
491 2588 574 2614 Main.
592 2589 628 2623 (n.
644 2590 693 2624 τ.).

342 2631 359 2659 2
374 2630 444 2659 Edit.
462 2631 542 2659 Main.
559 2632 624 2668 tegit
635 2633 830 2668 profitendum
845 2634 885 2669 (a.
902 2633 949 2668 τ.).

343 2676 359 2704 3
373 2675 462 2705 Etiam
478 2677 562 2705 Clem.
575 2677 631 2705 VllI
648 2678 749 2707 litteras
764 2682 830 2715 puto
845 2678 940 2707 deesse
953 2678 1046 2714 (nuh).

1724 253 1788 287 173

1081 312 1324 356 decreveratque
1354 311 1534 345 huiusmodi
1565 311 1768 344 canonicatus
1792 316 1822 345 et

1081 366 1275 408 praebendas
1300 366 1423 399 nonnisi
1450 365 1593 410 personis
1614 365 1645 397 in
1663 365 1767 408 aliqua
1785 375 1820 398 ex

1081 419 1172 451 dictis
1195 420 1453 452 universitatibus
1472 419 1591 452 idoneis
1609 419 1751 462 repertis,
1768 419 1821 461 qui

1082 472 1285 505 iureiurando
1317 472 1355 505 ad
1387 471 1576 516 profitendi¹
1604 482 1719 505 munus
1750 472 1820 504 dili-

1082 528 1192 566 genter
1227 525 1435 557 exercendum
1471 536 1537 558 sese
1570 525 1821 568 adstringercnt,

1082 577 1242 610 dumtaxat
1255 579 1402 618 conferri,
1421 589 1457 611 ac
1473 579 1675 612 canonicatus
1689 583 1719 611 et
1736 588 1822 622 prae-

1082 630 1200 664 bendas
1225 631 1402 674 praedictos
1426 642 1484 675 per
1501 642 1554 665 eos
1572 631 1752 664 huiusmodi
1770 641 1823 665 no-

1082 684 1261 719 minationis
1285 685 1393 728 vigore
1418 685 1603 718 obtinendos
1628 686 1765 724 <nonnisi
1790 686 1821 718 in

1082 738 1228 772 manibus
1252 739 1384 772 Romani
1410 739 1568 772 Pontificis
1593 750 1651 782 pro
1680 745 1821 783 tempore

1081 791 1260 832 existentis,
1285 802 1356 824 cum
1383 792 1528 836 specifica
1554 793 1712 825 mentione
1736 792 1821 835 quod

1081 845 1151 878 illos
1175 845 1283 888 vigore
1308 845 1487 879 huiusmodi
1512 846 1735 878 nominationis
1752 856 1823 879 con-

1081 899 1204 942 sequuti
1230 901 1352 943 essent)
1378 899 1534 942 resignari
1550 899 1597 932 vel
1614 900 1690 932 alias
1707 899 1821 932 dimitti

1080 952 1257 985 nullatenus
1282 963 1386 996 posse,
1410 953 1549 996 alioquin
1574 953 1775 986 canonicatus
1793 958 1822 986 et

1080 1005 1280 1049 praebendae
1302 1006 1481 1039 huiusmodi
1509 1012 1655 1040 vacarent
1679 1017 1718 1040 eo
1743 1007 1821 1050 ipSO‚

1081 1060 1121 1092 ita
1136 1065 1169 1092 ut
1182 1059 1220 1092 de
1235 1060 1296 1092 illis
1313 1071 1370 1103 per
1387 1060 1497 1093 Sedem
1510 1061 1722 1104 Apostolieam
1736 1060 1823 1094 dum-

1080 1117 1162 1145 taxat
1177 1113 1299 1157 disponi
1317 1113 1454 1157 posset‘2:

1123 1166 1208 1198 Idem
1231 1167 1344 1200 Paulus
1361 1168 1384 1200 V
1401 1168 1642 1211 praedecessor,
1668 1169 1822 1213 supplica-

1079 1219 1216 1253 tionibus
1232 1226 1336 1254 vestro
1354 1221 1481 1254 nomine
1498 1222 1556 1254 sibi
1574 1222 1736 1256 humiliter
1752 1234 1822 1267 por-

1079 1272 1172 1306 rectis
1197 1273 1372 1316 inclinatus,
1394 1274 1548 1307 indultum
1575 1276 1755 1309 huiusmodi
1772 1287 1822 1310 vo-

1078 1325 1125 1358 bis
1153 1336 1170 1358 a
1201 1327 1362 1370 praedicto
1391 1327 1547 1361 Clemente
1578 1329 1821 1372 praedecessore

1078 1390 1285 1421 concessum,
1318 1391 1354 1414 ac
1385 1381 1520 1425 desuper
1551 1382 1711 1426 expeditas
1740 1384 1821 1417 litte-

1079 1444 1128 1466 ras
1152 1434 1348 1477 praedictas,
1377 1435 1415 1468 ad
1440 1436 1523 1468 aliud
1554 1436 1820 1480 quinquennium,

1078 1497 1095 1519 a
1127 1486 1189 1519 fine
1221 1488 1427 1531 quinquennii
1458 1489 1571 1522 ultimo
1603 1489 1677 1523 dicti
1709 1500 1726 1522 a
1756 1490 1823 1523 Cle-

1079 1546 1182 1574 mente
1207 1541 1451 1584 praedecessore
1475 1543 1616 1576 concessi
1641 1548 1824 1587 computan-

1079 1594 1175 1635 dum,
1205 1595 1390 1628 auctoritate
1423 1596 1595 1639 apostolica
1624 1596 1762 1629 extendit
1793 1603 1823 1629 et

1079 1648 1271 1690 prorogavit,
1298 1648 1504 1681 nihilominus
1532 1649 1599 1681 sine
1628 1649 1822 1692 praeiudicio

1080 1706 1153 1734 tunc
1178 1706 1208 1733 et
1232 1712 1291 1745 pro
1312 1706 1457 1745 tempore
1477 1702 1637 1736 existentis
1656 1703 1824 1746 archiepis-

1079 1754 1149 1797 copi
1174 1754 1378 1795 Coloniensis,
1404 1755 1525 1788 dilectis
1549 1755 1623 1788 siliis
1642 1756 1758 1789 rectori
1788 1767 1823 1789 ac

1079 1808 1204 1841 decanis
1228 1813 1364 1852 quatuor
1389 1809 1570 1842 facultatum
1596 1809 1627 1841 in
1651 1810 1734 1842 dicta
1758 1810 1825 1843 uni-

1080 1861 1224 1894 versitate
1238 1862 1386 1895 canonice
1404 1862 1628 1903 institutarum,
1646 1868 1676 1895 et
1692 1863 1823 1896 consilio

1080 1914 1163 1947 illius
1181 1925 1217 1947 ex
1235 1915 1435 1948 facultatibus
1451 1915 1632 1949 huiusmodi
1651 1916 1738 1949 cuius
1755 1926 1824 1960 per—

1080 1978 1156 2001 sona
1180 1968 1265 2001 iuxta
1297 1969 1431 2002 formam
1463 1969 1640 2002 litterarum
1675 1969 1761 2002 Pauli
1786 1970 1822 2002 lv

1081 2022 1332 2065 praedecessoris
1356 2023 1547 2056 nominanda
1570 2023 1701 2063 suisset,
1727 2023 1821 2055 etiam

1080 2087 1138 2119 pro
1152 2082 1294 2120 tempore
1311 2076 1527 2117 existentibus,
1537 2079 1599 2109 una
1617 2087 1687 2109 cum
1702 2076 1823 2109 dilectis

1081 2130 1153 2162 filiis
1177 2130 1395 2173 provisoribus
1420 2130 1518 2174 ipsius
1542 2130 1764 2171 universitatis,
1789 2135 1823 2163 ut

1082 2194 1232 2227 personas
1257 2184 1288 2216 in
1313 2184 1423 2217 eadem
1444 2184 1646 2218 universitate
1663 2188 1823 2228 promotas

1081 2243 1111 2270 et
1135 2238 1274 2280 legentes
1298 2248 1334 2270 ac
1359 2238 1494 2270 lecturas
1519 2238 1614 2283 (quas
1636 2238 1694 2282 ipsi
1719 2243 1823 2271 rector

1082 2296 1112 2324 et
1136 2292 1244 2325 decani
1264 2302 1300 2325 ac
1320 2292 1511 2336 provisores,
1530 2292 1633 2325 medio
1650 2303 1760 2325 eorum
1779 2293 1824 2325 iu-

1082 2350 1235 2386 ramento,
1261 2347 1322 2378 una
1348 2356 1420 2378 cum
1446 2346 1578 2379 consilio
1598 2346 1752 2379 facultatis
1769 2346 1824 2378 hu-

1083 2398 1228 2439 iusmodi,
1252 2399 1283 2431 in
1308 2409 1368 2442 qua
1394 2409 1548 2442 personae
1573 2399 1657 2443 ipsae
1682 2399 1823 2442 legerent

1083 2458 1112 2486 et
1136 2454 1241 2496 legere
1266 2453 1433 2494 deberent,
1466 2453 1504 2486 ad
1536 2453 1595 2486 hoc
1620 2464 1707 2486 more
1731 2453 1822 2486 solito

1083 2512 1264 2547 convocato,
1279 2506 1406 2540 idoneas
1430 2512 1460 2540 et
1485 2507 1654 2540 catholicas
1679 2517 1761 2547 esse,
1786 2516 1822 2539 ae

1119 2634 1128 2660 1
1146 2632 1211 2660 Item
1226 2631 1291 2660 edit.
1308 2631 1390 2659 Main.
1407 2631 1471 2668 legit
1483 2632 1678 2668 profitendum
1693 2634 1733 2667 (n.
1749 2632 1796 2669 T.).

1115 2678 1131 2705 2
1147 2676 1292 2714 Hucusque
1313 2678 1384 2707 venit
1399 2678 1513 2715 protasis
1531 2678 1634 2714 periodi
1648 2679 1689 2714 (a,
1705 2679 1753 2713 r).

1835 262 1883 290 Αη.
1901 262 1928 290 C.
1952 262 2016 290 1624

1863 1178 1886 1199 Et
1904 1179 1981 1200 Paulus
1990 1178 2014 1201 V,
