2269 3235
219 259 268 286 Λιι.
289 259 317 285 C.
338 259 405 286 1625

452 250 515 283 ‘322‘

419 308 449 340 in
474 307 636 341 festivitate
665 308 860 340 pentecostes
885 304 1058 349 pra‹.·scntis
1083 305 1155 337 anni

419 370 543 394 uncxxv
562 360 592 392 iu
610 360 690 393 alma
710 360 792 392 Urbe
810 361 917 392 nostra
934 357 1156 390 celebrandum

419 413 633 453 differendam,
652 418 691 449 et,
709 422 746 444 ne
765 411 889 443 interim
907 410 1086 454 praedictae
1104 410 1159 443 mi-

420 466 502 499 litiae
535 476 722 508 progressus
756 464 990 504 retardaretur,
1018 462 1157 496 ciusdem

421 519 548 551 militiae
574 518 739 550 consilium
765 528 949 561 supremum
974 527 1157 560 nuncupan-

421 572 493 604 dum
525 572 555 603 in
579 571 660 604 dicta
686 571 769 603 Urbe
797 581 894 614 usque
918 570 956 603 ab
980 570 1157 614 beneplaci-

385 655 388 658 Δ
423 632 485 657 ιιιιιι
506 630 649 657 nostrum
674 636 745 657 cum
771 630 858 657 certo
874 634 1082 668 personarum
1100 633 1158 656 nu—

236 747 278 767 Sml
286 749 370 772 propter
380 752 407 766 in·

223 776 318 798 manentia
334 773 395 793 betta.

256 1610 284 1630 Ad
295 1611 358 1630 auum
373 1615 411 1630 au-

228 1643 276 1657 num
292 1637 371 1657 ditl'ere.

422 689 508 711 mero
526 678 734 719 statuendum,
752 677 926 711 duximus‘.

465 732 480 775 ἓ
504 732 533 765 02.
559 732 635 766 Cum
655 737 780 775 autem,
806 732 883 764 sicut
909 731 1045 764 exhibita
1070 730 1160 763 nobis

422 797 522 830 nuper
540 797 598 829 pro
618 791 706 829 parte
727 785 799 819 dicti
824 785 925 818 Caroli
942 784 1030 817 ducis
1051 783 1160 828 petitio

421 839 621 879 continebat,
646 844 774 882 propter
798 838 1011 882 praesentium
1041 840 1160 880 tempo-

421 902 492 924 rum
517 892 707 925 calamitates
738 897 767 924 ct
799 891 935 934 undique
966 890 1161 923 imminentia

420 946 576 979 bellorum
601 945 750 988 pericula,
765 955 888 977 necnon
912 944 1009 977 hostis
1034 943 1162 976 insidias

421 998 520 1031 dictae
535 998 661 1032 militiae¹
674 998 884 1030 felicissimam
900 997 1162 1040 propagationem

420 1062 483 1084 non
494 1062 605 1095 parum
626 1051 842 1094 impedienteS,
857 1051 1029 1094 capitulum
1042 1050 1163 1093 praedi-

421 1110 505 1137 ctum
530 1104 560 1136 in
586 1104 749 1136 festivitate
766 1104 963 1137 Pentecostcs
982 1098 1171 1136 huiusmodi

421 1157 531 1189 haberi
548 1157 676 1189 minime
696 1156 804 1200 possit,
823 1157 929 1200 sicque
948 1156 1052 1199 magni
1067 1156 1163 1199 magi-

422 1210 477 1244 stri
492 1210 675 1243 electionem
694 1210 875 1243 huiusmodi
893 1210 1082 1243 retardatam
1096 1221 1163 1243 esse

423 1264 652 1308 comperiatur:
672 1264 764 1296 etiam
779 1275 836 1308 pro
853 1269 942 1307 parte
960 1264 1099 1297 eiusdem
1114 1264 1165 1297 Ca-

424 1319 483 1351 roli
509 1318 597 1351 ducis
622 1318 712 1350 nobis
738 1317 794 1350 suti
817 1317 978 1350 humiliter
1007 1317 1164 1361 supplica-

426 1378 508 1411 tum,
534 1376 687 1414 quatenus
719 1370 749 1402 in
777 1370 960 1414 praemissis
986 1375 1165 1414 opportune

424 1424 608 1468 providere,
633 1434 768 1467 eumque
793 1423 956 1467 amplioris
981 1423 1099 1466 gratiae
1125 1424 1166 1456 sa—

426 1489 499 1512 vore
531 1477 680 1522 prosequi
705 1478 743 1510 dc
769 1477 961 1520 benignitate
994 1477 1165 1521 apostolica

426 1533 640 1575 dignaremur.

472 1586 488 1628 ἓ
509 1585 538 1618 3.
564 1586 626 1617 Nos
651 1585 761 1627 igitur,
786 1584 838 1628 qui
864 1584 1002 1617 honestis
1027 1584 1167 1617 fidelium

428 1638 652 1682 quorumlibet,
671 1637 855 1681 praesertim
870 1637 1040 1671 nobilitatis
1051 1648 1168 1681 genere

428 1691 623 1736 pollentium,
645 1691 723 1724 votis
748 1691 883 1723 libenter
907 1690 1084 1733 annuimus,
1103 1702 1168 1724 eos-

429 1755 489 1788 que
514 1744 672 1777 savoribus
704 1744 926 1789 prosequimur
958 1739 1185 1788 opportuniss

430 1798 547 1831 dictum
572 1798 718 1831 Carolum
747 1798 857 1830 ducem
891 1808 907 1830 a
932 1798 1093 1842 quibusvis
1116 1810 1168 1833 ex-

430 1850 731 1892 communicationis,
741 1851 952 1894 suspensionis
963 1857 992 1884 et
1002 1852 1168 1893 interdicti,

430 1904 562 1948 aliisque
586 1904 804 1937 ecclesiasticis
828 1905 1004 1947 sententiis,
1029 1905 1169 1938 censuris

431 1964 458 1991 et
483 1958 602 2002 poenis,
627 1968 644 1990 a
668 1958 736 1990 iurc
763 1958 808 1990 vel
833 1958 870 1990 ab
895 1958 1036 2000 homine,
1062 1959 1170 2002 quavis

431 2012 595 2045 occasione
617 2013 664 2045 vcl
689 2014 781 2045 causa
806 2013 891 2055 latis,
910 2013 935 2045 si
959 2013 1073 2056 quibus
1098 2024 1171 2057 quo·

432 2066 603 2099 modolibet
627 2066 793 2099 innodatus
818 2066 934 2108 existit,
960 2066 998 2099 ad
1023 2067 1170 2100 effectum

430 2120 642 2164 praesentium
660 2120 821 2153 dumtaxat
834 2120 1101 2164 consequendum,
1119 2120 1172 2153 ha-

433 2184 503 2207 rum
528 2173 608 2206 serie
632 2173 828 2206 absolventes
852 2177 882 2207 et
902 2173 1080 2206 absolutum
1104 2173 1171 2207 sore

432 2233 614 2268 censentes,
638 2227 866 2271 posterioribus
890 2227 1172 2271 supplicationibus

433 2282 613 2315 huiusmodi
630 2281 778 2322 inclinati,
794 2287 929 2325 tempus,
946 2282 983 2314 ad
1000 2282 1171 2325 capitulum

433 2337 578 2379 generale
596 2336 791 2380 praedictum
809 2346 844 2368 ac
865 2336 1050 2368 electionem
1067 2336 1172 2379 magni

435 2389 574 2432 magistri
601 2389 741 2423 eiusdem
766 2389 894 2422 militiae
923 2389 1114 2432 faciendam,
1138 2394 1173 2423 ut

435 2443 619 2486 prat-fertur,
639 2443 824 2487 praefixum,
846 2443 930 2487 quod
950 2443 1052 2476 adhuc
1071 2443 1172 2483 durat,

435 2497 471 2528 ad
497 2507 592 2529 unum
619 2507 735 2530 annum
756 2502 876 2530 tantum
901 2508 917 2530 a
942 2497 992 2530 die
1016 2497 1113 2542 ipsius
1133 2497 1174 2530 se-

437 2551 576 2584 <mittitis
601 2552 858 2594 computandum,
875 2551 1047 2596 apostolica
1071 2556 1174 2585 aueto-

475 2667 485 2692 1
504 2664 571 2693 Vide
586 2674 665 2700 supra
681 2674 741 2701 pag.
763 2667 848 2701 1123*
868 2667 948 2702 2501.
967 2667 1014 2702 r.).

986 259 1001 279 tt
1008 258 1082 281 ΓΗΔ
1089 258 1105 279 tt
1119 257 1170 280 tt‘M
1199 257 1350 280 inimatum

1190 305 1299 345 ritate,
1325 309 1431 337 tenore¹
1456 303 1684 347 praesentium,
1710 314 1929 348 prorogamus,

1191 357 1387 391 extendimus
1412 362 1441 390 ct
1465 357 1664 401 ampliamus.

1236 411 1250 454 ἓ
1274 410 1303 444 4.
1329 412 1398 445 Non
1427 409 1623 444 obstantibus
1654 410 1930 444 constitutionibus

1192 469 1222 496 et
1253 463 1504 497 ordinationibus
1536 462 1737 507 apostolieiS‚
1768 462 1931 508 dictaeque

1193 516 1321 551 militiae
1348 515 1455 560 (etiam
1481 515 1668 556 iuramento,
1692 515 1933 549 confirmatione

1193 569 1374 614 apostolica,
1391 570 1440 602 vel
1456 569 1565 613 quavis
1588 569 1737 603 firmitate
1759 569 1820 602 alia
1844 569 1934 603 robo-

1193 623 1282 667 ratis)
1296 622 1418 656 statutis
1432 627 1461 656 et
1475 622 1754 657 consuetudinibus
1768 621 1934 656 contrariis

1194 676 1455 720 quibuscumque.

1239 730 1253 772 ἓ
1279 729 1306 761 5.
1334 728 1416 762 Nulli
1447 738 1524 772 ergo
1557 727 1686 762 omnino
1710 728 1874 761 hominum
1899 728 1936 761 li-

1195 787 1261 815 ceat
1285 783 1365 815 hane
1388 782 1535 826 paginam
1560 787 1686 816 nostrae
1711 782 1935 823 absolutionis,

1195 835 1431 879 prorogationis
1445 862 1452 876 ,
1477 835 1667 869 extensionis
1681 863 1688 877 ‚
1713 836 1936 880 ampliationis-

1195 899 1256 932 que
1281 888 1462 931 infringere,
1479 889 1527 922 vel
1544 889 1573 922 ei
1589 899 1668 922 ausu
1684 889 1854 923 temerario
1867 900 1937 922 eon-

1196 942 1300 974 traire
1318 942 1349 975 Si
1374 942 1444 985 quis
1469 947 1572 975 autem
1598 943 1658 976 hoc
1682 947 1834 976 attentare
1849 953 1937 987 prae-

1196 995 1375 1039 sumpserit,
1386 995 1632 1038 indignationem
1642 996 1864 1040 omnipotentis
1872 996 1937 1038 Dei,

1196 1060 1232 1082 ac
1255 1048 1420 1081 beatorum
1446 1048 1529 1082 Petri
1554 1053 1584 1083 et
1607 1048 1694 1082 Pauli
1721 1050 1937 1093 apostolorum

1197 1102 1275 1142 eius,
1291 1111 1323 1134 se
1339 1101 1464 1135 noverit
1483 1101 1696 1135 incursurum.

1241 1155 1353 1189 Datum
1376 1156 1503 1196 Romae,
1524 1155 1609 1200 apud
1632 1155 1661 1188 S.
1683 1155 1833 1196 Petrum,
1858 1165 1939 1189 anno

1198 1208 1424 1243 incarnationis
1454 1209 1637 1243 Dominicae
1672 1219 1826 1250 MDcxxv,
1852 1213 1937 1245 sexto

1198 1262 1267 1296 idus
1291 1263 1375 1305 maii,
1390 1262 1591 1308 pontificatus
1607 1263 1707 1296 nostri
1732 1273 1814 1297 anno
1835 1273 1865 1297 11.

1234 1326 1293 1354 Dat.
1310 1326 1353 1354 die
1369 1326 1404 1353 10
1418 1325 1481 1353 maii
1504 1325 1582 1360 1625,
1598 1325 1695 1361 pontif.
1714 1334 1784 1353 anno
1801 1332 1829 1354 11.

1495 1468 1646 1502 CXXXVI.

1199 1548 1401 1582 Nanneeensz·
1435 1549 1580 1593 episcopo
1615 1550 1832 1583 committitur
1866 1560 1943 1582 cura

1246 1602 1443 1635 monialium
1467 1604 1718 1646 reformatorum
1744 1602 1878 1637 Ordinis
1906 1604 1938 1636 S.

1246 1655 1414 1689 Benedicti
1437 1656 1474 1688 in
1500 1654 1651 1689 Galliis¹.

1405 1736 1542 1763 Urbanus
1563 1736 1642 1771 Papa
1660 1736 1739 1770 VIII,

1346 1780 1382 1807 ad
1401 1780 1534 1808 futuram
1553 1780 1597 1808 rei
1616 1780 1796 1808 memoriam.

1247 1851 1486 1885 Sacrosanctum
1513 1852 1705 1897 apostolatus
1733 1852 1944 1887 ministerium

1204 1905 1373 1940 humilitati
1397 1910 1523 1940 nostrae
1547 1906 1634 1940 nullo
1661 1906 1735 1940 licet
1758 1907 1944 1941 meritorum

1204 1959 1354 2003 suffragio
1378 1970 1435 2004 per
1458 1959 1649 1993 ineffabilem
1676 1960 1798 1995 divinae
1823 1960 1945 2006 sapien—

1205 2013 1263 2046 tiae
1279 2013 1509 2057 providentiam
1527 2013 1732 2047 commissum
1750 2015 1896 2058 postulat,
1913 2020 1946 2048 ut

1204 2066 1286 2100 inter
1311 2067 1522 2109 gravissimas,
1547 2067 1802 2112 multiplicesque
1822 2072 1946 2112 aposto-

1205 2120 1281 2153 licae
1306 2120 1464 2154 servitutis
1488 2132 1590 2161 curas,
1610 2121 1694 2154 illam
1715 2121 1866 2165 peculiari
1886 2126 1947 2154 stu-

1205 2174 1256 2207 dio
1267 2175 1527 2219 complectamur,
1538 2180 1571 2208 ut
1584 2174 1845 2216 sanctimoniales,
1855 2185 1946 2219 quae,

1205 2228 1320 2261 oblitae
1344 2229 1495 2273 populum
1520 2239 1611 2261 suum
1636 2233 1666 2261 et
1690 2228 1820 2262 domum
1848 2229 1947 2272 patris

1206 2282 1263 2322 sui,
1281 2282 1424 2315 caelestis
1442 2282 1549 2326 sponsi
1566 2282 1725 2326 obsequiis
1743 2292 1775 2315 se
1792 2282 1947 2326 mancipa-

1206 2340 1298 2377 runt,
1323 2346 1380 2381 per
1404 2336 1546 2377 felicem,
1571 2336 1797 2380 providamque
1822 2336 1947 2369 illarum

1206 2390 1410 2424 directionem
1436 2395 1527 2434 atquc
1552 2390 1741 2433 gubernium
1774 2389 1947 2424 maioribus

1207 2445 1314 2478 indies
1329 2444 1359 2478 in
1374 2444 1567 2488 regularium
1585 2455 1714 2478 suorum
1732 2444 1945 2479 institutorum

1207 2498 1405 2533 observantia
1431 2501 1460 2533 et
1484 2498 1646 2532 sanctitate
1671 2498 1750 2532 vitae
1782 2497 1947 2543 proficiant

1207 2552 1419 2586 incrementis.

1246 2668 1253 2693 l
1274 2666 1311 2694 Ex
1327 2667 1433 2703 Regest.
1450 2667 1476 2695 iu
1491 2667 1591 2695 Secret.
1609 2667 1684 2695 Brev.

1939 256 1990 282 An.
2011 255 2041 282 C.
2061 254 2127 284 1625

1973 423 2064 451 Dei-egat
2079 428 2130 444 con-

1946 451 2024 470 trariis.

1982 742 2089 763 Clausulas
2107 749 2134 763 uc

1950 770 2051 795 poenales
2065 769 2091 790 ad
2110 772 2132 790 it.

1986 1863 2107 1884 Exordium.
