2269 3235
220 249 307 276 Aac.
331 249 398 276 1624
444 240 509 274 ⁶204-

418 307 574 331 mcmores
599 302 745 341 paternae
777 297 938 330 charitatis
963 303 993 330 et
1016 307 1158 332 mansue-

418 351 542 391 tudinis,
568 361 660 395 quam
686 351 889 395 profitentur,
914 351 991 384 nihil
1024 352 1155 386 intenta-

417 410 482 437 tum
503 405 689 449 relinquant,
714 410 747 438 ut
771 405 932 439 lucrentur
955 406 1074 438 animas
1098 406 1156 439 sra-

416 462 499 490 trum
514 468 642 491 suorum
661 458 724 490 sere
742 458 772 490 in
789 458 981 502 profundum
999 459 1153 492 malorum

414 510 577 554 delapsas,
608 516 773 555 antequam
805 511 1026 554 gravissimum
1061 517 1153 556 atque

414 569 589 596 extremum
604 564 794 608 expulsionis
808 565 981 599 remedium
996 566 1155 610 experian-

415 622 481 649 tur:
508 617 600 661 idque
625 628 662 651 eo
687 619 808 661 magis,
837 619 920 663 quod
956 620 1151 654 subditorum

414 671 608 713 sanguinem,
629 671 682 715 qui
703 682 739 705 ex
765 673 847 705 malo
872 673 1097 715 negligentium
1123 678 1152 706 ct

414 723 461 756 sui
487 723 581 757 officii
606 725 827 759 immemorum
863 727 1076 770 praelatorum
1101 736 1151 759 re-

413 776 529 818 gimine
562 778 730 821 peribunt,
755 779 905 812 Dominus
936 784 1042 812 noster
1066 779 1151 812 Iesus

410 830 552 864 Christus
581 831 612 864 in
644 843 793 876 supremo
818 832 871 865 Dei
896 832 1011 865 iudicio
1035 832 1072 865 de
1098 843 1150 865 eo-

411 884 556 917 rumdem
582 886 794 929 praelatorum
816 885 959 918 manibus
983 885 1021 919 sit
1045 885 1150 928 requi-

412 937 538 970 siturus.

240 1000 319 1030 Elaeus
337 1001 396 1021 cesu-
455 991 470 1033 ἓ
495 990 524 1023 9.
551 990 716 1023 Praeterea
740 991 860 1031 statuit,
884 996 919 1023 ut
942 991 1036 1024 iidem
1061 1000 1151 1034 supe-

213 1028 395 1074 22¹¹l2¹3⁵2r35232
411 1043 511 1076 riores
536 1043 653 1075 nemini
678 1054 713 1077 ex
738 1044 893 1086 religiosis
926 1043 1063 1088 expulsis
1093 1043 1146 1076 lit-

212 1081 260 1101 ω’
411 1100 493 1128 teras
528 1096 751 1129 testimoniales
788 1096 982 1138 concedant,
1018 1097 1088 1130 illos
1111 1096 1149 1128 ad

411 1148 522 1181 Sedem
538 1149 749 1193 Apostolicam
775 1150 962 1191 reiicientes,
979 1151 1027 1183 vel
1044 1150 1150 1184 iuben-

412 1206 456 1234 tes
480 1202 572 1235 aliam
597 1203 719 1246 ingredi
743 1204 938 1246 religionem.

244 1268 282 1289 «μ.
298 1267 393 1291 ,emnem
454 1255 469 1298 g
493 1256 543 1288 to.
570 1256 656 1297 Item,
673 1261 707 1289 ut
731 1256 831 1297 eiecti,
852 1262 938 1290 extra
963 1256 1148 1299 religionem

210 1293 394 1339 tltssi'll'nt‘fflff*
410 1308 568 1351 degentes,
587 1309 647 1343 sint
664 1315 818 1353 perpetuo
838 1310 979 1354 suspensi
1004 1310 1042 1342 ab
1066 1320 1151 1343 exer-

410 1361 483 1395 citio
499 1362 656 1403 ordinum,
677 1362 798 1396 sublata
814 1363 986 1396 Ordinariis
1006 1364 1148 1396 locorum

411 1416 554 1449 facultate
578 1416 692 1450 dietam
729 1417 965 1461 suspensionem
989 1417 1149 1450 relaxandi

409 1474 462 1502 aut
486 1469 680 1503 moderandi.

454 1523 468 1566 g
493 1523 544 1555 tt.
570 1524 613 1556 Ac
638 1529 799 1567 postremo
824 1524 944 1557 censuit
967 1534 1035 1557 esse
1059 1525 1148 1557 inno—

411 1576 540 1609 vandam
566 1582 596 1609 et
620 1577 700 1610 Suae
726 1577 930 1610 Beatitudinis
964 1578 1148 1611 auctoritate

410 1629 535 1662 innovat
559 1630 813 1663 constitutionem
839 1631 936 1664 felicis
961 1631 1149 1664 recordatio-

410 1682 458 1715 nis
479 1683 621 1725 Gregorii
648 1684 685 1716 IX
711 1684 840 1716 relatam
865 1684 896 1716 in
920 1695 946 1717 c.
975 1686 1028 1727 sin.
1056 1689 1149 1717 extra

409 1735 448 1769 de
460 1736 593 1779 Reyul.;
607 1747 643 1769 ac
659 1742 821 1780 praeterea
837 1737 973 1770 declarat
989 1748 1057 1770 earn
1075 1748 1148 1771 con-

411 1789 606 1823 stitutionem
631 1790 662 1822 in
686 1790 723 1823 iis
747 1801 871 1833 quoque
901 1790 1066 1823 vendicare
1090 1791 1146 1823 sibi

411 1844 524 1884 locum,
543 1844 790 1887 servandamque
813 1855 891 1885 esse,
912 1844 965 1887 qui
990 1844 1079 1884 iuste,
1099 1844 1149 1876 de-

410 1896 527 1930 finitive
542 1924 549 1937 ,
573 1907 609 1930 ac
634 1896 710 1929 iuris
735 1896 844 1930 ordine
879 1902 1002 1929 servato
1027 1896 1147 1940 expulsi

411 1949 542 1989 suerint3
561 1949 732 1983 dummodo
756 1955 860 1983 tamen
884 1950 915 1982 in
939 1950 1074 1993 expulsis
1094 1950 1148 1982 bu-

411 2002 546 2036 iusmodi
570 2004 669 2036 subsit
685 2014 755 2047 spes
779 2003 905 2037 evidens
922 2003 1147 2036 emendationis

410 2067 447 2089 ex
479 2056 591 2089 litteris
623 2057 732 2090 saltem
770 2057 1028 2091 testimonialibus
1052 2056 1144 2089 Ordi-

409 2109 505 2150 narii,
536 2110 624 2143 cuius
648 2110 869 2144 conscientiam
902 2110 933 2142 in
964 2110 1012 2142 his
1036 2109 1148 2142 litteris

410 2163 618 2196 concedendis
642 2174 729 2197 sacra
753 2163 960 2207 Congregatio
977 2163 1060 2197 serio
1076 2174 1149 2197 one-

411 2216 499 2249 ravit.

213 2275 339 2322 ,vtffjgrffittiij
350 2276 396 2322 VIJJt
454 2268 533 2313 §12
551 2270 596 2303 Ne
612 2280 673 2313 qua
685 2269 694 2286 ¹
711 2280 786 2303 vero
805 2269 971 2303 difficultas
992 2269 1024 2302 in
1040 2280 1148 2314 supra-

213 2321 266 2348 ι’·-υ-ιτ
309 2330 395 2349 ‹tm-reta
411 2323 534 2367 scriptis
546 2323 680 2356 decretis
692 2329 722 2356 et
734 2323 985 2357 ordinationibus
997 2333 1148 2367 exequen-

214 2357 244 2375 bis
265 2362 284 2375 iu
306 2363 360 2375 anuo
376 2362 394 2375 ιιι

213 2383 395 2434 iia-‘gffiffinigffiffi
410 2377 457 2408 ‹lis
482 2377 682 2418 suboriatur,
711 2388 800 2410 sacra
827 2377 1045 2421 Congregatio,
1070 2378 1146 2410 San—

411 2430 549 2463 ctissimo
573 2430 705 2463 Domino
731 2436 840 2464 nostro
864 2436 1029 2470 annuente,
1055 2435 1146 2473 atquc

411 2484 621 2527 approbante,
646 2484 800 2517 universis
829 2484 1049 2527 generalibus,
1077 2494 1147 2527 pro-

412 2537 603 2578 vincialibus,
620 2537 856 2578 commissariis,
877 2537 1037 2578 ministris,
1055 2547 1146 2580 prac-

411 2590 598 2632 sidentibus,
623 2591 798 2633 abbatibus,
823 2591 992 2635 prioribus,
1017 2600 1147 2634 praepo·

445 2653 458 2679 1
476 2652 547 2680 Edit.
562 2653 645 2681 Main.
660 2653 724 2690 legit
738 2662 812 2690 quae
826 2656 865 2688 (n,
878 2653 925 2688 T.).

274 1531 395 1551 nonni-atur

211 1557 336 1578 Constantio
346 1558 394 1578 Gt‘e⁴

211 1585 263 1609 gorii
278 1585 311 1605 lx.

995 250 1174 275 BULLARIUM
1198 249 1352 275 ROMANUM

1191 298 1267 339 sitis,
1284 297 1474 342 guardianis‚
1488 297 1611 331 vicariis
1628 303 1658 332 et
1677 299 1926 345 quibuscumque

1189 352 1257 384 aliis
1267 351 1482 396 superioribus
1492 361 1764 397 quorumcumque
1774 353 1926 388 Ordinum

1191 406 1235 438 vel
1253 406 1544 449 congregationum,
1563 407 1838 449 monasteriorum,
1855 418 1926 442 con-

1189 463 1347 499 ventuum,
1373 459 1598 502 collegiorum,
1627 459 1793 493 domorum
1818 471 1854 494 ac
1877 461 1925 495 lo-

1188 522 1297 545 corum
1323 513 1517 556 regularium
1542 513 1659 557 ubique
1682 514 1825 547 locorum
1854 515 1923 547 exi-

1188 566 1334 599 stentium
1367 566 1520 609 iniungit,
1546 566 1692 611 serioque
1725 566 1871 608 mandat,
1892 573 1925 600 ut

1187 618 1238 651 illa
1262 618 1428 661 diligenter
1452 619 1620 652 observent
1647 625 1740 663 atque
1764 620 1923 653 observari

1184 675 1356 714 procurent
1380 672 1411 704 in
1435 672 1581 705 omnibus
1606 672 1774 716 coenobiiS,
1800 683 1835 706 ac
1856 683 1923 706 rno—

1185 724 1338 765 nasteriis,
1353 725 1503 768 collegiis,
1517 736 1552 758 ae
1565 726 1710 759 domibus
1723 736 1924 770 quorumque

1186 778 1413 811 monachorum
1437 789 1473 811 ac
1497 779 1689 821 regularium
1705 779 1821 822 ubique
1838 779 1923 812 loco-

1185 841 1256 863 rum
1281 831 1495 873 existentibus,
1516 832 1713 876 efficiantque
1730 838 1763 865 ut
1787 837 1850 865 tam
1870 832 1924 865 de-

1185 888 1270 916 creta
1294 884 1475 927 supradicta
1500 884 1597 918 felicis
1614 885 1841 919 recordationis
1861 885 1924 919 Cle-

1185 936 1298 968 mentis
1311 936 1386 977 VIII,
1404 947 1498 980 quam
1513 942 1693 980 praesentes
1709 938 1922 972 ordinationes

1185 988 1216 1020 in
1247 989 1379 1031 singulis
1403 989 1558 1022 eiusmodi
1584 990 1661 1023 locis
1684 990 1732 1024 bis
1756 991 1866 1024 saltem
1891 991 1923 1024 in

1183 1051 1265 1074 anno
1288 1042 1432 1084 legantur
1457 1042 1487 1074 in
1511 1042 1638 1085 publica
1662 1045 1779 1076 mensa.

1228 1095 1243 1138 ἓ
1259 1093 1310 1128 13.
1329 1094 1360 1128 Si
1377 1094 1448 1138 quis
1461 1105 1536 1128 vero
1553 1095 1696 1139 ipsorum
1712 1095 1860 1130 adversus
1877 1107 1922 1138 ea,

1183 1158 1244 1192 que
1270 1148 1414 1192 superius
1438 1149 1630 1193 praescripta
1647 1155 1728 1191 sunt,
1747 1149 1795 1183 vel
1812 1159 1923 1184 eorum

1183 1201 1323 1245 aliquid,
1352 1202 1576 1246 quoquomodo
1608 1202 1710 1236 facere
1740 1203 1788 1236 vel
1817 1204 1922 1237 moliri

1183 1255 1442 1299 praesumpserit,
1456 1255 1525 1299 ipso
1539 1255 1619 1288 sacto
1631 1265 1766 1299 poenam
1783 1256 1924 1291 incurrat

1184 1308 1367 1351 privationis
1383 1309 1525 1342 omnium
1543 1309 1732 1352 officiorum,
1749 1319 1829 1353 quae
1849 1315 1922 1343 tunc

1183 1361 1346 1403 obtinebit,
1364 1362 1511 1406 vocisque
1536 1363 1653 1395 activae
1670 1368 1701 1396 et
1715 1363 1866 1407 passivae,
1886 1373 1922 1397 ac

1183 1421 1354 1460 perpetuae
1371 1415 1574 1448 inhabilitatis
1591 1415 1629 1448 ad
1646 1416 1699 1448 illa
1715 1416 1921 1460 imposterum

1183 1469 1368 1509 obtinenda,
1395 1479 1558 1512 poenaque
1581 1469 1761 1501 huiusmodi
1785 1469 1823 1503 sit
1846 1469 1921 1502 San-

1183 1522 1280 1556 ctitati
1305 1522 1384 1555 Suae
1402 1532 1437 1554 ac
1453 1522 1524 1554 Sedi
1541 1522 1737 1565 Apostolicae
1753 1527 1922 1562 reservata,

1183 1576 1293 1609 iisdem
1308 1575 1537 1620 superioribus,
1554 1575 1647 1608 etiarn
1668 1575 1877 1618 generalibus,
1892 1580 1922 1608 et

1182 1629 1413 1673 protectoribus
1441 1629 1525 1661 illam
1550 1628 1734 1662 moderandi
1764 1639 1817 1662 seu
1841 1629 1922 1662 rela-

1183 1683 1274 1716 xandi
1298 1687 1451 1726 potestate
1476 1681 1598 1725 penitus
1623 1681 1798 1722 interdicta,
1819 1686 1849 1714 et
1867 1681 1918 1714 ni-

1182 1736 1353 1769 hilominus
1385 1735 1425 1768 sit
1455 1734 1579 1767 irritum
1604 1739 1634 1767 et
1658 1735 1748 1768 inane
1771 1734 1921 1779 quicquid

1182 1800 1271 1822 secus
1295 1800 1311 1821 a
1336 1798 1495 1832 quoquam
1519 1792 1623 1820 actum
1648 1788 1794 1820 extiterit.

1226 1844 1240 1886 ἓ
1264 1843 1315 1886 Μ.
1332 1843 1399 1875 Non
1422 1842 1616 1875 obstantibus
1636 1841 1919 1883 constitutionibus,

1182 1901 1212 1929 et
1236 1887 1486 1929 ordinationibus
1521 1895 1700 1939 apostolicis
1725 1894 1756 1926 in
1780 1894 1919 1928 savorem

1182 1958 1530 1993 quarumcumcumque
1564 1957 1795 1991 personarum,
1827 1953 1920 1992 atque

1182 2003 1333 2036 Ordinum
1365 2007 1429 2034 tam
1460 2000 1701 2034 Mendicantium
1733 2011 1826 2044 quam
1857 2011 1919 2035 non

1182 2055 1433 2097 Mendieantium,
1451 2054 1743 2097 congregationum,
1761 2059 1919 2087 monaste—

1182 2111 1312 2151 riorum,
1330 2113 1550 2149 conventuum,
1575 2108 1752 2150 domorum,
1773 2118 1809 2140 ac
1832 2108 1919 2141 loco-

1181 2175 1251 2196 rum
1277 2162 1470 2206 regularium
1495 2170 1780 2205 quorumcumque,
1797 2170 1919 2194 necnon

1181 2217 1308 2250 illorum
1333 2216 1440 2259 (etiam
1464 2214 1655 2254 iuramento,
1680 2213 1918 2247 confirmatione

1181 2269 1368 2314 apostolica,
1385 2268 1432 2301 vel
1450 2268 1558 2311 quavis
1581 2267 1730 2300 firmitate
1747 2266 1807 2299 alia
1827 2266 1917 2300 robo-

1180 2322 1268 2365 ratis)
1293 2321 1415 2354 statutis
1438 2320 1486 2353 vel
1510 2319 1798 2361 consuetudinibus,
1822 2319 1915 2352 etiam

1180 2374 1493 2413 immemorabilibus‚
1510 2373 1760 2417 exemptionibus
1781 2383 1916 2417 quoque,

1181 2429 1307 2463 indultis
1331 2433 1361 2461 ct
1384 2427 1578 2471 privilegiis,
1603 2427 1695 2459 etiam
1729 2427 1760 2459 in
1785 2436 1917 2470 corpore

1181 2483 1257 2515 iuris
1282 2481 1405 2523 clausis,
1422 2486 1475 2513 aul,
1499 2492 1535 2513 cx
1552 2482 1654 2521 causa,
1672 2481 1720 2513 vel
1737 2480 1827 2513 titulo
1848 2489 1918 2513 one-

1180 2546 1263 2578 roso,
1282 2535 1330 2568 vel
1350 2535 1381 2567 in
1406 2535 1513 2567 limine
1537 2534 1726 2568 fundationis
1751 2533 1916 2574 concessis,

1180 2590 1273 2623 etiam
1297 2589 1384 2622 mari
1415 2598 1556 2631 summm,
1586 2599 1641 2621 seu
1676 2587 1768 2621 bullci
1791 2586 1912 2628 aureci,

1180 2649 1232 2677 aut
1257 2643 1331 2677 alias
1355 2643 1559 2687 nuncupatis,
1584 2642 1642 2675 sub
1666 2641 1916 2686 quibuscumque

1942 252 1994 281 An.
2005 252 2034 281 C.
2053 253 2122 281 1621

1948 1135 1952 1139 ,
1997 1109 2120 1132 Inobedien·

1938 1137 1989 1157 tium
2004 1141 2079 1163 poena.

2005 1849 2119 1876 norngauo

1934 1877 2095 1898 contrariorum.
