2269 3235
91 260 141 288 An.
157 259 188 288 G.
209 259 278 288 1624

117 587 238 609 Exordium.

124 906 276 932 Loiharingtae

93 933 134 954 dux
145 939 157 953 a
167 933 276 954 friderico

93 960 170 980 comite
183 960 276 986 palatino

93 987 161 1007 Rheni
176 986 276 1012 oppidum

93 1013 120 1034 de
145 1012 238 1034 Lizheim
256 1019 277 1034 e·

93 1040 138 1061 mit.

899 260 1042 286 URBANUS
1061 261 1117 285 vm
1136 261 1185 286 Pr.

378 307 494 338 Dilecto
513 308 575 336 filio
595 308 689 336 nobili
708 308 773 337 viro
793 308 940 344 ilenrico,

506 353 717 388 Letharingiae
738 353 817 387 duci,

483 402 620 430 Urbanus
647 403 727 437 Papa
754 402 833 430 vm.

361 459 476 490 Dilecto
492 460 547 494 fili,
565 462 693 488 salutem
709 462 740 488 et
754 459 952 495 apostolicam

533 505 783 534 benedictionem.

334 576 565 622 Circumspecta
578 577 666 611 Sedis
679 576 878 621 Apostolicae
891 577 1031 620 benigni-

290 634 336 663 tas
349 630 578 664 catholicorum
591 629 771 673 principum
783 634 864 669 vota,
878 639 935 673 per
952 640 1031 673 quae

290 683 461 716 catholicae
473 682 546 716 fidei
562 682 791 726 propagationi,
801 683 1032 726 haeresumque

290 736 489 781 extirpationi
520 735 695 769 consulitur
709 762 716 776 ,
752 735 791 768 ad
824 736 1032 769 exauditionis

290 789 424 833 gratiam
448 789 582 823 libenter
598 788 742 831 admittit,
760 799 858 833 eaque
874 790 1032 823 favoribus

290 842 494 886 prosequitur
519 841 713 886 opportunis.

336 895 351 938 ἓ
374 895 403 928 1.
429 895 495 929 Tuo
518 894 673 939 siquidem
697 894 825 928 nomine
849 905 950 939 nuper
974 906 1030 929 ex-

291 948 429 993 positum
449 949 517 990 fuit,
536 948 621 993 quod
645 954 688 990 tu,
714 949 966 982 animadvertens
983 960 1035 993 op-

291 1001 401 1045 pidum
417 1001 455 1035 de
469 1001 607 1035 Lizheim
625 1007 718 1046 atque
734 1002 839 1035 locum
857 1002 895 1035 de
911 1003 1034 1043 Crastal,

292 1055 437 1088 Metensis
465 1065 520 1088 seu
543 1055 672 1088 alterius
696 1055 860 1095 dioecesis,
885 1066 956 1088 cum
978 1066 1032 1089 ca-

293 1107 376 1149 stris,
400 1108 504 1149 terris‚
521 1108 603 1141 villis
627 1113 657 1141 et
680 1109 769 1152 pagis
793 1108 831 1141 ab
856 1108 900 1141 eis
924 1108 1036 1152 depen-

294 1161 452 1203 dentibus,
465 1161 504 1195 ad
521 1161 708 1195 Federicum
724 1167 799 1194 tunc
815 1167 969 1194 assertum
988 1173 1037 1195 co—

294 1215 600 1260 mitempalatinum
616 1215 716 1249 Rheni
734 1216 914 1260 spectantia,
933 1216 975 1248 ita
991 1217 1035 1249 tui

294 1268 425 1303 ducatus
446 1273 476 1303 et
494 1270 598 1303 Status
617 1269 733 1302 finibus
751 1269 888 1302 ethonis
905 1270 1037 1302 circum-

293 1322 420 1367 scripta,
437 1327 530 1366 atque
542 1322 625 1355 intra
640 1322 724 1355 illius
740 1322 892 1356 terminos
916 1323 1037 1356 inclusa

294 1385 372 1417 esse,
390 1381 424 1408 ut
444 1376 572 1409 illorum
589 1375 710 1409 incolae
723 1375 787 1408 suis
799 1375 915 1409 finibus
928 1377 1036 1420 egredi

293 1439 357 1463 non
380 1433 517 1474 possent,
534 1430 611 1474 quin
630 1430 699 1463 loca
716 1431 882 1474 temporali
907 1436 961 1464 tuo
986 1431 1037 1465 do-

294 1483 393 1518 minio
407 1483 546 1517 subiecta
562 1483 800 1528 pertransirent,
809 1484 849 1517 ob
863 1484 985 1528 idque',
998 1496 1037 1519 ne

295 1546 333 1570 ex
349 1537 486 1579 illorum,
502 1537 555 1581 qui
573 1537 713 1570 haeresis
729 1537 799 1570 labe
815 1537 921 1570 insecti
938 1544 1036 1577 erant,

238 1614 246 1622 .
294 1590 546 1635 frequentatione
577 1595 672 1635 atque
701 1591 892 1624 commercio
921 1591 1037 1624 subditi

127 2403 178 2425 Cum
193 2409 243 2425 vero
259 2409 284 2425 eo

101 2430 122 2451 in
137 2430 216 2456 oppido
236 2431 285 2452 olim

101 2457 165 2478 fuerit
180 2460 285 2478 monaste-

101 2483 155 2504 rium
200 2484 285 2505 Ordinis

101 2509 254 2537 cisterciensis,

295 1644 340 1678 tui
365 1645 489 1678 haeresi
513 1644 696 1678 huiusmodi
720 1644 960 1685 insectarentur,
985 1646 1038 1679 sed

295 1698 334 1732 ab
358 1698 412 1731 illa
436 1699 593 1732 immunes
617 1704 891 1739 conservarentur,
915 1699 1039 1743 ipsique

295 1752 417 1786 incolae
441 1752 499 1785 sub
520 1757 574 1785 tuo
599 1751 754 1795 gubernio
774 1752 812 1785 ad
832 1756 955 1786 sanctae
972 1764 1038 1786 ma-

296 1805 354 1839 tris
379 1805 537 1839 Ecclesiae
561 1805 730 1848 gremium,
754 1805 959 1839 benedicente
983 1806 1040 1840 Do-

295 1860 392 1900 mino,
416 1859 654 1901 reducerentur,
671 1859 821 1903 oppidum
847 1865 878 1892 et
901 1865 1039 1894 castrum

296 1912 488 1953 huiusmodi,
507 1923 578 1946 cum
599 1913 746 1946 omnibus
770 1913 897 1946 illorum
923 1914 1040 1958 depen-

297 1966 420 2006 dentiis,
445 1976 480 1999 ac
504 1966 683 2008 territoriis,
701 1977 737 1999 ac
761 1967 924 2010 quibusvis
948 1968 1040 2001 bonis

299 2019 526 2063 cuiuscumque
546 2019 704 2063 qualitatis
729 2024 759 2052 et
778 2020 904 2064 speciei,
926 2020 957 2052 in
981 2021 1041 2053 illis

298 2078 329 2106 et
360 2073 443 2107 intra
474 2073 602 2106 illorum
632 2073 710 2107 fines
744 2074 973 2115 existentibus,
1006 2085 1041 2107 ac

298 2137 388 2161 mero
404 2131 434 2161 et
457 2127 555 2160 mixto
577 2127 712 2171 imperio
726 2154 733 2167 ‚
758 2127 917 2172 gladiique
947 2134 1038 2172 pote-

298 2186 377 2214 state
401 2186 431 2215 et
455 2180 638 2215 omnimoda
658 2181 875 2215 iurisdictione
892 2187 922 2215 et
939 2187 1043 2215 aucto-

298 2234 400 2276 ritate,
425 2245 443 2268 a
471 2234 554 2268 dicto
579 2234 730 2268 Federieo
755 2235 860 2268 animo
887 2239 916 2269 et
940 2235 1041 2268 inten-

298 2289 383 2323 tione
396 2288 582 2332 religionem
598 2289 785 2323 catholicam
802 2289 844 2322 ibi
857 2289 1042 2323 restituendi

299 2342 413 2376 emisti.

344 2397 359 2440 ἓ
382 2395 412 2429 2.
433 2395 509 2430 Cum
526 2401 641 2438 autem,
661 2396 743 2430 sicut
759 2397 868 2430 eadem
889 2397 1042 2442 expositio

301 2450 521 2493 subiungebat,
538 2450 569 2483 in
586 2451 702 2495 oppido
715 2451 753 2484 de
771 2451 908 2484 Lizheim
922 2456 952 2484 et
972 2452 1042 2486 loco

300 2504 340 2538 de
355 2504 469 2538 Craftal
488 2504 669 2538 huiusmodi
686 2505 762 2539 olim
779 2505 971 2539 monasteria
987 2516 1042 2539 seu

300 2558 461 2603 prioratus
489 2557 704 2592 Cisterciensis
738 2570 794 2592 seu
825 2560 953 2593 alterius
978 2559 1038 2594 Or-

1706 251 1769 285 167
1818 261 1866 287 An,
1889 261 2002 288 01624

1065 309 1149 351 ginta
1169 309 1267 350 annis,
1282 314 1311 343 et
1328 310 1420 350 ultra,
1434 308 1604 353 apostolica
1621 308 1806 341 auctoritate

1065 373 1235 406 suppressa
1259 369 1288 396 et
1312 364 1496 407 profanata,
1522 362 1712 405 illorumque
1740 362 1806 394 sru-

1065 420 1154 456 ctus,
1179 416 1320 449 redditus
1352 422 1381 449 et
1412 421 1581 460 proventus
1612 415 1806 448 universitati

1065 468 1158 500 studii
1177 469 1332 511 generalis
1349 469 1455 512 oppidi
1475 469 1700 511 lleidclbergac
1718 468 1808 501 Wor-

1066 521 1225 553 matiensis
1246 522 1399 555 dioecesis
1419 522 1528 555 eadem
1552 522 1735 557 auctoritate
1756 532 1807 566 ap-

1065 575 1170 618 plicati
1194 575 1326 614 fuerint3

1110 628 1125 671 g
1148 626 1177 660 3.
1203 627 1279 667 Quia
1303 638 1378 661 vero
1403 629 1554 661 credibile
1578 635 1640 670 est,
1666 629 1805 663 eiusdem
1848 642 1942 668 murique
1961 641 2004 661 fri-

1066 681 1207 714 Federici
1221 686 1445 722 antecessores,
1462 692 1497 714 ac
1511 683 1615 715 forsan
1633 683 1736 727 ipsum
1756 684 1808 716 Fe·
1822 669 1887 715 'Jr'sr'ss‘s''
1904 671 2006 720 ssi-¹553?

1066 734 1223 775 dericum,
1249 740 1312 767 tam
1337 735 1580 776 monasterium,
1605 746 1659 768 seu
1684 722 2007 779 pr101·a-³⁰‘“⁰'²¹“¹“⁵¹‘³

1067 793 1132 820 tum
1157 788 1360 829 huiusmodi,
1390 799 1484 832 quam
1514 789 1620 821 forsan
1645 789 1704 821 alia
1728 790 1809 822 bona

1068 841 1278 874 ecclesiastica
1301 842 1382 874 intra
1406 842 1559 886 oppidum
1585 847 1614 875 et
1638 847 1739 875 terras
1756 842 1810 875 hu-

1069 895 1214 936 iusmodi,
1232 906 1249 928 a
1271 901 1310 936 te,
1332 900 1365 930 ut
1385 898 1573 939 praefertur,
1591 899 1706 939 empta,
1723 906 1812 928 usur-

1069 959 1169 992 passe,
1187 949 1309 993 sibique
1335 950 1568 993 appropriasse,
1596 949 1649 981 illa
1674 960 1760 989 vero,
1786 949 1811 981 si

1069 1001 1146 1045 qua¹
1172 1002 1242 1043 sint,
1263 1002 1305 1036 ita
1326 1002 1394 1035 aliis
1410 1003 1501 1036 bonis
1526 1002 1639 1046 emptis
1664 1002 1810 1046 incorpo-

1069 1061 1135 1088 rata
1160 1062 1242 1096 sunt,
1266 1061 1301 1089 ut
1325 1062 1411 1089 certa
1436 1066 1546 1089 eorum
1571 1056 1745 1096 distinctio,
1762 1056 1810 1089 vel

1069 1109 1128 1141 alia
1152 1109 1263 1142 notitia
1287 1120 1350 1142 non
1375 1109 1544 1150 habeatur,

1114 1163 1129 1206 ξ
1153 1163 1182 1195 4.
1208 1162 1253 1196 Ob
1279 1163 1373 1206 idque
1398 1169 1451 1203 tu,
1477 1163 1529 1207 qui
1563 1163 1652 1197 titulo
1677 1174 1811 1197 oneroso
1859 1174 2009 1209 Lethari-nffiss‘g

1070 1217 1175 1250 onmia
1208 1217 1238 1249 in
1271 1217 1353 1250 dicta
1379 1217 1557 1250 venditione
1582 1218 1811 1261 comprehensa
1826 1200 2010 1263 iiiiiitiissffifflssiis

1070 1270 1273 1314 acquisivisti,
1292 1281 1327 1303 ac
1347 1271 1448 1303 bonae
1466 1271 1538 1303 fidei
1555 1275 1678 1314 emptor
1695 1271 1811 1311 existis,
1826 1256 2010 1312 {21⁴·2¹=''³}.,·1‘'1i¹⁰¹0'},‘1¹12

1070 1324 1188 1368 quique
1212 1324 1245 1356 in
1269 1324 1450 1357 huiusmodi
1478 1325 1637 1367 emptione
1662 1335 1724 1357 non
1749 1329 1812 1358 tam
1827 1310 1913 1329 mm

1070 1377 1201 1421 propria
1225 1377 1391 1410 commoda
1416 1388 1510 1420 quam
1530 1377 1567 1410 iis
1584 1378 1616 1410 in
1639 1378 1716 1411 locis
1740 1378 1813 1411 fidei

1071 1431 1244 1464 catholicae
1268 1430 1501 1463 restitutionem
1526 1431 1702 1474 respexisti,
1720 1431 1817 1475 pluri-

1071 1494 1159 1516 mum
1184 1484 1292 1527 cupias
1318 1489 1387 1517 tuae
1412 1484 1572 1517 securitati
1603 1494 1640 1517 ac
1664 1484 1817 1517 indemni-

1071 1537 1125 1569 tati
1150 1537 1320 1581 provideri,
1338 1548 1374 1570 ac
1392 1537 1543 1581 emptioni
1560 1542 1590 1570 et
1605 1537 1815 1580 acquisitioni,

1072 1601 1127 1635 per
1153 1597 1191 1631 te,
1208 1595 1242 1623 ut
1266 1591 1454 1634 praefertur,
1479 1591 1578 1631 sactis,
1606 1590 1706 1624 robur
1733 1601 1812 1635 apo-

1073 1644 1200 1678 stolicae
1224 1644 1381 1677 firmitatis
1406 1645 1515 1677 adiici:

1117 1699 1132 1742 ξ
1157 1698 1185 1731 5.
1203 1699 1276 1738 Nos,
1295 1703 1456 1741 sperantes
1481 1698 1512 1730 in
1537 1698 1670 1732 Domino
1688 1699 1764 1739 sore,
1782 1704 1816 1732 ut

1073 1752 1217 1784 locorum
1235 1751 1266 1784 in
1284 1751 1442 1795 emptione
1461 1756 1490 1784 et
1507 1751 1715 1795 acquisitione
1729 1763 1817 1795 prae-

1073 1805 1164 1838 dictis
1185 1805 1491 1849 comprehensorum
1509 1804 1566 1838 sub
1587 1810 1641 1837 tuo
1657 1805 1816 1846 dominio,

1074 1860 1236 1903 extirpatis
1257 1860 1384 1893 omnino
1405 1860 1571 1893 haeresum
1590 1861 1763 1901 erroribus,
1779 1861 1818 1894 ad

1075 1923 1167 1946 verae
1192 1913 1264 1945 fidei
1289 1913 1419 1953 cultum,
1440 1924 1498 1957 per
1522 1913 1709 1946 immensam
1740 1914 1818 1947 divi-

1075 1978 1131 2000 nae
1157 1967 1305 2000 bonitatis
1331 1966 1594 2007 misericordiam,
1616 1967 1817 2010 reducantur,

1076 2021 1217 2064 votisque
1242 2021 1314 2060 tuis,
1335 2026 1487 2064 quantum
1506 2031 1577 2053 cum
1596 2021 1729 2053 Domino
1747 2032 1818 2064 pos-

1076 2085 1194 2114 sumus,
1212 2084 1362 2114 annuere,
1381 2079 1471 2118 teque
1497 2074 1685 2117 specialibus
1710 2074 1820 2107 favori-

1075 2128 1134 2161 bus
1167 2133 1197 2161 et
1233 2128 1342 2171 gratiis
1374 2128 1523 2172 prosequi
1556 2128 1715 2168 volentes,
1741 2133 1770 2160 et
1802 2139 1820 2160 a

1076 2181 1238 2225 quibusvis
1263 2181 1613 2220 excommunicationis,
1639 2181 1819 2224 suspensio-

1075 2235 1123 2267 nis
1149 2240 1179 2267 et
1202 2234 1370 2274 interdicti,
1396 2234 1528 2277 aliisque
1553 2234 1725 2275 sententiis,
1751 2244 1821 2267 cen-

1076 2288 1158 2322 suris
1183 2293 1213 2321 et
1237 2288 1368 2331 poenis,
1394 2298 1411 2320 a
1435 2287 1504 2321 iure
1533 2288 1580 2320 vel
1605 2288 1644 2320 ab
1670 2288 1797 2321 homine
1812 2316 1819 2329 ‚

1077 2342 1185 2385 quavis
1209 2342 1374 2375 occasione
1400 2341 1447 2374 vel
1472 2343 1567 2374 causa
1591 2341 1677 2381 latis,
1702 2341 1727 2373 si
1753 2341 1820 2385 qui-

1075 2397 1134 2429 bus
1165 2395 1403 2439 quomodolibet
1434 2394 1599 2433 innodatus
1631 2395 1758 2435 existis,
1781 2395 1820 2428 ad

1076 2450 1324 2495 praemissorum
1349 2448 1494 2481 effectum
1519 2448 1680 2481 dumtaxat
1704 2460 1820 2483 conse-

1076 2504 1245 2548 quendum,
1263 2503 1376 2536 harum
1397 2502 1478 2535 serie
1502 2502 1701 2535 absolventes
1717 2507 1747 2535 et
1768 2503 1821 2535 ab·

1076 2559 1213 2591 solutum
1238 2558 1305 2590 sore
1329 2561 1510 2596 censentes,
1534 2565 1658 2589 necnon
1682 2556 1818 2600 scriptu-

1840 1707 1953 1728 Confirmat
1961 1707 2014 1728 Pon-

1830 1734 1886 1754 tifex.

302 2611 383 2645 dinis
407 2611 592 2650 existerent,
617 2611 670 2645 illa
692 2623 768 2647 vero
792 2613 855 2646 iam
879 2623 896 2647 a
920 2618 1043 2658 septua—
1076 2623 1183 2646 rarum
1209 2621 1304 2655 super
1328 2610 1517 2650 venditione,
1535 2610 1694 2654 emptione
1719 2614 1749 2645 et
1768 2621 1819 2644 ac·

338 2675 351 2702 1
368 2674 462 2703 Potius
475 2673 621 2710 legendum
636 2674 669 2702 ob
685 2675 714 2702 id
731 2675 767 2712 (n.
783 2676 833 2711 ⁷12).

1110 2675 1124 2702 1
1142 2673 1213 2701 Edit.
1229 2672 1309 2700 Main.
1325 2672 1413 2700 habet
1425 2672 1451 2700 si
1465 2680 1539 2708 quae
1553 2672 1591 2708 (R.
1609 2672 1656 2707 ⁷12).
