2269 3235
278 275 330 303 An.
352 274 379 302 G.
399 273 465 302 1623
516 264 554 298 10

477 322 578 356 ciscus
602 320 724 354 Rizzius
748 318 903 357 clericus,
929 327 984 350 seu
1008 315 1106 348 laicus
1131 315 1218 347 lanu-

479 375 578 417 ensis,
604 373 788 407 loannettini
813 372 842 405 S.
868 369 1017 404 Hadriani
1042 369 1080 402 de
1104 368 1217 408 Auria;

479 429 589 462 Petrus
613 426 651 459 de
667 427 761 460 Notes
777 424 909 457 clericus
932 422 1102 467 Papiensis,
1120 422 1218 455 Lucas

479 481 684 514 Massarentes
707 478 804 511 laicus
832 476 991 516 Reatinus,
1008 475 1109 508 Caroli
1127 475 1217 507 Ema-

480 533 580 567 nuelis
605 532 633 565 S.
652 530 769 565 Nicolai
787 530 818 563 in
837 530 969 563 Carcere
992 528 1134 561 Tulliano
1154 527 1199 561 Pii
1210 539 1217 567 ;

480 586 617 629 Angelus
646 583 821 627 Magnesius
846 581 1082 624 Polignanensis
1106 590 1218 624 perpe-

480 643 551 673 tuus
563 635 848 671 commendatarius
861 634 1041 668 monasterii
1055 634 1085 667 S.
1106 632 1219 666 Mariae

480 692 561 725 della
585 691 735 725 Grottella
758 688 964 722 Ilidruntinae
992 687 1165 727 dioecesis,
1190 691 1220 718 et

480 744 625 779 Claudius
635 743 809 777 Amadaeus
818 741 896 774 Vibo
907 739 1220 784 Gratiopolitanensis

482 796 608 836 clerici,
632 795 766 829 Mauritii
795 793 975 828 Emanuelis
1008 793 1036 826 S.
1062 791 1219 826 Eustachii

481 850 519 883 de
536 848 707 888 Sabaudia;
732 847 917 882 Octavianus
934 846 971 879 de
988 847 1078 879 Lotto
1096 846 1221 878 Floren-

481 904 565 936 tinus
589 903 679 936 miles
704 902 834 935 militiae
860 900 999 933 eiusdem
1021 900 1049 932 S.
1072 898 1220 942 Stephani

482 963 512 990 ct
525 956 709 989 Franciscus
718 954 868 988 Acursius
881 950 1220 994 Bombaglinuslaicus‚

481 1010 582 1044 Caroli
605 1010 633 1042 S.
651 1008 765 1042 Mariae
785 1007 816 1039 in
835 1006 982 1039 Domnica
1002 1004 1151 1041 Medices;
1169 1003 1222 1035 Fa-

483 1064 553 1097 bius
577 1061 730 1096 Leonidas
753 1060 792 1093 de
816 1060 845 1093 S.
870 1059 963 1092 Flora
988 1055 1029 1090 ct'
1044 1057 1148 1091 Ulixes
1173 1056 1223 1090 Se-

482 1116 609 1149 verinus
622 1113 728 1147 clerici
745 1112 937 1146 Auximanac
951 1110 1113 1150 dioecesis,
1130 1110 1223 1142 Fran-

484 1169 557 1203 cisci
578 1169 606 1202 S.
632 1167 742 1210 Angeli
767 1167 799 1199 in
819 1166 902 1199 Foro
920 1164 1054 1198 Piscium
1075 1164 1223 1197 13006001-

483 1222 595 1266 pagni,
620 1219 805 1254 Laurentius
824 1218 1036 1252 Bernardinus
1060 1217 1224 1261 presbyter

483 1275 631 1309 Lucensis
640 1279 670 1307 et
682 1273 894 1317 Hieronymus
905 1271 1081 1304 Adimarius
1091 1270 1224 1303 clericus

484 1327 704 1367 Florentinus,
732 1325 893 1370 llyppoliti
922 1324 950 1357 S.
977 1324 1091 1357 Mariae
1121 1324 1225 1357 Novae

485 1380 728 1421 Aldobrandini,
745 1380 951 1413 diaconorum
971 1382 1096 1410 sanetae
1117 1378 1226 1410 Roma-

485 1445 543 1468 nae
567 1434 724 1468 Ecclesiae
748 1432 965 1472 cardinalium,
990 1432 1083 1465 etiarn
1107 1440 1227 1463 nuncu-

485 1494 648 1534 patorum:
669 1488 779 1520 Frater
801 1487 924 1519 Marcus
940 1486 1092 1519 Antonius
1112 1485 1226 1517 Vianus

487 1541 690 1576 Bononiensis
704 1551 775 1574 cum
793 1540 875 1573 dicto
887 1539 1052 1582 Fulgentio
1066 1538 1226 1583 episcopo,

488 1595 665 1639 Stephanus
689 1594 727 1627 de
751 1593 869 1626 Bubalo
886 1593 1045 1626 Romanus
1063 1592 1228 1636 presbyter

489 1647 651 1681 Societatis
662 1647 741 1687 Iesu,
755 1644 1000 1684 commissarius,
1015 1644 1139 1678 Gabriel
1152 1644 1229 1676 Fon-

489 1711 559 1734 seca
582 1701 680 1733 laicus
704 1699 869 1743 PliysicuS‚
894 1698 1029 1741 Prosper
1057 1697 1229 1730 Cecchinus

491 1755 669 1797 chirurgus,
700 1752 886 1785 Franciscus
918 1750 1061 1794 Amplius
1096 1750 1229 1783 clericus

491 1809 660 1847 Romanus,
678 1806 800 1839 adiutor
821 1804 894 1837 dieti
916 1803 1075 1837 secretarii
1093 1803 1228 1845 collegii,

492 1861 605 1894 Fabius
622 1860 769 1894 Novellus
786 1869 856 1892 cum
874 1857 964 1890 (116115
985 1857 1144 1900 magistris
1162 1867 1229 1889 coe-

491 1913 724 1953 remoniarum,
749 1912 956 1956 Appollonius
979 1911 1017 1943 de
1034 1910 1229 1954 Appolloniis

493 1967 646 2007 Senensis,
662 1965 869 1999 aromatarius
881 1992 888 2005 ,
908 1964 1061 1998 Antonius
1079 1964 1230 1996 Fernacu-

495 2026 542 2053 tus
558 2020 691 2053 clericus
719 2020 888 2059 1101000115,
912 2017 1098 2061 Tarquinius
1123 2017 1230 2051 Galar-

494 2074 551 2107 dus
564 2074 671 2115 laicus,
681 2073 746 2106 eius
758 2072 926 2111 adiutores;
935 2071 1029 2104 Linus
1043 2071 1184 2103 Blasinus
1193 2070 1231 2103 de

494 2128 523 2162 S.
548 2127 657 2162 Oresto
681 2126 797 2159 nullius
817 2125 968 2159 dioecesis
992 2129 1097 2158 605105
1124 2125 1230 2165 sontis,

494 2181 679 2215 anciscus
703 2181 790 2213 Anna
806 2184 836 2212 61
860 2180 991 2213 1000065
1010 2178 1148 2221 Baptista
1163 2178 1232 2211 Car-

494 2245 585 2279 000-1,,
599 2233 848 2273 barbitonsores,
863 2233 993 2265 lacobus
1006 2232 1167 2275 Philippus
1180 2232 1202 2264 T
1205 2242 1233 2264 a·

496 2300 553 2322 uus
579 2294 608 2322 61
640 2287 800 2320 Secundus
824 2287 978 2319 Tassonus
1008 2296 1118 2318 eorum
1146 2285 1232 2317 adiu-

498 2351 596 2382 zeres3
621 2341 806 2375 Franciscus
831 2339 929 2379 Soria,
954 2339 1041 2371 saber
1064 2339 1232 2381 lignarius,

501 2398 628 2430 ioannes
649 2394 800 2428 Antonius
817 2393 1042 2433 Bernasconus,
1064 2398 1235 2425 caementa-

498 2450 577 2490 rius,
594 2450 724 2483 Ioannes
737 2447 892 2487 Scorcius,
905 2446 1085 2479 Dominicus
1098 2447 1235 2489 Tognar-

498 2503 608 2542 dellus‚
632 2502 761 2535 1000065
778 2500 978 2543 Augustinus,
997 2499 1103 2532 Simon
1122 2499 1236 2532 Petric-

500 2556 608 2595 ciolus‚
633 2554 763 2588 Basilius
786 2554 967 2593 Colarcllus,
984 2553 1114 2586 Ioannes
1134 2554 1236 2595 Augu—

500 2610 599 2642 stinus
623 2607 789 2649 Laurentii,
821 2607 929 2640 Petrus
954 2606 1072 2646 Fontei,
1097 2606 1236 2639 Andreas

501 2663 681 2703 Palumhus,
706 2661 914 2705 Hieronymus
939 2660 1152 2701 Tamansinus,
1181 2660 1237 2693 Pe-

1059 266 1236 290 BULLAItlUM
1262 264 1416 289 ROMANL'M

2006 260 2054 286 An.
2074 260 2103 287 G.
2122 259 2189 287 4623

1251 317 1317 348 trus
1332 313 1531 346 Fumarettus
1548 315 1578 344 et
1597 310 1735 344 lulianus
1750 308 1991 352 Fulginatensis,

1251 372 1431 412 scopatores
1456 364 1621 400 conclavis.

1295 421 1310 464 g
1337 420 1389 453 ⁶23.
1415 420 1452 453 Et
1474 419 1620 462 insuper,
1645 426 1717 450 eum
1745 415 1878 448 dilectus
1908 414 1992 447 silius
2033 429 2111 451 Eadem
2126 430 2190 455 praa..

1252 474 1437 507 Franciscus
1466 472 1609 512 Viarius,
1636 470 1734 503 laicus
1764 468 1858 512 burgi
1894 468 1991 501 sancti
2007 456 2190 504 'ttlssifftsst'gfssfi

1252 526 1427 571 Sepulchri,
1447 530 1595 569 tanquam
1620 524 1777 557 dictorum
1794 521 1993 555 conclavista-
2008 512 2191 556 {tfsssst‘sslsscolissssi

1252 591 1324 613 rum
1347 584 1553 624 procurator,
1580 578 1611 611 in
1645 576 1827 621 praemissis
1851 575 1992 609 sedulam
2008 562 2092 583 ‘'unm‘'

1252 644 1311 677 pro
1328 633 1403 677 ipsis
1416 642 1557 676 operam,
1570 636 1605 664 ut
1620 630 1811 674 accepimus,
1824 628 1993 668 navaverit;

1254 691 1424 731 propterea
1444 689 1473 719 et
1489 685 1623 718 aliorum
1648 683 1835 717 meritorum
1863 692 1994 716 suorum

1254 750 1289 773 06
1309 739 1533 783 obsequiorum
1552 737 1643 771 nobis
1662 742 1692 770 et
1711 736 1782 770 Sedi
1799 735 1996 780 Apostolicae
2112 748 2126 760 ·

1255 793 1470 836 impensorum
1494 791 1619 832 intuitu,
1639 791 1778 824 volentes
1802 790 1906 833 ipsum
1931 799 1997 833 spe·

1255 845 1385 878 cialibus
1409 844 1568 877 favoribus
1593 848 1623 876 et
1647 843 1756 886 gratiis
1776 841 1939 886 prosequi,
1957 841 1997 874 ei-

1254 899 1326 931 dem
1352 898 1519 931 Franeisco
1540 897 1654 938 Viario‚
1672 896 1766 940 quod,
1782 896 1855 929 licet
1874 896 1906 928 in
1923 904 1997 928 con-

1255 951 1333 985 clavi
1347 951 1509 995 praedicto
1521 961 1585 983 non
1598 949 1785 990 inservierit,
1793 949 1998 982 nihilominus

1255 1003 1402 1037 omnibus
1432 1008 1463 1035 et
1494 1001 1626 1045 singulis
1657 1001 1844 1045 supradictis
1873 1001 1998 1045 gratiis,

1255 1057 1428 1101 privilegiis
1442 1083 1449 1097 ,
1478 1054 1677 1088 facultatibus
1690 1081 1697 1095 ‚
1727 1054 1977 1088 immunitatibus
1991 1081 1999 1095 ,

1256 1109 1453 1143 libertatibus
1471 1136 1478 1150 ,
1511 1108 1686 1142 honoribus
1704 1134 1711 1149 ‚
1745 1107 1974 1152 praerogativis
1991 1134 1999 1148 ,

1256 1162 1528 1208 praeeminentiis,
1553 1161 1681 1194 indultis
1695 1188 1702 1202 ‚
1728 1160 1978 1205 exemptionibus
1991 1188 1999 1202 ,

1258 1216 1432 1260 ceterisque
1463 1215 1661 1260 praemissis,
1681 1224 1744 1247 non
1767 1219 1872 1247 tamen
1896 1213 2000 1258 quoad

1258 1268 1531 1314 participationem
1552 1267 1661 1300 deecm
1682 1267 1815 1300 millium
1837 1272 1999 1300 scutorum

1258 1321 1439 1355 huiusmodi
1463 1332 1521 1365 per
1544 1331 1612 1361 nos,
1636 1326 1671 1353 ut
1694 1331 1799 1365 supra,
1817 1320 1907 1354 dictis
1932 1331 2002 1354 con-

1260 1375 1395 1409 elavistis
1408 1375 1595 1408 donatorum
1610 1379 1640 1407 et
1653 1374 1733 1407 inter
1748 1374 1843 1418 ipsos,
1856 1378 1890 1408 ut
1914 1384 2002 1418 prae-

1260 1430 1377 1469 fertur,
1402 1427 1711 1467 distribuendorum,
1737 1432 1897 1470 tamquam
1926 1438 2001 1461 con-

1260 1482 1387 1515 clavista
1410 1486 1440 1513 et
1463 1491 1545 1513 unus
1568 1480 1712 1524 ipsorum
1736 1480 1798 1512 frui
1819 1483 1848 1514 et
1864 1479 2002 1523 gaudere

1260 1535 1360 1568 libere
1384 1539 1414 1567 et
1437 1534 1521 1566 licite
1544 1533 1643 1577 possit
1666 1538 1697 1566 61
1721 1533 1840 1573 valeat,
1871 1533 2002 1576 perinde

1261 1599 1296 1621 ac
1320 1588 1346 1620 si
1371 1587 1510 1621 conclavi
1534 1585 1717 1619 huiusmodi
1737 1596 1810 1619 vere
1830 1590 1859 1618 61
1875 1586 2002 1619 realiter

1262 1641 1468 1681 interfuisset,
1493 1639 1767 1674 constitutionibus
1786 1644 1816 1672 et
1835 1638 2003 1672 ordinatio-

1261 1696 1354 1728 nibus
1385 1694 1586 1739 apostolicis,
1611 1693 1786 1736 ceterisque
1815 1692 2002 1736 supradictis

1262 1754 1292 1782 61
1309 1748 1376 1781 01115
1397 1747 1562 1781 contrariis
1578 1756 1775 1790 nequaquam
1792 1745 2002 1785 obstantibus,

1263 1807 1350 1835 motu
1375 1806 1405 1834 et
1428 1800 1612 1834 auctoritate
1633 1799 1788 1833 similibus
1812 1798 1851 1832 de
1875 1798 2002 1843 speciali

1245 1879 1246 1887 i
1263 1856 1363 1899 gratia
1388 1855 1596 1897 indulgemus.

1308 1910 1322 1952 g
1347 1908 1398 1941 224.
1424 1909 1575 1941 Volumus
1600 1913 1721 1947 autem,
1746 1906 1830 1951 quod
1855 1916 2004 1950 praesen·

1263 1962 1341 1995 tium
1366 1962 1572 2006 transumptis
1597 1960 1768 2004 impressis,
1793 1965 1823 1993 et
1848 1960 1951 2003 sigillo
1968 1970 2005 1993 ac

1264 2025 1358 2048 manu
1375 2015 1505 2048 alicuius
1521 2025 1673 2059 personae
1690 2014 1721 2046 in
1738 2013 1888 2056 dignitate
1905 2013 2004 2046 ecele-

1265 2069 1389 2102 siastica
1414 2069 1600 2103 constitutae
1620 2068 1748 2101 munitis
1765 2073 1794 2100 et
1811 2066 2005 2112 subscriptis,

1266 2123 1374 2156 eadem
1400 2123 1477 2156 fides
1502 2128 1563 2155 tam
1588 2122 1619 2155 in
1654 2121 1769 2155 iudicio
1800 2131 1894 2165 quam
1919 2127 2006 2155 extra

1266 2177 1342 2209 illud
1367 2176 1568 2216 adhibeatur,
1588 2186 1667 2219 quae
1692 2174 1900 2218 originalibus
1923 2175 2005 2208 litte-

1266 2230 1309 2263 ris
1343 2230 1566 2270 adhiberetur,
1592 2229 1615 2262 si
1651 2230 1753 2262 serent
1777 2229 1934 2262 exhibitae
1957 2229 2005 2262 vel

1267 2289 1418 2317 ostensae.

1311 2339 1325 2382 ξ
1349 2338 1400 2371 25.
1419 2338 1500 2371 Nulli
1526 2348 1602 2380 ergo
1626 2338 1754 2371 omnino
1779 2337 1943 2371 hominum
1967 2337 2005 2370 li-
2020 2343 2136 2391 mfflfflm
2155 2348 2205 2370 poe·

1267 2398 1334 2426 6601
1364 2393 1420 2425 1106
1452 2392 1598 2436 paginam
1630 2397 1754 2425 nostrae
1779 2391 2003 2432 absolutionis,
2065 2386 2080 2391 “’

1267 2445 1465 2489 receptionis,
1491 2445 1666 2485 creationis,
1691 2444 1939 2484 constitutionis,
1963 2454 2007 2477 as-

1268 2498 1451 2542 signationis
1465 2526 1472 2539 ,
1497 2498 1707 2531 decorationis
1722 2525 1729 2539 ‚
1754 2496 2007 2541 aggregationis,

1269 2552 1472 2592 liberationis,
1486 2552 1702 2595 exemptionis,
1720 2551 1923 2591 remissionis,
1937 2560 2008 2583 eon-

1269 2606 1456 2646 donationis,
1481 2606 1732 2650 dispensationis,
1757 2603 2008 2649 legitimationis,

1269 2659 1479 2699 abstersionis,
1505 2659 1693 2695 alwlitionis,
1718 2658 1932 2696 restitutionis,
1955 2658 2009 2690 de·

2059 1916 2203 1944 'transumptis

2019 1943 2089 1965 danda
2106 1944 2165 1965 fides.
