2269 3235
97 265 149 292 An.
166 265 193 291 C.
219 265 285 292 1625

123 592 218 618 illudque
233 596 280 612 cou-

97 619 172 640 firmat.

101 2563 208 2586 Contraria
224 2565 283 2586 tollit.

904 266 1044 289 URBANUS
1070 265 1124 289 Vll}
1150 266 1197 289 PP-

294 313 367 346 tiam
386 317 413 345 et
431 312 640 347 obedientiam
659 320 789 354 servata,
807 314 853 346 vel
874 313 1036 346 tideiussio

294 365 443 410 praestita
458 376 521 400 non
538 366 640 400 suerit.

471 428 596 462 Cosmus
617 428 782 462 cardinalis
799 428 836 461 de
854 429 876 461 T
879 438 989 462 onnus.

340 499 421 532 Loco
446 500 471 542 ἦ·
488 499 592 542 sigilli,

339 578 354 621 ἓ
378 578 407 611 9,.
430 578 505 612 Cum
523 582 637 620 autem,
659 577 739 610 sicut,
756 577 863 610 eadem
882 577 1036 621 expositio

296 631 524 675 subiungebat,
554 631 698 664 minister
722 630 924 674 provincialis
949 641 1037 675 prac-

295 684 396 717 dictus
420 685 592 729 plurimum
619 684 723 728 cupiat
747 683 907 717 decretum
932 684 1036 717 huius-

296 737 396 778 modi,
421 748 479 781 pro
509 737 644 770 firmiori
676 736 759 770 illius
783 737 983 770 subsistentia
1008 741 1038 771 et

295 790 502 831 observantia,
520 790 709 834 apostolieae
726 790 974 823 confirmationis
988 801 1037 835 pa-
1053 797 1055 808 ¹

295 844 428 877 trocinio
446 844 651 884 comnmniri;
673 843 743 878 ideo
768 844 858 877 nobis
875 844 1037 878 humiliter

295 897 466 941 supplicari
491 897 580 938 fecit,
604 903 638 930 ut
663 898 729 930 eius
754 898 832 931 votis
858 898 1037 932 huiusmodi

295 960 432 984 annuere
457 950 495 983 de
519 950 711 994 benignitate
736 951 907 995 apostolica
932 952 1038 995 digna—

295 1013 412 1036 remur.
438 1004 500 1037 Nos
523 1004 631 1047 igitur,
657 1004 834 1038 ministrum
860 1005 1037 1049 provincia·

295 1058 357 1091 lem
381 1057 578 1102 praedictum
610 1058 797 1102 specialibus
825 1059 984 1092 favoribus
1009 1065 1036 1092 et

296 1111 405 1155 gratiis
429 1112 578 1156 prosequi
603 1112 756 1155 volentes,
783 1117 813 1146 et
837 1123 853 1145 a
878 1113 1038 1158 quibusvis

296 1166 639 1207 excommunicationis,
657 1167 872 1210 suspensionis
889 1172 919 1200 et
942 1167 1037 1200 inter-

297 1218 381 1259 dicti,
396 1219 527 1263 aliisque
541 1219 762 1252 ecclesiasticis
781 1220 952 1260 sententiis,
970 1230 1039 1252 cen—

296 1272 378 1305 suris
402 1277 433 1306 et
456 1273 587 1317 poenis,
612 1284 629 1306 a
654 1273 723 1306 iure
748 1274 795 1306 vel
825 1274 864 1306 ab
889 1274 1037 1314 homine,

295 1326 404 1369 quavis
428 1326 593 1360 occasione
618 1327 665 1359 vel
691 1329 784 1359 eausa
808 1327 900 1368 latis,
925 1327 950 1360 si
975 1327 1039 1370 qui-

295 1379 354 1412 bus
384 1379 621 1423 quomodolibet
652 1380 820 1414 innodatus
852 1381 975 1421 existit,
1000 1381 1038 1413 ad

296 1432 441 1466 effectum
451 1434 664 1477 praesentium
677 1434 838 1467 dumtaxat
848 1445 1040 1478 consequen-

296 1486 381 1527 dum,
406 1486 519 1520 harum
544 1487 625 1520 serie
649 1487 844 1521 absolventes
869 1493 899 1521 et
918 1488 1040 1522 absolu-

297 1546 362 1573 tum
387 1540 455 1573 sore
480 1546 651 1581 censentes,
676 1540 857 1574 huiusmodi
881 1541 1038 1585 supplica-

298 1593 435 1626 tionibus
460 1593 610 1633 inelinati‚
628 1593 788 1626 decretum
805 1595 1037 1638 praeinsertum

298 1645 488 1686 huiusmodi,
513 1646 684 1690 apostolica
710 1646 904 1687 auctoritate,
930 1651 1038 1679 tenore

298 1699 519 1743 praesentium,
533 1705 686 1744 perpetuo
697 1700 912 1744 approbamus
926 1704 955 1734 et
968 1711 1039 1734 con-

297 1754 480 1794 firmamus,
505 1753 612 1797 illique
637 1752 825 1787 inviolabilis
849 1754 1038 1798 apostolicae

299 1806 453 1840 tirmitatis
478 1807 576 1840 robur
601 1806 785 1850 adiieimus,
810 1818 846 1840 ac
875 1818 984 1841 omnes
1009 1814 1038 1840 et

298 1860 438 1904 singulos
462 1865 523 1893 tam
557 1860 634 1894 iuris
658 1871 751 1904 quam
784 1861 856 1894 sacti
881 1861 1036 1903 defectus,

299 1913 322 1946 si
347 1914 400 1958 qui
432 1913 567 1958 desuper
598 1914 835 1958 quomodolibet
864 1915 1038 1948 intervene-

298 1967 369 2007 rint,
395 1968 593 2011 supplemus,
619 1967 784 2011 ipsumque
808 1968 981 2009 decretum,
1002 1980 1037 2002 ac

299 2020 403 2053 omnia
428 2026 457 2053 et
481 2020 604 2063 singula
628 2021 659 2053 in
679 2032 716 2053 eo
737 2025 890 2064 contenta,
915 2022 954 2054 ab
969 2033 1036 2055 om-

299 2075 400 2115 nibus,
421 2075 458 2107 ad
480 2086 558 2118 quos
575 2079 693 2118 spectat
712 2080 742 2107 et
758 2075 789 2107 in
805 2073 1038 2120 suturum’quo-

300 2128 469 2161 inodolibet
496 2128 668 2171 spectabit,
693 2127 827 2161 firmiter
858 2133 888 2161 et
912 2128 1037 2162 inviola-

299 2181 402 2214 biliter
419 2181 596 2221 observari3
617 2181 724 2225 sicque
744 2192 802 2226 per
819 2193 1036 2226 quoscumque

300 2234 417 2267 iudices
434 2234 609 2268 ordinarios
626 2239 656 2267 et
672 2234 842 2278 delegatos,
857 2235 950 2268 etiam
969 2247 1038 2269 cau-

299 2299 403 2321 sarum
417 2289 522 2332 palatii
539 2289 701 2333 apostolici
719 2289 888 2331 auditores,
906 2289 1036 2323 iudicari

300 2347 328 2377 ct
352 2342 475 2376 definiri
501 2343 625 2383 dehere,
642 2353 677 2376 ac
698 2342 823 2376 irritum
840 2348 870 2377 et
894 2344 993 2386 inane,
1012 2344 1037 2377 si

300 2407 388 2429 secus
408 2406 502 2440 super
523 2396 572 2429 his
589 2406 606 2429 a
622 2407 791 2440 quoquam,
809 2397 918 2440 quavis
935 2401 1038 2432 aucto-

300 2450 400 2491 ritate,
415 2449 548 2484 scienter
571 2451 618 2483 vel
650 2451 841 2494 ignoranter,
871 2451 1038 2496 contigerit

299 2503 453 2545 attentari,
475 2503 683 2537 decernimus.

342 2557 410 2600 {3
440 2558 507 2591 Non
540 2557 734 2591 obstantibus
765 2558 1038 2592 constitutionibus

299 2615 329 2643 et
346 2611 597 2644 ordinationibus
615 2611 805 2655 apostolicis,
821 2622 857 2645 ac
877 2611 1038 2656 quibusvis

298 2663 481 2708 privilegiis,
506 2665 615 2708 gratiis
640 2670 669 2698 et
693 2664 821 2698 indultis
851 2665 880 2698 in
906 2670 1034 2699 contra-

1715 253 1778 287 :327

1072 313 1152 345 rium
1170 313 1417 357 praemissorum
1431 311 1667 357 quomodolibet
1686 321 1809 344 conces-

1070 366 1121 408 sis,
1147 366 1340 399 confirmatis
1356 372 1387 399 et
1405 365 1567 408 innovatis,
1584 364 1758 409 ceterisque
1779 365 1808 397 in

1070 419 1263 452 contrarium
1283 419 1464 452 facientibus
1484 419 1742 463 quibuscumque.

1114 471 1225 504 Datum
1244 473 1371 513 Itomae,
1388 472 1471 516 apud
1485 473 1513 505 S.
1529 473 1665 513 Petrum,
1684 471 1741 505 sub
1759 482 1809 505 an-

1071 526 1146 558 nulo
1170 525 1347 565 Piscatoris,
1373 526 1422 558 die
1446 536 1546 559 xxviii
1572 526 1643 558 maii
1669 536 1809 565 MDCXXV,

1071 577 1269 621 pontificatus
1286 578 1385 611 nostri
1406 588 1487 611 anno
1505 589 1534 611 ιι.

1106 640 1163 667 bat.
1181 640 1224 668 die
1239 640 1273 667 28
1289 640 1352 668 maii
1369 641 1446 675 1625,
1464 641 1558 676 pontit.
1576 650 1646 670 anno
1663 649 1688 669 11.

1825 264 1872 290 An.
1890 263 1916 289 C.
1941 264 2006 289 1695>

1401 757 1483 791 CXL.

1072 827 1225 861 Declarat
1249 828 1420 872 facultates
1434 828 1616 861 absolvendi
1632 830 1673 861 ab
1687 830 1811 862 haeresi]

1116 886 1145 914 et
1169 882 1296 915 casibus
1320 882 1396 916 Secti
1413 882 1615 926 Apostolicae
1642 883 1811 915 reservatis

1117 939 1145 968 cl
1170 936 1206 968 ‘in
1231 935 1331 968 Bulla
1358 936 1479 969 Coenac
1498 936 1643 976 Domini,
1669 936 1812 980 particu-

1118 988 1242 1021 laribus
1250 989 1408 1031 personis,
1427 989 1515 1021 ultra
1526 993 1648 1021 montes
1657 999 1714 1032 per
1724 989 1753 1021 S.
1769 990 1811 1025 δῖ,

1116 1052 1171 1073 seit
1193 1046 1343 1074 sanctum
1368 1042 1516 1085 Officium
1541 1052 1717 1082 concessas,
1748 1052 1812 1074 non

1117 1095 1344 1138 comprehendi
1363 1095 1422 1127 suh
1439 1096 1586 1138 qeneralz'
1602 1096 1813 1139 suspensione

1116 1148 1280 1181 occasione
1296 1149 1379 1181 anni
1395 1149 1528 1181 sancti&

1280 1219 1415 1247 Urbanus
1432 1220 1510 1254 Papa
1530 1220 1607 1251 vlu,

1214 1265 1250 1291 ad
1269 1264 1402 1292 futuram
1421 1265 1465 1292 rei
1485 1265 1666 1293 memoriam.

1117 1326 1131 1370 ἓ
1150 1327 1177 1359 'l.
1199 1327 1274 1360 Cum
1292 1337 1349 1360 nos
1366 1337 1476 1371 nuper,
1494 1328 1657 1361 occasione
1674 1333 1747 1361 tunc
1765 1329 1811 1361 in—

1073 1379 1182 1414 stantis
1205 1380 1277 1412 anni
1305 1380 1448 1422 iubilaei,
1474 1390 1583 1413 omnes
1613 1386 1643 1414 et
1674 1381 1812 1425 singulas

1073 1432 1234 1466 facultates
1251 1438 1281 1466 et
1299 1433 1416 1466 indulta
1433 1434 1612 1466 absolvendi
1634 1434 1672 1466 ab
1689 1435 1811 1467 haeresi

1073 1491 1102 1519 et
1126 1486 1250 1519 casibus
1274 1486 1344 1519 Sedi
1370 1487 1566 1530 Apostolicae
1584 1488 1760 1529 reservatis,
1785 1499 1812 1520 e-

1072 1539 1146 1571 tiam
1172 1539 1202 1571 in
1227 1539 1338 1572 litteris
1370 1539 1420 1572 die
1451 1539 1570 1573 Coenae
1602 1540 1724 1573 Domini
1750 1541 1811 1584 legi

1073 1593 1170 1626 solitis
1185 1594 1347 1636 contentis,
1369 1594 1532 1638 quibusvis
1556 1594 1698 1638 personis
1717 1595 1812 1638 parti-

1072 1647 1241 1687 cularibus,
1267 1652 1329 1679 tam
1354 1646 1555 1689 singulariter
1575 1657 1668 1690 quam
1693 1647 1814 1680 univer-

1072 1699 1187 1739 saliter,
1202 1710 1260 1743 per
1277 1710 1493 1743 quoscumque
1510 1700 1668 1733 Romanos
1689 1701 1813 1733 Pontifi-

1072 1762 1123 1784 ces
1147 1752 1407 1796 praedecessores
1431 1757 1565 1795 nostros⁷
1583 1763 1618 1785 ac
1636 1752 1728 1785 etiam
1746 1763 1812 1794 nos,

1072 1806 1165 1838 etiam
1189 1806 1227 1839 ad
1252 1806 1431 1840 instantiam
1457 1807 1667 1850 imperatoris,
1692 1818 1813 1850 regum,

1072 1859 1186 1892 dueum
1214 1866 1241 1892 et
1267 1860 1401 1893 aliorum
1427 1860 1605 1904 principum
1621 1888 1628 1902 ‚
1653 1867 1706 1893 aut
1738 1862 1813 1894 alias

1072 1914 1369 1957 quomodocumque
1401 1919 1430 1946 et
1461 1925 1497 1946 ex
1522 1914 1686 1958 quibusvis
1711 1915 1813 1947 causis

1071 1972 1101 1999 et
1125 1966 1354 2008 occasionibus,
1379 1967 1437 2000 sub
1461 1967 1713 2011 quibuscumque
1732 1973 1814 2002 teno-

1071 2020 1159 2052 ribus
1183 2024 1213 2053 et
1236 2020 1356 2061 formis,
1377 2031 1412 2053 ac
1438 2031 1508 2053 cum
1535 2021 1696 2064 quibusvis
1722 2022 1809 2055 clau-

1071 2074 1146 2107 sulis
1171 2079 1200 2106 et
1225 2074 1374 2115 decretis,
1400 2075 1493 2107 etiam
1519 2080 1606 2108 motu
1630 2075 1759 2119 proprio
1784 2080 1813 2109 et

1071 2138 1107 2161 ex
1132 2130 1218 2161 certa
1243 2128 1384 2171 scientia,
1405 2139 1440 2162 ac
1464 2129 1539 2161 alias
1564 2129 1812 2173 quomodolibet,

1071 2193 1229 2223 concessa,
1246 2183 1415 2226 apostolica
1433 2183 1618 2216 auctoritate
1642 2184 1813 2228 suspende-

1071 2236 1169 2269 rimus
1204 2242 1233 2268 et
1261 2247 1409 2281 suspensa
1435 2247 1502 2270 esse
1527 2237 1811 2281 declaraverimus,

1071 2301 1183 2334 easque
1209 2295 1239 2323 et
1271 2301 1306 2323 ea
1338 2290 1447 2323 eodem
1474 2301 1555 2324 anno
1579 2291 1710 2325 durante
1736 2292 1811 2325 nulli

1071 2344 1230 2388 prodesse,
1251 2348 1304 2377 ant
1321 2344 1489 2387 suffragari
1509 2344 1624 2378 debere
1641 2345 1813 2379 decreveri-

1072 2409 1151 2439 mus,
1169 2402 1264 2442 prout
1279 2398 1308 2430 in
1326 2398 1442 2431 nostris
1459 2398 1595 2443 desuper
1609 2399 1666 2432 sub
1681 2400 1812 2444 plumbo

1072 2452 1223 2496 expeditis
1247 2451 1376 2493 litteris,
1401 2462 1536 2496 quarum
1562 2457 1686 2486 tenores
1712 2464 1808 2498 prae-

1072 2505 1210 2539 sentibus
1241 2515 1299 2548 pro
1328 2505 1485 2549 expressis
1509 2505 1617 2539 haberi
1648 2507 1811 2547 volumus,

1071 2559 1193 2603 plenius
1218 2558 1411 2598 eontinetur;

1116 2613 1130 2656 ἓ
1154 2612 1183 2645 02.
1208 2612 1284 2645 Cum
1308 2616 1434 2654 autem,
1461 2612 1541 2646 sicut
1572 2614 1769 2659 accepimus,
1795 2626 1811 2648 a
1827 2619 2009 2667 fflffssfflffinssslnssg

1854 1340 1971 1361 Occasione
1982 1339 2011 1358 iu-

1827 1367 1891 1388 bilaei
1916 1365 2009 1386 Pontifex

1828 1394 1938 1414 facultates
1968 1397 2010 1411 oni-

1827 1426 1863 1441 nes
1888 1419 2009 1440 absolvendi

1827 1453 1839 1467 a
1858 1446 1943 1467 casibus
1959 1444 2009 1465 Sedu

1827 1474 1960 1499 Apostotieae
1978 1477 2010 1491 re·

1827 1502 1916 1520 servatis
1926 1503 2013 1519 cences-

1827 1525 2011 1552 sassuspenderat.

1109 2676 1118 2702 1
1138 2674 1175 2702 Ex
1189 2675 1298 2710 Regest.
1316 2675 1342 2702 in
1357 2675 1457 2703 Secret.
1475 2675 1553 2703 Brev.
