2269 3235
128 253 179 282 An.
200 253 229 281 C.
246 252 314 281 1624

161 738 190 760 De
204 739 317 760 transeun-

134 766 191 786 tibus
202 765 228 786 ad
238 765 317 786 arctio·

136 798 186 813 rem.

182 1267 211 1288 De
227 1267 319 1293 t'ugitiiis

135 1296 156 1314 et
171 1297 280 1320 apostatis*

166 1905 196 1927 no
215 1904 323 1927 redeunti-

139 1932 184 1953 bus.

943 249 1085 273 URBANUS
1109 249 1164 272 vm
1189 249 1236 272 Pr.

325 298 424 343 recipi
443 298 572 343 possint,
590 297 648 331 nisi
675 298 763 342 prius
780 307 797 330 a
812 296 1063 339 Congrcgatione

327 351 567 386 Reformationis
584 351 791 395 Apostolicae,
812 349 859 382 vel
884 359 901 381 a
926 349 1064 392 propriis

326 405 469 439 locorum
483 404 665 446 Ordinariis‚
679 413 826 447 expresse
838 401 1062 434 ctnominatim

326 458 491 502 approbati
515 458 638 491 suerint.
656 458 679 490 A
697 457 785 489 cuius
801 455 927 500 quidem
948 454 1064 487 decreti

327 512 548 546 observatione
572 522 659 545 sacra
682 509 889 552 Congregatio
915 508 1003 541 iustis
1027 508 1066 540 de

329 565 430 598 causis
447 565 568 599 censuit
582 563 742 606 regulares
761 572 829 595 esse
849 561 1065 602 absolvendos,

330 624 427 663 prout
450 618 631 652 auctoritate
655 615 848 649 Sanctissimi
868 614 992 649 Domini
1015 624 1068 647 no-

331 672 387 706 stri
411 672 543 705 absolvit
566 675 659 714 atque
682 669 806 703 exemit.

376 726 391 770 ἓ
414 724 444 758 3.
468 723 594 764 Deinde,
613 728 648 755 ut
663 721 857 766 apostatandi
882 721 1068 766 opportuni-

332 782 378 813 tas
394 776 594 821 regularibus
609 776 830 820 praeripiatur,
847 775 962 817 statuit,
980 779 1014 809 ut
1030 775 1069 808 de

332 836 436 864 cetero
459 829 564 863 nullus
599 830 800 874 permittatur
831 829 869 862 ad
899 829 1068 862 arctiorem

331 885 517 927 religionem
543 884 688 925 transire,
714 883 774 917 nisi
799 883 888 927 prius
912 883 1069 927 superiori

330 937 471 980 legitime
494 937 688 978 constiterit,
713 947 780 970 earn
809 937 995 980 religionem
1021 947 1070 981 pa-

330 996 430 1024 ratam
455 1002 523 1025 esse
547 992 635 1025 illum
660 992 802 1036 recipere
833 991 887 1036 qui
911 991 1069 1024 licentiam

331 1044 408 1088 petit
422 1055 428 1077 ;
446 1050 575 1090 tumque
592 1045 746 1088 regularis
759 1046 845 1078 recta
859 1055 891 1077 se
906 1044 1071 1077 transferat

333 1098 371 1131 ad
395 1098 574 1132 arctiorem.
592 1098 681 1138 Quod
705 1103 739 1132 ut
763 1109 796 1131 re
820 1098 889 1142 ipsa
906 1097 1072 1141 adimplea-

333 1156 402 1191 tur,
422 1151 505 1184 idem
530 1152 676 1196 superior
699 1151 784 1185 omni
817 1151 920 1184 studio
943 1162 979 1184 ac
1003 1151 1072 1184 dili-

334 1205 439 1247 gentia
464 1205 613 1248 invigilet.

379 1258 393 1301 ἓ
416 1257 446 1290 4.
472 1259 592 1291 Rursus
616 1257 731 1299 statuit,
748 1262 782 1289 ut
805 1257 926 1300 fugitivi
944 1262 974 1290 et
997 1267 1072 1300 apo-

334 1315 442 1351 statae,
459 1311 522 1343 sive
551 1310 693 1343 habitum
718 1311 897 1353 regularem
922 1310 1072 1350 deserant,

335 1362 399 1396 sive
423 1374 497 1404 non,
515 1363 637 1407 possint
654 1374 689 1396 ac
714 1364 847 1396 debeant
866 1363 905 1396 ab
925 1363 1073 1407 episcopo

333 1417 404 1458 loci,
425 1417 478 1450 ubi
493 1428 615 1450 moram
632 1418 769 1457 trahunt,
786 1417 818 1449 in
842 1427 985 1450 carceres
1002 1427 1074 1450 con-

333 1470 395 1511 iici,
415 1471 634 1515 superioribus
662 1471 860 1514 regularibus
883 1471 1072 1513 consignari,

334 1524 505 1557 secundum
540 1525 699 1568 regularia
734 1524 875 1557 instituta
906 1523 1072 1568 puniendi;

333 1582 430 1621 utque
458 1578 518 1622 ipsi
549 1589 675 1622 quoque
706 1578 886 1622 superiores
910 1582 1074 1611 teneantur

334 1641 388 1664 eos
411 1631 611 1675 perquirere,
637 1631 676 1664 ad
699 1631 886 1674 religionem
911 1631 1073 1672 reducere,

334 1689 428 1728 atque
451 1685 586 1726 efficere,
611 1689 644 1720 ut
671 1685 963 1729 apprehendantur,
989 1686 1073 1718 salva

337 1742 440 1772 tamen
457 1739 487 1772 in
504 1738 654 1772 omnibus
678 1739 824 1772 facultate
844 1738 1017 1772 Ordinariis
1034 1738 1076 1772 lo-

336 1803 447 1826 corum
472 1792 622 1826 attributa
646 1792 772 1827 decreto
796 1793 925 1827 Concilii
945 1803 1011 1837 cap.
1030 1803 1074 1834 111,

337 1855 411 1879 sess.
435 1855 476 1879 Vl.

382 1900 397 1942 ἓ
413 1898 442 1932 5.
455 1898 544 1939 Quod
561 1899 586 1932 si
603 1903 761 1943 apostatae
780 1898 874 1932 huius
888 1899 983 1940 modi,
997 1899 1075 1933 citra

338 1956 460 1986 montes
483 1952 563 1985 infra
587 1957 732 1996 quatuor,
752 1953 835 1986 ultra
858 1957 981 1987 montes
1000 1964 1075 1987 voro

336 2005 418 2038 infra
430 2010 501 2039 octo
514 2015 647 2046 menses,
664 2016 682 2038 a
698 2006 872 2050 praesentis
888 2006 1005 2039 decreti
1022 2018 1077 2050 pu-

336 2058 503 2093 blicatione
516 2059 719 2100 inchoandos‚
737 2062 792 2093 sua
805 2064 915 2104 sponte
932 2060 970 2093 ad
987 2070 1075 2093 suam

337 2112 471 2156 quisque
488 2113 672 2156 religionem
690 2113 866 2154 redierint⁴,
884 2119 948 2146 tum
965 2124 1078 2158 poena-

338 2175 408 2198 rum
429 2167 570 2199 omnium
594 2167 668 2210 ipsis
684 2173 818 2211 propter
830 2168 1017 2211 apostasiam
1036 2168 1078 2200 in-

340 2218 494 2251 tlictarum
519 2225 572 2252 aut
595 2220 838 2263 intligendarum
859 2221 1076 2254 remissionem

339 2275 431 2314 atque
445 2272 663 2316 impunitatem
678 2279 900 2319 assequantur:
917 2274 957 2307 ita
975 2279 1078 2307 tamen

339 2329 373 2355 ut
390 2323 523 2358 debeant
546 2336 563 2358 a
588 2327 751 2370 superiore
776 2327 1007 2360 absolutionem
1026 2327 1080 2359 liu-

340 2377 456 2410 militer
479 2383 607 2422 petere,
632 2385 663 2412 et
686 2391 792 2413 coram
825 2391 862 2413 eo
892 2381 1015 2424 culpam
1042 2381 1081 2412 sa-

341 2430 396 2463 teri
412 2458 419 2471 ,
450 2436 543 2477 atque
567 2433 816 2467 emendationem
842 2434 1001 2478 polliceri:
1028 2445 1079 2467 su-

339 2485 447 2528 perior
471 2481 546 2518 vcro
577 2496 594 2518 e
623 2491 732 2519 contra
767 2488 903 2530 benigne
934 2488 1004 2521 illos
1037 2493 1080 2520 tc-

339 2542 450 2570 neatur
466 2538 505 2570 ab
528 2539 710 2572 huiusmodi
730 2541 840 2584 poenis
857 2541 1030 2581 absolvere,
1051 2546 1081 2573 et

339 2593 470 2635 paterna
495 2592 646 2625 charitate
670 2595 846 2637 complecti.

375 2655 387 2681 1
408 2655 477 2682 Edit.
492 2654 570 2682 Main.
587 2654 651 2690 legit
666 2656 786 2684 redierit
801 2656 840 2690 (az
856 2656 905 2689 τ.).

1737 235 1801 270 203
1847 246 1899 272 An.
1920 245 2036 273 (3.1624

1141 298 1155 339 ξ
1180 297 1208 329 b'.
1234 295 1279 329 Ad
1296 295 1383 336 haec,
1400 298 1433 329 ut
1450 295 1655 338 imposterum
1676 303 1693 325 a
1709 293 1833 337 religio·
1885 306 1930 335 ,no
1949 308 2036 339 incorr}-

1098 349 1188 382 nibus
1212 350 1316 381 nullus
1342 349 1479 391 legitime
1499 347 1658 392 professus
1678 347 1747 380 ciici
1765 333 2033 391 pos-ffi152231312¹³11mqv¹12

1098 403 1208 434 sitnisi
1227 403 1266 434 sit
1290 413 1362 435 vere
1382 401 1605 445 incorrigibilis
1619 412 1626 441 ;
1641 411 1713 433 vere
1730 405 1833 433 autem
1849 392 1957 435 ifit'k'issssiii.
1988 391 2036 410 ⁵⁰¹⁸

1100 456 1322 498 incorrigibilis
1345 456 1473 488 minime
1498 459 1671 495 censeatur,
1689 454 1747 487 nisi
1772 463 1836 487 non

1099 509 1201 540 solum
1227 514 1418 541 concurrant
1435 519 1470 541 ea
1487 509 1602 549 omnia,
1622 518 1701 552 quae
1718 507 1756 540 ad
1776 507 1837 540 hoc

1100 572 1136 593 cx
1158 561 1235 593 iuris
1253 561 1430 594 communis
1450 562 1654 605 dispositione
1674 561 1838 604 requirun-

1102 619 1152 647 tur
1169 614 1312 657 (sublatis
1333 614 1391 646 hac
1417 614 1448 646 in
1471 620 1559 657 parte
1583 615 1705 647 statutis
1721 619 1751 647 et
1767 623 1839 647 con-

1102 668 1317 702 stitutionibus
1341 667 1493 711 cuiusque
1518 667 1680 710 religionis
1700 673 1731 700 et
1753 667 1840 701 Ordi-

1102 721 1149 754 nis
1164 748 1171 762 ,
1191 721 1283 754 etiam
1308 732 1325 753 a
1350 720 1427 753 Sede
1452 721 1631 764 Apostolica
1656 721 1841 764 approbatis

1102 774 1374 817 et.confirmatis),
1400 784 1510 806 verum
1535 773 1627 806 etiam
1652 774 1744 806 unius
1769 774 1841 806 anni

1102 828 1202 871 spatio
1226 828 1257 860 in
1282 827 1398 860 ieiunio
1422 833 1453 860 et
1476 826 1666 871 poenitentia
1690 827 1842 870 probetur

1104 882 1135 914 in
1155 882 1353 922 carceribus;
1368 881 1564 926 proindeque
1577 881 1689 924 religio
1703 881 1842 925 privatos

1104 936 1216 971 habeat
1239 947 1382 970 carceres
1407 936 1438 968 in
1469 936 1607 980 qualibet
1640 936 1749 969 saltem
1772 946 1844 979 pro·

1104 991 1215 1024 vincia.
1233 990 1345 1034 Elapso
1362 993 1466 1024 autem
1487 999 1578 1030 anno,
1599 989 1624 1022 si
1640 989 1844 1022 nihilominus

1104 1055 1167 1078 non
1191 1044 1368 1088 resipuerit,
1386 1043 1439 1077 sed
1457 1043 1562 1077 animo
1582 1043 1726 1076 indurato
1740 1043 1772 1076 in
1788 1046 1844 1077 sua

1104 1098 1276 1142 pertinacia
1301 1097 1569 1141 perseveraverit,
1594 1107 1633 1130 ne
1657 1097 1844 1140 contagione

1105 1152 1252 1196 pestifera
1266 1151 1419 1195 plurimos
1432 1150 1552 1194 perdat,
1568 1155 1730 1194 tamquam
1749 1160 1845 1194 pecus

1107 1204 1250 1237 morbida
1270 1215 1305 1237 ac
1328 1204 1506 1237 membrum
1524 1209 1614 1247 putre
1632 1204 1701 1236 eiici
1718 1203 1844 1236 tandem

1107 1258 1227 1301 possit,
1253 1257 1305 1290 sed
1330 1258 1368 1289 ab
1393 1257 1526 1301 ipsomet
1550 1256 1689 1300 generali
1713 1261 1845 1297 tantuin,

1106 1311 1144 1342 de
1162 1311 1294 1343 consilio
1311 1316 1341 1343 et
1358 1320 1487 1343 assensu
1504 1321 1557 1343 sex
1574 1315 1699 1354 patrum
1720 1320 1846 1353 exgra-

1107 1364 1246 1396 rioribus
1267 1364 1428 1406 religionis
1443 1390 1450 1404 ‚
1478 1363 1631 1406 eligendis
1659 1363 1689 1395 in
1714 1363 1846 1406 singulis

1107 1418 1254 1461 capitulis
1264 1418 1311 1449 vel
1326 1417 1624 1460 congregationibus
1638 1417 1846 1459 generalibus;

1108 1476 1237 1514 tumque
1263 1470 1387 1503 nonnisi
1418 1470 1583 1511 instructo,
1608 1470 1781 1503 secundum
1799 1481 1848 1503 eo-

1108 1535 1179 1557 rum
1204 1524 1317 1568 stylum
1343 1528 1373 1556 et
1397 1524 1654 1564 constitutiones,
1677 1534 1847 1567 processu,

1108 1583 1138 1611 et
1162 1578 1253 1621 plene
1285 1577 1424 1621 probatis
1456 1577 1558 1610 causis
1593 1577 1786 1620 expulsionis
1809 1577 1849 1609 ad

1109 1641 1271 1664 sacrorum
1297 1640 1451 1663 canonum
1470 1630 1709 1674 praescriptum¹
1728 1631 1850 1663 Interea

1109 1688 1213 1716 tamen
1238 1694 1339 1726 usque
1363 1683 1401 1715 ad
1426 1682 1566 1726 primum
1591 1683 1739 1725 generale
1764 1682 1849 1727 capi-

1109 1738 1209 1770 tulum
1235 1747 1289 1770 seu
1322 1736 1601 1779 congregationem
1631 1735 1774 1779 proxime
1798 1746 1849 1769 ce-

1109 1789 1301 1830 lebrandam,
1319 1789 1344 1822 si
1369 1788 1548 1832 quempiam
1574 1799 1611 1821 cx
1631 1788 1721 1821 iustis
1745 1794 1775 1822 et
1798 1799 1851 1822 ne-

1109 1843 1252 1878 cessariis
1267 1843 1370 1876 causis
1386 1843 1543 1886 expellere
1557 1842 1725 1886 oportebit,
1739 1842 1850 1876 eiectio

1108 1898 1178 1931 fieri
1194 1897 1293 1942 possit
1309 1908 1326 1929 a
1345 1896 1485 1940 generali
1510 1907 1582 1930 eum
1607 1897 1738 1930 consilio
1755 1902 1785 1930 et
1800 1908 1850 1930 as·

1109 1962 1202 1985 sensu
1215 1962 1267 1984 sex
1281 1955 1417 1994 patrum,
1431 1953 1465 1984 ut
1481 1960 1587 1993 supra,
1602 1960 1680 1995 quos
1700 1949 1850 1983 idemmet

1109 2005 1266 2049 generalis
1300 2004 1418 2047 eligere
1454 2003 1566 2037 debeat
1599 2004 1680 2036 infra
1715 2009 1850 2046 quatuor

1110 2069 1234 2092 menses
1251 2069 1268 2090 a
1285 2057 1459 2101 praesentis
1484 2056 1601 2089 decreti
1621 2057 1849 2100 publicatione;

1110 2113 1233 2146 servata
1258 2116 1362 2144 tamen
1378 2110 1408 2143 in
1426 2110 1555 2154 reliquis
1579 2111 1681 2143 forma
1705 2110 1851 2154 superius

1110 2165 1318 2210 praescripta

1155 2220 1170 2263 g
1196 2220 1224 2252 7.
1249 2218 1299 2251 Sic
1325 2227 1399 2250 vero
1424 2216 1524 2256 eiecti,
1549 2216 1699 2259 quamdiu
1722 2226 1785 2249 non
1806 2227 1852 2249 re·
1880 2225 1969 2263 -ffi‘f‘fi
1985 2226 2050 2256 suha-

1112 2274 1226 2306 dierint
1250 2272 1287 2304 ad
1309 2271 1505 2313 religionem,
1526 2271 1558 2303 in
1582 2271 1689 2303 habitu
1714 2270 1851 2304 clericali
1866 2255 1946 2299 wau.
1961 2253 2049 2273 θώων

1112 2327 1266 2365 incedant,
1285 2331 1377 2368 atque
1391 2324 1546 2358 Ordinarii
1567 2325 1627 2356 loci
1645 2324 1851 2357 iurisdictioni

1112 2386 1142 2414 et
1166 2379 1359 2413 obedientiae
1383 2378 1520 2418 subsint3
1537 2377 1732 2421 proindeque
1756 2388 1851 2421 gene-

1113 2435 1186 2468 ralis
1212 2434 1295 2466 illico
1320 2432 1511 2476 expulsionis
1540 2432 1725 2464 sententiam
1750 2432 1851 2465 eidem

1113 2487 1278 2521 Ordinario
1303 2486 1465 2518 notiticare
1490 2490 1640 2518 tencatur.

1158 2542 1173 2583 ἓ
1197 2540 1226 2573 8.
1252 2541 1397 2573 Ceterum
1430 2549 1517 2572 sacra
1548 2538 1756 2582 Congregatio
1779 2539 2051 2590 reli--vm{affrrrigflg}

1114 2594 1244 2637 gionum
1282 2592 1459 2636 superiores
1498 2592 1580 2625 serio
1615 2592 1782 2633 admonet,
1817 2603 1852 2624 ac
1868 2599 1933 2623 quant
1963 2596 2051 2615 invem·

1114 2658 1170 2691 per
1199 2648 1268 2680 lesu
1301 2646 1414 2679 Christi
1446 2646 1565 2680 viscera
1596 2646 1789 2687 obtestatur,
1820 2650 1854 2678 ut
1868 2650 1958 2676 piscant·

1869 2626 1917 2645 tum,
1933 2624 1955 2642 ut
1969 2622 1985 2642 ii
2000 2627 2052 2642 resi·
