2269 3235
127 259 178 286 An.
193 257 222 285 C.
243 256 310 285 1627

156 374 173 384 a-

932 255 1075 280 URBANUS
1092 255 1148 280 vm
1168 256 1216 280 1³1³.

324 304 457 337 multum
478 303 663 338 distantibus
688 304 822 338 derivari
846 314 956 348 possc3
982 314 1064 337 com-

325 357 485 390 munitatis
508 368 582 391 vero
607 362 637 390 et
660 357 823 391 hominum
855 356 994 389 eiusdem
1021 356 1063 389 ci-

325 410 429 443 vitatis
446 410 606 444 facultates
624 411 771 454 gravibus
789 409 932 454 expensis
944 409 1065 441 attritas

326 474 402 506 esse,
428 474 463 497 ac
487 464 686 507 gravioribus
709 469 877 508 propterea
896 462 1065 495 subeundis

326 516 455 550 minime
480 522 661 561 suppetere;
682 517 796 549 habitis
818 516 906 560 prius
930 515 1065 559 desuper

327 569 421 602 variis
435 569 627 611 tractatibus,
638 580 709 602 cum
718 579 869 612 expensas
882 567 1064 601 huiusmodi

326 622 412 655 nulla
429 622 489 655 alia
504 622 637 655 sacilio'ri
655 621 776 655 ratione
793 632 828 654 ac
845 621 959 654 minori
982 631 1067 653 eom-

326 676 487 710 munitatis
511 681 542 709 ct
564 676 727 709 hominum
752 675 988 719 praedictorum
1013 674 1063 706 in·-

327 729 495 763 commodo
514 729 583 762 fieri
603 739 695 773 posse
714 729 897 771 iudicarent,
912 728 1066 771 gabellam

327 783 420 817 unius
445 783 559 826 regalis
583 788 726 816 monetae
758 777 882 815 illarum
908 782 1066 826 partium,

327 836 440 870 valoris
464 841 567 871 autem
585 837 677 870 unius
694 836 837 880 quatreni
855 835 981 869 circiter
999 847 1067 869 mo-

326 895 415 922 netae
428 900 587 930 romanae,
601 900 695 934 super
708 889 847 933 qualibet
860 889 941 922 libra
954 888 1067 928 carnis,

326 953 449 976 necnon
474 943 595 976 dimidii
627 943 742 986 regalis
767 942 948 976 huiusmodi
974 952 1069 986 super

327 996 467 1040 qualibet
491 997 564 1038 vini,
588 997 673 1040 quod
697 997 727 1030 in
749 996 898 1041 cauponis
914 996 1068 1038 venditur,

328 1052 478 1083 mensura
501 1050 649 1094 foylietla
672 1051 766 1093 vulgo
794 1052 989 1093 nuncupata,
1014 1060 1070 1094 per

330 1113 440 1136 carnes
457 1108 487 1136 et
507 1103 613 1136 vinum
637 1108 786 1144 ementes,
805 1107 867 1137 tam
888 1103 1071 1136 ecelesiasti-

330 1166 383 1189 cos
407 1167 501 1200 quam
522 1157 690 1197 seculares,
718 1157 957 1201 persolvendam
974 1156 1071 1199 impo-

330 1214 471 1251 suerunt,
495 1209 738 1253 impositamque
762 1210 987 1243 nonnullorum
1016 1220 1070 1242 an-

329 1273 443 1296 norum
468 1263 567 1308 spatio
592 1269 783 1306 exegerunt,
817 1268 844 1297 et
870 1274 906 1297 ex
931 1263 1070 1297 eiusdem

330 1317 471 1360 gabellae
495 1317 638 1361 pecuniis
662 1322 779 1350 certam
804 1327 903 1361 aquae
920 1317 1072 1361 quantita-

330 1375 404 1411 tem,
423 1371 477 1404 sed
493 1381 556 1405 non
574 1381 642 1404 eam
660 1382 740 1415 quae
769 1371 968 1404 sublevandis
988 1382 1072 1405 com-

330 1425 500 1466 munitatis,
518 1426 651 1459 civitatis
668 1431 697 1459 et
713 1426 876 1459 hominum
893 1426 1071 1470 praedicto-

331 1489 402 1511 rum
422 1479 660 1512 necessitatibus
677 1479 749 1512 satis
770 1485 860 1520 esset,
878 1479 909 1511 in
929 1479 1071 1512 eamdem

331 1532 489 1565 civitatem
512 1532 649 1566 derivari
674 1537 844 1572 curarunt,
869 1533 975 1573 unde,
1000 1544 1070 1566 cum

331 1586 497 1629 pecunias,
522 1596 601 1630 quae
626 1597 662 1620 ex
687 1586 867 1620 continuata
891 1586 992 1620 dictae
1017 1596 1071 1629 ga-

330 1639 431 1672 bellae
445 1639 604 1673 exactione
627 1645 850 1684 provenerant,
871 1639 901 1671 in
918 1639 1071 1680 residuae,

331 1698 423 1736 atque
448 1693 643 1726 necessariae
666 1703 765 1737 aquae
789 1692 971 1726 huiusmodi
995 1693 1074 1725 deri-

331 1747 489 1780 vationem
513 1757 645 1789 erogare
669 1746 895 1786 decrevissent;
921 1745 981 1779 alia
998 1756 1073 1779 vero

333 1810 371 1832 ex
394 1806 483 1843 parte
497 1801 602 1834 animo
615 1801 813 1834 revolverent
832 1800 935 1833 clarae
953 1810 1073 1833 memo-

335 1853 399 1885 riae
411 1853 590 1898 Philippum
606 1855 646 1887 111
664 1854 885 1898 Hispaniarum
900 1864 1008 1896 regem
1028 1864 1075 1887 ca-

336 1906 486 1940 tholicum
504 1934 511 1948 ,
536 1908 590 1951 qui
622 1907 660 1940 de
683 1918 765 1941 anno
798 1917 917 1941 aincxix
954 1907 1013 1940 iter
1044 1907 1075 1939 in

336 1959 544 2002 Portugalliae
556 1970 690 2003 regnum
703 1971 762 2004 pro
777 1960 858 1993 felici
872 1959 970 2003 ipsius
984 1965 1074 2001 statu,

335 2013 499 2055 gubernio,
525 2018 618 2056 atque
639 2013 792 2056 regimine
810 2018 999 2057 susceperat,
1017 2024 1075 2057 pro

335 2065 515 2099 defensione
538 2066 611 2099 fidei
636 2067 825 2107 catholicae,
849 2077 972 2100 necnon
1002 2067 1076 2100 obe-

336 2118 470 2152 dientiae
491 2130 566 2162 erga
586 2120 758 2153 Romanam
776 2121 947 2153 Ecclesiam
964 2120 995 2153 in
1013 2131 1078 2154 om-

335 2173 429 2206 nibus
445 2173 552 2217 regnis
573 2179 665 2219 atque
682 2174 854 2207 ditionibus
871 2174 934 2207 suis
955 2185 1079 2207 conser-

337 2226 469 2268 vatione,
486 2227 563 2260 adeo
580 2238 711 2271 magnos
736 2232 880 2272 sumptus
905 2228 1024 2268 fecisse,
1045 2232 1079 2262 ut

337 2290 399 2313 non
412 2281 513 2313 solum
527 2280 705 2314 ordinarios
715 2285 743 2313 et
758 2281 1024 2315 extraordinarios
1034 2292 1079 2314 re-

338 2343 473 2376 gnorum
491 2345 631 2375 suorum,
645 2335 699 2368 sed
720 2335 814 2368 etiam
833 2335 1015 2379 patrimonii
1032 2335 1078 2368 sui

339 2387 454 2430 regatis
477 2387 626 2429 redditus,
644 2388 812 2432 omniaque
839 2389 965 2421 illorum
996 2399 1080 2421 aera-

339 2440 386 2472 ria
401 2440 466 2473 sere
483 2441 762 2485 absumpsissent¹3
788 2442 915 2485 insuper
941 2442 1080 2475 diversas

338 2493 480 2527 nationes
493 2493 654 2537 religionis
670 2489 842 2528 catholicae
855 2495 997 2528 inimicas
1017 2505 1080 2528 non

340 2548 442 2580 solum
455 2548 562 2581 omnia
578 2548 652 2581 dicti
666 2549 756 2592 regni
773 2549 872 2582 maria
889 2549 1000 2581 infesta
1015 2549 1081 2582 red-

339 2601 465 2642 didisse,
490 2601 607 2634 multos
624 2602 844 2635 christifideles
864 2603 895 2635 in
914 2602 1080 2635 miserabi-

375 2667 387 2692 1
401 2665 437 2693 Ut
451 2673 532 2702 supra
542 2673 602 2702 pag.
615 2665 666 2694 569
678 2665 692 2692 b
703 2666 763 2701 lege
774 2666 972 2701 absumpsisset
982 2666 1020 2702 (a.
1030 2666 1079 2703 τ.).

1097 305 1157 337 lem
1184 303 1365 337 servitutem
1390 303 1567 343 adducere,
1593 308 1622 335 et
1646 313 1703 346 pro
1728 314 1836 335 earum

1099 357 1314 401 redemptione
1336 357 1493 399 ingentem
1514 356 1718 400 pecuniarum
1741 356 1802 388 vim
1822 367 1837 387 e

1099 408 1181 442 dicta
1207 409 1329 442 civitate
1354 409 1485 449 extrahi,
1500 420 1607 442 verum
1627 409 1718 442 etiam
1739 419 1839 441 susce-

1099 463 1151 504 pta
1176 472 1192 493 a
1217 462 1323 495 multis
1349 462 1437 494 annis
1463 462 1540 495 citra
1566 463 1595 495 in
1617 462 1718 495 lndias
1734 462 1839 496 orien-

1100 514 1176 546 tales
1192 515 1400 558 navigatione,
1418 516 1598 560 ingentique
1617 516 1741 549 navium
1764 516 1840 549 mul-

1100 567 1232 600 titudine
1269 571 1471 611 comparata,
1501 570 1665 602 nonnullas
1697 580 1785 602 arces
1811 574 1840 601 ct

1100 622 1338 664 propugnacula
1363 621 1393 653 in
1419 622 1550 655 diversis
1570 623 1728 655 lndiarum
1750 633 1840 666 prae-

1101 674 1255 707 dictarum
1268 675 1412 718 partibus
1426 686 1604 718 occupasse,
1623 676 1685 709 sive
1703 682 1842 709 constru-

1102 727 1193 768 xisse,
1211 733 1241 761 ct
1262 728 1402 761 animum
1427 728 1465 761 ad
1490 729 1550 761 alia
1569 730 1750 772 occupanda
1768 730 1842 761 adii-

1102 791 1183 820 cere;
1208 791 1309 825 neque
1334 792 1385 814 cas
1411 787 1455 815 tot
1479 782 1592 815 classes
1610 787 1639 814 ct
1659 792 1756 824 arma,
1779 788 1840 814 tam

1102 834 1133 866 in
1151 834 1268 867 eisdem
1285 834 1457 876 lndiarum,
1475 846 1568 879 quam
1586 835 1674 878 regni
1692 835 1842 879 praedicti

1103 887 1255 931 partibus,
1273 898 1342 921 cum
1364 888 1525 921 immensis
1546 889 1638 921 etiam
1661 888 1843 932 patrimonii

1104 941 1280 974 charissimi
1295 942 1326 975 in
1342 942 1464 976 Christo
1478 943 1532 975 filii
1546 943 1645 976 nostri
1659 942 1793 986 Philippi
1808 942 1844 975 lv

1104 994 1323 1039 Hispaniarum
1348 996 1432 1039 regis
1456 996 1600 1029 catholici
1634 995 1783 1039 impensis
1807 995 1844 1027 ad

1104 1048 1188 1082 hunc
1212 1049 1306 1082 finem
1331 1049 1482 1082 instructa
1507 1049 1666 1082 debellare
1690 1038 1844 1093 potuisse,

1105 1102 1202 1136 immo
1227 1103 1295 1136 illas
1318 1103 1539 1146 praevaluisse,
1563 1103 1749 1147 praesertim
1775 1108 1847 1147 post

1105 1161 1294 1200 occupatum
1319 1167 1336 1189 a
1360 1157 1463 1190 Persis
1481 1158 1662 1190 earumdem
1683 1157 1845 1190 nationum

1105 1209 1220 1243 auxilio
1245 1210 1379 1244 suffultis
1403 1212 1676 1255 propugnaculum
1702 1211 1845 1251 Ormutii,

1106 1263 1147 1295 ita
1170 1268 1214 1305 nt,
1239 1264 1297 1297 nisi
1323 1264 1360 1297 de
1384 1265 1489 1308 aliqua
1514 1258 1729 1298 subventione
1745 1265 1845 1298 eidem

1106 1316 1249 1360 Philippo
1271 1318 1307 1349 IV
1332 1318 1400 1360 regi
1425 1318 1655 1362 provideretur,
1681 1318 1847 1352 evidentis-

1106 1369 1220 1402 simum
1246 1370 1423 1414 periculum
1440 1371 1572 1412 adesset,
1591 1382 1629 1405 ne
1647 1377 1751 1405 cetera
1768 1372 1848 1405 eius-

1106 1422 1177 1455 dem
1202 1423 1338 1467 Philippi
1367 1424 1403 1456 lv
1434 1425 1519 1467 regis
1548 1425 1787 1469 propugnacula
1819 1429 1848 1458 et

1106 1477 1174 1509 loca
1191 1476 1234 1510 ibi
1253 1478 1416 1510 existentia
1428 1479 1661 1519 amitterentur,
1679 1479 1728 1511 liis
1742 1484 1769 1512 et
1781 1479 1849 1511 aliis

1107 1530 1260 1564 similibus
1274 1532 1460 1574 urgentibus
1476 1532 1578 1565 causis
1591 1532 1664 1565 fidei
1678 1532 1849 1566 catholicae

1107 1583 1319 1618 defensionem
1338 1591 1368 1617 et,
1383 1586 1645 1629 propagationem
1662 1596 1851 1619 concernen-

1108 1637 1190 1671 tibus
1206 1639 1353 1681 permoti,
1374 1649 1471 1671 unum
1490 1639 1700 1672 ducentorum
1718 1645 1747 1672 et
1767 1645 1851 1672 octo-

1107 1690 1193 1733 ginta
1218 1691 1352 1723 millium
1385 1691 1527 1735 Philippo
1552 1692 1591 1725 III
1625 1698 1654 1725 et
1678 1692 1761 1725 aliud
1787 1692 1848 1725 du·-

1108 1749 1272 1777 ccntorum
1289 1745 1422 1778 millium
1439 1751 1600 1778 scutorum
1617 1751 1761 1779 monetae
1777 1745 1851 1778 dicti

1109 1799 1199 1841 regni
1235 1798 1361 1832 servitia
1396 1799 1461 1832 sive
1496 1799 1642 1833 donativa
1672 1806 1853 1843 nuncupata

1110 1851 1254 1896 Philippo
1269 1852 1306 1885 lv
1323 1852 1453 1895 regibus
1469 1853 1649 1896 praedictis,
1668 1858 1730 1886 tam
1748 1864 1784 1886 ex
1802 1863 1853 1897 pe-

1110 1906 1210 1939 cuniis
1235 1905 1335 1939 dictae
1356 1906 1506 1948 gabellae,
1529 1917 1624 1950 quam
1645 1917 1682 1939 ex
1702 1918 1851 1950 quorum-

1111 1959 1182 1991 dam
1201 1969 1351 1992 censuum
1376 1960 1466 1993 iuros
1486 1960 1579 2002 vulgo
1596 1966 1851 2003 nuncupatorum

1112 2022 1208 2056 super
1220 2012 1377 2045 fructibus
1390 2012 1489 2046 dictae
1503 2013 1643 2055 gabellae
1658 2024 1715 2056 per
1727 2013 1853 2046 eosdem

1113 2065 1327 2109 praesidentes
1356 2070 1386 2098 et
1411 2065 1560 2098 officiales
1584 2066 1762 2099 venditione
1783 2077 1854 2100 con-

1112 2120 1185 2153 ssata
1202 2120 1383 2153 obtulerunt
1401 2125 1430 2152 et
1455 2126 1687 2160 concesserunt,
1705 2131 1854 2153 censuras

1114 2179 1143 2206 et
1166 2184 1283 2217 poenas
1308 2173 1534 2206 ecclesiasticas
1560 2184 1617 2217 per
1637 2184 1744 2206 sacros
1761 2184 1854 2207 eano-

1113 2238 1168 2260 nes
1202 2233 1232 2260 et
1261 2227 1467 2260 conciliorum
1503 2227 1698 2270 generalium
1735 2237 1855 2260 necnon

1113 2281 1219 2313 Bullae
1245 2281 1275 2313 in
1301 2280 1350 2313 die
1375 2281 1496 2314 Coenae
1514 2281 1643 2313 ‘Domini
1666 2281 1727 2323 legi
1746 2281 1855 2313 solitae

1114 2335 1352 2378 dispositionem
1374 2340 1483 2367 contra
1509 2334 1646 2377 gabellas
1671 2345 1688 2367 a
1711 2334 1856 2378 personis

1114 2389 1334 2422 ecclesiasticis
1354 2400 1482 2432 quoquo
1508 2388 1602 2421 modo
1627 2388 1787 2431 exigentes
1813 2389 1856 2420 in-

1115 2443 1213 2476 ssictas
1238 2443 1459 2475 damnabiliter
1484 2442 1689 2475 incurrendo:

1160 2497 1173 2539 ξ
1187 2496 1215 2528 12.
1229 2497 1302 2536 Nos,
1312 2495 1518 2539 praesidentis
1531 2500 1560 2528 et
1574 2495 1754 2529 officialium
1770 2505 1857 2539 prae-

1115 2549 1271 2582 dictorum
1285 2549 1567 2593 supplicationibus
1580 2549 1670 2582 nobis
1685 2559 1780 2593 super
1796 2549 1856 2582 hoc

1115 2602 1278 2635 humiliter
1301 2602 1456 2646 porrectis
1485 2601 1644 2643 inclinati,
1669 2602 1856 2634 fraternitati

1115 2661 1185 2690 tuae
1209 2667 1266 2701 per
1298 2656 1373 2689 alias
1408 2661 1532 2690 nostras
1563 2656 1594 2688 in
1624 2656 1718 2689 simili
1755 2657 1856 2689 fornia

1740 247 1798 279 571
1849 255 1944 281 Amc.
1968 255 2033 282 ¹627
