2269 3235
207 251 257 282 An.
275 250 303 278 C.
320 251 389 279 162AE

240 1381 359 1404 Exordium.

258 1757 361 1778 indultum
376 1756 402 1777 do

218 1789 260 1811 quo
276 1785 296 1805 in
310 1784 402 1805 rubrica.

433 242 498 276 ⁶242

406 309 495 342 cuius
520 317 673 352 personae
698 307 728 339 in
753 307 902 349 dignitate
933 306 1144 340 ecclesiastica

407 362 593 396 constitutae
618 360 755 399 munitis,
782 360 889 392 cadem
914 370 1045 403 prorsus
1069 359 1146 392 sides

408 415 438 448 in
464 415 579 447 iudicio
614 419 644 445 et
679 418 766 446 extra
795 413 825 445 in
856 413 1003 446 omnibus
1033 418 1063 446 ct.
1091 423 1147 457 per

407 468 512 500 onmia
529 467 723 507 adhibeatur,
742 477 822 510 quae
840 466 914 510 ipsis
930 466 1148 510 praesentibus

407 521 618 561 adhiberetur,
627 520 651 551 si
662 520 763 552 forent
773 519 928 552 exhibitae
938 520 983 553 rel
994 525 1146 553 ostensae.

452 574 562 606 Datum
587 573 714 613 Itomae,
731 572 813 616 apud
842 572 870 606 S.
896 573 1024 606 Mariam
1053 573 1148 607 Maio-

408 638 486 668 rem⁷
503 627 561 659 sub
578 627 692 659 ammio
705 626 880 667 Piscatoris,
898 626 947 659 die
963 636 1004 659 xv
1023 637 1150 659 novem-

408 680 474 713 bris
492 690 645 721 nncxxlv,
666 680 866 725 pontificatus
887 681 986 714 nostri
1011 691 1092 714 anno
1117 690 1148 714 11.

445 743 505 770 Dat.
522 743 565 771 die
583 744 614 771 15
629 743 783 770 novembris
806 743 883 776 1624,
905 742 999 779 pontis.
1017 751 1087 770 anno
1103 749 1131 770 ιι.

731 859 829 893 XCVI.

410 931 584 965 Indultum
604 931 762 974 fratribus
788 929 929 963 Jesuatis
951 929 1057 961 sancti
1075 927 1154 961 Hie-

454 985 593 1027 ronymi,
606 984 740 1018 Ordinis
749 983 854 1015 sancti
864 981 1055 1024 Auqustiwi,
1068 980 1154 1024 quod

455 1037 573 1070 abiecto
593 1037 722 1080 caputio
746 1036 816 1068 albi
840 1035 965 1075 coloris,
986 1034 1082 1067 aliud
1106 1045 1154 1067 co-

457 1090 535 1123 loris
556 1100 665 1123 eorum
685 1089 826 1129 habitus,
848 1089 946 1131 orique
962 1088 1067 1130 sormd
1089 1098 1155 1131 qua

456 1143 551 1176 ceteri
575 1142 794 1175 Mendicantes
821 1144 978 1181 ittuntur,
1009 1139 1155 1184 deinceps

456 1200 579 1240 qestarc
602 1193 764 1229 valeant&

617 1267 752 1295 Urbanus
769 1266 848 1300 Papa
869 1266 945 1300 VIII,

538 1312 574 1339 ad
594 1315 768 1346 perpetuam
788 1311 834 1338 rei
853 1310 1035 1338 memoriam.

460 1374 598 1409 Onerosa
622 1373 788 1418 pastoralis
820 1373 914 1406 officii
947 1383 1023 1406 cura
1047 1372 1156 1413 nobis,

414 1428 487 1462 licet
504 1427 679 1470 immeritis⁷
697 1438 733 1460 ex
747 1428 809 1460 alto
827 1426 991 1460 commissa
1010 1426 1156 1470 postulat,

414 1488 448 1516 ut
482 1482 647 1525 religiosos
679 1481 783 1524 viros7
816 1480 879 1524 qui,
904 1480 1017 1524 spretis
1049 1479 1155 1512 mundi

414 1535 613 1576 vanitatibus,
627 1535 722 1568 divini
747 1534 884 1567 numinis
908 1533 1066 1577 obsequiis
1091 1543 1158 1566 sese

415 1589 644 1633 manciparunt,
658 1588 825 1632 propensis
846 1587 955 1620 studiis
969 1587 1157 1630 complecta-

416 1654 498 1685 mur,
522 1647 617 1687 prout
641 1641 852 1685 conspicimus
878 1641 909 1673 in
932 1640 1066 1674 Domino
1080 1640 1159 1672 salu-

415 1696 527 1730 briter·
539 1694 695 1739 expedire.

462 1750 477 1794 ἓ
501 1749 530 1782 l.
555 1749 634 1782 Hinc
658 1753 704 1782 est
729 1747 812 1792 quod
837 1757 903 1789 nos,
922 1747 1052 1780 dilectos
1077 1746 1159 1779 filios

418 1803 531 1836 fratres
546 1803 683 1835 lesuatos
713 1801 810 1834 sancti
827 1801 1018 1845 Hieronymi⁷
1036 1800 1159 1833 Ordinis

419 1862 516 1890 sancti
546 1855 711 1898 Augustini
738 1854 924 1898 specialibus
945 1853 1104 1887 favoribus
1130 1859 1160 1886 ct

419 1909 528 1954 gratiis
543 1908 691 1953 prosequi
705 1908 853 1948 volentes,
868 1918 1042 1951 eorumque
1058 1907 1160 1949 singu-

419 1964 502 1996 lares
521 1960 672 2006 pcrsonas
690 1972 707 1994 a
723 1961 885 2005 quibusvis
910 1959 1161 1994 excommunica-

420 2017 523 2058 tionis7
546 2016 760 2060 suspensionis
784 2020 813 2049 et
838 2015 1004 2057 interdicti,
1030 2015 1160 2058 aliisque

421 2070 639 2105 ecclesiasticis
657 2070 827 2111 sententiis,
845 2070 985 2103 censuris
999 2074 1028 2102 et
1041 2069 1160 2113 poenis,

422 2136 439 2158 a
463 2125 530 2159 iure
555 2125 603 2158 vel
628 2124 666 2157 ab
691 2124 838 2166 homine,
864 2123 973 2167 quavis
997 2123 1162 2156 occasione

459 2225 469 2250 1
493 2223 648 2250 Institutuin
670 2222 772 2249 horum
797 2221 911 2248 fratrum
935 2220 1019 2247 habes
1042 2220 1068 2246 in
1093 2219 1162 2246 Mar-

422 2268 470 2295 tin.
487 2269 510 2294 V
530 2268 619 2295 Const.
637 2274 689 2293 xxtl
715 2267 800 2298 Piae,
825 2270 890 2293 tom,
913 2272 948 2299 ιν,
966 2274 1025 2300 pag.
1048 2265 1116 2297 7303
1138 2269 1163 2292 et

423 2314 514 2340 tlonst.
537 2319 574 2339 xx
600 2312 672 2338 Pauli
689 2312 721 2344 V,
739 2310 906 2345 Reliqiasos,
924 2314 987 2336 tom.
1005 2316 1042 2343 Xi,
1066 2309 1164 2344 pagina

422 2358 489 2390 2723
511 2360 537 2385 et
557 2357 660 2384 eisdem
681 2355 817 2386 fratribus,
835 2355 992 2390 approbatis
1007 2363 1021 2381 a
1042 2356 1163 2381 locorum

424 2402 585 2434 Ordinarnis,
596 2401 629 2427 ad
643 2400 790 2427 audiendas
806 2400 988 2427 confessiones
1003 2399 1028 2425 in
1045 2399 1164 2426 ecclesiis

424 2446 626 2482 parochialibus
650 2446 714 2472 dicti
737 2445 859 2479 Ordinis7
881 2448 911 2470 ut
935 2444 1162 2477 parochianorum

426 2492 609 2518 consessiones
624 2490 718 2517 audire
739 2492 854 2523 valeant,
871 2489 1007 2516 concessit
1026 2488 1104 2523 Greg.
1122 2487 1165 2514 XV

426 2535 452 2561 in
468 2536 557 2561 must.
575 2542 649 2561 Lxth
667 2535 714 2562 Ere
730 2535 866 2566 iniuncto,
884 2537 948 2560 tom.
965 2540 1009 2565 xli,
1026 2541 1085 2567 pag.
1104 2532 1164 2564 7303

427 2579 473 2614 qui
494 2579 574 2604 etiam
598 2579 783 2612 comprobavit
805 2578 965 2604 novitiatum
987 2577 1013 2603 in
1034 2575 1114 2609 Urbe,
1137 2580 1166 2602 ut

427 2623 455 2650 iu
472 2623 594 2650 eiusdem
605 2623 695 2651 Const.
708 2629 781 2658 cun,
797 2622 880 2651 Inter
895 2622 1071 2656 multiplices
1087 2621 1165 2655 ibid„

428 2676 490 2704 pag.
512 2667 573 2695 812.

986 250 1081 273 thLA
1087 250 1162 273 ΝΟΜ
1188 249 1340 273 ΠΟΜΛΝΠΜ

1180 300 1226 331 vel
1243 299 1335 331 causa
1353 298 1432 339 latis,
1446 298 1470 331 si
1491 297 1606 342 quibus
1623 300 1859 343 quomodolibet
1876 302 1918 335 in-

1179 350 1310 384 nodatae
1327 352 1471 394 existunt,
1489 351 1527 384 ad
1544 351 1690 386 effectum
1706 356 1918 397 praesentium

1180 405 1337 438 dumtaxat
1352 405 1616 449 consequendum,
1633 406 1746 440 harum
1771 408 1851 442 serie
1867 409 1921 442 ab·

1181 459 1335 492 solventes
1352 464 1381 491 et
1398 458 1556 491 absolutas
1573 459 1640 492 sore
1657 465 1828 503 censentes,
1846 471 1920 506 sup-

1181 511 1401 555 plicationibus
1424 522 1534 545 eorum
1559 512 1685 545 nomine
1708 513 1798 546 nobis
1827 524 1921 558 super

1183 565 1242 598 boe
1258 564 1421 598 humiliter
1437 565 1592 609 porrectis
1608 565 1758 608 inclinati,
1776 566 1815 599 de
1832 577 1922 601 vene-

1184 618 1329 650 rabilium
1352 618 1485 650 fratrum
1509 622 1692 652 nostrorum
1717 624 1841 652 sanctae
1865 620 1923 654 Ro-

1184 681 1294 704 manae
1306 671 1463 705 Ecclesiae
1475 671 1681 705 cardinalium
1702 672 1799 706 sacris
1812 673 1923 707 ritibus

1184 725 1438 769 praepositorum
1463 725 1603 768 consilio,
1622 725 1739 759 eisdem
1763 726 1925 768 fratribus,

1185 783 1229 819 ut,
1245 779 1365 812 abiecto
1379 778 1504 823 caputio
1521 779 1582 811 albi
1600 779 1725 822 coloris,
1735 779 1820 823 quod
1830 790 1925 824 super

1187 831 1336 865 humeros
1349 832 1500 865 hactenus
1517 837 1692 876 gesserunt,
1705 833 1789 866 aliud
1802 833 1833 866 in
1848 833 1928 878 capi-

1187 890 1216 918 te
1235 886 1351 919 coloris
1369 886 1554 919 eorumdem
1579 887 1675 930 pallio
1699 887 1818 930 similis
1835 891 1927 932 atque

1188 940 1223 971 ea
1248 938 1349 972 forma
1365 949 1427 983 qua
1444 940 1539 972 ceteri
1555 940 1764 974 Mendicantes
1784 946 1925 984 utuntur,

1188 997 1311 1034 gestare
1326 992 1427 1025 libere
1451 998 1480 1025 et
1495 993 1579 1026 licite
1604 994 1736 1037 valeant⁷
1754 996 1925 1039 apostolica

1169 1064 1172 1065 ν
1188 1045 1384 1087 auctoritate,
1409 1050 1519 1079 tenore
1542 1047 1763 1090 praesentium,
1781 1048 1927 1082 coneedi—

1189 1109 1259 1131 mus
1288 1102 1318 1133 et
1345 1099 1563 1142 indulgemus,
1588 1110 1623 1133 ae
1646 1100 1803 1133 licentiam
1828 1105 1859 1135 et
1883 1101 1925 1134 sa-

1190 1152 1336 1185 cultatem
1362 1152 1572 1197 impertimur.

1234 1206 1249 1250 g
1273 1206 1302 1239 ⁶2.
1329 1207 1537 1240 Deeernentes
1561 1206 1631 1241 illos
1656 1206 1793 1252 desuper
1815 1217 1833 1240 a
1853 1218 1929 1252 quo-

1190 1270 1294 1303 quam,
1303 1260 1412 1304 quavis
1429 1260 1625 1301 auctoritate,
1633 1260 1873 1305 quomodolibet
1886 1261 1930 1294 in-

1191 1313 1293 1347 debite
1310 1314 1481 1355 molestari,
1498 1314 1665 1357 inquietari
1683 1315 1731 1347 vel
1748 1315 1929 1358 perturbari

1191 1367 1368 1400 nullatenus
1391 1377 1494 1411 posse,
1511 1377 1612 1411 neque
1633 1367 1764 1408 debere;
1782 1378 1930 1412 praesen-

1192 1426 1237 1453 tes
1261 1432 1335 1455 vero
1360 1421 1479 1454 litteras
1502 1421 1619 1454 validas
1644 1425 1674 1455 et
1697 1421 1839 1454 efficaces
1863 1432 1930 1455 esse

1192 1479 1222 1508 et
1244 1475 1321 1517 fore,
1346 1474 1527 1520 eisdemque
1551 1474 1700 1507 fratribus
1728 1474 1760 1506 in
1784 1474 1930 1508 omnibus

1193 1533 1223 1561 et
1246 1539 1304 1573 per
1327 1529 1434 1562 omnia
1456 1527 1637 1572 plenissime
1658 1527 1840 1572 suffragari3

1236 1582 1292 1627 gil.
1312 1582 1425 1627 Sicque
1442 1593 1499 1627 per
1513 1593 1729 1627 quoscumque
1746 1583 1865 1616 iudices
1881 1593 1931 1616 or-

1192 1636 1331 1670 dinarios
1343 1641 1374 1669 et
1383 1636 1552 1679 delegatos,
1563 1636 1656 1670 etiam
1671 1646 1836 1670 causarum
1850 1636 1932 1680 pala-

1193 1690 1226 1723 tii
1246 1690 1409 1735 apostolici
1427 1689 1595 1731 auditores,
1607 1689 1740 1722 iudicari
1761 1694 1791 1722 et
1807 1689 1932 1722 definiri

1193 1742 1317 1783 debere,
1335 1752 1370 1774 ae
1386 1741 1513 1774 irritum
1527 1746 1557 1774 et
1573 1741 1674 1782 inane,
1693 1741 1718 1774 si
1735 1751 1825 1774 secus
1838 1751 1934 1785 super

1193 1796 1241 1829 his
1267 1806 1283 1828 a
1308 1805 1478 1839 quoquam,
1502 1794 1612 1838 quavis
1628 1795 1823 1836 auctoritate,
1837 1794 1934 1828 seien-

1193 1855 1239 1883 ter
1264 1849 1311 1882 vel
1345 1849 1536 1892 ignoranter,
1562 1848 1728 1891 contigerit
1760 1848 1916 1881 attentari.

1238 1903 1253 1947 ἓ
1276 1903 1306 1936 lt,
1331 1903 1400 1936 Non
1432 1901 1627 1935 obstantibus
1658 1901 1935 1935 constitutionibus

1195 1962 1224 1989 ct
1248 1955 1498 1990 ordinationibus
1526 1955 1716 1999 apostolicis,
1734 1955 1870 1999 dictique
1883 1954 1936 1989 Or-

1195 2010 1275 2043 dinis
1301 2010 1408 2053 (etiam
1433 2009 1621 2049 iuramento,
1646 2009 1886 2042 confirmatione
1902 2019 1936 2041 a-

1196 2063 1359 2108 postoliea,
1385 2062 1432 2095 vel
1457 2062 1565 2106 quavis
1588 2062 1737 2096 firmitate
1760 2062 1822 2094 alia
1844 2062 1937 2095 roho-

1196 2119 1284 2162 ratis)
1310 2117 1431 2151 statutis
1448 2121 1479 2149 et
1503 2115 1793 2156 consuetudinibus,
1809 2115 1937 2160 privile-

1197 2172 1255 2215 giis
1275 2181 1411 2215 quoque,
1432 2170 1560 2203 indultis
1577 2174 1607 2202 et
1625 2169 1738 2202 litteris
1758 2169 1938 2213 apostolicis

1198 2226 1228 2258 in
1253 2225 1446 2259 contrarium
1470 2224 1719 2268 praemissorum
1743 2223 1939 2267 quomodoli-

1197 2281 1250 2313 bet
1283 2279 1461 2319 concessis,
1487 2277 1681 2311 confirmatis
1712 2280 1742 2311 et
1774 2277 1938 2310 innovatis.

1197 2333 1315 2373 Quibus
1326 2332 1474 2365 omnibus
1489 2336 1519 2363 et
1532 2330 1674 2374 singulis,
1686 2341 1796 2363 eorum
1814 2335 1940 2364 tenores

1198 2386 1417 2432 praesentibus
1442 2396 1501 2429 pro
1526 2385 1616 2429 plene
1635 2390 1664 2417 et
1681 2384 1872 2417 sufficienter
1892 2394 1941 2418 ex-

1198 2441 1315 2486 pressis
1340 2440 1499 2479 habentes,
1527 2439 1587 2472 illis
1605 2438 1680 2471 alias
1700 2438 1730 2471 in
1749 2449 1806 2472 suo
1822 2438 1940 2472 robore

1200 2494 1424 2539 permansuris,
1439 2494 1495 2526 bae
1509 2493 1575 2526 vice
1589 2493 1750 2526 dumtaxat
1763 2492 1940 2536 specialiter

1200 2555 1227 2581 et
1253 2559 1399 2592 expresse
1423 2548 1612 2590 derogamus
1627 2574 1634 2588 ,
1659 2546 1834 2590 ceterisque
1858 2555 1937 2579 con-

1201 2601 1306 2635 trariis
1330 2601 1590 2645 quibuscumque.

1246 2656 1357 2688 Datum
1382 2655 1517 2694 Romae,
1548 2653 1630 2698 apud
1647 2653 1675 2687 S.
1701 2651 1829 2686 Mariam
1846 2651 1941 2685 Maio-

1933 254 1982 283 An.
2000 255 2028 283 C.
2047 255 2117 284 1624

1970 1220 2089 1243 Clausutae.

2017 1914 2132 1945 Derngatio

1950 1944 2110 1963 contrariorum.
