2269 3235
99 271 149 300 An.
169 270 199 300 C.
216 270 285 302 1625

140 1771 171 1791 De
186 1771 280 1791 dominio

96 1803 134 1824 per
144 1798 281 1818 instrumenta

97 1824 181 1850 publica
195 1824 216 1844 in
228 1824 280 1845 alios

192 1851 280 1872 transfe-

98 1876 171 1898 tendo.

902 271 1046 297 Ulmanus
1068 271 1126 295 vm
1148 271 1197 295 ΓΡ.

288 331 328 356 ne
337 324 486 366 putemur
496 321 534 355 ab
546 322 765 365 ignorantibus
778 324 1027 363 transgressores

289 374 417 418 regulae
426 380 561 416 nostrae,
570 375 721 409 debemus
734 379 840 418 aperte
853 372 1029 417 protestari,

289 427 369 460 nihil
392 428 482 461 nobis
508 428 586 461 iuris
613 428 644 460 in
668 427 782 460 talibus
810 425 1030 459 donationibus

290 481 369 513 velle
395 481 531 522 hahere,
556 481 635 514 sicut
657 485 780 513 tenetur
805 483 969 522 suspectus
992 477 1030 510 de

290 534 497 568 fornicatione
514 535 620 568 omnia
648 534 701 566 illa
716 542 836 574 cavere,
856 542 892 565 ex
916 531 1031 575 quibus

289 592 396 631 posset
418 587 477 620 ista
496 587 632 631 suspicio
651 585 825 630 probabilis
852 584 983 617 iudicari
1004 596 1030 616 ι).

339 653 353 673 «
371 641 455 674 llaec
478 640 583 674 onmia
606 640 639 673 D.
665 639 891 673 Bonaventura.

296 707 308 725 «
335 694 395 728 Sed
419 693 492 738 quia
517 693 548 726 in
572 693 622 726 liis
646 703 736 726 casus
760 692 839 725 solet
863 690 1032 735 aliquando

292 747 427 788 evenire,
436 746 521 791 quod
537 756 658 779 annuus
671 745 812 779 redditus
829 745 870 778 ob
883 744 1032 788 temporis

292 800 509 844 antiquitatem
529 809 592 833 non
611 799 826 843 comperiatur
843 797 960 831 habere
981 797 1034 830 ali-

291 863 386 897 quem
402 858 585 897 patronum,
610 852 660 885 cui
677 852 746 885 sieri
764 851 875 885 debeat
891 851 975 891 talis,
1000 855 1034 883 ut

292 916 404 950 supra,
429 906 630 950 protestatio,
653 905 869 945 decernimus,
894 903 979 948 quod
1003 903 1034 936 in

290 959 345 992 tali
369 969 444 992 casu
468 964 610 992 servetur
629 963 779 993 statutum
796 957 921 991 Ordinis
940 957 1035 990 Mino-

292 1023 364 1046 rum
385 1013 444 1046 sub
463 1013 559 1046 Paulo
580 1013 605 1046 ΙΙ
627 1017 809 1046 contentum
829 1011 860 1043 in
885 1011 1035 1044 constitu-

293 1066 431 1100 tionibus
448 1077 545 1110 super
564 1076 632 1110 cap.
650 1075 693 1105 vi,
710 1065 842 1108 reptilae
859 1069 889 1097 et
906 1064 920 1107 ἓ
940 1064 1035 1097 Inhi-

293 1120 418 1153 bemus:
436 1120 524 1159 Quod
536 1119 688 1152 nimirum
701 1117 882 1151 huiusmodi
896 1116 1036 1150 redditus

293 1173 472 1216 assignetur
481 1172 658 1206 rectoribus
668 1171 883 1216 spiritualibus
896 1174 948 1204 aut
962 1176 1036 1203 tem-

293 1225 455 1270 poralibus
472 1225 679 1268 collegiorum
694 1229 746 1257 aut
763 1223 1035 1263 communitatum,

294 1285 451 1312 terrarum
476 1283 528 1311 aut
549 1278 721 1318 civitatum,
741 1277 794 1321 qui
811 1277 888 1309 tales
903 1277 1037 1310 eleemo-

293 1342 395 1377 synas,
419 1332 483 1365 sive
506 1332 627 1364 fructus
658 1331 707 1364 vel
731 1330 871 1363 redditus
900 1340 1035 1372 annuos,

293 1385 421 1418 nomine
434 1384 591 1417 Ecclesiae
604 1384 772 1424 Romanae,
783 1384 832 1416 vel
842 1383 1036 1423 donantium,

293 1438 360 1471 sine
392 1437 563 1478 fratribus,
596 1438 721 1481 exigant
753 1443 783 1470 et
810 1437 983 1481 recipiant,
1008 1441 1038 1469 et.

294 1491 445 1524 fratribus
459 1518 466 1532 ,
492 1491 557 1524 sive
579 1491 648 1524 aliis
672 1490 888 1524 sacerdotibus
912 1490 1037 1533 quando

294 1545 407 1578 fratres
422 1544 591 1585 noluerint,
606 1545 683 1577 tales
697 1544 808 1577 missas
822 1544 870 1576 vel
888 1543 1039 1586 suffragia

294 1599 379 1633 iuxta
403 1599 489 1643 piam
513 1599 719 1631 intentionem
745 1598 982 1630 benefactorum
1007 1596 1038 1629 in

295 1657 360 1686 toto
384 1653 432 1685 vel
457 1652 489 1684 in
517 1656 605 1695 parte
630 1651 803 1684 secundum
832 1649 1038 1694 quantitatem

294 1706 404 1739 talium
429 1706 655 1740 obventionum
679 1705 785 1738 dicere
808 1704 923 1737 saciant
945 1716 971 1735 ι).

315 1801 318 1803 ‚
339 1761 417 1793 Item
431 1759 587 1801 statuitur,
606 1762 639 1792 ut
656 1758 804 1802 deinceps
823 1758 909 1790 nulla
926 1757 1040 1790 instru-

295 1818 401 1846 menta
416 1812 545 1857 publica
563 1812 640 1845 fiant
659 1822 676 1844 a
693 1811 843 1845 fratribus
864 1810 1040 1854 capitulari-

295 1872 343 1900 ter
359 1866 569 1909 congregatis,
582 1876 640 1899 nec
657 1875 857 1909 quocumque
871 1864 932 1897 alio
946 1864 1039 1897 modo

295 1930 329 1953 se
348 1919 549 1960 habentibus,
566 1919 597 1951 in
621 1919 736 1962 quibus
757 1919 965 1951 transferatur
988 1917 1040 1950 do-

296 1973 429 2006 minium
454 1977 484 2005 et
519 1972 698 2016 proprietas
722 1971 854 2004 alicuius
880 1971 1040 2014 cappellae

295 2027 361 2060 sive
378 2026 574 2070 sepulturae:
593 2036 664 2059 cum
688 2026 749 2058 hoc
766 2025 895 2058 omnino
913 2025 952 2058 sit
969 2034 1041 2057 con-

295 2085 344 2114 tra
362 2080 506 2123 regulam
527 2084 557 2112 et
580 2083 688 2113 nostro
708 2084 863 2123 repugnet
887 2078 1038 2112 instituto.

295 2135 373 2167 Nam
383 2133 543 2178 quomodo
553 2132 667 2176 aliquis
684 2132 746 2173 dat,
757 2132 841 2176 quod
850 2142 913 2165 non
929 2132 1039 2164 habet‘?

297 2187 328 2220 Si
343 2192 449 2220 tamen
460 2186 583 2220 occasio
596 2197 629 2219 se
646 2185 807 2226 obtulerit,
821 2185 853 2218 in
868 2196 930 2229 quo
948 2196 1040 2229 opor-

296 2245 359 2273 teat
378 2240 555 2273 satisfacere
572 2240 702 2273 devotae
719 2239 860 2272 fidelium
878 2239 1039 2279 voluntati,

298 2293 329 2325 id
348 2293 402 2326 siat
417 2304 474 2337 per
491 2293 602 2327 modos
618 2299 744 2326 nostrae
762 2293 891 2336 regulae
909 2298 939 2326 et
957 2293 1041 2326 insti-

298 2349 364 2380 tuto
391 2351 609 2389 congruentes.
637 2347 691 2379 Est
718 2351 823 2379 autem
855 2347 1040 2390 protestatio

297 2399 457 2444 praedicta
480 2400 665 2442 necessaria,
690 2410 739 2441 ne,
763 2405 797 2433 ut
821 2400 863 2432 ait
887 2401 920 2432 D.
940 2400 1038 2433 Bona-

298 2458 439 2493 ventura,
459 2453 498 2486 ab
519 2453 736 2496 ignorantibus
752 2458 897 2488 nostrum
915 2454 1039 2487 institu-

299 2511 375 2547 tum,
389 2507 518 2549 regulae
530 2510 655 2540 nostrae
665 2511 916 2550 transgressores
927 2505 1040 2540 iudic'e-

299 2570 382 2600 mur,
407 2559 495 2592 cuius
517 2560 672 2603 seraphici
697 2560 835 2594 doctoris
853 2561 1038 2593 sententiam

298 2613 350 2646 hic
374 2613 574 2646 inserendam
598 2613 819 2656 iudicavimus,
845 2619 998 2658 quatenus
1023 2625 1039 2648 e

299 2667 404 2701 medio
428 2667 555 2702 tollatur
575 2667 690 2700 abusus
709 2667 1039 2711 ignorantissimorum

1708 255 1773 288 415
1817 264 1868 290 An.
1890 262 1918 289 c.
1936 262 2004 289 1625

1064 319 1263 362 aliquorum,
1289 317 1364 362 qui,
1389 315 1602 349 existimantes
1628 313 1802 346 charibdim

1065 372 1182 413 sugere,
1208 371 1237 403 in
1263 371 1389 415 scyllam
1410 368 1598 407 inciderunt,
1616 367 1645 399 in
1666 366 1803 399 savorem

1065 424 1314 464 Ordiuariorum,
1332 425 1378 456 vel
1397 422 1527 455 alicuius
1553 420 1646 461 tertii,
1665 420 1710 452 vcl
1732 419 1805 451 liae-

1066 477 1148 510 redis
1174 477 1386 509 renuntiantes
1406 475 1566 520 praedicta
1591 474 1702 516 legata,
1717 471 1804 515 quasi

1066 540 1128 563 non
1160 535 1238 562 essct
1269 540 1346 572 opus
1379 527 1581 572 proprietatis
1613 530 1642 560 et
1676 525 1804 557 dominii

1066 583 1192 625 donare,
1202 583 1293 615 sicuti
1305 582 1457 626 accipere,
1472 586 1498 613 et
1515 591 1637 614 summa
1651 579 1806 613 dementia

1066 636 1203 669 alienum
1217 635 1407 669 renuntiare

1111 690 1153 723 Dc
1166 689 1347 722 huiusmodi
1367 694 1470 721 autem
1488 688 1589 727 bonis,
1607 697 1660 720 seu
1680 687 1805 720 illorum

1067 743 1178 787 pretio,
1196 742 1353 785 generalis
1364 742 1411 774 vel
1429 740 1664 774 commissarius
1679 751 1808 782 genera-

1068 797 1105 829 lis
1122 798 1184 829 una
1201 807 1272 828 cum
1291 795 1420 828 consilio
1438 793 1601 837 gumdiani
1618 798 1648 826 et.
1661 793 1809 826 discreto-

1068 861 1139 883 rum
1153 854 1324 883 coni-entus
1338 848 1369 881 in
1382 859 1473 881 usum
1487 847 1656 888 sacristiae,
1672 846 1808 879 fabricae

1069 904 1228 943 ecclesiae,
1245 908 1275 935 et
1291 907 1503 936 conventuum
1517 900 1688 945 provideat.
1704 905 1808 943 prout,

1070 956 1196 990 illorum
1209 956 1392 989 necessitate
1404 956 1580 999 perspecta,
1595 953 1761 986 salubriter
1778 952 1809 984 iu

1069 1010 1202 1044 Domino
1227 1009 1374 1054 expedire
1398 1008 1611 1041 arbitrabitur.
1639 1007 1673 1040 Et
1690 1007 1728 1039 de
1753 1007 1809 1039 hac

1069 1063 1248 1108 provisione
1262 1062 1497 1107 quamprimum
1509 1071 1629 1094 sacram
1645 1061 1724 1093 lianc
1736 1059 1811 1093 Con-

1070 1117 1285 1161 gregationcm
1296 1115 1430 1148 fideliter
1440 1114 1608 1148 certiorem
1619 1113 1811 1146 saciarssane

1070 1181 1144 1203 vero
1161 1170 1317 1202 bonorum
1335 1167 1565 1201 abdicationem
1583 1170 1614 1200 et
1633 1166 1809 1209 legatorum

1071 1223 1336 1257 renuntiationem
1353 1222 1449 1255 fuisse
1466 1219 1667 1264 exequutioni
1682 1219 1811 1252 deman-

1071 1278 1174 1310 datam
1200 1281 1344 1310 constare
1369 1275 1496 1308 debebit
1519 1274 1593 1307 huic
1610 1284 1718 1307 sacrae
1737 1273 1813 1306 Con·

1071 1330 1247 1374 gregationi
1272 1341 1307 1362 ex
1332 1329 1505 1372 generalis,
1532 1328 1580 1361 vel
1602 1327 1811 1361 commissarii

1071 1384 1237 1427 generalis,
1253 1387 1281 1418 et
1306 1382 1544 1415 Ordinariorum
1563 1380 1812 1414 attestationibus

1071 1438 1169 1480 gratis
1193 1443 1223 1470 et
1246 1437 1364 1480 absque
1395 1436 1460 1469 ullo
1491 1436 1625 1467 fratrum
1650 1432 1812 1477 dispendio

1071 1490 1288 1524 concedendis.

1116 1544 1232 1577 Deinde
1257 1555 1273 1576 a
1297 1543 1446 1576 fratribus
1470 1542 1714 1586 particularibus
1731 1541 1815 1574 ause·
1830 1577 1867 1596 [ΙΙ
1892 1550 2014 1595 empne-gs

1072 1601 1160 1631 ratur
1185 1597 1411 1640 cuiuscumque
1434 1596 1480 1628 rei
1504 1596 1690 1639 proprietas,
1709 1594 1734 1627 si
1754 1605 1814 1638 qua
1830 1583 1915 1639 1353?
1925 1583 2015 1623 '131‘10'213'0'

1073 1650 1121 1691 sit,
1136 1655 1166 1682 et
1191 1650 1296 1683 omnia
1321 1650 1353 1682 in
1378 1649 1538 1683 communi
1564 1648 1758 1691 redigantur,
1777 1647 1815 1679 ad
1831 1630 1930 1651 ¹⁰¹¹⁰¹¹d³'

1074 1705 1212 1747 regulae,
1237 1714 1401 1736 sacrorum
1426 1713 1600 1743 canonum,
1625 1701 1813 1745 apostolica-

1074 1769 1144 1790 rum
1163 1757 1424 1791 constitutionum
1442 1761 1471 1789 ct
1487 1755 1584 1789 sancti
1607 1755 1736 1789 Concilii
1753 1754 1818 1787 Tri-

1074 1811 1193 1843 dentini
1227 1810 1474 1854 dispositionem.
1508 1809 1710 1842 Potissimum
1743 1818 1817 1840 vcro

1076 1865 1224 1897 tollantur
1245 1863 1409 1908 pecuniae,
1425 1867 1455 1895 ct
1475 1862 1711 1907 quamprimum
1737 1862 1819 1894 insu-

1075 1923 1200 1950 mantur
1232 1917 1265 1950 in
1290 1928 1378 1950 veras
1405 1920 1435 1950 et
1463 1926 1647 1949 communes
1677 1916 1817 1959 ipsorum

1075 1975 1286 2004 conventuum
1304 1970 1516 2003 necessitates:
1534 1969 1628 2012 idque
1644 1969 1698 2001 fiat
1714 1979 1730 2001 a
1751 1979 1819 2013 svn-

1074 2025 1152 2058 dicis
1172 2024 1355 2068 apostolicis
1373 2028 1504 2063 tantum,
1523 2023 1563 2056 ita
1581 2028 1615 2055 ut
1631 2022 1707 2055 nihil
1725 2033 1819 2066 pecu-

1074 2079 1142 2111 niae
1168 2078 1302 2111 mediate
1333 2078 1380 2110 vel
1415 2076 1595 2109 immediate
1627 2076 1763 2119 supersit
1786 2076 1818 2108 in

1075 2132 1220 2165 manibus
1246 2132 1292 2164 vel
1318 2135 1472 2174 potestate
1497 2131 1630 2163 fratrum
1651 2129 1744 2162 etiam
1771 2140 1818 2162 su<

1074 2185 1247 2230 periorum.

1118 2239 1163 2272 Ad
1188 2239 1266 2271 liaeo
1290 2239 1441 2271 tollantur
1472 2238 1588 2270 abusus
1616 2236 1818 2269 aromataria-
1859 2244 1968 2275 ‹aromo-10
1985 2251 2016 2264 m.

1074 2304 1156 2331 rum,
1170 2292 1211 2325 ita
1224 2297 1258 2324 ut
1275 2291 1312 2324 dc
1330 2297 1435 2324 cetero
1450 2291 1519 2323 illae
1533 2300 1597 2323 non
1610 2290 1816 2329 retineantur,
1832 2273 2018 2318 {Toeiiiaiari'fff‘st

1074 2346 1133 2378 nisi
1159 2346 1197 2378 ad
1222 2356 1314 2378 usum
1340 2345 1605 2378 monasteriorum
1639 2343 1816 2383 dumtaxat,

1074 2410 1131 2433 nee
1147 2400 1237 2432 liccat
1251 2410 1301 2431 res
1319 2399 1444 2431 illarum
1462 2398 1575 2441 cuique
1595 2397 1740 2430 vendere.

1119 2454 1284 2486 Praeterea
1308 2452 1395 2484 nullo
1429 2451 1523 2484 modo
1548 2450 1683 2483 habeant
1708 2451 1739 2483 in
1765 2461 1816 2484 eo·
1846 2484 1862 2504 Ι,
2000 2491 2006 2497 ἱ

1074 2518 1143 2540 rum
1169 2506 1318 2546 ecclesiis,
1337 2505 1384 2537 vel
1406 2504 1565 2544 sacristiis,
1580 2509 1631 2536 aut
1651 2504 1735 2544 alibi,
1757 2504 1818 2548 cip·
1832 2490 2017 2558 Ξῐῧένᾛῖεῗιῗιιῗιξῖἶ

1073 2572 1130 2605 pos
1155 2566 1207 2594 aut
1228 2566 1355 2592 truncos
1373 2558 1533 2591 ordinatos
1554 2557 1592 2590 ad
1616 2558 1815 2591 offerentium
1833 2544 1902 2584 daeg-¹¹⁵
1953 2546 1964 2558 υ
1981 2544 2016 2558 ω’

1074 2625 1130 2648 seu
1147 2613 1329 2647 donantium
1349 2611 1508 2656 pecunias,
1525 2621 1582 2645 nec
1599 2612 1742 2655 capsulas
1758 2622 1816 2656 pro

1074 2667 1280 2712 eleemosynis
1304 2666 1484 2699 missarum.

1869 2458 1972 2483 (Lipstllae
1990 2458 2016 2478 ad
