2269 3235
120 278 171 308 Nn.
187 278 214 307 C.
235 278 304 306 1623

125 501 247 523 nosen-vatio
258 501 294 522 be-

111 529 232 550 neficiorum
259 534 293 549 cu—

111 555 214 579 rialium,
246 555 293 575 dum

110 582 169 603 curia
191 582 295 603 transser-

111 612 151 631 tur.

122 823 246 844 noservauo
256 823 293 844 be-

109 850 231 871 neficiorum
258 856 292 870 cu·

109 876 259 898 »scutariorum
272 879 292 898 et

109 908 224 924 cursorum.

120 1461 243 1483 aesernino
253 1462 290 1483 he-

107 1489 228 1510 neficiorum
255 1495 289 1509 ec·

106 1515 216 1536 etesiarum
225 1515 247 1536 S.
257 1516 289 1536 Io-

106 1542 166 1562 annIs
202 1542 289 1562 Latera·

105 1568 175 1589 nensis
188 1571 208 1589 et
218 1569 241 1590 S.
252 1569 289 1590 Pe·

105 1595 147 1619 tri,
166 1600 191 1615 ac
205 1595 228 1616 B.
245 1596 288 1616 Ma-

106 1622 150 1642 riae
164 1621 252 1643 Maioris
262 1622 287 1642 de

107 1647 169 1671 Urbe.
180 1650 201 1668 et
211 1648 288 1669 benefi-

105 1676 184 1695 ciorum
218 1676 288 1696 titulo-

105 1706 150 1721 rum
191 1701 289 1723 cardina-

105 1728 154 1748 lium
184 1733 197 1748 a
227 1730 287 1750 curia

105 1754 229 1776 absentium.

163 2471 286 2493 Reservatio

104 2498 205 2519 mensium
236 2504 287 2525 apo-

104 2524 238 2549 stolicorum,
266 2527 287 2546 et

103 2551 228 2572 alternatis-a
248 2557 287 2577 pro

103 2577 210 2603 episcopis
235 2579 287 2600 resi-

103 2603 203 2625 dentium.

925 278 1066 304 rnnAst

310 326 420 360 neficia
452 326 633 368 dumtaxat,
665 338 743 372 quac
776 327 907 360 durante
938 332 1067 361 eorum*

311 380 414 414 officio
434 380 617 414 obtinebant
640 387 670 415 et
694 381 816 425 quibus,
833 391 888 414 seu
905 381 942 413 ad
959 392 1048 424 quae,

310 434 358 467 ius
381 435 426 467 eis
451 435 658 480 competebat.

354 487 382 520 6.
415 488 492 521 Item
525 488 695 522 reservavit
727 488 832 521 omnia
865 493 895 521 et
927 489 1049 531 singula

309 541 461 575 beneficia
478 541 687 575 ecclesiastica
703 552 977 585 quorumcumque
995 553 1049 575 cu-

309 587 444 636 rialium,
461 606 550 639 quos,
568 595 641 628 dum
662 594 749 628 curia
773 606 904 629 romana
921 595 959 629 de
979 596 1048 629 loco

309 648 348 681 ad
371 649 475 682 Iocum
500 649 696 689 transfertur,
721 659 790 682 eam
815 649 974 693 sequendo
999 650 1050 682 de-

309 703 420 736 cedere
451 702 617 745 contigerit
653 703 684 735 in
719 703 829 746 quovis
860 704 929 737 loco
965 714 1049 747 quan

309 761 510 800 tumcumque
535 756 628 789 etiam
653 767 670 789 a
695 756 778 790 dicta
803 758 891 791 curia
915 763 1047 791 remoto.

352 809 381 843 7.
417 811 492 843 Item
530 810 702 843 reservavit
740 811 930 854 generaliter
964 811 1048 845 idem

306 863 340 896 D.
365 865 398 898 N.
425 864 506 908 Papa
530 864 728 909 dispositioni
760 876 834 899 suae
861 865 967 899 omnia
994 866 1048 899 be-

306 917 417 951 neficia
454 918 720 952 cubiculariorum
741 946 747 959 ,
786 919 880 952 etiam
919 920 1049 953 honoris

307 977 558 1016 nuncupatorum
573 1000 580 1014 ,
616 983 652 1005 ac
689 983 856 1006 cursorum
895 984 1047 1013 suorum3

306 1025 468 1058 declarans
488 1025 519 1058 in
543 1025 822 1069 praedecessorum
843 1036 973 1059 suorum
994 1027 1050 1060 Ro-

307 1089 474 1112 manorum
498 1079 685 1112 Pontificum
717 1080 992 1113 constitutionibus
1020 1086 1050 1113 et

308 1132 426 1175 regulis
458 1133 674 1166 reservatoriis
703 1133 928 1166 beneficiorum
960 1134 1049 1166 cubi-

308 1186 501 1220 culariorum
541 1187 634 1220 etiarn
670 1187 881 1219 cubicularios
918 1187 1048 1220 honoris

308 1244 502 1284 nuncupatos
533 1240 625 1273 etiam
651 1250 668 1272 a
692 1239 742 1273 die
767 1250 874 1272 earum
903 1240 1048 1273 editionis

308 1299 336 1326 et
356 1293 575 1337 publicationis
600 1293 731 1336 intelligi
756 1299 786 1326 et
810 1295 1047 1338 comprehendi,

307 1351 336 1378 et
360 1346 604 1390 comprehensos
626 1347 722 1380 fuisse
747 1352 777 1380 et
801 1358 878 1380 esse.
904 1347 1047 1381 irritum-

305 1410 375 1444 que,
399 1404 468 1441 etc.,
494 1400 638 1434 attentari
663 1401 845 1434 decernens.

350 1453 379 1486 8.
404 1453 481 1487 ltem
500 1454 671 1487 reservavit
687 1454 885 1498 dispositioni
901 1465 975 1488 suae
998 1466 1048 1498 ge-

304 1507 453 1540 neraliter
466 1518 683 1552 quoscumque
697 1508 899 1542 canonicatus
916 1512 945 1543 et
960 1520 1048 1552 prae-

304 1559 433 1601 bendas,
449 1571 485 1593 ac
502 1560 677 1603 dignitates,
695 1567 883 1605 personatus
899 1566 929 1596 et
945 1562 1047 1595 officia

304 1613 335 1645 in
367 1613 395 1647 S.
428 1613 553 1647 Ioannis
583 1615 800 1648 Lateranensis
832 1620 862 1648 et
894 1616 1047 1659 Principis

304 1667 529 1711 apostolorum,
543 1678 578 1701 ac
594 1668 625 1700 B.
639 1668 753 1701 Mariae
767 1669 892 1702 Maioris
910 1668 948 1701 de
963 1669 1046 1702 Urbe

303 1721 460 1762 ecclesiis,
484 1732 606 1755 necnon
635 1721 674 1754 ad
702 1723 918 1763 collationem,
943 1723 1047 1767 provi-

303 1774 422 1808 sionem
446 1780 477 1808 et
503 1776 798 1820 praesentationem,
825 1787 879 1810 seu
903 1777 1046 1821 quamvis

303 1828 395 1861 aliam
419 1828 655 1873 dispositionem
680 1830 708 1863 S.
730 1831 763 1863 R.
782 1831 814 1863 E.
837 1831 1044 1864 cardinalium

302 1892 319 1914 a
332 1884 463 1915 romana
477 1883 565 1915 curia
579 1883 765 1924 absentium,
779 1884 899 1918 ratione
913 1895 1043 1917 suorum

301 1935 558 1979 episcopatuum,
583 1936 810 1978 cardinalatus,
835 1948 870 1970 ac
902 1938 1043 1981 ipsorum

301 1988 507 2022 cardinalium
520 1990 683 2023 titulorum
696 1996 726 2023 et
737 1991 962 2032 diaconiarum,
977 2002 1045 2035 spe-

301 2043 425 2084 ctantia,
451 2044 600 2087 quamdiu
625 2044 765 2078 absentia
789 2056 845 2078 sua
869 2045 1042 2087 duraverit,

301 2096 500 2130 canonicatus
517 2103 545 2130 et
562 2097 768 2141 praebendas,
784 2098 961 2142 dignitates,
975 2110 1044 2143 per-

301 2155 437 2192 sonatus,
461 2151 748 2185 administrationes
773 2157 803 2185 et
827 2152 939 2193 officia,
965 2157 1043 2187 cete-

301 2213 397 2247 raque
416 2204 569 2237 beneficia
589 2206 809 2246 ecclesiastica,
827 2217 898 2239 cum
919 2208 995 2239 cura
1014 2211 1043 2241 et

302 2255 369 2289 sine
392 2260 478 2298 cura,
495 2259 635 2291 vacantia
660 2263 690 2292 et
714 2259 745 2291 in
770 2265 860 2293 antea
885 2265 1041 2301 vacatura,

303 2309 410 2341 tamin
422 2310 531 2344 eadem
545 2311 639 2353 Urbe,
653 2323 746 2356 quam
761 2313 792 2345 in
806 2313 956 2354 ecclesiis,
971 2314 1042 2346 eivi-

303 2361 417 2395 tatibus
441 2369 470 2396 et
493 2365 688 2400 dioecesibus
705 2367 863 2401 dictorum
880 2368 1041 2412 episcopa-

302 2419 391 2448 tuum
405 2416 612 2451 consistentia.
627 2421 670 2453 Ac
681 2419 821 2455 decrevit
834 2421 971 2463 irritum,
982 2427 1039 2455 etc.

347 2468 375 2502 9.
409 2469 507 2511 Item,
538 2473 665 2516 cupiens
701 2474 784 2507 idem
819 2475 852 2508 D.
885 2476 919 2508 N.
958 2476 1041 2519 Papa

302 2521 493 2565 pauperihus
525 2524 646 2559 clericis
677 2532 707 2560 et
737 2528 805 2561 aliis
836 2528 1041 2562 benemeritis

301 2576 446 2618 personis
477 2579 662 2622 providere,
687 2583 792 2616 omnia
815 2583 968 2617 beneficia
993 2594 1042 2617 ec-

303 2629 497 2673 clesiastica,
528 2643 599 2666 cum
625 2637 700 2668 cura
724 2642 754 2669 et
778 2637 844 2670 sine
868 2639 966 2678 cura,
996 2648 1041 2671 se-

303 2683 420 2717 cularia
445 2691 474 2718 et
498 2689 680 2729 quorumvis
701 2689 852 2723 Ordinum
873 2692 1040 2733 regularia,

1100 281 1153 304 vni
1179 282 1225 305 1¹1³,

1083 331 1353 374 qualitercumque
1377 331 1554 375 qualismata
1578 335 1608 364 ct
1632 331 1823 376 ubicumque

1083 383 1266 424 existentia,
1292 383 1323 416 in
1354 385 1484 427 singulis
1518 385 1671 426 ianuarii,
1696 385 1823 418 februa-

1082 436 1138 477 rii,
1158 437 1282 480 aprilis,
1304 438 1395 478 maii,
1418 438 1501 479 iulii,
1521 439 1663 482 augusti,
1684 439 1823 473 octobris

1083 494 1114 522 ct
1141 491 1321 523 novembris
1353 492 1529 534 mensibus,
1554 503 1652 537 usque
1681 493 1719 526 ad
1749 504 1823 526 suae

1083 543 1250 576 voluntatis
1275 544 1523 589 beneplacitum,
1548 553 1636 580 extra
1660 558 1823 580 romanam

1083 596 1203 629 curiam
1239 597 1313 630 alias
1353 609 1446 641 quam
1488 611 1544 642 per
1579 601 1823 644 resignationem

1082 661 1282 695 quocumque
1311 651 1404 685 modo
1430 658 1597 694 vacatura,
1623 654 1661 686 ad
1687 655 1824 688 collatio-

1082 714 1164 744 nem,
1188 704 1417 748 provisionem,
1442 707 1741 748 praesentationem,
1766 708 1825 741 ele-

1082 758 1217 791 ctionem
1239 763 1269 791 et
1293 759 1436 802 quamvis
1465 760 1557 793 aliam
1585 760 1823 805 dispositionem

1082 822 1356 858 quorumcumque
1372 813 1558 846 collatorum
1571 818 1602 846 et
1617 814 1823 856 collatricum,

1083 866 1270 899 secularium
1298 872 1328 899 et
1351 868 1536 910 quorumvis
1556 867 1708 901 Ordinum
1733 879 1825 912 regu-

1082 920 1206 962 larium,
1231 931 1294 954 non
1319 926 1423 954 tamen
1447 927 1571 955 sanctae
1589 923 1746 955 Romanae
1765 923 1824 955 Ec-

1083 973 1196 1006 clesiae
1220 974 1438 1016 cardinalium,
1456 981 1508 1008 aut
1524 976 1659 1009 aliorum
1676 976 1734 1009 sub
1754 987 1825 1010 con-

1083 1026 1218 1060 cordatis
1235 1027 1318 1060 inter
1334 1027 1446 1061 Sedem
1459 1029 1671 1072 Apostolicam
1688 1035 1718 1062 et
1734 1041 1825 1074 quos-

1083 1091 1217 1124 cumque
1248 1081 1326 1115 alios
1353 1082 1457 1123 initis,
1483 1087 1513 1117 et
1536 1093 1594 1127 per
1618 1094 1670 1117 eos
1694 1084 1748 1128 qui
1772 1084 1824 1117 illa

1082 1138 1245 1178 acceptare
1274 1141 1305 1168 et
1333 1135 1504 1169 observare
1535 1137 1709 1171 debuerant
1739 1148 1825 1171 acce-

1081 1188 1174 1230 ptatis
1210 1192 1239 1220 et
1275 1189 1470 1230 observatis,
1505 1201 1585 1233 quae
1620 1190 1725 1224 ledere
1760 1201 1823 1224 non

1083 1240 1234 1282 intendit,
1260 1243 1562 1286 comprehensorum
1587 1244 1823 1288 quomodolibet

1081 1294 1269 1339 pertinentia
1284 1323 1291 1336 ,
1316 1296 1512 1340 dispositioni
1537 1308 1611 1330 suae
1635 1298 1824 1341 generaliter

1081 1348 1261 1381 reservavit.
1280 1349 1394 1382 Volens
1411 1349 1442 1382 in
1459 1350 1752 1394 supplicationibus,
1769 1362 1823 1385 seu

1081 1402 1335 1435 concessionibus
1359 1403 1543 1446 gratiarum,
1568 1415 1648 1448 quae
1671 1405 1710 1438 de
1734 1405 1824 1439 dictis

1081 1455 1243 1489 beneficiis
1279 1461 1352 1490 tunc
1387 1458 1570 1491 vacantibus
1606 1458 1700 1491 etiam
1735 1464 1821 1492 motu

1080 1509 1213 1552 proprio
1231 1509 1315 1550 fient,
1333 1510 1371 1543 de
1392 1521 1499 1544 mense
1520 1511 1551 1544 in
1567 1523 1630 1555 quo
1647 1513 1821 1546 vacaverint

1080 1562 1263 1606 dispositive
1288 1564 1479 1598 mentionem
1504 1565 1583 1605 fieri,
1600 1566 1738 1610 alioquin
1755 1577 1823 1610 gra-

1081 1615 1137 1648 tias
1161 1616 1262 1649 nullas
1287 1627 1363 1650 esse.
1390 1618 1432 1651 Ac
1461 1618 1703 1652 consuetudines
1730 1620 1821 1654 etiam

1080 1668 1349 1703 immemorabiles
1380 1671 1507 1715 optandi
1538 1672 1673 1705 maiores
1700 1677 1730 1705 et
1753 1673 1823 1717 pin-

1079 1723 1207 1765 guiores
1237 1724 1453 1767 praebendas,
1485 1735 1608 1759 necnon
1636 1725 1822 1770 privilegia,

1079 1776 1173 1809 etiam
1190 1776 1223 1809 in
1239 1777 1347 1810 limine
1367 1778 1534 1811 erectionis
1555 1789 1712 1820 concessa,
1729 1784 1760 1812 et
1780 1780 1823 1812 in-

1078 1829 1163 1862 dulta
1187 1831 1357 1874 apostolica
1375 1832 1459 1865 circa
1483 1843 1528 1873 ea,
1545 1843 1581 1866 ac
1605 1833 1699 1866 etiam
1722 1833 1824 1878 dispo-

1077 1884 1171 1916 nendi
1195 1884 1234 1917 de
1258 1885 1440 1919 huiusmodi
1465 1886 1637 1928 beneficiis,
1662 1891 1715 1921 aut
1737 1888 1822 1932 quod

1078 1938 1130 1970 illa
1155 1938 1213 1970 sub
1239 1938 1420 1972 huiusmodi
1447 1941 1714 1974 reservationibus
1742 1952 1821 1974 nun-

1078 2002 1172 2035 quam
1198 1992 1519 2036 comprehendantur,
1541 1993 1635 2026 etiam
1659 2005 1731 2027 cum
1751 1995 1821 2038 qui-

1076 2045 1183 2078 busvis
1196 2046 1470 2089 derogatoriarum
1486 2047 1707 2090 derogatoriiS,
1719 2055 1749 2081 et
1762 2049 1822 2082 for-

1078 2099 1233 2140 tioribuS,
1263 2100 1492 2133 efficacioribus
1521 2105 1551 2135 et
1578 2101 1710 2135 insolitis
1739 2103 1820 2135 clau-

1076 2153 1162 2193 sulis,
1179 2164 1301 2187 necnon
1322 2154 1520 2187 irritantibus
1538 2159 1568 2187 et
1585 2154 1653 2188 aliis
1673 2155 1819 2197 decretis,

1075 2206 1227 2250 quorum¹
1239 2207 1383 2251 personis
1393 2212 1422 2240 et
1432 2208 1583 2250 collegiis,
1593 2208 1820 2254 cuiuscumque

1076 2261 1245 2304 dignitatis,
1264 2266 1371 2303 status,
1389 2262 1517 2305 gradus,
1536 2263 1656 2297 ordinis
1671 2270 1701 2297 et
1717 2265 1821 2298 condi-

1075 2315 1168 2349 tionis
1183 2316 1401 2358 existentibus,
1411 2317 1650 2361 quomodolibet
1661 2329 1819 2359 concessa,

1074 2368 1225 2403 adversus
1235 2370 1481 2404 reservationem
1495 2370 1676 2404 huiusmodi
1690 2371 1819 2404 minime

1074 2422 1251 2466 suffragari.
1274 2424 1406 2468 Insuper
1422 2424 1575 2457 Sanctitas
1592 2424 1663 2465 Sua,
1684 2424 1722 2457 ad
1747 2435 1819 2468 gra—

1074 2475 1257 2508 tificandum
1284 2477 1492 2520 patriarchis,
1518 2477 1763 2522 archiepiscopis
1790 2482 1819 2512 et

1074 2530 1230 2574 episcopis
1248 2531 1374 2571 intenta,
1392 2531 1478 2575 ipsis,
1496 2531 1647 2575 quamdiu
1666 2533 1748 2576 apud
1768 2544 1818 2566 ec-

1074 2583 1184 2616 clesias
1217 2588 1269 2617 aut
1299 2584 1459 2618 dioeceses
1489 2596 1561 2619 suas
1585 2596 1657 2619 vere
1686 2597 1722 2620 ac
1746 2598 1819 2631 per-

1109 2657 1122 2683 1
1141 2657 1286 2685 Videretur
1300 2657 1444 2693 legendum
1460 2659 1616 2695 quibusvis,
1628 2668 1681 2689 non
1694 2667 1817 2696 quorum

1074 2702 1112 2736 (n.
1130 2703 1178 2737 r).

1755 272 1797 309 59
1842 285 1892 311 An.
1909 285 1936 313 c,
1956 285 2028 313 1623
