2269 3235
254 299 302 324 An.
326 297 354 324 c,
373 296 440 325 ¹623
485 286 528 321 68

278 681 308 702 De
326 681 434 707 dispensa-

251 708 343 729 tlonibus
354 708 373 728 in
389 713 434 733 gra-

252 735 313 755 dibus
346 739 434 755 consau-

252 761 365 786 fluinitatis.

273 1000 342 1028 Super
350 1001 433 1022 defectu

251 1029 356 1049 natalium.

272 1320 340 1346 Super
349 1320 431 1346 dupon-

250 1347 375 1368 sationibus.

281 1585 334 1606 Nulli
359 1586 431 1606 sum-a-

249 1615 308 1638 getur
323 1613 432 1638 dispensa-

249 1640 284 1661 uo.
300 1639 338 1659 uisi
357 1640 431 1660 litteris

248 1665 354 1686 consociis.

276 2384 306 2408 De
330 2386 429 2408 clausulis

246 2414 348 2440 ponendis
363 2414 383 2434 in
398 2415 418 2434 ἰν

246 2442 295 2460 teris
321 2440 417 2466 indulge·-

247 2470 329 2487 [tarum.

275 2704 303 2726 02>
324 2705 428 2731 indulgen-

1030 293 1207 320 BULLARIUM
1232 292 1386 320 Romnum

1976 294 2025 322 An.
2049 295 2079 323 C.
2097 291 2166 323 ¹623

454 347 500 379 vel
525 346 563 378 de
586 346 653 378 eius
677 345 822 378 mandato
847 345 977 385 factam,
1002 354 1096 388 super
1120 354 1193 377 exe·
1228 349 1312 377 tei-ae
1328 354 1424 387 super
1446 341 1648 386 indulgentiis
1672 351 1734 376 non
1760 342 1965 387 expediantur
1978 357 2127 378 tiemonem,
2138 357 2166 377 aa

452 399 583 443 quendis
610 399 775 443 aliquibus,
807 409 878 432 cum
911 397 1084 431 adiectione
1117 408 1192 442 pro-

450 453 511 497 prii
527 452 663 487 nominis
680 453 726 485 vel
748 451 907 495 dignitatis
929 451 1077 492 cuiusvis,
1099 451 1190 485 iudex

450 507 558 550 datur,
579 507 698 540 litterae
722 506 857 550 desuper
886 506 1093 550 expediantur
1118 516 1188 538 cum

450 560 661 604 expressione,
678 559 761 603 quod
782 559 863 592 idem
889 559 979 592 iudex
1004 558 1189 602 exequutio-

449 623 520 645 nem
545 613 637 645 saciat
662 622 719 657 per
744 623 777 645 se
803 613 915 656 ipsum.

494 665 545 699 49.
571 666 684 708 Voluit,
705 666 788 710 quod
809 666 839 698 in
856 666 966 701 litteris
987 665 1190 710 dispensatio-

449 730 524 753 num
545 730 639 764 super
655 720 759 764 aliquo
784 719 884 763 gradu
909 719 1188 763 consanguinitatis

450 774 498 807 vel
518 773 684 814 affinitatis,
702 778 755 806 aut
771 774 846 806 alias
863 773 1034 817 prohibito,
1054 777 1189 817 ponatur

450 828 605 861 clausula:
626 828 663 861 Si
681 827 802 861 mulier
820 831 918 870 rapta
940 837 1004 860 mm
1023 827 1132 870 fuerit.
1153 826 1190 859 Et

450 882 475 914 si
508 882 660 923 scienter,
684 886 819 925 ponatur
853 881 991 914 clausula
1022 877 1124 913 addita
1157 880 1188 912 in

449 940 611 978 quaterno.

493 988 544 1021 50.
573 989 697 1028 Voluit,
726 987 807 1030 quod
840 987 870 1019 in
902 985 1188 1030 dispensationibus

450 1051 545 1085 super
565 1041 686 1073 defectu
703 1040 864 1080 natalium,
883 1039 965 1083 quod
984 1038 1104 1083 possint
1121 1049 1189 1071 suc-

449 1094 560 1127 cedere
589 1094 620 1126 in
652 1093 742 1127 bonis
775 1092 1021 1137 temporalibus,
1053 1097 1188 1136 ponatur

448 1148 595 1188 clausula,
613 1147 698 1191 quod
720 1157 783 1181 non
804 1146 1036 1191 praeiudicetur
1060 1146 1132 1187 illis,
1149 1145 1188 1179 ad

447 1212 526 1244 quos
546 1201 701 1235 successio
718 1200 876 1235 bonorum
896 1201 934 1233 ab
956 1200 1099 1234 intestato
1120 1210 1188 1244 per-

447 1256 547 1288 tinere
572 1254 672 1288 debet.

491 1307 542 1341 51.
557 1307 644 1348 Item,
660 1307 745 1351 quod
761 1318 819 1351 per
834 1316 1068 1351 quamcumque
1084 1306 1187 1350 signa-

447 1366 549 1396 turam
568 1362 598 1394 in
615 1361 725 1405 quavis
747 1361 846 1404 gratia
870 1361 1046 1394 nullatenus
1066 1360 1188 1404 dispen-

447 1416 524 1448 satio
540 1416 652 1456 veniat‚
669 1414 728 1447 nisi
746 1414 828 1447 dicta
845 1414 945 1457 gratia
962 1414 1098 1448 totaliter
1118 1414 1189 1446 esse-

448 1474 532 1502 ctum
553 1468 732 1501 huiusmodi
750 1467 992 1511 dispensationis
1009 1472 1187 1509 concernat,

448 1524 495 1556 vel
519 1523 594 1555 alias
618 1523 694 1555 nihil
720 1523 860 1555 conserat
883 1526 916 1556 ut
940 1526 1097 1565 operetur.

491 1576 542 1609 52.
568 1576 656 1617 Item,
673 1587 744 1609 cum
770 1576 989 1609 concessiones
1006 1586 1101 1619 super
1121 1585 1189 1618 gra-

447 1630 497 1662 tiis
521 1629 790 1673 dispensationum
815 1640 1086 1673 quarumcumque
1111 1629 1184 1672 qui-

447 1682 554 1715 busvis
586 1693 642 1726 per
673 1683 775 1726 ipsum
807 1683 839 1714 D.
876 1683 910 1715 N.
943 1692 1187 1722 concessarum,

446 1737 494 1769 vel
521 1736 802 1775 eoncedendarum,
831 1746 889 1779 per
916 1736 1041 1778 regulas
1066 1736 1186 1768 cancel—

446 1790 543 1823 lariae
577 1790 765 1834 apostolicae
799 1789 859 1821 sint
898 1789 1029 1832 provide
1068 1789 1184 1823 limita-

446 1847 504 1883 tae,
528 1843 600 1875 licet
616 1843 783 1886 aliquando
812 1842 843 1874 in
872 1842 1076 1886 petitionibus
1094 1854 1187 1886 super

446 1896 625 1929 huiusmodi
658 1895 912 1929 concessionibus
946 1896 1058 1929 oblatis
1090 1897 1186 1930 multa

446 1949 507 1981 sint
530 1949 634 1993 petita,
658 1960 697 1982 ne
717 1949 797 1992 quis,
817 1949 925 1981 talium
947 1949 1184 1982 concessionum

445 2008 628 2046 praetextu,
655 2003 685 2035 id
710 2002 917 2046 dispensative
942 2008 1048 2035 tenere
1069 2008 1121 2035 aut
1147 2003 1186 2034 sa-

446 2066 517 2089 cere
551 2062 751 2100 praesumat,
776 2056 813 2088 ad
850 2056 932 2099 quod
968 2057 1186 2089 concessiones

445 2109 624 2142 huiusmodi
650 2120 682 2142 se
698 2119 761 2142 non
779 2109 960 2149 extendant;
987 2109 1083 2142 voluit
1103 2109 1185 2142 idem

445 2163 478 2195 D.
503 2163 538 2196 N.
565 2163 648 2206 quod
681 2163 765 2195 nulla
802 2163 872 2195 talis
908 2163 1099 2207 dispensatio
1124 2163 1187 2196 cui-

445 2227 539 2260 quam
564 2217 595 2249 in
620 2217 735 2249 iudicio
772 2217 819 2249 vel
853 2221 939 2249 extra
971 2217 1185 2260 suffragetur,

446 2275 612 2313 antequam
648 2280 741 2313 super
775 2271 811 2302 ea
843 2270 964 2303 litterae
997 2271 1186 2314 apostolicae

446 2324 506 2356 sint
531 2324 698 2356 consectae.

490 2377 539 2409 5523.
566 2377 642 2410 Item
668 2376 775 2418 voluit,
795 2376 879 2421 quod
904 2377 934 2409 in
959 2377 1071 2410 litteris
1089 2377 1187 2410 indul-

447 2431 621 2473 gentiarum
646 2436 791 2475 ponatur,
816 2430 901 2474 quod
917 2431 943 2463 si
961 2431 1122 2472 ecclesiae,
1139 2431 1186 2464 vel

446 2485 623 2528 cappellae,
655 2484 702 2517 vel
735 2484 831 2527 alias,
858 2484 961 2528 aliqua
994 2484 1187 2527 indulgentia

447 2537 541 2569 suerit
564 2548 620 2580 per
644 2537 745 2581 ipsum
771 2547 935 2578 concessa,
960 2537 998 2570 dc
1023 2548 1084 2581 qua
1110 2537 1186 2570 inibi

446 2590 588 2634 specialis
609 2591 725 2623 mentio
751 2591 829 2623 sacta
853 2601 915 2624 non
940 2591 988 2631 sit,
1007 2591 1186 2624 huiusmodi

446 2643 567 2676 litterae
592 2643 651 2676 sint
675 2644 788 2676 nullae.

491 2698 540 2729 54.
568 2698 642 2730 Item
670 2698 762 2730 voluit
791 2697 870 2729 idem
899 2698 928 2729 [t.
956 2699 988 2729 N.
1016 2698 1097 2740 quod
1132 2698 1182 2729 lit-

1225 397 1264 430 ad
1288 397 1395 438 instar,
1421 396 1479 429 nisi
1505 395 1732 440 specificentur.

1269 450 1320 483 55.
1347 449 1423 482 Item
1449 449 1556 490 voluit,
1581 449 1665 493 quod
1690 449 1721 481 in
1745 448 1864 492 gratiis,
1888 459 1965 493 quas

1224 503 1384 547 quibusvis
1415 502 1560 547 personis
1587 502 1626 535 de
1649 501 1811 535 beneficiis
1834 502 1968 535 vacanti-

1224 556 1292 598 hus,
1317 568 1373 590 seu
1397 562 1483 590 certo
1508 556 1602 590 modo
1628 556 1794 596 vacaturis,
1810 555 1880 589 fieri
1896 566 1967 589 con-

1224 611 1345 653 tigerit,
1371 611 1497 644 illorum
1522 616 1553 644 et
1576 610 1710 644 aliorum
1739 620 1965 654 quorumcum-

1223 674 1283 707 que
1306 663 1554 705 beneficiorum,
1580 675 1660 708 quae
1686 663 1787 696 dictae
1811 673 1966 707 personae

1223 722 1296 751 tune
1321 717 1525 758 obtinuerint,
1543 727 1598 750 seu
1614 717 1652 750 de
1669 717 1783 761 quibus
1803 716 1848 750 eis
1871 715 1966 749 suerit

1222 771 1384 814 provisum
1410 771 1457 804 vel
1487 781 1672 804 concessum
1699 775 1752 804 aut
1783 769 1965 803 mandatum

1223 824 1392 868 provideri,
1411 834 1502 857 verus
1523 834 1644 857 annuus
1664 824 1751 857 valor
1771 833 1827 868 per
1843 833 1965 856 marcas

1222 878 1355 921 argenti,
1373 883 1426 910 aut
1451 878 1685 921 sterlingorum,
1703 878 1751 911 vel
1771 877 1866 910 libras
1883 882 1966 911 turo-

1223 931 1367 964 nensium
1384 941 1567 974 parvorum,
1585 941 1640 964 seu
1657 931 1794 964 florenos
1815 930 1893 971 auri,
1913 936 1966 964 aut

1222 984 1369 1025 ducatos,
1394 985 1442 1016 vel
1466 984 1576 1017 uncias
1600 984 1685 1025 auri,
1710 995 1765 1018 seu
1789 985 1882 1017 aliam
1901 995 1965 1018 mo-

1223 1042 1328 1070 netam
1353 1036 1525 1070 seeundum
1551 1047 1753 1070 communem
1777 1037 1964 1070 aestimatio-

1222 1101 1293 1124 nem
1319 1090 1526 1134 exprimatur,
1542 1090 1601 1122 nisi
1617 1100 1771 1134 personae
1786 1090 1964 1134 praedictae

1222 1143 1384 1185 beneficia,
1402 1153 1481 1187 quae
1498 1143 1702 1184 obtinuerint,
1719 1147 1772 1176 aut
1791 1143 1823 1176 in
1839 1143 1964 1187 quihus,

1222 1197 1270 1230 vel
1295 1197 1333 1230 ad
1357 1207 1437 1240 quae
1461 1197 1510 1230 ius
1534 1196 1579 1230 eis
1603 1197 1761 1241 competit,
1787 1197 1872 1231 iuxta
1887 1196 1966 1241 ipsa-

1222 1262 1293 1284 rum
1318 1250 1510 1291 oblationes‚
1535 1255 1589 1283 aut
1612 1251 1709 1291 alias,
1734 1250 1894 1284 dimittere
1919 1255 1965 1284 te-

1221 1310 1371 1338 neantur:
1396 1304 1535 1348 alioquin
1559 1305 1678 1348 gratiae
1702 1304 1881 1348 praedictae
1904 1304 1965 1337 sint

1221 1359 1336 1392 nullae.
1362 1359 1399 1391 Et
1423 1358 1506 1391 idem
1528 1363 1670 1392 servetur
1694 1357 1726 1390 in
1750 1358 1870 1401 gratiis,
1887 1368 1965 1402 quas

1221 1422 1238 1444 a
1263 1412 1433 1446 Sanctitate
1457 1412 1520 1445 Sua
1545 1416 1633 1445 motu
1656 1411 1787 1456 proprio
1818 1421 1965 1444 emanare

1221 1465 1398 1508 contigerit.
1415 1465 1522 1504 Quoad
1542 1464 1694 1498 beneficia
1713 1469 1828 1505 tamen,
1845 1464 1884 1498 de
1899 1464 1965 1508 qui-

1220 1518 1279 1551 hus
1304 1530 1362 1563 per
1386 1518 1587 1552 Sanctitatem
1611 1518 1705 1551 Suam
1730 1528 1790 1562 pro
1820 1522 1964 1561 tempore

1221 1572 1416 1615 providetur,
1441 1582 1495 1605 seu
1519 1571 1681 1616 provideri
1706 1570 1888 1610 mandatur,
1913 1575 1965 1603 aut

1221 1626 1296 1658 alias
1316 1626 1510 1669 disponatur,
1527 1625 1565 1658 ad
1590 1624 1719 1665 litteras,
1736 1635 1793 1668 per
1808 1634 1887 1667 quas
1906 1634 1965 1668 pro

1222 1684 1363 1723 tempore
1398 1680 1435 1712 ad
1467 1679 1671 1712 ecclesiarum
1705 1677 1964 1722 patriarchalium

1221 1737 1251 1764 et
1275 1732 1501 1765 cathedralium
1527 1742 1563 1765 ae
1588 1731 1852 1765 monasteriorum
1885 1731 1966 1774 regi-

1222 1785 1305 1818 mina
1330 1786 1490 1829 promotio
1510 1785 1703 1826 conceditur,
1721 1790 1755 1818 ut
1775 1785 1965 1818 monasteria

1221 1844 1251 1871 et
1283 1840 1341 1872 alia
1372 1840 1524 1873 beneficia
1553 1839 1785 1880 ecelesiastica,
1811 1839 1965 1872 secularia

1221 1897 1251 1925 et
1267 1893 1426 1936 regularia
1442 1904 1500 1937 per
1516 1904 1570 1926 eos
1587 1893 1726 1933 obtenta,
1743 1898 1774 1926 et
1794 1892 1824 1925 in
1849 1893 1964 1937 quibus

1220 1950 1248 1978 et
1274 1947 1312 1979 ad
1336 1958 1416 1990 quae
1434 1947 1483 1979 ius
1501 1947 1661 1990 competit,
1679 1947 1816 1980 retinere
1832 1946 1962 1990 possint.

1266 2000 1316 2033 56.
1343 2001 1446 2034 Voluit
1469 2006 1499 2033 et
1523 2000 1701 2041 ordinavit,
1726 2000 1811 2045 quod
1839 1999 1964 2044 quando

1220 2054 1373 2098 providet,
1394 2064 1449 2086 seu
1475 2054 1600 2086 mandat
1623 2053 1783 2098 provideri
1808 2052 1901 2086 alicui
1926 2052 1964 2086 de

1220 2107 1373 2140 beneficio
1398 2107 1610 2140 ecclesiastico
1635 2111 1774 2147 vacante,
1799 2110 1872 2140 tunc
1896 2105 1963 2139 dari

1220 2166 1368 2205 poterunt
1391 2161 1560 2202 clausulae,
1586 2161 1611 2194 si
1636 2166 1797 2205 petantur,
1818 2163 1917 2194 eliam
1935 2160 1964 2193 si

1220 2215 1306 2247 illud
1329 2215 1440 2259 quovis
1471 2215 1571 2253 modo,
1596 2220 1664 2256 etc.,
1689 2225 1746 2248 seu
1762 2225 1821 2259 per
1845 2214 1962 2248 consti-

1222 2269 1378 2301 tutionem
1400 2269 1602 2309 Execrabilis,
1626 2273 1724 2310 vacet,
1745 2278 1782 2301 ac
1806 2268 1960 2312 speciali-

1222 2327 1267 2355 ter
1290 2326 1500 2363 reservatum,
1524 2323 1610 2356 inter
1630 2323 1759 2367 aliquos
1781 2322 1964 2366 liliqiosum

1219 2377 1262 2409 sit
1285 2381 1314 2409 et
1337 2377 1403 2409 eius
1427 2376 1556 2409 collatio
1581 2376 1731 2410 devoluta
1751 2376 1863 2420 fuerit,
1884 2380 1913 2409 et
1938 2375 1963 2408 si

1219 2440 1278 2473 pro
1303 2429 1513 2472 collitigante,
1539 2430 1586 2462 vel
1612 2429 1887 2473 subrogationem,
1911 2434 1963 2462 aut

1220 2483 1245 2516 si
1276 2483 1399 2524 neutri,
1425 2483 1472 2516 vel
1500 2483 1525 2515 si
1549 2483 1644 2524 nulli,
1670 2488 1745 2524 etc.,
1769 2487 1912 2527 petente,
1937 2482 1963 2515 si

1221 2541 1294 2569 tunc
1318 2536 1356 2569 lis
1380 2536 1524 2580 specifice
1553 2537 1756 2580 exprimatur.
1782 2538 1845 2571 Nec
1872 2536 1964 2569 detur

1220 2590 1324 2634 aliqua
1359 2590 1514 2633 generalis
1551 2591 1722 2624 reservatio
1758 2589 1962 2634 dispositive,

1220 2644 1279 2677 nisi
1313 2644 1447 2688 desuper
1479 2644 1509 2676 in
1534 2645 1736 2678 concessione
1761 2643 1906 2689 specialis
1933 2649 1963 2676 et

1221 2708 1376 2739 expressa,
1395 2709 1430 2729 uc
1452 2709 1540 2739 pure,
1559 2703 1584 2729 et
1609 2708 1669 2731 uon
1696 2698 1753 2729 sub
1774 2696 1962 2734 conditione,

1979 383 2053 404 inatar.

2002 462 2032 484 De
2048 463 2164 489 erpi-lmen-

1980 490 2008 511 do
2021 490 2114 511 valorem
2128 490 2165 511 be-

1980 516 2102 538 nunciorum
2144 517 2165 538 in

1980 543 2164 570 impetrationibus

2014 2004 2043 2025 De
2063 2004 2164 2026 clausuli-

1980 2034 1998 2052 οἱ
2010 2032 2119 2052 beneflciis
2131 2037 2164 2052 vn·

1979 2059 2076 2105 gentibus
2085 2063 2163 2084 ponen-

1996 2092 2010 2104 i=1
2017 2101 2022 2106 ,
