2269 3235
228 226 276 254 Λη.
294 226 324 253 C.
343 226 410 254 1625

452 217 518 250 314

427 275 566 316 tionum,
591 272 821 318 praesidentem
852 276 883 304 et
906 271 1082 304 visitatores
1109 280 1167 304 nec

427 338 494 361 esse
518 338 575 360 nec
600 326 738 365 censeri,
763 335 864 369 neque
889 324 920 357 in
948 324 1044 358 rebus
1068 323 1106 357 ad
1124 324 1167 358 di-

428 386 508 415 ctam
533 379 815 423 Congregationem
840 378 1069 422 pertinentibus
1092 388 1166 422 pro-

428 435 539 468 cedere
568 438 621 466 aut
647 432 765 476 aliquid
794 432 897 465 facere
925 442 1017 475 posse
1041 431 1089 464 vel
1113 431 1166 464 de-

427 488 518 528 bere,
544 492 574 520 et
598 487 638 519 ita
656 497 713 530 per
733 496 949 530 quoscumque
974 485 1091 519 iudices
1114 496 1166 519 or-

428 541 567 574 dinarios
592 545 622 572 et
646 539 815 582 delegatos,
841 539 950 583 quavis
982 539 1167 573 auctoritate

428 595 604 637 fungentes,
621 593 713 626 etiam
740 604 907 626 causarum
923 593 1029 637 palatii
1046 598 1168 637 aposto-

428 648 479 681 lici
505 648 664 681 auditores
689 647 822 690 (sublata
847 648 902 688 eis,
922 652 953 681 et
976 658 1086 680 eorum
1107 646 1169 680 cui-

428 700 514 742 libet,
535 701 644 745 quavis
667 701 757 734 aliter
782 701 939 734 iudicandi
964 705 995 734 et
1018 701 1169 744 interpre-

430 755 513 788 tandi
539 755 683 788 facultate
711 759 742 788 et
765 755 963 798 auctoritate)
988 753 1120 786 iudicari
1141 758 1170 786 et

430 809 554 842 definiri
579 809 710 848 debere,
728 819 764 842 ac
781 809 904 842 irritum
925 813 955 840 et
973 808 1062 839 inane
1083 806 1170 850 quid-

430 864 504 908 quid
529 874 618 896 secus
638 872 733 906 super
757 862 805 894 his
830 871 847 893 a
870 870 1040 904 quoquam,
1061 860 1170 904 quavis

431 916 625 955 auctoritate,
646 915 779 948 scienter
799 914 846 946 vel
864 914 1056 956 ignoranter,
1076 913 1172 946 conti—

432 969 514 1012 gerit
536 968 692 1007 attentari‚
717 967 901 1000 auctoritate
925 966 1107 1010 apostolica,
1128 971 1172 999 te-

431 1032 508 1055 nore
521 1021 746 1066 praesentium,
763 1020 974 1060 decernimus,
992 1024 1022 1053 et
1037 1019 1173 1065 declara-

431 1087 510 1109 mus.
532 1076 647 1109 Omnes
671 1075 763 1107 etiam
789 1074 957 1107 canonicos
979 1074 1080 1107 dictae
1098 1074 1174 1107 Con-

431 1129 623 1173 gregationis
647 1133 844 1173 acceptantes
869 1128 1059 1170 generalem,
1075 1132 1174 1161 recto-

431 1194 493 1224 res,
518 1182 748 1227 praesidentem
763 1210 770 1224 ,
795 1182 992 1223 visitatores,
1018 1186 1071 1215 aut
1094 1182 1174 1216 alios

432 1230 590 1278 officiales,
608 1241 824 1281 praesentatos
844 1246 898 1269 seu
916 1235 1030 1269 missos
1046 1240 1099 1268 aut
1115 1236 1174 1268 ele-

433 1296 500 1324 ctos
524 1295 633 1324 contra
656 1295 799 1323 tenorem
825 1294 1005 1323 nostrarum
1023 1289 1174 1323 constitu-

433 1345 565 1385 tionum,
583 1354 658 1377 voce
679 1343 777 1377 activa
801 1349 831 1376 et
855 1344 978 1387 passiva
1004 1344 1035 1376 in
1060 1353 1175 1387 perpe-

433 1404 522 1432 tuum
548 1398 726 1442 privamus,
747 1409 782 1431 ac
806 1398 935 1441 insuper
959 1396 1175 1441 superioribus

434 1457 465 1486 et
485 1452 643 1486 canonicis
668 1452 768 1485 dictae
792 1451 1052 1494 Congregationis
1069 1450 1175 1485 stricte

433 1506 645 1551 praecipimus
658 1509 686 1539 et
698 1505 892 1545 mandamus,
906 1510 940 1537 ut
952 1504 1074 1547 litteris,
1088 1515 1177 1549 prae-

435 1559 670 1599 sentationibus,
688 1559 955 1592 nominationibus
972 1564 1001 1591 et
1014 1568 1175 1592 commen-

435 1613 613 1647 dationibus
626 1613 805 1646 huiusmodi
823 1623 1094 1656 quarumcumque
1108 1622 1177 1656 per-

436 1677 583 1700 sonarum
616 1666 849 1710 praedictarum
879 1676 1077 1710 nequaquam
1102 1666 1174 1700 ohe-

436 1720 531 1762 diant,
549 1720 602 1753 sed
615 1719 673 1753 sub
687 1720 854 1764 praedictis
873 1720 981 1764 poenis
1005 1720 1176 1753 secundum

436 1780 559 1808 nostras
584 1773 820 1807 constitutiones
837 1774 868 1806 in
885 1774 1032 1806 omnibus
1058 1774 1177 1806 actibus

437 1827 664 1872 capitularibus
681 1827 808 1859 omnino
826 1827 1011 1871 procedant,
1034 1826 1177 1870 quinimo

437 1881 496 1926 ipsi
510 1881 690 1925 superiores
703 1885 812 1913 contra
826 1885 1075 1923 transgressores
1089 1891 1178 1924 quos-

438 1945 573 1978 cumque
608 1934 765 1978 graviter,
801 1939 835 1966 ut
868 1934 1075 1977 praemissum
1111 1939 1177 1975 est,

438 1989 524 2022 omni
538 1988 747 2032 appellatione
761 1989 882 2020 remota
899 1987 1080 2031 procedant.
1101 1988 1178 2021 Hor—

437 2048 542 2076 tamur
562 2042 655 2075 etiam
680 2047 710 2075 et
733 2046 861 2085 paterne
879 2041 908 2074 in
926 2041 1058 2074 Domino
1074 2041 1178 2085 requi-

438 2096 537 2130 rimus
553 2101 583 2130 et
606 2106 772 2129 monemus
789 2095 991 2129 charissimos
1009 2095 1039 2128 in
1056 2095 1178 2129 Christo

438 2151 521 2184 tilios
537 2161 629 2194 reges
653 2160 688 2184 ac
713 2150 842 2183 dilectos
859 2149 941 2182 filios
955 2148 1077 2183 nobiles
1094 2149 1178 2182 viros

438 2204 598 2250 principes
613 2215 648 2238 ac
661 2204 757 2237 duces
771 2214 805 2236 ac
818 2203 896 2236 alios
913 2207 1074 2246 magnates
1090 2213 1178 2236 secu-

439 2259 530 2299 lares
544 2268 582 2292 ne
596 2258 627 2291 in
640 2258 862 2300 religiosorum
878 2256 1112 2301 praedictorum
1129 2266 1180 2289 ne·

440 2313 532 2356 gotiis
550 2311 730 2345 huiusmodi
746 2310 934 2355 praestando
944 2310 963 2351 ¹,
977 2310 1179 2351 nominando,

441 2366 710 2406 commendando,
735 2365 783 2398 vel
808 2364 883 2397 alias
907 2368 1015 2398 contra
1037 2374 1181 2408 praesen-

441 2421 518 2453 tiurn
555 2426 694 2453 tenorem
728 2418 869 2452 faciendo
894 2428 927 2451 se
950 2418 1179 2461 intromittant,

442 2474 494 2508 sed
518 2474 649 2507 liberam
673 2474 734 2507 illis
758 2473 962 2514 electionem,
986 2478 1017 2507 et
1039 2473 1098 2506 alia
1122 2472 1181 2506 dis-

444 2527 593 2571 ponendi²
617 2528 700 2561 iuxta
723 2533 903 2561 nostrarum
923 2527 1180 2561 constitutionum

479 2601 490 2627 t
506 2599 577 2626 Puto
591 2598 733 2634 legendum
749 2606 808 2626 esse
820 2599 1034 2634 praesentando
1048 2599 1088 2634 (n.
1099 2600 1147 2631 r.).

478 2644 494 2672 2
505 2643 591 2672 Facile
601 2644 678 2672 deest
688 2643 798 2679 aliquid,
811 2652 842 2672 ex
852 2652 878 2680 g.
890 2644 1058 2679 facultatem
1071 2643 1105 2679 (a.
1117 2645 1164 2679 τ.).

1002 222 1179 247 BULLARIUM
1205 223 1357 247 ROMANUM

1194 1835 1282 1863 ,nem
1306 1824 1499 1869 praedictam
1529 1824 1717 1869 specialibus
1740 1825 1899 1859 favoribus
1922 1830 1953 1861 et

1953 223 2000 251 Αῐι.
2017 225 2045 252 C.
2069 224 2136 253 1625

1201 270 1314 304 seriem
1339 270 1527 314 relinquant.
1560 269 1646 304 Hanc
1670 275 1774 305 autem
1798 277 1939 305 nostram

1200 324 1464 366 constitutionem,
1490 323 1746 366 annullationem,
1774 325 1941 360 ordinatio-

1200 388 1271 411 nem
1290 382 1320 410 et
1336 377 1438 420 legem
1463 376 1604 421 quolibet
1627 387 1708 410 anno
1728 382 1833 412 rector
1849 388 1940 422 gene-

1200 431 1274 464 ralis
1291 435 1361 464 ante
1384 430 1569 464 electionem
1593 430 1747 474 praesidis
1767 431 1940 465 secundum

1200 484 1343 518 ordinem
1368 489 1510 518 nostrum
1535 483 1710 517 faciendam
1734 484 1860 529 publice
1879 485 1941 529 legi

1201 543 1289 571 curet
1312 542 1343 571 et
1365 538 1467 571 faciat.
1491 538 1560 571 Non
1591 537 1786 571 obstantibus
1817 538 1942 583 quibus-

1202 591 1247 624 vis
1260 591 1511 625 ordinationibus
1535 591 1725 635 apostolicis,
1746 601 1781 624 ac
1795 591 1941 625 omnibus

1203 644 1272 686 illis,
1299 655 1378 688 quae
1402 644 1432 677 in
1457 644 1626 689 praedictis
1650 644 1761 678 litteris
1784 645 1941 679 voluimus

1202 708 1266 731 non
1293 698 1437 739 obstare,
1465 698 1639 743 ceterisque
1671 697 1837 732 contrariis
1866 698 1938 742 qui-

1202 751 1407 795 buscumque.
1435 751 1584 785 Volumus
1610 755 1724 792 autem,
1748 751 1833 796 quod
1856 762 1943 796 prae-

1204 805 1338 837 sentium
1374 805 1602 849 transumptis,
1629 805 1722 839 etiam
1758 805 1942 850 impressis,

1205 867 1299 890 manu
1323 857 1484 891 secretarii
1501 858 1658 901 generalis
1681 863 1711 892 et
1735 858 1838 902 sigillo
1862 858 1943 892 eius·

1205 910 1276 943 dem
1311 911 1468 953 generalis
1502 911 1674 955 obsignatis
1708 912 1839 954 eadem,
1866 923 1945 957 quae

1205 963 1424 1008 praesentibus
1448 964 1533 1008 ipsis,
1550 965 1628 998 fides
1652 965 1845 999 adhibeatur.

1250 1019 1361 1051 Datum
1378 1019 1507 1060 Romae,
1521 1019 1605 1063 apud
1621 1018 1650 1052 S.
1666 1019 1805 1061 Petrum,
1819 1020 1876 1053 suh
1894 1030 1946 1054 an-

1206 1072 1282 1105 nulo
1305 1072 1553 1113 Piscatoris‚die
1578 1082 1597 1105 v
1622 1072 1804 1106 novembris
1816 1082 1946 1114 mxcvi,

1206 1126 1406 1170 pontificatus
1430 1126 1530 1159 nostri
1554 1136 1636 1159 anno
1660 1136 1690 1159 v.

1252 1180 1267 1223 5
1291 1179 1320 1213 2.
1346 1179 1423 1213 Cum
1448 1184 1563 1221 autem,
1577 1180 1657 1214 sicut
1678 1190 1737 1224 pro
1761 1184 1850 1225 parte
1873 1179 1947 1214 dile-

1208 1237 1330 1267 ctorum
1355 1233 1495 1267 filiorum
1520 1234 1652 1267 rectoris
1668 1234 1823 1277 generalis
1839 1244 1876 1268 ac
1895 1235 1947 1268 de-

1208 1287 1369 1320 finitorum
1384 1287 1479 1321 totius
1496 1287 1753 1331 Congregationis
1769 1288 1949 1332 praedictae

1207 1340 1298 1373 nobis
1311 1351 1412 1385 nuper
1425 1340 1602 1384 expositum
1618 1341 1685 1382 suit,
1699 1341 1757 1385 ipsi
1774 1341 1949 1385 plurimum

1209 1394 1335 1438 cupiant
1344 1394 1554 1439 praeinsertas
1562 1394 1682 1427 litteras
1690 1394 1881 1436 huiusmodi,
1890 1406 1949 1439 pro

1209 1448 1343 1481 firmiori
1360 1458 1396 1481 ac
1415 1447 1586 1482 inviolabili
1610 1458 1717 1481 earum
1743 1447 1949 1491 observantia,

1210 1501 1398 1546 apostolicae
1418 1506 1544 1535 nostrae
1564 1501 1811 1535 confirmationis
1835 1502 1951 1536 robore

1210 1555 1410 1595 communiri,
1424 1555 1514 1588 nobis
1528 1560 1696 1599 propterea
1707 1555 1869 1588 humiliter
1883 1566 1951 1600 sup-

1210 1610 1319 1654 plicari
1343 1610 1493 1652 fecerunt,
1515 1614 1549 1642 ut
1573 1619 1684 1642 eorum
1707 1609 1787 1643 votis
1811 1620 1950 1643 annuere

1210 1663 1248 1697 de
1272 1663 1465 1707 benignitate
1490 1663 1661 1707 apostolica
1686 1662 1900 1706 dignaremur.

1254 1718 1269 1761 ἒ
1285 1717 1314 1751 3.
1334 1718 1397 1750 Nos
1414 1717 1520 1760 igitur,
1537 1721 1694 1750 rectorem
1710 1717 1901 1760 generalem,
1915 1728 1951 1753 ac

1211 1771 1414 1811 definitores,
1445 1770 1688 1815 universamque
1719 1771 1947 1815 Congregatio-

2005 1193 2058 1218 Ipsis
2073 1194 2145 1220 itaquo

1962 1219 2061 1269 {light-sibus
2073 1221 2145 1246 peten-

1985 1728 2083 1749 Urbanus
2104 1734 2149 1750 rao-

1966 1754 2033 1775 dictas
2041 1760 2080 1776 con
2097 1757 2150 1776 rmat

1967 1781 2077 1803 Clementis
2092 1782 2149 1803 litte-

1966 1814 2006 1828 ras.

1211 1879 1320 1922 gratiis
1344 1878 1493 1923 prosequi
1517 1879 1666 1919 volentes,
1691 1889 1865 1924 eorumque
1889 1879 1952 1913 sin-

1211 1934 1337 1977 gulares
1361 1943 1512 1978 personas
1536 1944 1553 1965 a
1577 1932 1740 1978 quibusvis
1764 1944 1948 1968 excommu-

1211 1987 1387 2029 nicationis,
1405 1986 1621 2032 suspensionis
1642 1991 1673 2020 et
1689 1987 1855 2029 interdicti,
1874 1987 1953 2021 aliis-

1212 2052 1272 2085 que
1302 2040 1520 2075 ecclesiasticis
1551 2040 1732 2083 sententiis,
1758 2041 1899 2074 censuris
1922 2046 1953 2075 et

1212 2095 1333 2139 poenis,
1350 2105 1367 2127 a
1388 2095 1456 2128 iure
1480 2095 1528 2128 vel
1553 2095 1591 2127 ab
1615 2095 1753 2136 homine,
1771 2094 1880 2139 quavis
1904 2106 1953 2129 oc-

1213 2148 1337 2182 casione
1359 2149 1407 2182 vel
1429 2149 1523 2182 causa
1539 2148 1618 2190 latis,
1639 2148 1665 2181 si
1684 2148 1798 2193 quibus
1823 2159 1952 2193 quomo-

1213 2202 1330 2236 dolibet
1353 2202 1541 2236 innnodatae
1564 2202 1716 2244 existunt,
1744 2202 1783 2235 ad
1806 2203 1951 2237 effectum

1213 2256 1427 2301 praesentium
1446 2255 1605 2289 dumtaxat
1625 2256 1879 2300 consequendum
1897 2256 1953 2290 ha-

1213 2321 1283 2344 rum
1316 2310 1397 2343 serie
1428 2309 1624 2343 absolventes
1648 2314 1679 2342 et
1702 2309 1858 2344 absolutas
1886 2310 1954 2344 sore

1214 2368 1386 2404 censentes,
1406 2362 1586 2396 huiusmodi
1610 2362 1892 2407 supplicationibus
1911 2363 1954 2397 in-

1214 2418 1340 2460 clinati,
1366 2417 1577 2463 praeinsertas
1604 2417 1722 2452 litteras
1750 2417 1951 2461 huiusmodi,

1214 2483 1285 2506 cum
1310 2471 1456 2506 omnibus
1480 2476 1510 2505 et
1534 2471 1664 2515 singulis
1681 2471 1712 2504 in
1730 2471 1774 2505 eis
1789 2470 1952 2513 contentis,

1213 2526 1385 2571 apostoliea
1420 2525 1627 2566 auctoritate,
1655 2529 1764 2559 tenore
1798 2534 1949 2570 praesen-

1213 2580 1303 2621 tium,
1320 2584 1474 2624 perpetuo
1498 2578 1709 2624 approbamus
1733 2583 1763 2612 et
1788 2577 1953 2612 confirma-

1214 2644 1294 2675 mus,
1308 2633 1430 2678 illisque
1448 2631 1635 2667 inviolabilis
1652 2630 1842 2677 apostolicae
1857 2630 1953 2666 firmi-
