2269 3235
252 266 300 293 tn.
321 266 435 295 01625
485 257 548 291 3⁵28

251 335 286 349 su.
289 334 339 355 [ons
341 335 366 349 ao
383 334 434 355 quo·

281 361 292 375 o
312 355 344 375 {ue
340 356 388 375 rint
409 362 434 375 si·

252 389 277 402 mi
274 382 310 402 ilos
324 382 434 402 facultates

251 410 304 428 ultra
355 415 387 428 ιιι(
376 411 433 429 (ιιιικιιῑ

264 441 372 456 oncessac.

277 912 373 933 Decimi
392 917 433 932 non

250 945 295 959 osso
313 944 433 965 suspensas.

250 2310 358 2333 Contraria
375 2315 432 2335 tollit.

290 2471 313 2491 Et
330 2474 433 2493 transum

250 2500 290 2523 ptis
301 2499 358 2519 credi
370 2499 433 2521 iubet

1014 270 1191 295 ιιιιιιΛιιιιιιι

450 316 626 350 nonnullis
620 327 649 349 m
667 317 796 350 dubium
814 322 988 358 iwcxocctur,
1007 328 1044 350 an
1062 319 1187 351 faculta-

451 374 494 402 te's
512 369 690 401 absoliendi
704 370 742 401 ab
760 370 880 402 haeresi
899 376 929 403 et
946 371 1070 404 casibus
1083 371 1188 405 huius-

449 422 543 463 modi,
562 422 625 453 sive
645 433 660 453 a
686 422 795 462 nobis,
821 423 884 455 sive
915 434 932 456 a
957 424 1187 458 venerabilibus

449 475 598 507 fratribus
619 476 733 507 nostris
759 481 881 509 sanctae
907 477 1063 511 Romanae
1080 478 1186 512 Eccle-
1203 488 1205 510 1

449 527 511 560 siae
526 527 736 560 cardinalibus
753 528 901 563 adversus
914 529 1103 564 haereticam
1120 543 1188 576 pra-

449 580 574 612 vitatem
601 580 630 612 in
655 581 800 614 universa
832 583 992 626 republica
1017 578 1205 618 christiana'

449 633 687 677 inquisitoribus
711 635 922 677 generalibus,
938 647 994 680 per
1013 642 1137 671 nostras
1156 638 1187 671 in
1203 665 1205 675 .

449 686 542 720 simili
568 687 668 720 forma
689 688 805 729 Brevis,
823 689 886 723 sive
911 700 1022 723 eorum
1047 696 1206 735 patentes}

449 741 568 774 litteras
585 742 767 785 respective,
784 743 1028 786 particularibus
1044 745 1187 788 personis
1203 738 1205 748 ⁴

450 794 530 827 ultra
554 798 676 828 montes
699 794 883 838 degentibus
900 806 1076 837 concessae,
1094 797 1125 830 in
1142 798 1188 830 lit-
1204 794 1205 828 ἶ

449 847 524 881 teris
537 848 704 892 praedictis
722 849 1038 893 comprehendantui-3

493 902 508 945 ἓ
524 901 553 935 3.
572 902 642 943 Nos,
658 912 783 935 omnem
802 903 832 934 in
849 903 1030 946 praemissis
1047 902 1188 936 dubitan-

449 955 478 987 di
504 955 699 988 occasionem
725 966 741 988 e
767 955 870 989 medio
895 956 1014 997 tollere,
1032 956 1205 1000 simulquez

450 1012 635 1040 cunctorum
661 1007 911 1040 christifidelium
937 1008 1113 1042 animarum
1139 1020 1187 1042 sa-

451 1061 505 1094 luti
531 1061 613 1094 iuxta
637 1060 790 1093 creditum
808 1061 899 1093 nobis
919 1061 1053 1105 desuper
1068 1068 1190 1105 aposto-

449 1115 526 1147 licae
550 1114 707 1147 servitutis
733 1114 870 1147 officium
885 1142 892 1156 ,
917 1120 1068 1158 quantum
1097 1109 1205 1150 nobis}

449 1179 485 1201 cx
509 1168 571 1201 alto
603 1168 806 1209 conceditur,
831 1169 995 1202 consulere
1028 1169 1205 1211 volentes,'

448 1227 536 1255 motu
557 1222 688 1266 proprio
713 1227 741 1254 et
763 1232 800 1255 ex
821 1224 906 1255 certa
924 1222 1052 1256 scientia
1068 1225 1187 1266 nostra,
1204 1229 1205 1243 ¹

448 1275 609 1309 facultates
625 1286 838 1319 quascumque
863 1275 1043 1309 absolvendi
1064 1276 1102 1308 ab
1119 1277 1189 1309 hae-

449 1329 510 1362 resi
535 1334 565 1362 ct
588 1340 605 1361 a
633 1329 756 1362 casibus
780 1329 850 1362 Sedi
875 1330 1071 1373 Apostolieae
1099 1336 1128 1362 et
1157 1331 1188 1363 in

448 1383 537 1416 Bulla
553 1382 673 1416 Coenae
690 1383 814 1415 Domini
832 1383 992 1427 praedicta
1011 1384 1188 1424 reservatis,
1204 1406 1206 1418 s

449 1436 512 1469 sive
536 1446 553 1468 a
578 1436 679 1477 nobis,
704 1436 767 1469 sive
792 1446 810 1468 a
834 1437 1043 1469 cardinalibus
1069 1427 1206 1481 praedi?

449 1490 505 1523 ctis
539 1501 597 1534 per
628 1501 738 1523 eorum
771 1496 912 1534 patentes
941 1491 1060 1524 litteras
1084 1491 1189 1524 huius-

450 1544 543 1585 modi,
558 1544 800 1587 particularibus
815 1544 959 1588 personis
972 1545 1054 1577 ultra
1067 1551 1188 1577 montes

449 1597 633 1640 degentibus
649 1608 822 1638 concessas,
840 1598 871 1630 in
888 1598 998 1632 litteris
1014 1598 1190 1642 suspensio-

450 1651 496 1683 nis
509 1651 677 1695 praedictis
691 1651 818 1684 minime
836 1651 1072 1695 comprehendi,
1085 1662 1188 1695 neque

450 1701 692 1748 comprehensas
716 1704 823 1745 fuisse,
844 1715 897 1737 seu
923 1715 999 1745 esse,
1018 1705 1189 1748 apostoliea

449 1757 644 1798 auctoritate,
668 1763 777 1791 tenore
801 1758 1024 1802 praesentium,
1050 1758 1189 1791 declara-

451 1822 540 1852 mus,
565 1811 606 1844 ita
631 1817 661 1843 ut
687 1811 847 1844 facultates
871 1811 1053 1844 absolvendi
1078 1811 1188 1845 huius-

451 1865 534 1898 modi
560 1865 677 1898 eisdem
697 1865 939 1909 particularibus
956 1865 1098 1909 personis
1115 1876 1189 1899 con-

449 1929 564 1960 cessae,
574 1924 605 1952 et
616 1919 741 1951 illarum
755 1918 863 1961 vigore
876 1919 974 1951 factae
988 1923 1018 1951 et
1030 1919 1188 1952 faciendae
1205 1920 1207 1924 ’

449 1971 487 2004 ab
500 1972 622 2005 haeresi
639 1976 669 2006 et
685 1971 808 2005 casibus
825 1971 1006 2005 huiusmodi
1022 1972 1190 2006 absolutio·

449 2036 514 2067 nes,
528 2026 659 2066 valeant,
673 2036 827 2069 suumque
845 2025 989 2059 effectum
1006 2025 1187 2067 sortiantur,

449 2084 476 2112 et
495 2079 609 2124 quibus
625 2079 707 2120 illae,
725 2079 856 2112 servatis
873 2078 1043 2120 servandis
1061 2089 1187 2112 conces·
1204 2106 1206 2125 ζ

449 2143 499 2166 sae
523 2132 659 2173 fuerint,
684 2132 897 2175 suffragentur
920 2132 951 2164 in
981 2132 1128 2165 omnibus
1161 2137 1189 2167 et

448 2197 504 2231 per
529 2186 642 2229 omnia,
660 2186 791 2231 perinde
808 2197 843 2219 ac
868 2186 892 2219 si
917 2186 1038 2219 litterae
1063 2186 1206 2230 praedis

449 2244 515 2274 ctae
539 2251 555 2272 a
579 2240 670 2273 nobis
693 2240 870 2273 nullatenus
895 2250 1020 2273 emanas
1008 2244 1098 2272 sent.

493 2294 508 2338 ᾗ
531 2294 559 2326 4.
585 2295 653 2327 Non
685 2294 904 2335 obstantibus,
930 2300 1084 2338 quatenus
1108 2298 1206 2353 opust

450 2348 497 2387 it,
514 2348 627 2381 litteris
639 2347 818 2392 piaedictis
832 2352 917 2380 cete1
920 2358 1006 2391 isque
1025 2351 1114 2381 conti
1116 2356 1206 2382 arus

450 2401 579 2443 quibust
582 2411 709 2445 umque

494 2454 508 2498 ξ
533 2454 560 2487 ἰ.)
578 2455 727 2487 Nolumus
745 2460 859 2496 autem,
873 2455 957 2513 quod
974 2454 1206 2499 praesentium

451 2514 477 2538 ti
482 2508 663 2552 insumptis,
681 2508 774 2541 etiam
792 2508 964 2552 inipiessiS‚
985 2518 1079 2541 manu
1095 2508 1206 2541 alicu-

452 2562 495 2593 iu
521 2561 635 2594 notaiii
660 2561 776 2605 publici
801 2562 1007 2606 subscriptis,
1033 2566 1062 2596 et
1086 2562 1207 2619 sigillo

451 2623 603 2657 personae
628 2614 660 2646 in
683 2615 910 2648 eccelesiastica
943 2615 1093 2659 dignitate
1117 2625 1190 2648 con·
1204 2603 1207 2647 l

450 2667 573 2699 stitutae
598 2667 735 2709 munitis,
754 2668 861 2701 eadem
883 2679 1013 2713 pr'msus
1032 2668 1110 2704 fides
1126 2655 1208 2703 tami

1218 270 1370 296 ROMANUM

1221 320 1250 352 in
1284 320 1399 354 iudicio
1431 330 1524 364 quam
1557 327 1644 355 extra
1679 322 1853 365 habeatur,
1879 335 1958 369 quae

1219 373 1437 416 praesentibus
1447 373 1524 417 ipsis
1538 374 1715 416 haberetur,
1725 375 1750 408 si
1763 376 1865 410 forent
1877 377 1958 411 exhi-

1220 425 1302 459 bitae
1319 427 1366 459 vel
1387 432 1538 460 ostensae.

1264 479 1374 512 Datum
1394 480 1520 522 Romae,
1537 480 1619 524 apud
1637 481 1665 514 S.
1685 480 1821 525 Petrum,
1835 483 1892 516 sub
1908 493 1958 516 an-

1220 533 1294 565 nulo
1326 533 1513 574 piscatoris,
1539 533 1589 565 die
1620 543 1695 568 xx1x
1720 535 1792 567 maii
1817 545 1958 577 uncxxv,

1222 586 1422 629 pontificatus
1438 585 1537 620 nostri
1562 596 1644 619 anno
1668 596 1699 620 ιι.

1256 647 1314 675 Dat.
1332 647 1374 675 die
1389 647 1424 675 29
1438 647 1493 675 mai
1509 647 1586 681 1625,
1603 648 1699 683 pontit.
1716 656 1786 676 anno
1801 655 1828 676 ιι.

1543 761 1638 794 CXLI.

1175 875 1181 880 ἱ
1223 830 1433 872 Confirmatio
1459 831 1646 864 litterarum
1670 833 1773 866 Pauli
1796 834 1909 877 Papae
1939 835 1964 867 V

1265 884 1384 927 quibus
1401 885 1629 918 communitati
1637 885 1864 920 Anconitanae
1877 886 1962 921 duae

1267 937 1378 968 tertiae
1398 941 1509 980 partes
1528 938 1749 980 pecuniarum
1779 949 1817 971 eoe
1840 939 1963 983 malefi-

1264 989 1323 1020 ciis
1347 989 1541 1033 mulctisque
1562 991 1827 1033 provenientium
1855 1002 1961 1026 conce-

1266 1041 1392 1074 duntur
1405 1041 1424 1074 ¹.

1425 1113 1559 1141 Urbanus
1576 1114 1655 1148 Papa
1676 1115 1752 1149 VIII,

1345 1158 1381 1185 ad
1402 1162 1575 1192 perpetuam
1595 1159 1641 1186 rei
1660 1159 1842 1188 memoriam.

1266 1221 1281 1263 g
1306 1221 1333 1253 «1.
1360 1221 1442 1254 Alias
1467 1232 1484 1254 a
1508 1221 1606 1255 felicis
1623 1222 1850 1257 recordationis
1866 1224 1963 1258 Paulo

1222 1274 1303 1318 Papa
1328 1275 1351 1306 V
1375 1275 1619 1318 praedecessore
1644 1281 1753 1310 nostro
1778 1283 1965 1312 emanarunt

1221 1328 1344 1361 litterae
1368 1328 1486 1361 tenoris
1511 1328 1738 1373 subsequentis,
1760 1330 1918 1365 videlicet:

1265 1381 1292 1414 A
1323 1386 1424 1426 terqo:
1452 1382 1577 1415 Dilectis
1601 1382 1674 1415 filiis
1698 1383 1832 1417 antianis
1855 1389 1886 1417 et
1910 1384 1963 1418 ho-

1223 1434 1360 1468 rninibus
1396 1435 1528 1469 civitatis
1570 1440 1696 1469 nostrae
1730 1437 1962 1472 Anconitanae:

1204 1488 1312 1521 ‘intus
1336 1499 1427 1521 vero:
1455 1488 1569 1522 Paulus
1589 1489 1672 1533 Papa
1696 1490 1737 1523 V:
1761 1491 1871 1524 Dilecti
1895 1491 1962 1533 filii,

1223 1542 1354 1575 salutem
1391 1547 1421 1575 et
1457 1543 1663 1586 apostolicam
1698 1543 1959 1579 benedictionem.

1223 1596 1339 1628 Meritis
1363 1601 1393 1628 et
1425 1596 1705 1640 supplicationibus
1731 1598 1844 1632 vestris
1865 1599 1963 1633 addu-

1223 1649 1273 1691 cti,
1293 1649 1371 1682 votis
1392 1654 1422 1682 et
1444 1649 1649 1693 petitionibus
1665 1651 1787 1693 vestris,
1811 1657 1963 1695 quantum

1223 1713 1295 1735 cum
1320 1703 1453 1737 Domino
1476 1714 1663 1748 possumus,
1684 1704 1820 1748 benigne
1844 1706 1963 1739 satisfa-

1223 1767 1294 1789 cere
1311 1767 1468 1790 curamus.
1485 1758 1592 1802 Nuper
1608 1758 1701 1791 nobis
1715 1759 1892 1803 expositum
1905 1760 1964 1793 fuit

1205 1843 1206 1850 ,
1222 1820 1280 1854 pro
1293 1815 1381 1854 parte
1396 1813 1509 1853 vestra,
1524 1811 1609 1855 quod
1622 1811 1697 1844 alias
1710 1811 1808 1845 felicis
1822 1813 1965 1846 reeorda-

1205 1864 1316 1912 'tionis
1341 1865 1444 1897 Sixtus
1469 1865 1552 1909 Papa
1568 1865 1592 1897 V
1615 1865 1841 1910 praedecessor
1857 1872 1965 1901 noster

1224 1917 1378 1961 (exposito
1395 1918 1454 1950 sihi
1471 1928 1530 1962 pro
1546 1923 1635 1962 parte
1650 1921 1764 1961 vestra,
1779 1919 1874 1964 quod,
1887 1919 1965 1954 etsi*

1205 1975 1295 2018 {cum
1320 1971 1399 2005 duae
1424 1971 1535 2005 tertiae
1560 1977 1666 2016 partes
1689 1972 1896 2017 pecuniarum
1927 1985 1964 2008 ex

1205 2024 1385 2058 ¹maleficiis
1418 2030 1545 2058 nostrae
1585 2025 1718 2059 civitatis
1752 2027 1963 2061 Anconitanae

1222 2078 1441 2122 provehientes
1462 2089 1500 2113 ex
1523 2079 1613 2113 titulo
1641 2085 1672 2112 et
1700 2081 1793 2114 causa
1821 2081 1962 2115 onerosis

1205 2153 1206 2176 ι
1222 2132 1406 2165 iamdudum
1422 2143 1440 2165 a
1452 2133 1531 2166 Sede
1544 2133 1724 2177 Apostolica
1737 2133 1826 2167 vobis
1839 2139 1869 2167 et
1881 2144 1964 2168 com-

1223 2186 1364 2219 munitati
1390 2192 1511 2220 vestrae
1535 2197 1701 2220 concessae
1725 2187 1850 2230 suerint,
1867 2198 1904 2221 ex
1925 2188 1965 2220 vi-

1205 2249 1298 2282 *gere
1324 2240 1534 2274 concessionis
1565 2240 1746 2274 huiusmodi
1777 2252 1848 2275 cum
1872 2242 1964 2286 plena

1223 2293 1347 2326 illarum
1371 2294 1580 2338 possessione,
1598 2294 1761 2338 quibusvis
1781 2295 1965 2329 reservatio-

1205 2338 1314 2380 nibus
1338 2347 1519 2392 apostolicis
1543 2347 1574 2380 in
1598 2348 1792 2381 eontrarium
1817 2348 1919 2390 editis,
1936 2353 1963 2383 et

1205 2387 1408 2444 inaesertim
1440 2400 1537 2433 felicis
1569 2400 1796 2434 recordationis
1827 2401 1872 2435 Pii
1907 2402 1964 2435 Pa-

1222 2464 1278 2498 pac
1303 2453 1341 2486 lv
1364 2454 1616 2498 praedecessoris
1640 2455 1739 2489 nostri
1769 2455 1826 2488 sub
1857 2455 1964 2490 datum

1223 2517 1319 2541 MDLxl
1348 2508 1439 2541 nonis
1473 2507 1650 2542 decembris
1686 2508 1888 2553 pontificatus
1916 2509 1962 2543 sui

1223 2571 1353 2603 annon,
1381 2571 1444 2595 ιιοιι
1468 2561 1684 2603 obstantibus,
1709 2561 1963 2607 peimanseritis;

1260 2634 1270 2660 1
1289 2632 1326 2660 Ex
1342 2632 1449 2668 Regest.
1465 2633 1492 2660 in
1507 2632 1608 2661 Seeret.
1625 2632 1702 2661 Brev.

1258 2678 1274 2705 2
1289 2679 1388 2706 Vocem
1405 2678 1458 2706 etsi
1473 2686 1524 2706 nos
1540 2677 1668 2706 addimus
1682 2679 1720 2713 (ιι.
1737 2678 1786 2712 τ.).

1968 277 2020 304 Λιι.
2041 277 2071 304 C.
2090 278 2157 306 ¹625

2018 1239 2087 1260 Refert
2107 1239 2161 1260 litto-

1978 1271 2012 1287 ras
2026 1265 2087 1287 Pauli
2102 1265 2129 1288 V.

2006 1613 2086 1636 Quibus
2107 1619 2162 1634 com-

1978 1640 2077 1661 munitati
2096 1640 2162 1660 Anco-

1979 1667 2065 1687 nitanae
2106 1666 2162 1687 duae

1979 1693 2054 1713 tui-tiae
2090 1695 2163 1719 part-es

1979 1720 2109 1743 muletarum,
2116 1721 2163 1743 etc..

1979 1751 2093 1767 concessae
2119 1745 2164 1767 fue·

1980 1775 2033 1794 runt.
