2269 3235
260 275 307 302 Λη,
327 276 353 302 c.
376 275 443 303 1624
490 266 553 299 ⁶272

290 2418 394 2439 Recenset
411 2424 429 2438 tn

256 2447 350 2466 stitutum
378 2450 390 2465 a
419 2450 440 2465 se

257 2472 354 2519 fflssffi
387 2465 592 2497 chri-filiorum
635 2465 791 2498 nobilium
827 2464 970 2498 virorum
1004 2464 1194 2498 Ferdinandi

461 325 539 357 intra
556 329 675 358 certum
691 329 763 357 tunc
777 334 959 368 expressum
978 330 1100 368 tempus
1112 335 1199 368 prae-

460 377 617 410 sentandis
643 383 672 410 ct
696 377 911 419 registrandis,
929 388 964 409 ac
992 377 1067 410 Sixti
1093 377 1116 410 V
1141 378 1199 411 110-

461 440 624 462 manorum
647 429 831 462 Pontificum
851 429 1128 473 praedecessorum
1146 441 1199 463 no-

458 487 594 517 strorum
629 487 739 515 contra
773 483 918 516 bannitos
953 489 983 515 ct,
1015 483 1092 516 alios
1117 484 1194 516 faci-

458 546 589 569 norosos
614 535 714 576 editis,
744 546 864 569 necnon
889 537 1082 580 apostolicis,
1107 548 1142 570 ac
1167 538 1197 569 in

457 589 686 621 universalibus
719 590 1026 634 provincialibusque
1058 591 1197 624 conciliis

457 641 547 674 editis
572 642 772 685 generalibus
803 643 848 675 vel
875 644 1061 687 specialibus
1087 645 1198 677 consti-

457 695 629 728 tutionibus
653 700 681 728 et
707 695 971 737 ordinationibus,
996 708 1032 729 ac
1055 697 1196 737 ducatus,

457 748 617 781 civitatum
642 753 673 781 et
696 749 829 782 aliorum
855 750 997 783 locorum
1022 751 1197 794 praedicto-

457 811 526 835 rum
544 802 649 845 (etiam
667 802 854 843 iuramento,
870 804 1111 837 confirmatione
1127 814 1197 847 apo-

456 856 576 897 stolica,
602 857 649 890 vel
679 857 786 901 quavis
810 857 959 890 firmitate
987 857 1046 890 alia
1069 858 1197 891 robora-

456 909 508 954 tis)
529 910 651 944 statutis
665 916 694 944 et
709 911 998 952 consuetudinibus,
1023 911 1197 955 privilegiis

457 974 592 1007 quoque,
610 963 737 996 indultis
753 967 783 996 et
798 963 910 996 litteris
928 963 1118 1007 apostolicis,
1133 963 1197 1007 qui-

454 1015 561 1048 busvis
584 1015 728 1059 personis
748 1015 779 1047 in
800 1016 992 1049 contrarium
1012 1015 1197 1059 praemisso-

455 1078 525 1100 rum
551 1068 788 1111 quomodolibet
812 1068 978 1110 concessis,
1002 1069 1214 1102 confirmatis

455 1126 485 1153 et
509 1121 671 1154 innovatis.
689 1121 807 1161 Quibus
831 1122 978 1156 omnibus
1002 1126 1031 1157 ct
1055 1122 1214 1170 singulis„¹

455 1184 564 1207 eorum
582 1174 722 1207 omnium
750 1180 875 1209 tenores
899 1176 1118 1219 praesentibus
1138 1187 1195 1220 pro

455 1228 611 1272 expressis
628 1234 657 1261 et
678 1228 716 1261 ad
742 1229 873 1262 verbum
890 1230 1015 1263 insertis
1035 1230 1195 1270 habentes,

454 1281 514 1315 illis
532 1282 607 1315 alias
624 1282 655 1314 in
672 1293 728 1316 suo
753 1283 868 1316 robore
892 1284 1119 1327 permansuris,
1136 1285 1195 1317 hac

455 1336 521 1369 vice
546 1336 705 1371 dumtaxat
730 1337 906 1381 specialiter
923 1342 953 1369 ct
977 1348 1122 1381 expresse
1147 1338 1213 1371 (le-¹

454 1399 626 1433 rogamus,
659 1390 836 1434 ceterisque
869 1390 1036 1424 contrariis
1059 1391 1191 1435 quibus-

455 1454 598 1486 cumque.
866 1487 870 1490 η

498 1497 609 1529 Datum
634 1497 770 1539 Romae,
796 1497 879 1540 apud
904 1496 931 1530 S.
964 1497 1106 1539 Petrum,
1137 1499 1195 1531 sub

454 1550 569 1583 annulo
598 1550 787 1592 piscatoris,
817 1551 867 1583 die
901 1560 986 1585 xxvn
1018 1540 1213 1586 decembrisi

454 1613 603 1644 nncxxlv,
623 1604 822 1648 pontificatus
847 1605 946 1638 nostri
971 1614 1052 1638 anno
1074 1615 1105 1638 11.

490 1666 548 1694 Dat.
565 1666 608 1694 die
623 1667 655 1694 27
673 1667 825 1695 decembris
844 1667 919 1702 1624,
940 1667 1036 1702 pontif.
1057 1676 1126 1695 anno
1142 1675 1170 1696 11.

789 1801 857 1834 CVI.

452 1873 485 1907 F
483 1871 609 1905 amnas
623 1873 740 1905 nuntio
751 1872 928 1916 apostolico
941 1874 1107 1916 inferioris
1123 1874 1197 1908 Ger-

497 1926 629 1959 maniae
662 1926 837 1960 exhibendi
872 1927 1022 1960 habitam
1052 1928 1195 1961 militiae

498 1980 698 2013 christianae
724 1980 824 2013 tribus
845 1981 992 2024 personis
1009 1991 1068 2024 per
1092 1982 1213 2015 consi-1

500 2034 582 2067 lium
602 2034 744 2067 eiusdem
763 2034 906 2068 militiae
925 2035 1137 2068 nominandis
1150 2034 1168 2068 ¹.

453 2106 622 2134 Venerabili
636 2105 722 2133 fratri
734 2106 821 2133 Petro
833 2106 963 2140 Aloysio,
979 2106 1118 2141 episcopo
1134 2107 1196 2134 Tri—

490 2150 649 2185 caricensi,
671 2153 774 2178 nostro
794 2153 824 2178 et.
850 2150 934 2178 Sedis
955 2150 1145 2185 Apostolicae
1165 2151 1196 2179 in

488 2196 624 2229 partibus
646 2195 798 2222 inferioris
821 2194 995 2222 Germaniae
1015 2194 1132 2228 nuntio,

649 2245 785 2272 Urbanus
813 2245 892 2278 Papa
921 2245 999 2272 vm.

666 2303 853 2331 Venerabilis
873 2304 977 2335 frater,

499 2349 628 2376 salutem
645 2351 675 2376 et:
691 2348 886 2382 apostolicam
901 2348 1149 2376 benedictionem.

500 2412 514 2455 g
535 2411 560 2444 1.
578 2412 693 2456 Nuper,
711 2410 993 2455 supplicationibus
1010 2411 1194 2444 dilectorum

457 2518 596 2550 Mantuae
632 2528 667 2551 ac
698 2518 798 2552 Caroli
831 2519 1031 2551 Nivernensis
1060 2519 1195 2559 ducum,

456 2581 577 2604 necnon
602 2571 737 2615 Adulphi
762 2571 885 2605 comitis
905 2572 942 2604 de
962 2572 1084 2614 Althan,
1103 2572 1194 2605 nobis

457 2624 618 2657 humiliter
642 2626 796 2667 porrectis
822 2626 977 2667 inclinati,
1002 2637 1097 2660 unam
1118 2627 1195 2660 Mili-

496 2687 503 2713 1
527 2686 563 2713 Ex
584 2686 689 2722 aegest.
711 2686 736 2713 in
757 2687 858 2715 Secret.
880 2688 956 2715 Brev.

1042 276 1219 301 BULLARIUM
1245 276 1398 302 ROMANUM

1984 281 2033 308 An.
2050 281 2077 308 C.
2098 281 2167 309 1624

1232 325 1306 358 tiam
1327 325 1542 368 Christianam,
1564 326 1621 360 sub
1642 327 1731 361 titulo
1753 327 1970 373 Conceptionis

1232 378 1339 412 beatae
1363 379 1476 412 Mariae
1496 379 1631 422 Virginis
1648 380 1878 423 immaculatae,
1896 392 1971 427 apo-

1232 433 1340 465 stolica
1353 433 1537 467 auctoritate
1557 432 1714 466 ereximus
1727 438 1756 466 et
1770 434 1970 476 instituimus,

1232 484 1337 528 illique
1366 486 1410 518 sic
1427 489 1548 519 erectae
1566 489 1595 519 ct
1615 485 1770 519 institutae
1794 486 1969 530 privilegia,

1214 543 1215 557 ¹
1231 538 1346 579 gratias
1372 543 1401 571 et,
1425 539 1541 571 indulta
1562 539 1784 580 concessimus,
1801 539 1923 583 aliaque
1939 541 1970 573 in

1213 591 1359 637 ,militiae
1384 591 1563 625 huiusmodi
1590 593 1727 625 favorem
1752 591 1892 633 fecimus,
1913 597 1972 626 sta-

1213 644 1349 676 animus
1374 647 1404 678 ct
1427 644 1658 685 ordinavimus,
1682 649 1777 688 prout
1800 644 1832 676 in
1855 645 1970 679 nostris

1213 715 1215 728 i
1231 697 1368 741 desuper
1386 698 1443 730 sub
1461 698 1591 742 plumbo
1608 698 1759 742 expeditis
1780 697 1891 731 litteris
1908 698 1969 742 ple—

1230 750 1300 783 nius
1325 751 1502 784 continetur
1515 749 1533 784 ¹.

1275 804 1290 846 g
1314 804 1342 836 ⁶2.
1369 804 1480 845 Quare,
1505 804 1675 848 cupientes,
1692 808 1726 836 ut
1750 803 1781 845 ii,
1801 805 1852 848 qui
1878 815 1969 849 pecu-

1230 856 1300 889 liari
1321 867 1397 900 erga
1420 856 1512 890 fidem
1532 857 1716 891 catholicam
1733 857 1897 892 devotione
1916 858 1970 892 du-

1230 909 1271 942 cti
1301 909 1442 943 habitum
1476 920 1532 953 per
1564 910 1663 944 dictae
1700 911 1828 945 militiae
1857 911 1970 946 fratres

1230 962 1346 1004 gestari
1361 962 1487 995 solitum
1501 963 1671 1007 suscipere,
1685 968 1715 996 et
1731 964 1968 1008 professionem,

1230 1025 1288 1059 per
1312 1025 1366 1048 eos
1391 1015 1489 1049 emitti
1520 1021 1722 1058 consuetam,
1747 1027 1804 1051 suo
1828 1022 1970 1062 tempore

1231 1078 1376 1113 expresse
1391 1068 1533 1101 emittere
1550 1069 1706 1102 voluerint
1719 1070 1907 1113 regulares¹‚
1921 1071 1970 1105 de-

1231 1121 1338 1154 siderii
1363 1121 1410 1154 sui
1435 1126 1597 1165 compotes
1613 1121 1682 1154 sieri
1702 1122 1823 1156 facilius
1839 1123 1969 1167 valeant,

1212 1179 1380 1218 ‘quantum
1405 1186 1475 1208 cum
1500 1175 1633 1208 Domino
1656 1185 1834 1219 possumus,
1853 1187 1970 1221 oppor-

1230 1233 1304 1262 tune
1327 1228 1503 1272 providere,
1528 1239 1650 1262 necnon
1675 1229 1852 1262 litterarum
1877 1241 1970 1275 prae-

1230 1281 1383 1315 dictarum
1417 1287 1541 1314 tenores
1577 1282 1795 1325 praesentibus
1818 1293 1878 1326 pro
1911 1294 1966 1316 ex—

1229 1335 1345 1378 pressis
1370 1335 1540 1376 habentes,
1570 1336 1852 1379 supplicationibus
1876 1337 1969 1370 etiam

1211 1392 1213 1423 l
1230 1388 1419 1421 Ferdinandi
1440 1400 1475 1422 ac
1496 1389 1597 1422 Caroli
1615 1389 1731 1422 ducum
1744 1399 1866 1423 necnon
1880 1390 1971 1423 Adul-

1212 1443 1284 1486 Ἰ1ιὶῑί
1310 1443 1434 1476 comitis
1463 1443 1695 1487 praedictorum
1727 1443 1854 1477 nomine
1878 1444 1970 1477 nobis

1230 1507 1323 1540 super
1346 1498 1406 1530 boc
1437 1497 1598 1530 humiliter
1631 1498 1785 1541 porrectis
1810 1497 1969 1539 inclinati,

1229 1551 1415 1584 fraternitati
1433 1556 1513 1593 tuae,
1539 1551 1601 1584 sive
1630 1562 1647 1583 a
1672 1556 1701 1584 tc
1729 1552 1913 1595 deputandis
1937 1556 1971 1585 ut

1212 1604 1329 1648 ,tribus
1354 1605 1496 1648 personis
1521 1604 1723 1648 qualificatis,
1752 1605 1832 1638 infra
1855 1605 1970 1638 limites

1230 1662 1300 1690 tuae
1313 1657 1476 1700 legationis
1491 1657 1705 1700 existentibus,
1718 1668 1735 1690 a
1749 1658 1880 1692 consilio
1892 1658 1971 1691 eius-

1230 1711 1301 1744 dem
1327 1711 1457 1744 militiae
1490 1711 1699 1752 nominandis,
1731 1717 1840 1745 nostro
1868 1716 1971 1745 tamen

1212 1760 1260 1806 {et
1284 1764 1312 1797 S.
1338 1765 1372 1797 R.
1406 1765 1438 1797 E.
1457 1765 1622 1809 temporali
1648 1764 1787 1798 dominio
1810 1775 1874 1798 non
1898 1764 1971 1797 sub-

1212 1808 1213 1853 }
1230 1817 1312 1858 ditis,
1323 1817 1464 1852 habitum
1477 1818 1681 1862 praedictum,
1698 1821 1818 1852 servata
1832 1818 1863 1851 in
1875 1818 1972 1851 omni-

1230 1870 1288 1903 bus
1305 1876 1335 1903 et
1354 1881 1411 1914 per
1432 1866 1537 1903 omnia
1558 1871 1814 1905 constitutionum
1832 1871 1971 1905 eiusdem

1230 1925 1358 1958 militiae
1375 1925 1546 1969 apostolica
1563 1925 1747 1958 auctoritate
1772 1925 1972 1960 confirmata-

1231 1990 1300 2012 rum
1320 1979 1431 2020 forma,
1447 1979 1606 2020 exhibere,
1624 1989 1679 2012 seu
1695 1979 1838 2012 exhiberi
1855 1979 1970 2021 facere,

1212 2052 1213 2060 1
1230 2032 1368 2077 ipsisque
1392 2032 1546 2077 personis,
1564 2038 1598 2065 ut
1614 2032 1756 2066 habitum
1772 2032 1969 2077 praedictum

1230 2086 1398 2131 suscipere,
1419 2090 1449 2119 et
1465 2085 1692 2130 professionem
1717 2085 1897 2119 huiusmodi
1914 2096 1971 2120 suo

1230 2146 1371 2184 tempore
1391 2150 1537 2184 expresse
1553 2139 1706 2180 emittere,
1723 2139 1822 2173 libere
1839 2143 1869 2174 et
1887 2140 1970 2175 licite

1230 2194 1330 2238 possis
1354 2199 1384 2227 et
1407 2194 1510 2228 valeas
1525 2220 1533 2235 ‚
1558 2204 1594 2227 ac
1622 2193 1743 2238 possint
1774 2198 1804 2227 et
1828 2194 1970 2235 valeant,

1213 2280 1214 2283 ,
1230 2248 1402 2292 apostolica
1415 2247 1610 2288 auctoritate,
1624 2252 1732 2281 tenore
1745 2248 1969 2291 praesentium,

1212 2337 1214 2342 f
1230 2302 1388 2335 licentiam
1405 2305 1434 2336 et
1451 2302 1629 2336 facultatem
1649 2301 1851 2336 concedimus
1868 2306 1898 2335 et
1914 2301 1971 2335 im-

1212 2367 1213 2399 i
1230 2356 1394 2400 partimur.

1274 2410 1289 2455 ξ,
1317 2409 1347 2443 3.
1380 2411 1448 2444 Non
1472 2409 1668 2444 obstantibus
1696 2408 1970 2443 constitutionibus

1230 2469 1259 2497 et
1283 2463 1531 2498 ordinationibus
1562 2463 1765 2507 apostolicis,
1794 2462 1970 2507 ceterisque

1230 2518 1395 2552 contrariis
1419 2517 1681 2561 quibuscumque.

2037 819 2169 840 Facultatum

1984 847 2060 867 nuncio
2085 848 2170 876 aposto-

1984 873 2027 894 lico
2042 872 2128 897 tribuit..
2144 873 2170 893 de

1985 905 2027 926 qua
2043 899 2062 920 in
2078 899 2170 920 rubrica.

2018 2416 2112 2442 Derugat
2131 2416 2169 2437 ob-

1983 2443 2097 2465 stantibus,

1267 2601 1277 2626 1
1297 2599 1367 2631 Quas
1382 2599 1442 2626 vide
1457 2607 1539 2634 supra
1554 2607 1615 2634 pag.
1630 2599 1680 2625 114
1697 2598 1775 2625 liuius
1791 2597 1855 2624 tomi
1870 2601 1908 2631 (a.
1920 2598 1968 2629 τ.).

1264 2645 1280 2670 ‘2
1295 2645 1333 2670 An
1353 2651 1402 2671 vox
1426 2643 1574 2678 reyulares
1599 2646 1707 2678 praeter
1730 2650 1789 2670 rem
1812 2642 1855 2675 sit,
1879 2641 1969 2669 nescio

1230 2688 1267 2723 (n.
1283 2688 1330 2723 r).
