2269 3235
112 258 162 284 An.
183 256 210 284 C.
229 256 297 284 1623

137 582 255 603 Orilinariis
266 583 294 602 lo-

111 615 182 630 corum
223 609 294 630 liuius·

110 636 166 656 modi
191 635 295 656 Consulu-

111 664 174 684 tionis
200 664 295 690 publica·

110 693 189 711 tionem
214 690 295 716 praeci·

110 719 149 743 pit.

179 1752 293 1773 contrariis

109 1778 205 1805 derogat.

929 256 1069 278 [tr-umus

310 303 349 336 ab
373 303 500 336 homine
525 303 595 345 lata,
622 303 653 335 in
673 303 742 336 soro
766 302 975 336 conscientiae
988 307 1051 333 tan-

310 361 386 396 tum,
400 355 458 388 hac
475 355 543 389 vice
556 355 716 388 dumtaxat
728 354 900 394 absolvere,
911 353 1049 386 iniuncta

311 414 415 441 tamen
439 409 484 441 eis
508 414 538 442 et
562 418 673 442 eorum
700 407 828 440 cuilibet
856 406 1049 450 poenitentia

309 461 456 504 salutari,
482 472 517 495 ac
541 462 610 494 aliis
635 459 850 502 iniungendis,
875 459 997 502 possint
1021 463 1051 490 et

310 514 441 547 valeant.

354 569 369 611 ἓ
393 567 423 601 6.
448 567 627 601 Mandantes
658 566 787 609 insuper
818 565 1050 599 venerabilibus

311 621 462 655 fratribus
481 621 598 654 nostris
620 620 820 664 patriarchis,
841 619 1051 663 archiepisco-

309 674 369 718 pis,
394 674 561 718 episcopiS,
579 677 608 707 et
631 673 701 706 aliis
725 673 980 717 quibuscumque
1004 683 1051 705 ec-

309 728 476 761 clesiarum
496 727 646 771 praelatis
663 731 693 761 et
716 727 860 760 locorum
878 726 1051 760 Ordinariis

309 781 340 814 in
357 782 472 814 virtute
487 785 612 813 sanctae
629 779 836 821 obedientiae,
853 785 896 821 ut,
914 790 985 813 cum
1000 779 1052 811 ha-

309 844 380 867 rum
403 838 586 866 nostrarum
609 837 806 877 transumpta
830 843 886 866 seu
909 832 1051 876 exempla

308 887 497 931 acceperint,
514 887 583 921 illas
607 887 713 920 statim
730 898 788 931 per
804 897 875 920 suas
898 886 1050 927 civitates,

308 940 468 975 dioeceses
498 946 528 973 et
557 940 717 974 territoria
748 940 911 984 publicent
941 945 971 972 et
998 950 1052 983 pu-

309 993 420 1027 blicari
443 994 576 1034 saciant,
600 1004 795 1037 gregemque
821 1003 932 1026 eorum
956 1002 1051 1025 curae

307 1047 457 1081 divinitus
488 1047 712 1087 commissum,
737 1052 770 1080 ut
795 1046 890 1080 corde
915 1046 1051 1080 contrito

309 1108 339 1135 et
361 1102 527 1136 humiliato
552 1102 622 1146 piae
646 1101 828 1135 huiusmodi
849 1100 996 1141 orationi,
1017 1106 1052 1133 ut

310 1157 498 1200 praefertur,
515 1157 670 1196 intersint,
688 1156 797 1188 sedulo
818 1160 974 1187 moneant.
993 1154 1052 1186 Per

309 1215 490 1253 praesentes
513 1215 617 1242 autem
635 1219 730 1252 super
746 1208 850 1251 aliqua
871 1207 1052 1249 irregulari-

309 1268 388 1303 tate,
410 1263 539 1307 publica
565 1262 612 1295 vel
637 1262 777 1301 occulta,
801 1262 893 1301 nota,
918 1260 1050 1301 defectu,

309 1315 512 1359 incapacitate
529 1320 582 1350 aut
602 1315 795 1348 inhabilitate
812 1314 1051 1358 quomodolibet

309 1372 478 1409 contracta,
495 1379 553 1402 nec
573 1368 667 1401 etiam
688 1368 719 1400 in
736 1368 804 1401 soro
829 1367 1049 1408 conscientiae,

307 1421 502 1465 dispensare,
514 1422 650 1455 ullamve
660 1422 839 1455 facultatem
850 1419 1050 1464 dispensandi

308 1475 447 1509 tribuere
467 1485 531 1509 non
550 1475 757 1508 intendimus:
776 1474 981 1513 declarantes,
994 1473 1051 1506 bas

307 1528 392 1572 ipsas
421 1534 604 1572 praesentes
627 1528 732 1573 quoad
761 1527 993 1560 absolutionem
1019 1526 1050 1558 in

308 1582 377 1615 soro
401 1582 611 1615 conscientiae
639 1587 778 1622 tantum,
802 1590 866 1614 non
890 1586 994 1613 autem
1019 1580 1051 1612 in

307 1636 377 1669 soro
401 1636 462 1669 sori
487 1636 743 1680 consequendum
772 1635 838 1668 ullo
868 1634 962 1668 modo
992 1634 1051 1667 sus-

308 1689 435 1732 sragari.

352 1743 368 1786 ἓ
398 1743 427 1776 7.
459 1743 528 1776 Non
557 1742 751 1776 obstantibus
776 1740 1051 1776 constitutionibus

308 1801 339 1829 et
354 1795 605 1829 ordinationibus
630 1795 820 1839 apostolicis,
837 1805 960 1828 necnon
977 1804 1052 1838 quo-

308 1859 518 1893 rumcumque
537 1849 701 1890 Ordinum,
717 1848 1001 1892 congregationum
1021 1853 1051 1881 et

309 1902 523 1936 institutorum
537 1902 732 1946 regularium
742 1902 849 1946 (etiam
863 1902 1050 1942 iuramento,

310 1956 549 1990 confirmatione
564 1956 737 2000 apostolica
757 1956 806 1989 vel
827 1956 938 1999 quavis
955 1955 1051 1988 firmi-

310 2013 371 2042 tate
394 2009 456 2042 alia
480 2009 657 2052 roboratis)
682 2010 806 2042 statutis
831 2015 861 2042 et
885 2014 1052 2042 consuetu-

309 2062 452 2103 dinibus,
481 2063 656 2107 privilegiis
688 2073 835 2106 quoque,
860 2062 989 2094 indultis
1021 2066 1068 2094 etl

308 2116 421 2149 litteris
441 2117 633 2161 apostolicis,
647 2116 765 2150 eisdem
783 2116 963 2156 Ordinibus,
981 2126 1051 2149 con·
1066 2120 1067 2141 1

309 2170 546 2214 gregationibus
575 2175 605 2203 et
636 2170 786 2203 institutis
811 2169 1051 2213 quomodolibet

310 2224 476 2265 concessis,
501 2224 682 2268 approbatis
699 2229 729 2256 et
746 2224 913 2256 innovatis.
933 2223 1051 2262 Quibus

309 2277 456 2310 omnibns
479 2283 509 2310 et
533 2278 675 2320 singulis⁷
701 2277 824 2310 etiamsi
845 2277 883 2309 de
908 2276 979 2317 illis,
1004 2287 1050 2309 ea-

310 2340 446 2373 rumque
459 2330 531 2363 totis
545 2331 720 2371 tenoribus,
734 2330 888 2374 specialis,
902 2330 1049 2374 specifica

310 2388 340 2415 ct
372 2382 547 2423 individua,
576 2394 639 2417 non
668 2389 773 2416 autem
804 2394 862 2427 per
894 2383 1067 2415 clausulas:

310 2437 472 2479 generales
498 2436 581 2470 idem
605 2438 829 2481 imponantes,
856 2437 973 2469 mentio
998 2424 1067 2469 aut'

310 2490 471 2534 expressio
487 2490 631 2523 habenda
650 2491 699 2524 vel
724 2490 853 2534 quaevis
870 2490 929 2523 alia
946 2490 1050 2533 exqui-

310 2543 368 2577 sita
384 2544 486 2577 forma
502 2543 541 2576 ad
558 2543 618 2576 hoc
639 2544 791 2576 servanda
811 2544 901 2584 foret,
920 2543 1047 2576 illorum
1064 2552 1066 2571 ι

310 2603 435 2631 tenores
465 2597 685 2641 praesentibus
713 2608 772 2641 pro
797 2598 888 2641 plene
914 2602 943 2630 et
968 2597 1049 2629 suffi-

310 2651 410 2684 ciente
435 2651 599 2694 expressis,
617 2661 651 2684 ac
669 2650 802 2684 formam
825 2651 855 2682 in
878 2650 939 2682 illis
957 2649 1065 2686 tradi-,

1095 255 1149 278 vin
1175 255 1221 278 rr.
1752 238 1792 275 75»

1085 308 1146 334 tam
1162 302 1286 345 penitus
1302 312 1360 346 pro
1373 303 1495 335 servat-:1
1508 300 1669 340 habentes,
1684 301 1740 331 linc
1755 300 1823 332 vieo

1084 355 1260 398 specialiter
1285 361 1314 388 et
1339 364 1485 399 expresse
1505 354 1542 387 ad
1569 354 1713 386 ell'cctuui
1732 363 1822 396 prac-

1084 408 1217 440 sentium
1243 408 1442 451 derogamus,
1460 407 1637 451 ceterisque
1656 406 1824 440 contrariis

1084 460 1346 503 quibuscumque.

1129 513 1143 555 ἓ
1167 512 1195 545 8.
1223 513 1373 545 Volumus
1404 519 1527 554 autem,
1553 519 1587 546 ut
1611 512 1823 556 praesentium

1839 253 1885 278 Λιι.
1908 252 1936 278 (J.
1957 250 2023 277 1023

1879 523 2026 549 Tramumptn

1789 565 1794 570 .
1839 551 1898 570 credi
1914 551 1978 570 iubet.

1084 566 1289 608 transumptis
1304 566 1352 598 vel
1367 567 1529 609 exemplis,
1544 567 1636 599 ctiam
1652 566 1823 609 impressisr

1084 628 1179 650 manu
1200 618 1332 651 alicuius
1349 619 1461 651 notarii
1488 619 1603 662 publici
1625 618 1823 662 subscriptis,

1085 676 1116 703 et
1140 671 1243 714 sigillo
1268 681 1421 714 personae
1447 671 1477 703 in
1502 671 1652 714 dignitate
1680 672 1825 704 ecclesia-

1085 725 1163 757 stica
1187 725 1373 758 constitutae
1399 725 1538 764 munitis,
1563 724 1670 757 eadem
1695 736 1825 768 prorsus

1084 777 1163 811 fides
1179 778 1296 822 ubique
1312 778 1452 821 gentium
1469 783 1498 811 et
1516 778 1657 811 locorum
1681 778 1826 810 adhibea-

1085 836 1146 872 tur,
1162 842 1242 875 quae
1268 832 1345 875 ipsis
1368 831 1587 875 praesentibus
1611 831 1825 869 adhiberetur,

1085 885 1111 918 si
1134 885 1237 918 forent
1261 885 1417 918 exhibitae
1443 885 1493 918 vel
1518 889 1670 918 ostensae.

1129 938 1241 971 Datum
1256 939 1382 979 Romae,
1392 937 1476 982 apud
1487 938 1515 971 S.
1527 938 1655 971 Mariam
1665 938 1826 978 Maiorem,

1085 991 1143 1024 sub
1171 992 1287 1025 annulo
1315 991 1494 1032 Piscatoris,
1520 991 1569 1024 die
1595 1001 1659 1024 xxii
1687 991 1828 1025 octobris

1084 1055 1245 1086 nincxxm,
1266 1045 1466 1089 pontificatus
1487 1045 1587 1079 nostri
1611 1055 1693 1078 anno
1718 1055 1737 1078 1.

1120 1107 1181 1134 Dat.
1203 1107 1246 1134 die
1266 1107 1300 1134 22
1319 1107 1439 1134 octobris
1457 1106 1537 1139 1623,
1552 1107 1643 1142 pontif.
1662 1115 1704 1134 an.
1723 1113 1750 1133 n.

1433 1251 1480 1284 xl.

1087 1320 1297 1363 Confirmatio
1329 1321 1529 1354 decretorum
1560 1332 1670 1355 sacrae
1697 1333 1826 1366 congre-

1129 1375 1272 1417 yatz'om's
1299 1375 1448 1412 Concz'lie',
1477 1375 1594 1418 quibus
1619 1376 1753 1408 cassatis
1778 1387 1827 1407 ca-

1127 1428 1231 1470 pituli
1246 1427 1467 1461 Atrebatensis
1485 1429 1614 1461 assertis
1626 1429 1823 1471 privileyiis,

1129 1485 1307 1524 competens
1332 1482 1476 1524 episcopo
1501 1483 1659 1514 asseritur
1683 1481 1823 1514 izm‘sdi-

1130 1534 1192 1566 clio
1212 1534 1254 1566 ad
1278 1535 1419 1577 formam
1444 1535 1584 1568 Concilii
1607 1534 1824 1567 Tridcnlini¹.

1286 1614 1423 1641 Urbanus
1445 1614 1523 1648 Papa
1543 1615 1617 1648 vlu,

1210 1666 1246 1693 ad
1266 1669 1442 1700 perpetuam
1462 1667 1507 1694 rei
1522 1666 1702 1694 memoriam.

1129 1737 1223 1770 Decet
1255 1738 1431 1770 Romanum
1464 1737 1647 1770 Pontificem
1680 1738 1710 1769 in
1744 1737 1826 1769 beati

1085 1791 1169 1824 Petri
1192 1791 1347 1835 Principis
1375 1792 1593 1835 apostolorum
1623 1792 1701 1825 Sede
1725 1802 1742 1824 a
1766 1791 1826 1824 Do—

1085 1846 1171 1879 mino
1189 1846 1407 1887 constitutum,
1420 1851 1455 1878 ut
1468 1856 1515 1886 ea,
1536 1856 1616 1889 quae
1633 1856 1690 1889 pcr
1703 1851 1826 1878 sanctae

1084 1900 1244 1933 Romanae
1269 1899 1427 1932 Ecclesiae
1451 1899 1627 1932 cardinales
1652 1899 1682 1931 in
1704 1905 1826 1943 partem

1084 1953 1275 1997 apostolicae
1300 1953 1518 1986 sollicitudinis
1544 1958 1681 1992 vocatos,
1700 1963 1758 1996 pro
1783 1963 1827 1985 se-

1084 2006 1195 2039 dandis
1214 2006 1322 2039 litibus
1346 2012 1373 2039 et
1400 2006 1627 2039 controversiis
1652 2006 1733 2039 inter
1757 2016 1826 2049 per-

1085 2071 1176 2093 sonas
1192 2060 1419 2093 ecclesiastieas
1441 2059 1644 2099 vertentibus,
1658 2065 1780 2091 mature
1795 2065 1823 2092 et

1084 2115 1226 2147 consulte
1251 2114 1409 2146 declarata
1427 2119 1454 2145 et
1479 2113 1603 2145 firmata
1627 2118 1708 2151 sunt,
1734 2123 1824 2145 suum

1085 2168 1256 2200 sortiantur
1277 2167 1433 2205 effectum,
1451 2172 1629 2209 opportuno
1648 2163 1824 2209 providere,

1084 2226 1112 2255 et
1130 2222 1205 2254 alias
1230 2220 1398 2264 pastoralis
1423 2220 1517 2253 officii
1543 2220 1590 2253 sui
1615 2225 1720 2264 partes
1737 2219 1826 2252 desu-

1066 2268 1068 2291 ³
1084 2286 1139 2319 per
1150 2275 1363 2308 favorabiliter
1377 2275 1586 2317 interponere,
1596 2278 1699 2317 prout,
1708 2284 1824 2313 rerum,

1066 2322 1067 2339 ³
1085 2334 1265 2372 temporum
1283 2334 1312 2361 et
1328 2338 1537 2371 personarum
1556 2327 1759 2370 qualitatibus
1776 2326 1825 2359 de-

1083 2382 1146 2415 bite
1170 2382 1317 2425 pensatis,
1342 2381 1494 2424 conspicit
1519 2380 1685 2414 salubriter
1710 2380 1740 2412 in
1764 2380 1823 2413 Do-

1065 2436 1067 2456 1
1084 2435 1170 2467 mino
1195 2434 1351 2477 expediic

1127 2488 1141 2530 g
1166 2488 1194 2520 l.
1221 2487 1296 2520 Cum
1317 2487 1438 2530 itaque,
1465 2486 1545 2519 sicut
1569 2486 1766 2530 accepimus,
1791 2486 1822 2519 in

1120 2570 1129 2594 l
1153 2567 1189 2594 Ex
1209 2567 1316 2601 Regest.
1337 2566 1364 2592 in
1383 2565 1483 2593 Secret.
1504 2565 1580 2593 Brev.
1602 2565 1675 2593 Hanc
1690 2566 1820 2593 constitu-

1082 2613 1184 2639 tionem
1206 2611 1290 2638 refert
1311 2619 1419 2646 quoque
1441 2610 1557 2638 miraeus
1578 2611 1606 2637 in
1628 2611 1708 2645 Oper.
1732 2610 1821 2646 Diplo-

1082 2661 1157 2689 mat,
1174 2660 1238 2683 tom.
1255 2662 1284 2690 n,
1301 2664 1360 2691 pag.
1380 2656 1456 2683 1112.

1874 2491 1942 2511 Causa
1967 2494 2020 2512 inl-1·

1838 2518 1959 2546 episcopum
2001 2521 2020 2538 ct
