2269 3235
206 199 256 225 Λη.
273 199 301 225 (ἶ.
326 197 393 224 ¹624

262 1431 377 1455 Det-ugano

196 1460 358 1479 contrariorum.

438 188 501 221 488

403 252 429 279 et
445 247 482 278 ad
501 248 601 279 l'ulura
617 246 768 278 inliabilcs
783 246 923 283 faciendi.
942 247 1140 281 interdictum

402 300 558 332 ecclesiast
566 300 646 332 icum
657 300 843 343 apponendi,
853 300 1065 344 auxiliumque
1076 302 1143 334 bra-

402 352 463 384 cliii
485 353 643 390 secularis,
661 353 924 396 (piandocumque
941 365 1021 397 opus
1038 354 1140 395 suerit,

402 405 574 446 invocandi,
600 406 637 437 ad
662 406 822 438 sanitatem
842 417 994 446 reversos,
1019 407 1072 450 qui
1093 407 1142 439 dc-

401 459 464 491 111111
489 459 703 499 satislercrint,
729 459 767 491 ab
789 459 935 492 omnibus
954 460 1095 493 censuris
1111 466 1141 493 et

400 512 508 555 poenis
533 511 722 555 supradictis
736 512 765 544 in
780 512 879 545 forma
898 513 1054 546 Ecclesiae
1071 524 1141 547 con-

399 569 484 598 sucta
500 564 696 605 absolvendi3
714 571 886 609 practerea,
900 567 922 599 si
938 577 1017 610 opus
1037 567 1138 607 suerit,

399 618 476 651 alios
501 619 684 653 collectores
709 626 739 652 et
761 620 1008 654 subcollcctores
1028 621 1089 653 side
1109 627 1139 653 et

399 671 597 705 facultatibus
624 672 752 706 idoneos
777 673 807 705 in
833 674 966 714 civitate,
991 674 1137 715 dioecesi,

398 726 498 768 patria
523 730 552 760 et
575 726 702 767 ditione,
727 732 881 770 quotquot
900 728 1033 760 viderint
1050 739 1139 771 expe-

397 778 474 819 dire,
500 790 570 812 eum
597 780 689 812 simili
716 786 768 813 aut
793 781 922 813 limitata
941 782 1017 824 (non
1037 786 1138 815 tamen

397 832 593 876 absolvendi)
608 839 759 876 potestate
772 834 991 875 constituendi,
1002 845 1137 877 eumque

396 886 443 917 vel
455 886 531 918 alios
545 886 676 919 arbitrio
687 898 743 919 suo
754 880 930 925 ictiocandi,
943 887 1137 929 negligentes

396 942 427 972 et
451 950 593 972 morosos
619 939 811 978 removendi,
829 950 864 972 ac
881 940 976 971 alium
992 950 1045 971 seu
1060 940 1137 972 alios

397 992 598 1034 subrogandi,
624 993 884 1036 quotiescumque
908 993 953 1025 eis
971 992 1136 1033 videbitur,

396 1045 426 1077 in
450 1045 667 1088 delinquentes
684 1051 711 1078 et
727 1052 937 1086 contumaces,
959 1056 1016 1089 per
1029 1057 1071 1086 se,
1088 1047 1134 1079 vel

395 1098 500 1138 alium,
519 1109 572 1131 seu
597 1099 691 1139 alios,
717 1100 808 1131 ctiam
835 1099 1020 1143 simpliciter
1045 1104 1075 1131 et
1098 1099 1136 1132 de

394 1152 489 1196 plano
513 1163 548 1185 ac
573 1152 638 1185 sine
663 1153 795 1196 strepitu
824 1158 854 1186 et
884 1154 985 1196 figura
1010 1153 1134 1194 iudicii,

395 1205 590 1249 inquirendi,
615 1217 650 1239 ac
683 1206 803 1239 meritis
834 1207 944 1250 poenis
970 1206 1134 1250 puniendi,

394 1259 504 1292 modos
529 1263 558 1293 et
583 1260 698 1292 formas
723 1260 753 1291 in
780 1260 948 1303 praedictis
966 1261 1135 1294 servandos

394 1313 651 1356 praescribendi,
677 1318 706 1345 et
730 1313 823 1345 dubia
855 1324 1072 1358 quaecumque
1103 1315 1134 1347 in

393 1366 556 1409 premissis
580 1367 660 1399 sorte
685 1366 805 1399 oritura
829 1366 1019 1400 declarandi.

438 1421 452 1464 ἓ
466 1421 493 1454 7.
508 1421 576 1454 Non
591 1420 787 1454 obstantibus
800 1420 1135 1455 felicisrecordationis

393 1474 541 1507 Bonisacii
567 1475 664 1518 Papae
680 1474 743 1507 Vlll
768 1474 1134 1518 praedecessorisnostri

393 1528 431 1561 de
458 1531 527 1568 una,
552 1534 582 1560 et
606 1528 637 1560 in
662 1528 795 1561 concilio
819 1529 958 1571 generali
991 1528 1072 1561 edita
1096 1529 1134 1562 de

393 1582 513 1615 duabus
530 1582 630 1622 dietis,
651 1582 719 1614 aliis
739 1582 918 1625 apostolicis
943 1583 1135 1617 constitutio-

392 1635 483 1668 nibus
508 1641 538 1668 et
562 1635 822 1676 ordinationibus,
846 1646 968 1669 necnon
988 1637 1135 1670 ecclesia-

376 1716 378 1719 .
391 1699 462 1722 rum
476 1716 483 1729 ,
516 1689 780 1722 monasteriorum
794 1717 801 1729 ,
831 1691 1112 1732 congregationum
1127 1718 1134 1731 ‚

392 1743 550 1781 ordinum,
576 1742 778 1785 hospitalium
802 1748 831 1775 et
855 1744 996 1776 locorum
1014 1745 1136 1788 praedi-

392 1800 514 1830 ctorum
541 1796 647 1839 (etiam
674 1796 870 1837 iuramento,
895 1798 1134 1832 confirmatione

392 1850 574 1893 apostoliea,
593 1850 638 1882 vel
659 1850 767 1893 quavis
792 1851 939 1885 firmitate
964 1852 1024 1884 alia
1044 1853 1135 1886 robo-

392 1904 481 1947 ratis)
506 1903 627 1936 statutis
659 1909 689 1935 et
719 1904 1018 1945 consuetudinibus,
1044 1906 1136 1939 stabi-

391 1957 537 1998 limentis,
562 1957 672 1989 usibus
697 1961 726 1991 et
750 1958 879 1998 naturis,
900 1959 1046 2002 quodque
1067 1970 1135 2003 per-

391 2011 475 2044 sonis
509 2009 696 2055 praedictis,
729 2022 903 2055 eorumque
935 2013 1075 2046 eeclesiis
1105 2020 1135 2047 et

391 2065 468 2098 locis
500 2066 546 2097 rel
583 2065 744 2108 quibusvis
775 2066 843 2098 aliis
879 2068 1089 2100 communiter
1118 2079 1135 2101 a

391 2119 551 2163 praedicta
577 2119 615 2151 sit
640 2119 719 2152 Sede
745 2119 911 2160 indultum,
929 2121 1013 2164 quod
1040 2121 1134 2155 inter-

391 2173 470 2214 dici,
508 2174 656 2217 suspendi
693 2174 740 2206 vel
772 2175 1040 2207 excommunicari
1073 2186 1135 2209 non

391 2227 512 2270 possint
537 2238 592 2270 pcr
613 2228 730 2260 litteras
744 2228 934 2274 apostolicas
948 2239 1008 2261 non
1024 2229 1136 2262 sacien-

390 2285 437 2312 tes
462 2281 583 2323 plenam
610 2287 639 2313 et.
664 2292 843 2325 expressam
869 2293 904 2315 ac
928 2282 967 2315 de
985 2282 1080 2315 verbo
1097 2284 1135 2316 ad

391 2334 521 2366 verbum
549 2334 585 2367 de
611 2334 741 2375 indulto,
761 2346 883 2368 necnon
907 2336 1060 2379 personis,
1083 2347 1136 2370 eo-

390 2398 524 2431 rumque
550 2388 740 2429 nominibus,
766 2389 1019 2432 cog·1ioini11il)uS‚
1040 2391 1136 2423 eccle-

391 2441 459 2481 siis,
486 2442 701 2482 monasteriis,
726 2443 891 2476 ordinibus
916 2449 946 2476 et
970 2443 1047 2476 locis
1077 2444 1135 2477 bu-

391 2495 524 2528 iusmodi
553 2496 766 2536 mentionem,
790 2501 819 2530 et
847 2497 1043 2540 quibuslibet
1067 2498 1136 2532 aliis

390 2549 574 2593 privilegiis,
591 2550 855 2594 exemptionibus,
874 2550 1135 2593 immunitatibus,

391 2601 423 2636 in
454 2612 571 2646 genere
600 2604 647 2636 vel
679 2604 710 2636 in
739 2604 865 2648 specie,
897 2604 1136 2650 quomodolibet

979 200 1157 223 nummulum
1181 200 1336 224 ROMANUM

1175 249 1342 289 concessis,
1367 249 1559 283 confirmatis
1583 254 1612 282 et
1636 250 1799 292 innovatis,
1819 253 1849 284 et
1865 260 1916 284 so-

1176 302 1308 335 lutiones
1320 302 1514 335 deeimarum
1526 302 1626 343 aliter,
1636 314 1728 347 quam
1741 303 1914 337 secundum

1175 356 1333 399 antiquam
1360 361 1471 396 taxam,
1490 361 1519 388 et
1536 356 1594 388 nisi
1619 356 1649 389 in
1675 357 1840 391 universali
1866 356 1916 390 de-

1175 408 1327 441 cimarum
1350 420 1406 453 per
1423 409 1531 442 orbem
1551 413 1603 441 aut
1620 420 1677 453 per
1697 409 1842 442 universa
1858 410 1915 443 Ro-

1177 462 1257 494 mani
1284 462 1409 506 lmpcrii
1435 464 1502 495 loca
1528 462 1726 506 impositione
1754 462 1823 496 fieri
1845 474 1915 507 pro-

1175 515 1375 557 hibentibus,
1405 526 1524 549 necnon
1551 515 1834 560 promissionibus,
1859 516 1915 549 do-

1173 569 1373 609 nationibus,
1410 570 1674 613 obligationibus,
1708 569 1913 610 iuramentis,

1174 623 1481 664 renunciationibus,
1513 623 1644 656 vinculis
1668 628 1698 655 et.
1722 622 1851 656 cautelis
1882 622 1913 655 in

1172 676 1381 719 assignatione
1392 677 1620 720 praedictarum
1630 676 1815 720 pensionum
1827 675 1914 708 sactis

1173 730 1299 772 (quibus
1318 741 1375 774 per
1391 730 1625 774 impositionem
1650 730 1790 762 decimae
1810 729 1914 762 huius-

1172 783 1255 816 modi
1281 784 1437 816 nemincm
1463 783 1579 823 teneri,
1608 793 1710 827 neque
1734 793 1786 815 eas
1810 782 1913 826 quoad

1172 836 1344 879 praemissa
1365 842 1473 870 contra
1491 846 1721 880 quemeumque
1742 836 1844 869 locum
1862 836 1914 869 ha-

1171 889 1246 922 bere
1270 890 1489 935 declaramus),
1515 891 1647 935 aliisque
1672 890 1800 923 indultis
1819 895 1849 923 et
1866 890 1913 922 lit-

1171 942 1246 974 teris
1270 943 1450 986 apostolicis
1474 943 1674 986 generalibus
1698 944 1746 976 vel
1771 943 1912 987 speciali-

1171 995 1251 1035 bus,
1284 996 1510 1039 cuiuscumque
1539 996 1657 1029 tenoris
1681 996 1831 1036 existant,
1855 1006 1912 1040 per

1169 1059 1249 1092 quae
1266 1050 1484 1093 praesentibus
1501 1060 1564 1083 non
1587 1060 1736 1093 expressa
1759 1054 1812 1082 aut
1836 1054 1913 1083 tota-

1170 1102 1241 1135 liter
1265 1113 1327 1135 non
1352 1103 1468 1136 inserta
1492 1103 1621 1136 effectus
1640 1113 1748 1136 earum
1766 1102 1912 1147 impediri

1170 1156 1269 1189 valeat
1298 1157 1536 1200 quomodolibet
1567 1157 1615 1189 vel
1647 1156 1788 1197 differri,
1820 1160 1850 1189 et
1874 1156 1912 1189 de

1169 1210 1499 1254 quibus,quorumqi.1e
1509 1211 1579 1244 lotis
1590 1210 1760 1250 tenoribus,
1770 1209 1913 1242 habenda

1169 1263 1207 1295 sit
1224 1263 1255 1295 in
1272 1264 1387 1296 nostris
1400 1264 1513 1297 litteris
1527 1264 1644 1297 mentio
1661 1263 1804 1307 specialis
1817 1263 1911 1307 (quae

1168 1318 1274 1350 omnia
1291 1324 1400 1351 contra
1416 1318 1575 1362 praedicta
1592 1319 1740 1351 nolumus
1764 1317 1910 1361 cuiquam

1168 1371 1363 1416 suffragari),
1384 1372 1558 1416 ceterisque
1583 1371 1749 1405 contrariis
1773 1371 1907 1417 quibus-

1167 1435 1312 1468 eumque.

1212 1478 1227 1521 ἓ
1251 1477 1280 1511 8.
1299 1479 1331 1511 111
1349 1479 1553 1522 percipienda
1574 1489 1649 1512 vero
1673 1478 1795 1512 decima
1818 1488 1909 1523 prae-

1168 1529 1251 1561 dicta
1276 1529 1345 1573 piae
1371 1530 1542 1563 memoriae
1570 1530 1737 1564 Clementis
1755 1530 1855 1573 Papae
1875 1530 1909 1570 V,

1169 1583 1261 1616 etiam
1294 1583 1548 1627 praedecessoris
1572 1584 1671 1617 nostri
1687 1583 1750 1624 ,·in
1770 1583 1910 1617 Concilio

1169 1636 1335 1670 Viennensi
1357 1637 1471 1670 editam
1492 1637 1759 1677 constitutionem,
1776 1647 1811 1670 ac
1824 1647 1911 1681 prae-

1169 1690 1287 1730 sertim,
1302 1690 1385 1734 quod
1395 1691 1433 1723 ad
1448 1696 1606 1724 monetam
1620 1696 1798 1724 currentem
1817 1689 1910 1733 exigi,

1169 1744 1314 1788 quodque
1339 1754 1396 1777 nec
1421 1745 1543 1785 calices,
1560 1755 1618 1777 nec
1636 1744 1719 1785 libri,
1744 1750 1910 1787 ceteraque

1169 1799 1372 1831 eeclesiarum
1399 1804 1584 1832 ornamenta
1610 1799 1716 1832 divino
1741 1799 1839 1832 cultui
1863 1798 1910 1831 di-

1169 1858 1255 1894 cata,
1281 1853 1379 1885 aliave
1403 1853 1611 1897 supellectilia
1640 1852 1851 1886 ecclesiastica
1874 1862 1911 1886 ex

1169 1907 1262 1939 causa
1287 1906 1430 1950 pignoris
1455 1906 1538 1950 capi,
1565 1906 1663 1950 recipi
1688 1906 1734 1938 vel
1760 1904 1910 1946 distrahi,

1168 1965 1222 1992 aut
1245 1959 1320 1992 alias
1337 1959 1576 2004 quomodolibet
1593 1959 1742 2003 occupari
1767 1959 1909 2001 debeant,

1169 2013 1285 2056 ubique
1314 2013 1526 2057 praecipimus
1558 2013 1742 2053 observari,
1767 2012 1909 2056 quinimo

1170 2066 1325 2106 volumus,
1342 2071 1375 2098 ut
1393 2066 1474 2099 illius
1493 2066 1657 2099 occasione
1670 2066 1830 2106 ecclesiae,
1847 2076 1910 2099 mo-

1169 2119 1314 2159 nasteria,
1342 2120 1465 2163 aliaque
1488 2120 1539 2164 pia
1564 2125 1593 2153 et
1617 2131 1706 2153 sacra
1730 2120 1799 2153 loca
1818 2129 1912 2163 quae-

1170 2185 1303 2217 cumque
1327 2174 1439 2208 debitis
1464 2181 1629 2218 propterea
1646 2185 1708 2208 non
1725 2174 1910 2208 fraudentur

1169 2228 1338 2271 obsequiis,
1362 2239 1397 2260 ac
1421 2228 1545 2261 divinus
1569 2228 1599 2261 in
1625 2228 1662 2261 iis
1686 2229 1788 2262 cultus
1812 2234 1842 2261 et
1858 2239 1908 2262 so-

1170 2282 1242 2314 litus
1251 2282 1409 2315 Altissimo
1422 2283 1637 2315 stimulantium
1650 2288 1680 2315 et
1691 2283 1909 2316 ministrorum

1169 2345 1330 2376 numeruS,
1354 2345 1412 2369 nec
1432 2336 1476 2368 eis
1501 2347 1628 2380 quoquo
1650 2336 1744 2369 modo
1771 2336 1909 2369 iniuncta

1170 2398 1277 2428 onera,
1294 2394 1346 2422 aut
1370 2389 1421 2433 pia
1440 2400 1519 2433 quae
1536 2390 1677 2423 exerceri
1695 2390 1796 2424 solent
1813 2399 1909 2433 opera

1170 2446 1200 2476 et
1223 2442 1325 2475 officia
1350 2443 1413 2476 ullo
1439 2443 1532 2477 modo
1558 2444 1748 2484 minuantur,
1774 2454 1829 2476 seu
1847 2453 1906 2476 ne-

1169 2497 1338 2540 gligantur,
1363 2497 1416 2530 sed
1441 2508 1550 2531 eorum
1569 2508 1709 2541 congrue
1725 2502 1909 2542 supporten-

1169 2555 1220 2585 tur
1244 2561 1340 2585 onera
1365 2557 1522 2592 consueta,
1548 2563 1605 2585 nec
1630 2552 1795 2596 quisquam
1814 2551 1907 2585 etiam

1168 2606 1260 2651 plura
1276 2606 1408 2640 fortasse
1424 2606 1585 2650 beneficia,
1603 2611 1656 2641 aut
1675 2606 1841 2652 pensiones
1857 2616 1908 2640 cu·

1926 201 1975 230 Λ11.
1997 202 2026 230 C.
2045 202 2112 232 ¹624

1956 1486 2040 1507 Statuta
2056 1486 2109 1507 Con-

1924 1513 1967 1533 citii
1985 1512 2109 1535 viennensis

1925 1539 2036 1561 servanda.
