2269 3235
104 241 151 268 An.
170 240 199 267 C.
221 239 288 267 1626

120 302 146 323 Et
154 301 229 322 deindo
239 306 286 321 cae-

102 329 216 348 rvmontate
244 327 286 347 sor-

102 358 144 375 mat
167 357 187 375 el.
210 359 285 383 appw«

102 382 146 402 bat.

170 778 242 799 I'trum
260 785 285 800 ue

103 806 214 826 confirmat

103 833 178 854 banus.

160 1954 287 1981 Servat-ique

105 1981 196 2002 mandat.

103 2380 212 2402 Contraria
227 2380 286 2402 tollit.

910 237 1051 261 URBANUS
1076 237 1131 260 VIII
1156 237 1203 260 ΡΙ).

345 286 360 330 ἓ
376 286 405 319 2.
420 286 457 319 Et
474 286 649 319 successive
667 286 748 319 idem
766 285 937 328 Gregorius
953 296 1040 329 prae-

301 339 449 372 decessor
465 340 692 373 caeremoniale
706 339 784 373 ritus
801 339 901 372 dictae
918 338 1040 371 electio-

300 392 348 426 nis
362 393 524 426 continens
537 393 575 426 de
592 393 658 426 eius
671 392 817 426 mandato
831 392 1039 435 compositum

301 446 545 489 confirmaverit,
563 448 651 480 cuius
676 450 764 481 tenor
788 446 945 489 sequitur:
965 445 1041 479 Gre-

300 500 412 543 ssorius
436 501 624 544 Episcopus,
647 510 756 533 servus
778 508 944 532 sorvorum
967 498 1038 538 Dcv',

302 553 345 586 acl
365 558 558 597 perpetuam
581 553 630 586 rei
652 553 853 586 memoriam.
872 552 965 585 Decet
984 551 1042 585 Ro-

301 617 439 640 manum
448 606 647 649 Pontificem,
666 610 723 640 etc.
740 606 928 650 (Reliquum
943 605 1042 638 huius

304 660 552 694 constitutionis
568 670 640 693 cum
660 670 717 692 suo
735 659 965 693 caeremoniali
990 659 1043 692 Ιια-

302 713 361 754 bcs,
386 714 471 754 ibid.‚
495 724 566 757 pag.
592 712 688 756 66⁶2):

346 768 361 810 g
385 766 414 800 3.
439 768 512 807 Nos,
529 766 593 810 qui,
612 769 646 800 ut
665 766 710 799 rei
731 771 792 799 tam
818 766 935 799 arduae
950 775 1043 809 nego-

269 813 286 826 “’”
301 819 379 852 tium
397 819 456 852 rite
480 824 509 852 et
533 824 617 852 reete
640 819 826 862 procederet.
854 824 883 852 et
900 819 1042 853 absolve-

301 878 399 914 retur,
416 873 542 906 intentis
567 873 677 906 studiis
694 873 952 913 desideravimus,
971 883 1041 905 cum

299 927 440 971 primum
458 927 564 971 (nullis
590 927 662 960 licet
686 927 931 970 suffragantibus
951 927 1043 959 meri-

301 981 351 1024 tis)
365 981 403 1013 ad
415 980 529 1014 summi
544 981 738 1024 apostolatus
754 981 875 1024 apicem
892 981 1042 1024 assumpti

299 1034 438 1077 suimus,
467 1035 572 1067 auimo
600 1035 813 1075 revolventes,
838 1039 985 1078 quantam
1010 1034 1042 1066 in

300 1087 443 1120 omnium
467 1087 580 1120 animis
612 1087 842 1121 constitutionis
874 1087 1041 1130 exequutio

302 1146 332 1173 et
356 1141 593 1174 caeremonialis
617 1141 852 1184 praedictorum
880 1151 957 1174 usus
981 1150 1038 1184 ap-

300 1194 521 1237 probationem
546 1194 708 1234 excitarit,
734 1197 768 1227 ut
800 1193 981 1226 constitutio
1012 1197 1042 1226 et

302 1247 528 1281 caeremoniale
549 1247 719 1291 praedicta,
737 1249 845 1280 nostra
861 1246 955 1280 ctiam
972 1257 1042 1280 con-

300 1300 478 1334 firmatione
502 1302 659 1342 roborata,
676 1301 898 1334 inviolabiliter
918 1311 1042 1345 semper

301 1355 517 1397 observentur,
531 1354 697 1399 providere
715 1355 886 1399 cupientes,
900 1365 937 1388 ex
953 1356 1041 1388 mera

302 1409 398 1442 animi
414 1409 514 1443 nostri
534 1409 771 1449 deliberatione,
789 1413 819 1442 et
835 1409 873 1441 de
893 1408 1042 1453 apostoli-

301 1472 355 1495 cae
379 1463 540 1507 potestatis
565 1462 769 1506 plenitudine,
794 1472 828 1496 ac
854 1462 892 1495 de
916 1472 1043 1495 venera—

300 1515 410 1549 bilium
446 1516 579 1549 fratrum
610 1522 793 1549 nostrorum
824 1520 948 1549 sanctae
980 1516 1041 1548 Ro-

299 1580 410 1602 manae
434 1570 591 1603 Ecclesiae
614 1570 821 1603 cardinalium
846 1569 980 1603 consilio
1011 1574 1042 1601 ct

299 1634 449 1664 assensu,
474 1623 729 1657 constitutionem
754 1628 784 1656 et.
814 1622 1042 1656 caeremoniale

299 1676 459 1721 praedicta
480 1687 551 1710 cum
576 1677 723 1710 omnibus
747 1682 777 1709 et
801 1676 931 1719 singulis
947 1677 978 1709 in
998 1676 1042 1709 eis

300 1734 330 1764 et
355 1741 466 1764 eorum
491 1731 632 1775 quolibet
663 1731 816 1764 contentis
841 1731 988 1764 clausulis
1014 1735 1043 1764 et

301 1783 436 1817 decretis
452 1784 511 1817 hac
527 1785 636 1818 nostra
649 1789 804 1828 perpetuo
821 1784 955 1817 valitura
973 1794 1043 1818 con-

302 1837 470 1879 stitutione,
487 1838 658 1882 apostolica
675 1838 869 1880 auctoritate,
890 1844 1043 1883 perpetuo

303 1891 527 1924 confirmamus
541 1897 571 1924 et
587 1891 812 1936 approbamus,

347 1945 362 1988 ἓ
384 1944 415 1977 4.
432 1945 537 1988 anue
561 1946 655 1978 etiam
678 1950 831 1989 perpetuo
849 1946 880 1978 in
897 1945 1043 1979 omnibus

302 1998 416 2031 suturis
446 1999 660 2032 Romanorum
692 1999 880 2032 Pontificum
911 1999 1040 2032 electio-

301 2051 394 2085 nibus
418 2052 553 2086 firmiter
578 2056 607 2087 et
630 2052 850 2086 inviolabiliter
867 2052 1043 2098 *observari

302 2106 514 2150 praecipimus
539 2111 569 2139 et
592 2106 788 2148 mandamus,
809 2117 845 2140 ac
869 2106 1044 2149 derogatio-

301 2169 373 2192 nem
390 2160 422 2192 in
440 2160 550 2193 eadem
569 2160 790 2194 constitutione
806 2160 880 2193 dicti
897 2159 1042 2203 Gregorii

302 2213 552 2256 praedecessoris
585 2214 736 2247 insertam
766 2224 891 2260 semper
917 2213 1042 2256 vigere,

303 2276 454 2310 suamque
478 2267 541 2300 vim
566 2268 728 2312 perpetuis
753 2268 868 2301 suturis
896 2267 1044 2312 tempori-

302 2319 362 2352 bus
379 2320 521 2354 obtinerc
541 2321 752 2355 decernimus.

348 2373 362 2416 5
376 2372 404 2406 5.
421 2373 491 2407 Non
507 2373 711 2417 obstantibus,
727 2380 880 2419 quatenus
897 2385 977 2419 opus
995 2374 1043 2416 sit,

304 2427 340 2458 ea
357 2425 389 2458 in
406 2431 504 2469 parte,
517 2438 579 2470 qua
594 2428 811 2471 praesentibus
827 2428 1043 2469 adversentur,

304 2479 490 2512 recolendae
509 2481 681 2514 memoriae
697 2481 865 2514 Alexandri
886 2481 987 2525 Papae
1003 2481 1043 2514 III

303 2533 449 2566 similiter
472 2533 724 2577 praedecessoris
742 2534 842 2568 nostri
866 2535 898 2566 in
922 2535 1045 2567 Latera-

301 2586 391 2620 nensi
419 2597 499 2631 quae
519 2588 644 2633 incipit:
669 2589 767 2631 Licet,
788 2589 826 2623 de
850 2589 996 2630 vitanda,
1015 2594 1045 2622 et

303 2641 554 2687 quibuscumque
570 2642 638 2677 aliis
654 2643 748 2678 etiam
765 2644 797 2677 in
812 2643 1044 2679 universalibus

1076 284 1216 317 conciliis
1229 283 1319 317 editis
1343 281 1617 316 constitutionibus
1643 287 1671 314 et
1695 282 1818 314 ordina-

1077 338 1215 371 tionibus
1250 337 1451 382 apostolieis,
1475 341 1505 370 et
1539 335 1817 369 consuctudinibus

1076 392 1169 424 etiam
1195 391 1508 432 immetuorabilibus,
1526 402 1561 423 ac
1582 390 1729 423 omnibus
1747 389 1817 428 illis,

1076 454 1157 487 quae
1190 445 1291 477 dictus
1326 445 1497 486 Gregorius
1527 443 1751 487 praedecessor
1787 442 1816 474 in

1077 498 1298 531 constitutione
1325 502 1355 531 ct
1391 498 1630 531 coeremonialis
1655 496 1818 530 confirma-

1076 551 1161 584 tione
1174 551 1342 595 praedictis
1358 552 1455 585 voluit
1467 562 1529 585 11011
1547 552 1680 585 obstare.
1699 550 1817 590 Quibus

1077 604 1233 645 omnibus,
1259 605 1380 637 etiamsi
1401 604 1439 637 de
1460 605 1529 646 illis,
1552 614 1725 648 eorumque
1747 604 1818 637 totis

1077 658 1239 691 tenoribus
1263 658 1417 702 specialis,
1435 658 1580 702 specifica
1605 663 1634 690 ct
1658 668 1817 701 expressa,

1077 721 1140 745 non
1164 717 1268 744 autem
1294 722 1352 755 per
1376 712 1531 744 clausulas
1556 712 1718 754 generales
1735 711 1817 743 idem

1077 765 1294 809 importantcs,
1320 765 1438 798 mentio
1463 775 1516 798 seu
1542 764 1669 808 quaevis
1686 764 1745 796 alia
1769 774 1819 796 ex-

1077 818 1199 862 pressio
1224 819 1262 851 ad
1287 819 1347 852 boc
1371 818 1523 852 servanda
1554 818 1650 858 soret,
1677 817 1817 850 omnium

1077 878 1108 905 et
1132 873 1329 916 singulorum
1351 879 1485 914 tenores,
1502 883 1537 905 ae
1554 872 1579 905 si
1604 872 1642 904 de
1666 871 1763 904 verbo
1781 871 1818 903 ad

1079 927 1208 959 verbum
1234 927 1488 971 exprimerentur
1521 930 1551 959 ct
1583 925 1818 963 insererentur,

1078 979 1298 1023 praesentibus
1322 991 1381 1024 pro
1406 979 1598 1013 sufficienter
1615 977 1773 1022 expressis
1790 983 1820 1010 et

1077 1033 1203 1066 insertis
1227 1033 1388 1075 habentes,
1406 1033 1468 1066 illis
1492 1032 1595 1076 quoad
1620 1032 1741 1075 reliqua
1754 1041 1820 1064 om-

1076 1087 1138 1128 nia,
1156 1097 1237 1131 quae
1263 1087 1478 1121 constitutioni
1510 1087 1586 1120 dicti
1614 1085 1758 1129 Gregorii
1790 1090 1820 1118 et

1077 1141 1299 1174 caeremoniali
1332 1140 1520 1185 praedietis,
1546 1143 1575 1174 et
1604 1139 1677 1172 huic
1710 1143 1819 1172 nostro

1076 1199 1260 1238 praecepto,
1286 1194 1432 1227 mandato
1456 1198 1486 1227 et
1511 1193 1637 1227 decreto
1661 1203 1724 1226 non
1748 1196 1819 1225 sunt

1076 1248 1293 1290 repugnantia,
1318 1247 1350 1280 in
1374 1258 1430 1281 suo
1450 1246 1565 1281 robore
1590 1246 1816 1291 permansuris,

1077 1300 1190 1333 barum
1215 1300 1295 1334 serie
1320 1300 1358 1334 de
1383 1301 1477 1334 simili
1502 1300 1697 1345 plenitudine
1717 1305 1819 1344 potes-

1077 1353 1147 1386 tatis
1171 1354 1361 1397 derogamus
1382 1360 1412 1387 et
1436 1354 1623 1397 derogatum
1644 1364 1712 1387 esse
1736 1353 1819 1387 volu-

1076 1418 1157 1448 mus,
1171 1412 1201 1441 et
1220 1408 1300 1441 hanc
1312 1413 1452 1442 nostram
1473 1408 1708 1452 derogationem
1727 1418 1819 1441 suum

1076 1461 1195 1504 pariter
1215 1462 1360 1495 effectum
1385 1467 1538 1506 perpetuo
1563 1462 1712 1506 consequi
1732 1461 1820 1495 iube-

1077 1525 1156 1556 mus,
1175 1515 1351 1559 ceterisque
1372 1516 1538 1549 contrariis
1555 1516 1818 1559 quibuscumque.

1121 1568 1136 1610 g
1161 1567 1189 1601 6.
1222 1569 1304 1601 Nulli
1330 1579 1406 1612 ergo
1439 1569 1566 1602 omnino
1593 1569 1758 1602 hominum
1782 1567 1819 1600 li—

1077 1627 1153 1662 ceat,
1167 1622 1249 1655 hanc
1261 1623 1406 1665 paginam
1420 1628 1544 1656 nostrae
1559 1621 1817 1663 confirmationis,

1077 1676 1324 1720 approbationis,
1343 1676 1511 1719 praecepti,
1525 1675 1673 1716 mandati,
1691 1675 1818 1716 decreti,

1077 1729 1301 1772 derogationis,
1316 1729 1484 1762 voluntatis
1501 1734 1531 1762 et
1545 1729 1691 1762 iussionis
1715 1728 1821 1761 iufrin—

1077 1793 1162 1825 gere,
1187 1783 1235 1816 vel
1260 1784 1287 1815 ei
1312 1793 1390 1815 ausu
1417 1782 1583 1816 temerario
1601 1782 1768 1816 contraire.
1789 1781 1821 1814 Si

1077 1836 1147 1880 quis
1171 1841 1275 1869 autem
1300 1836 1360 1869 hoc
1384 1840 1537 1869 attentare
1561 1835 1820 1880 praesumpserit,

1078 1890 1326 1933 indignationem
1347 1890 1573 1934 omnipotentis
1600 1889 1655 1922 Dei
1684 1899 1719 1921 ac
1747 1888 1819 1921 bea-

1078 1949 1183 1977 torum
1203 1944 1286 1977 Petri
1310 1949 1339 1977 et
1364 1944 1450 1977 Pauli
1470 1943 1687 1988 apostolorum
1705 1943 1771 1975 eius
1789 1952 1821 1975 se

1077 1997 1200 2030 noverit
1217 1997 1430 2030 incursurum.

1121 2051 1233 2084 Datum
1256 2051 1383 2091 Romae,
1405 2050 1489 2094 apud
1512 2050 1541 2083 S.
1565 2051 1713 2090 Petrum,
1739 2060 1820 2083 anuo

1077 2104 1303 2138 incarnationis
1328 2105 1510 2138 Dominicae
1526 2114 1657 2138 Mncxxv
1673 2103 1690 2144 ¹,
1712 2104 1820 2147 quinto

1078 2159 1225 2192 kalendas
1265 2159 1438 2201 februarii,
1476 2158 1678 2203 pontificatus
1718 2158 1819 2191 nostri

1078 2223 1159 2246 anno
1180 2223 1224 2246 111.

1112 2277 1173 2304 Dat.
1191 2276 1234 2304 die
1250 2276 1283 2304 ⁵28
1299 2275 1413 2304 ianuarii
1435 2275 1512 2311 1625,
1534 2275 1630 2311 pontif.
1648 2283 1718 2302 anno
1734 2281 1773 2303 111.

1249 2346 1299 2397 ffl
1325 2347 1410 2384 EGO
1439 2347 1647 2383 unssttuus

1152 2417 1349 2441 CATHOLtCAE
1374 2415 1541 2440 ECCLEsLOE
1566 2414 1746 2439 Episcopus.

1077 2481 1099 2521 †
1124 2479 1190 2522 Ego
1203 2478 1389 2512 Franciscus
1406 2478 1501 2511 Maria
1518 2478 1686 2522 episcopus
1704 2476 1821 2511 Ostien-

1166 2533 1218 2574 sis,
1243 2537 1367 2566 sanctae
1392 2532 1550 2565 Romanae
1574 2531 1733 2565 Ecclesiae
1755 2541 1822 2565 car-

1114 2606 1125 2632 1
1143 2605 1183 2632 Ita
1198 2604 1280 2632 etiam
1295 2605 1339 2633 ed.
1356 2603 1514 2638 Cherubin.;
1532 2602 1580 2632 sed
1598 2604 1638 2631 vel
1652 2609 1768 2632 MDcxxvl
1785 2602 1822 2631 le:

1076 2651 1205 2687 gendum,
1222 2650 1265 2678 vel
1281 2650 1376 2686 pontif.
1394 2658 1465 2678 anno
1481 2656 1499 2676 11
1515 2650 1556 2684 (11.
1574 2649 1617 2683 r).

1718 224 1782 257 4⁹20
1831 233 1878 258 An.
1896 233 1922 259 c.
1948 232 2016 259 loeo

1862 1574 1981 1594 Ctaumtsw.

1872 2353 1944 2383 Papae
1973 2353 2021 2374 suh-

1835 2383 1930 2406 εει-111110,

1850 2487 1873 2507 Et
1881 2487 2020 2507 cardinalium

1835 2514 2010 2540 subscriptiones,
