2269 3235
100 249 151 276 An.
167 248 196 276 C.
214 248 280 275 1626

100 293 412 339 §satiens-auctio-nedicti
435 293 693 337 Congregationis
724 293 914 327 Cassinensis
945 293 1037 326 nobis

100 343 149 358 ⁰¹³⁰
165 338 238 362 “¹³¹²''
297 358 398 391 nuper
415 348 526 392 exponi
548 348 627 390 sccit,
645 347 833 381 venerabilis
857 347 954 379 sratcr
978 348 1037 379 An-

298 401 400 435 tonius
432 402 598 445 episcopus
623 401 819 444 Vigiliensis,
850 405 925 433 tunc
949 399 1036 432 Sedis

297 455 494 498 Apostolicae
521 454 551 487 in
574 453 716 498 partibus
732 452 890 485 inferioris
910 452 1036 485 Germa-

297 508 366 540 niae
401 508 548 550 nuntius,
580 506 740 540 monachis
779 505 1036 548 Congregationis

298 561 523 594 Bursseldensis
539 560 677 594 eiusdem
695 558 829 599 Ordinis,
850 563 884 591 ut
902 558 933 591 in
950 569 1037 602 prae-

298 614 389 647 dietis
416 619 446 647 ct
476 614 544 646 aliis
574 612 759 646 Germaniae
794 611 935 655 partibus
963 611 1033 644 seli--

299 666 438 700 cioribus
466 666 497 699 in
520 665 586 698 dies
608 664 799 708 proficerent
825 663 1035 706 incrementis,

300 731 396 753 unum
431 719 570 753 eiusdem
603 718 861 760 Congregationis
896 717 1034 751 semina-

300 775 380 807 rium
413 774 445 806 in
476 773 598 806 civitate
630 772 828 813 Coloniensi,
856 772 913 805 sub
944 771 1037 805 certis

299 827 392 860 modo
416 832 446 859 et
469 826 572 859 forma
595 830 669 858 tune
693 825 866 869 expressis,
903 825 1038 859 erexerit

298 885 328 913 et
352 880 530 920 instituerit,
548 885 578 912 et
594 890 652 923 pro
676 879 758 912 felici
783 879 924 913 eiusdem
949 879 1038 912 semi-

296 933 378 965 narii
394 933 549 976 regimine
568 937 662 976 atque
682 932 855 966 directione
871 932 1038 966 nonnullas

298 986 535 1020 constitutiones
555 986 661 1028 edidit,
674 986 792 1020 tenoris
810 985 1037 1030 subsequentis,

298 1039 459 1074 ridelicet:
984 1046 987 1049 ·

101 1168 284 1217 ιιοξέςίξξὲξξξὲζ
299 1165 407 1210 LeyeS,
424 1166 452 1199 si
457 1176 489 1199 ve
501 1165 633 1209 repulsae
648 1165 821 1199 seminarii
833 1164 1040 1198 Benedictini

101 1215 216 1243 ”meda-‘1
231 1222 280 1243 ΝΠ·
344 1231 365 1253 α
380 1220 446 1253 RR.
464 1220 536 1253 ΡΡ.
559 1219 693 1252 Πηίοηίε
714 1218 956 1261 Bnrsfeldensz's
972 1228 1039 1251 ere-

344 1274 386 1306 cti
420 1274 457 1306 in
488 1272 579 1306 alme
609 1273 821 1306 universitate
857 1272 1041 1307 Coloniensi

344 1337 431 1360 anno
456 1336 586 1360 iincxvl.

520 1433 567 1466 De
593 1432 816 1466 admittendis,

138 1527 216 1554 Regula
232 1527 248 1548 1.

143 1565 173 1585 De
192 1564 285 1590 discipti-

103 1593 130 1612 na
145 1592 236 1617 regulari
255 1594 285 1612 te-

103 1618 185 1643 nenda,

344 1521 504 1564 Religiosi,
529 1521 583 1564 qui
607 1521 646 1554 ad
669 1521 730 1555 hoc
754 1521 969 1563 seminarium,
991 1530 1043 1553 au-

301 1575 444 1608 ctoritate
464 1575 636 1618 apostolica
656 1581 806 1615 erectum,
823 1575 871 1607 vel
895 1578 967 1608 sunt
983 1584 1041 1618 pro

300 1634 443 1672 tempore
467 1628 621 1670 destinati,
646 1628 695 1661 vel
719 1628 926 1671 imposterum
950 1627 1042 1660 desti-

300 1682 404 1725 nandi,
418 1687 488 1715 ante
502 1682 607 1715 onmia
620 1682 680 1715 sibi
695 1692 883 1726 persuasum
896 1681 1041 1721 habeant,

300 1736 384 1779 quod
407 1746 471 1769 non
495 1736 592 1769 animi
617 1736 718 1779 gratia
743 1735 781 1768 ad
799 1735 970 1777 otiandum,
990 1740 1042 1768 aut

302 1788 480 1821 ducendum
505 1789 537 1821 in
560 1789 650 1822 bonis
679 1789 746 1822 dies
776 1799 849 1822 suos
878 1788 1042 1821 mittantur

304 1842 351 1874 vel
376 1846 554 1884 evocentur,
573 1842 627 1876 scd
649 1847 685 1875 ut
708 1842 765 1875 sub
790 1841 911 1884 eodem,
933 1841 987 1885 qui
1011 1841 1043 1874 in

303 1896 502 1928 monasteriis
526 1901 591 1938 cst,
616 1901 669 1928 aut
700 1896 872 1929 secundum
900 1896 1042 1938 regulam

304 1959 371 1982 esse
401 1949 539 1989 deberet,
571 1949 678 1992 rigore
706 1949 898 1992 disciplinae,
932 1949 1042 1989 saeris,

304 2002 351 2034 vel
376 2002 479 2043 etiam,
501 2001 616 2045 quibus
640 2013 720 2046 opus
744 2002 812 2043 erit,
833 2001 974 2046 profanis
998 2002 1044 2034 lit-

304 2055 378 2088 teris
402 2055 590 2096 insudantes,
604 2056 668 2088 Deo
692 2060 722 2088 et
746 2059 869 2089 sanctae
887 2055 1043 2088 Ecclesiae

303 2108 335 2140 in
358 2108 468 2141 ordine
492 2119 548 2141 suo
573 2108 706 2151 gratiam
738 2108 905 2152 aliquando
932 2112 962 2142 et
990 2108 1044 2141 uti-

302 2162 365 2194 lem
387 2167 546 2206 praestent
569 2172 717 2206 operam;
742 2162 878 2205 ideoque
903 2162 934 2194 in
957 2162 1044 2194 nullo

305 2215 349 2247 eis
364 2225 382 2247 a
396 2215 558 2259 praedicto
571 2215 678 2258 rigore
694 2215 878 2260 disciplinae
895 2215 1044 2249 recedere

304 2266 427 2308 licebit,
446 2268 506 2301 nisi
529 2268 561 2300 in
584 2268 622 2301 iis
646 2268 823 2309 dumtaxat,
851 2279 931 2312 quae
956 2279 1045 2312 prae-

305 2320 390 2361 sidis,
413 2322 624 2364 praelatorum
649 2322 984 2366 superintendentium,
1009 2332 1045 2355 ac

305 2374 443 2416 regentis
467 2375 582 2409 iudicio
606 2376 680 2409 huic
702 2377 773 2410 loco
797 2380 828 2411 et
859 2376 952 2410 statui
977 2386 1046 2410 cen-

306 2428 458 2462 sebuntur
481 2428 738 2473 incompatibilia.

351 2481 385 2514 In
409 2481 566 2515 mittendis
590 2482 629 2514 ad
654 2483 859 2516 seminarium
889 2483 1046 2526 religiosis

307 2534 520 2577 advigilabunt
536 2536 676 2578 praelati,
693 2541 727 2569 ut
746 2537 822 2570 tales
842 2537 976 2577 mittant,
992 2536 1047 2580 qui

309 2600 346 2622 ex
370 2589 480 2622 studiis
505 2589 641 2632 aliquem
665 2600 722 2623 suo
747 2594 889 2634 tempore
908 2590 1047 2624 fructum

309 2642 428 2687 possint
440 2647 614 2687 reportare,
627 2643 687 2677 hoc
700 2648 747 2678 est
762 2653 826 2678 non
837 2643 930 2678 nimis
947 2648 1047 2678 aetate

136 2495 215 2520 Regula
235 2494 265 2515 ΙΙ.

136 2530 167 2550 De
174 2532 245 2551 aetate
255 2530 292 2551 ad-

109 2557 264 2579 mittendorum.

904 245 1046 270 URBANUS
1070 244 1127 268 VIII
1151 245 1199 268 ΡΡ.

1713 233 1777 265 485
1824 243 1871 269 An.
1893 243 1920 269 c.
1940 243 2007 270 ωεστ

1071 297 1245 335 provectos,
1263 296 1315 324 aut
1339 294 1473 331 teneros,
1492 289 1546 323 sed
1571 289 1756 330 medioeres,
1770 291 1808 322 ab

1071 355 1152 378 anno
1169 344 1291 378 decimo
1309 349 1419 378 octavo
1437 354 1536 387 usque
1559 343 1597 375 ad
1622 342 1809 386 vigesimum

1071 397 1225 440 quintum.

1117 450 1154 484 Ut
1177 455 1281 483 autem
1307 451 1442 493 ablegati
1467 461 1503 483 ex
1528 450 1725 483 monasteriis
1750 449 1811 493 pri·
1854 463 1931 487 netum
1948 463 1985 483 m,

1071 513 1157 535 mum
1176 503 1318 535 venerint
1334 503 1372 535 ad
1389 503 1601 545 seminarium,
1616 503 1811 536 deducentur
1827 499 2009 551 „,23,..{}{¹‘³'¹i,‘si'ii.f'-

1070 566 1127 599 per
1151 560 1313 598 regentem
1331 556 1370 588 ad
1393 557 1692 589 reverendissimi1111
1710 556 1810 589 domi·
1826 553 1909 573 *¹⁴⁰⁴*

1071 618 1144 641 num
1170 608 1365 651 praesidem,
1390 609 1438 641 vel
1463 609 1492 641 in
1518 609 1584 641 eius
1608 609 1749 643 absentia
1773 609 1810 642 ad

1071 662 1246 705 praelatum
1263 662 1399 705 aliquem
1420 662 1740 705 superintendentem,
1761 674 1812 696 eo-

1072 725 1205 758 rumque
1236 715 1358 757 reg-enti
1389 715 1573 758 promittent
1601 716 1811 748 obedientiam

1071 773 1230 812 tamquam
1247 768 1351 801 abbati
1376 779 1433 801 suo
1457 768 1511 801 illo
1531 769 1639 801 saltem
1662 774 1811 812 tempore,

1072 832 1134 866 quo
1150 822 1182 854 in
1202 821 1371 855 seminario
1389 832 1443 855 eos
1460 832 1587 854 manere
1605 821 1781 864 contigerit.

1116 875 1283 909 Manebunt
1299 881 1405 909 autem
1430 886 1548 916 omnes,
1567 875 1620 919 qui
1644 875 1744 918 frugis
1761 876 1814 907 ali-

1072 940 1166 973 quam
1184 940 1271 973 spem
1285 929 1439 971 dederint,
1452 933 1521 973 post
1536 940 1664 962 cursum
1678 929 1814 973 philoso-
1830 952 1875 974 m„
1900 952 2012 976 ,ΙΗΜΜ

1072 983 1202 1027 phicum
1235 983 1267 1015 in
1296 983 1474 1025 theologico
1507 982 1610 1015 studio
1635 993 1692 1026 per
1716 992 1814 1015 annos
1830 978 2011 1025 ¹¹}3„„,‚f¹²¹¹'¹¹'¹¹'

1072 1041 1218 1080 quatuor,
1233 1047 1335 1080 neque
1359 1036 1491 1069 arbitrio
1511 1037 1725 1080 praelatorum
1746 1046 1815 1068 suo-

1073 1100 1144 1123 rum
1154 1094 1225 1123 ante
1242 1089 1484 1133 quadriennium
1498 1089 1658 1123 evolutum
1672 1089 1814 1122 revocari

1072 1147 1221 1186 poterunt
1238 1143 1355 1186 absque
1372 1142 1548 1176 rationabili
1563 1148 1592 1175 ct
1612 1142 1699 1185 gravi
1711 1143 1815 1182 causa,

1073 1206 1168 1239 quam
1192 1201 1227 1229 ut
1248 1197 1341 1229 talem
1365 1196 1548 1240 praesidens
1571 1207 1643 1229 cum
1668 1196 1816 1240 praelatis

1074 1249 1414 1293 superintendentibus,
1435 1249 1541 1283 audito
1565 1249 1658 1282 etiam
1683 1249 1816 1282 consilio

1074 1303 1223 1347 regentis,
1240 1303 1475 1348 approbaverit.

1857 889 1933 913 Ιίιηιιῖιι
1951 889 1982 909 ll'⁴

1851 925 1915 944 (Zur-u
1933 925 2012 945 nasuta·

1338 1385 1385 1418 De
1409 1389 1547 1429 reqente.

1119 1465 1252 1507 Regens,
1272 1475 1365 1509 quern
1382 1465 1528 1498 dominus
1546 1465 1727 1509 praesidens
1744 1476 1815 1499 eum
1868 1476 1945 1502 amm
1966 1476 1983 1496 r.

1076 1518 1206 1551 consilio
1223 1519 1437 1562 praelatorum
1458 1519 1711 1563 supradictorum
1728 1519 1816 1552 semi-

1075 1570 1165 1604 nario
1182 1571 1378 1614 praefecerit,
1396 1582 1465 1604 eam
1480 1576 1665 1615 potestatem
1678 1572 1816 1612 habebit,

1076 1634 1169 1667 quam
1187 1624 1304 1656 habent
1323 1624 1451 1657 abbates
1471 1625 1503 1657 in
1527 1625 1591 1657 suis
1608 1625 1816 1667 monasteriis,

1075 1676 1267 1718 absolvendi,
1284 1677 1422 1720 inquam,
1440 1678 1478 1710 ab
1493 1678 1639 1711 omnibus
1653 1678 1775 1711 casibus
1789 1684 1816 1710 et

1077 1730 1228 1771 censuris,
1246 1741 1262 1763 a
1284 1731 1398 1774 quibus
1423 1731 1586 1764 absolvere
1611 1735 1741 1775 possunt
1758 1732 1818 1775 ipsi

1076 1785 1213 1818 abbates.
1248 1786 1326 1817 Item
1351 1785 1591 1818 administrandi
1616 1785 1819 1829 temporalia,

1077 1838 1285 1872 constituendi
1303 1844 1331 1872 et
1352 1839 1540 1881 assumendi,
1558 1850 1629 1872 eum
1655 1850 1735 1883 opus
1755 1840 1820 1872 sue-

1077 1892 1134 1933 rit,
1157 1892 1306 1925 officiales
1324 1897 1354 1924 et
1371 1892 1543 1933 ministros,
1561 1893 1614 1935 qui
1631 1893 1708 1924 nihil
1726 1903 1820 1935 agere

1077 1949 1224 1989 poterunt
1248 1945 1326 1979 eitra
1354 1945 1453 1989 ipsius
1482 1946 1684 1986 voluntatem,
1713 1946 1820 1989 illique

1078 1999 1109 2032 in
1139 1999 1286 2033 omnibus
1313 2000 1523 2033 reverentiam
1552 2005 1583 2033 et
1610 2000 1820 2033 obedientiam

1078 2053 1284 2094 exhibebunt,
1302 2053 1381 2087 sicut
1397 2054 1538 2097 praelato
1556 2064 1621 2087 suo.

1122 2108 1245 2150 Regens
1262 2107 1293 2139 in
1307 2107 1553 2147 difficultatibus,
1575 2107 1600 2139 si
1616 2117 1695 2150 quae
1713 2117 1821 2140 occur·
1864 2117 1942 2143 netum
1961 2117 1992 2137 w.

1078 2166 1158 2201 rant,
1179 2161 1218 2193 ad
1241 2161 1419 2204 praesidem
1439 2166 1593 2201 recurret,
1618 2161 1665 2193 rel
1691 2153 1820 2193 abbates
1836 2153 1902 2200 „³223
1917 2153 1945 2199 ”1¹ss
1961 2159 2021 2199 [ζῖῗῃῖἶ

1079 2214 1381 2258 superintendentes,
1398 2224 1477 2258 quos
1493 2214 1586 2246 etiam
1600 2213 1638 2246 ad
1656 2213 1820 2246 consilinm
1837 2206 2022 2257 {ffiffssjs'ssffssbeffi}

1079 2272 1108 2300 et
1121 2267 1271 2300 auxilium
1286 2267 1329 2299 illi
1346 2266 1579 2311 praestandum,
1592 2267 1737 2300 volumus
1754 2276 1822 2299 esse

1079 2320 1266 2363 obbligatos.

1123 2374 1251 2408 Curabit
1275 2384 1397 2417 regens,
1422 2378 1457 2406 ut
1474 2373 1621 2406 exercitia
1642 2372 1718 2406 fiant
1733 2373 1822 2406 horis
1860 2386 1939 2412 nequa
1958 2385 1999 2406 rn.

1080 2427 1351 2472 competentibus:
1370 2428 1455 2468 item,
1471 2433 1506 2460 ut
1526 2427 1684 2460 studentes
1710 2432 1773 2459 tam
1790 2427 1822 2459 in
1838 2422 2022 2473 αξιζῖζζζῆξῧὲἷᾞῗῖ

1081 2483 1155 2514 vera
1179 2481 1370 2523 humilitate,
1396 2491 1490 2524 quam
1516 2480 1547 2512 in
1572 2480 1701 2513 scientia
1724 2480 1822 2524 profi-
1838 2481 1898 2500 ’Μ’-ζ

1081 2534 1174 2574 ciant,
1193 2534 1329 2568 attendet
1354 2544 1431 2576 ergo
1448 2540 1478 2566 et
1493 2533 1674 2576 advigilabit
1690 2533 1822 2576 diligen-

1080 2593 1140 2630 ter,
1150 2598 1189 2621 ne
1200 2592 1323 2632 tempus
1334 2587 1486 2621 inutiliter
1497 2592 1690 2629 consumant,
1698 2598 1738 2627 ne
1750 2592 1824 2620 tem-

1080 2653 1158 2687 pore
1183 2642 1277 2676 studii
1302 2642 1496 2676 discursibus
1516 2646 1546 2675 et
1569 2641 1681 2675 fabulis
1703 2646 1822 2675 vacent.

1871 1512 1900 1532 D.—
1923 1514 2016 1535 regenti<

1832 1541 1958 1559 aua-{oritate
1996 1541 2017 1559 et

1833 1566 1923 1586 militi-tu».
