2269 3235
108 243 158 269 Α11,
176 241 204 267 C.
229 241 294 268 1624

174 1264 289 1296 Derogatio

105 1294 266 1313 cunti-ariorum.

915 241 1055 265 unnxxus

303 288 402 321 marie
420 288 458 321 dc
475 298 537 321 11011
552 293 617 321 tuto
632 300 769 329 accessu,
783 288 908 328 citandi,
927 289 1043 332 eisquc,

303 351 340 375 ac
361 341 476 385 quibus
502 346 531 374 et
555 341 676 386 quoties
701 341 906 375 inhibendum
931 341 1042 381 suerit,

303 394 397 427 ctiam
423 405 480 438 per
505 395 606 428 simile
630 394 778 435 edietum,
796 394 898 439 quoad
924 393 1044 427 archic-

303 447 453 492 piscopos
477 452 506 482 et
530 449 694 493 episcopos
727 448 784 481 sub
809 447 966 481 interdicti
992 447 1040 479 in-

303 512 430 544 gressus
447 502 612 543 eeclesiae,
637 512 700 546 quo
724 511 798 534 vero
815 501 854 534 ad
871 501 948 534 alios
972 501 1045 534 inse-

304 554 413 596 riores,
432 555 524 588 etiam
542 556 600 589 sub
620 555 762 588 censuris
782 554 1001 588 ecclesiasticis
1016 559 1045 587 et

304 608 397 641 ctiam
422 608 626 652 pecuniariis,
651 619 761 642 eorum
787 608 918 641 arbitrio
942 608 1044 652 impo-

303 662 422 703 nendis,
444 660 642 696 m'oderandis
658 667 688 694 et
705 661 900 705 applicandis
925 661 1044 706 poenis,

304 714 486 755 inhibendi,
510 724 632 748 necnon
656 725 729 757 eos,¹
744 725 823 758 quos
848 725 998 748 censuras
1016 719 1045 747 et

303 778 421 812 poenas
445 768 620 813 praedictas
644 767 816 801 incurrisse
849 768 1044 809 constiterit,

305 832 356 854 eas
376 821 557 861 incurrisse,
576 822 699 854 servata
716 821 818 855 forma
835 821 966 855 Concilii
982 821 1046 855 Tri-

303 874 432 914 dentini,
446 874 640 915 declarandi,
657 885 703 916 ae,
720 875 870 918 legitimis
889 886 984 919 super
1000 875 1046 908 lit-

302 928 379 962 teris
402 927 554 962 habendis
579 929 710 962 servatis
732 929 953 973 processibus,
978 940 1046 963 cen-

303 992 393 1015 suras
407 985 436 1016 et
449 992 566 1026 poenas
579 982 664 1026 ipsas
677 982 771 1015 etiam
789 983 908 1016 iteratis
926 983 1046 1016 vicibus

303 1036 506 1080 aggravandi‚
520 1036 749 1080 reaggravandi
774 1042 804 1070 et
827 1037 1045 1077 interdicendi,

303 1090 430 1134 plenam
455 1095 485 1123 ct
509 1090 652 1131 liberam,
670 1096 767 1131 motu,
785 1091 923 1131 scientia,
944 1096 1047 1124 aucto-

303 1143 395 1177 ritate
409 1149 438 1176 et
456 1148 563 1177 tenore
580 1144 773 1188 praemissis,
791 1144 993 1177 concedimus
1006 1144 1047 1177 fa-

305 1197 460 1232 cultatem.

348 1252 363 1295 g
387 1251 438 1284 11.
468 1251 537 1285 Non
561 1249 757 1284 obstantibus
783 1251 986 1294 praemissis,
1010 1261 1046 1284 ac

303 1305 373 1349 piae
398 1305 571 1339 memoriae
588 1305 737 1338 Bonisacii
753 1305 853 1349 Papae
871 1305 935 1338 VIII
953 1305 1045 1338 etiam

302 1359 554 1402 praedecessoris
589 1358 710 1400 nostri,
738 1369 799 1403 qua
828 1363 956 1392 cavetur
987 1370 1042 1392 ex-

302 1422 420 1456 presse,
445 1423 483 1445 ne
508 1412 578 1456 quis
602 1417 690 1445 extra
715 1423 803 1445 suam
828 1412 984 1445 civitatem
998 1413 1045 1446 101

303 1465 472 1499 dioecesim
487 1493 494 1507 ,
519 1466 579 1499 nisi
604 1466 636 1499 in
661 1466 754 1500 certis
786 1472 859 1499 tune
891 1466 1046 1510 expressis

303 1519 438 1560 casibus,
452 1525 482 1552 et
497 1520 527 1552 in
541 1519 602 1552 illis
615 1520 697 1554 ultra
711 1530 804 1552 unam
818 1520 944 1561 dietam,
954 1530 971 1552 a
984 1520 1046 1553 tine

304 1583 378 1606 suae
402 1573 553 1607 dioecesis
577 1574 615 1606 ad
639 1573 791 1606 iudicium
808 1579 967 1613 evocetur,
993 1585 1047 1607 seu

304 1638 342 1660 110
359 1627 478 1660 iudices
494 1638 512 1660 a
529 1627 607 1660 Sede
628 1627 791 1670 praedicta
808 1627 947 1670 deputati
959 1632 1047 1660 extra

304 1680 470 1722 civitatem,
498 1680 544 1712 vel
561 1679 741 1722 dioecesim,
767 1680 799 1712 in
823 1679 937 1724 quibus
955 1680 1048 1723 depu-

304 1733 358 1766 tati
371 1733 497 1775 fuerint,
511 1739 621 1767 contra
634 1744 851 1777 quoscumque
865 1733 1047 1777 procedere,

304 1792 356 1820 aut
380 1787 450 1828 alii,
476 1787 523 1820 vel
547 1787 615 1820 aliis
641 1787 724 1820 vices
748 1797 820 1820 suas
851 1787 1047 1821 committere

304 1840 451 1881 audeant,
476 1851 531 1873 seu
555 1845 772 1884 praesumant,
797 1851 833 1873 ac
858 1840 888 1872 in
913 1840 1048 1874 concilio

304 1894 445 1938 generali
459 1893 497 1927 de
515 1893 636 1927 duabus
654 1894 745 1927 dietis
763 1893 856 1936 edita,
874 1894 1048 1928 dummodo

305 1947 375 1992 quis
406 1948 489 1981 ultra
520 1953 584 1980 tres
607 1947 704 1981 dietas
728 1948 837 1991 vigore
863 1948 1047 1981 earumdem

305 2001 517 2045 praesentium
554 2006 641 2035 extra
681 2012 770 2034 suam
806 2002 963 2036 civitatem
1000 2003 1047 2035 101

305 2054 475 2088 dioecesim
493 2054 531 2087 ad
557 2054 708 2088 iudicium
725 2065 787 2087 non
804 2055 958 2095 trahatur,
974 2065 1048 2089 nec-

305 2119 367 2142 non
392 2108 555 2152 quibusvis
572 2108 640 2141 aliis
657 2109 933 2142 constitutionibus
950 2114 980 2142 et
1000 2120 1049 2142 or-

306 2162 518 2196 dinationibus
542 2162 722 2206 apostolicis
753 2173 789 2196 ac
820 2162 895 2196 dicti
924 2162 1047 2197 Ordinis

307 2215 413 2258 (etiam
439 2215 627 2256 iuramento,
653 2216 892 2249 confirmatione
920 2221 1047 2260 aposto-

309 2269 380 2309 lica,
406 2269 454 2302 vel
477 2269 586 2313 quavis
611 2269 758 2303 firmitate
788 2269 847 2302 alia
877 2269 1047 2314 roboratis)

308 2322 439 2363 statutis,
463 2322 634 2366 privilegiis
659 2334 795 2367 quoque,
813 2323 941 2356 indultis
957 2329 987 2356 ct
1004 2324 1049 2357 lit-

309 2375 382 2408 teris
411 2376 611 2420 apostolicis,
637 2377 703 2418 illi,
728 2377 874 2421 illiusque
904 2377 1049 2411 ministro

308 2429 457 2472 generali,
470 2430 724 2473 provincialibus,
736 2431 953 2475 superioribus
962 2442 1050 2475 prae-

307 2483 407 2523 dictis,
421 2493 457 2516 ac
472 2482 540 2516 aliis
557 2484 709 2527 personis,
724 2484 781 2517 sub
799 2485 1049 2529 quibuscumque

308 2537 470 2569 tenoribus
501 2542 531 2569 et
563 2537 691 2578 formis,
717 2548 751 2571 ae
784 2549 856 2571 011111
888 2538 1049 2582 quibusvis

308 2590 456 2624 clausulis
473 2595 503 2623 et
519 2590 664 2631 decretis,
682 2590 713 2623 in
729 2592 922 2625 contrarium
944 2592 1050 2625 forsan

307 2644 554 2688 praemissorum
591 2644 828 2688 quomodolibet
863 2646 1048 2689 concessis,

1083 241 1135 263 1111
1162 240 1207 263 rr.
1729 228 1790 261 2055

1078 286 1271 320 confirmatis
1297 292 1325 319 ct
1350 285 1513 319 innovatis.
1532 284 1820 325 Quibuson'mibns,

1078 341 1198 374 etiamsi
1225 341 1262 373 de
1288 340 1358 381 illis,
1376 349 1549 383 corumque
1571 338 1642 371 totis
1660 338 1819 371 tenoribus

1078 393 1231 437 specialis,
1250 394 1406 437 specifica,
1425 393 1593 433 individua,
1614 402 1649 426 ac
1669 392 1707 424 de
1725 391 1820 424 verbo

1079 446 1116 479 ad
1142 446 1285 487 verbum,
1304 457 1365 479 non
1391 452 1494 479 autem
1516 458 1573 490 per
1597 446 1752 478 clausulas
1772 455 1822 488 gc-

1079 501 1201 533 nerales
1232 500 1314 532 idem
1353 500 1579 544 importantes,
1613 499 1730 532 mentio
1767 509 1821 531 seu

1079 552 1207 597 quaevis
1238 553 1297 585 alia
1322 553 1484 596 expressio
1513 553 1655 585 habenda
1689 557 1741 585 aut
1769 552 1822 584 ali-

1079 616 1140 651 qua
1162 606 1315 650 exquisita
1340 606 1441 639 forma
1465 606 1503 638 ael
1526 606 1585 639 1100
1611 606 1761 639 servanda
1778 616 1823 639 es-

1080 666 1136 701 sct,
1155 661 1215 693 illis
1232 660 1306 693 alias
1331 660 1363 692 in
1387 670 1444 692 5110
1462 659 1576 692 robore
1596 660 1822 703 permansuris,

1080 714 1139 747 hac
1154 714 1220 747 vice
1238 713 1408 753 dumtaxat,
1428 712 1605 756 specialiter
1623 718 1653 744 et
1667 723 1823 756 expresse,

1080 768 1193 801 liarum
1214 767 1304 808 serie,
1322 767 1523 810 derogamus,
1548 766 1724 809 ceterisque
1748 777 1823 799 0011-

1080 821 1184 854 trariis
1219 820 1487 866 quibuscumque:
1520 825 1574 853 aut
1606 819 1631 852 si
1668 813 1825 862 aliquibus

1080 875 1292 908 communiter
1327 875 1376 907 101
1411 873 1536 907 divisim
1571 873 1610 906 ab
1645 872 1753 906 eadem
1787 873 1825 905 sit

1080 928 1158 962 Sede
1184 928 1350 968 indultum,
1374 927 1459 971 quod
1484 927 1639 967 interdici,
1664 926 1824 970 suspendi,

1080 982 1127 1015 101
1153 981 1422 1015 excommunicari
1446 991 1509 1014 non
1543 980 1664 1025 possint
1688 991 1744 1024 per
1768 980 1821 1012 tit-

1080 1041 1162 1069 teras
1187 1036 1375 1079 apostolicas
1394 1045 1456 1068 non
1480 1034 1628 1069 facientes
1652 1034 1776 1078 plenam
1795 1039 1825 1066 et

1081 1099 1260 1133 expressam
1293 1098 1329 1121 ac
1360 1088 1398 1121 de
1430 1088 1526 1121 verbo
1559 1088 1597 1121 ad
1629 1088 1760 1121 verbum
1786 1087 1824 1120 de

1080 1143 1201 1176 indulto
1218 1142 1400 1176 huiusmodi
1418 1142 1621 1175 mentionem.

1124 1197 1139 1240 g
1163 1196 1214 1229 12.
1240 1195 1323 1229 Nulli
1350 1205 1427 1238 ergo
1451 1196 1580 1229 omnino
1604 1195 1770 1229 hominum
1791 1195 1823 1228 li-

1080 1254 1146 1283 ceat
1171 1250 1251 1282 hanc
1275 1249 1421 1293 paginam
1446 1253 1572 1283 nostrae
1596 1249 1822 1290 absolutionis,

1080 1303 1263 1343 voluntatis,
1289 1302 1523 1343 declarationis,
1548 1302 1672 1342 statuti,
1697 1302 1823 1335 ordina-

1081 1355 1190 1396 tionis,
1215 1355 1391 1399 praecepti,
1416 1355 1628 1396 inhibitionis,
1653 1354 1771 1387 decreti
1795 1360 1824 1387 et

1080 1409 1294 1452 derogationis
1314 1409 1497 1452 infringere,
1518 1409 1565 1441 101
1587 1408 1614 1441 01
1634 1419 1712 1441 ausu
1733 1414 1826 1441 teme-

1079 1463 1164 1496 rario
1184 1463 1351 1496 contraire.
1373 1463 1403 1497 Si
1425 1463 1494 1507 quis
1514 1468 1619 1495 autem
1645 1462 1705 1495 1100
1730 1467 1826 1495 atten-

1080 1522 1146 1549 tare
1174 1516 1434 1560 praesumpserit,
1451 1515 1698 1559 indignationem
1728 1515 1825 1548 omni-

1080 1570 1216 1614 potentis
1240 1570 1293 1603 Dei
1321 1581 1356 1603 ac
1380 1570 1546 1603 beatorum
1571 1568 1653 1601 Petri
1685 1574 1714 1601 et
1738 1568 1824 1601 Pauli

1080 1624 1298 1668 apostolorum
1324 1623 1391 1656 eius
1412 1633 1444 1656 se
1464 1623 1587 1656 noverit
1612 1622 1824 1655 incursurum.

1124 1678 1237 1710 Datum
1262 1678 1390 1718 Romae,
1413 1677 1495 1721 apud
1519 1681 1662 1709 sanctum
1688 1677 1825 1716 Petrum,

1081 1741 1163 1763 anno
1196 1730 1422 1764 Incarnationis
1451 1730 1632 1764 Dominieae
1664 1739 1825 1770 nnexxiv,

1081 1784 1183 1829 pridie
1207 1795 1306 1818 nonas
1330 1784 1524 1826 decembris,
1550 1783 1750 1828 pontificatus
1775 1793 1827 1816 no-

1082 1839 1139 1872 stri
1164 1849 1246 1872 anno
1271 1848 1302 1872 11.
1644 1875 1650 1880 ¹

1118 1901 1175 1929 Dat.
1194 1902 1238 1929 die
1258 1902 1274 1929 t
1290 1901 1444 1929 decembris
1461 1900 1539 1934 1624,
1556 1900 1653 1936 pontif.
1672 1908 1741 1928 anno
1762 1907 1791 1927 11.

1836 239 1884 263 An.
1902 237 1928 263 t).
1953 237 2016 263 16⁵.st

1912 1205 2023 1228 ciausutao

1838 1233 1944 1258 poenales.

1424 2017 1482 2051 CII.

1083 2091 1201 2126 Contra
1229 2091 1313 2123 ›nt-tle
1337 2090 1380 2123 ad
1403 2100 1508 2123 sacros
1534 2089 1582 2122 vel
1607 2089 1747 2122 minores
1777 2097 1827 2121 or—

1126 2145 1218 2178 dines
1245 2155 1301 2177 seu
1327 2143 1510 2177 clericalem
1534 2143 1754 2176 characterem
1778 2151 1828 2174 or-

1126 2198 1277 2231 dinantes
1302 2202 1331 2230 ct
1355 2197 1440 2230 1111110
1464 2197 1641 2229 ordinatos.

1288 2270 1425 2296 Urbanus
1446 2269 1524 2303 Papa
1546 2269 1626 2303 VIII,

1213 2315 1249 2341 ad
1264 2319 1441 2349 perpetuam
1456 2314 1501 2341 rei
1517 2313 1698 2341 memoriam.

1128 2377 1262 2411 Secretis
1284 2382 1430 2410 aeternae
1446 2375 1661 2420 providentiae
1679 2375 1827 2417 consiliis,
1844 2382 2029 2430 cn‘iurisii-i'f-'iffi

1083 2432 1169 2464 nullo
1183 2435 1363 2465 nostrorum
1382 2430 1533 2473 suffragio
1550 2429 1747 2470 meritorum,
1762 2440 1829 2474 spe·
1845 2417 1940 2456 dvitincm
2003 2423 2029 2454 ἕω

1084 2486 1240 2519 culatores
1257 2485 1370 2518 domus
1386 2485 1480 2517 lsrael
1506 2484 1537 2517 in
1559 2483 1685 2516 sublimi
1707 2488 1829 2527 aposto-
1844 2462 2024 2511 tiiffssiiff'flss‘ss‘ffl

1084 2540 1163 2571 latus
1192 2538 1328 2571 culmine
1357 2537 1537 2577 constituti,
1563 2547 1600 2570 οο
1625 2536 1827 2580 potissimum

1082 2592 1261 2636 pontificiae
1285 2591 1458 2624 sedulitatis
1487 2590 1589 2624 officia
1616 2589 1827 2623 convertenda

1083 2656 1150 2679 esse
1174 2645 1376 2686 arbitramur,
1395 2649 1425 2677 ut
1446 2644 1499 2688 qui
1520 2644 1551 2676 in
1569 2647 1685 2677 sortem
1703 2642 1825 2676 Domini
