2269 3235
234 277 282 303 Au.
297 277 325 301 (ἶ.
350 275 416 302 1625

280 762 419 782 iuramentum

237 790 262 810 tle
287 789 358 808 nbsvri
365 788 419 807 awti

237 817 343 842 pinon-nti
369 815 419 834 tion·

237 842 354 863 stitutione.
422 845 435 857 Ι

271 1189 369 1209 Eitis-lem
386 1194 423 1214 pu·

239 1216 332 1236 biit-aun,

278 1615 428 1640 'transumpto-

246 1648 332 1667 rumqua
348 1641 407 1661 tides.

264 2039 374 2060 Ctausutae
385 2042 435 2065 poe-

250 2067 316 2088 nates.

461 267 524 299 382

432 323 583 356 servanda
605 323 698 362 soret,
718 324 841 354 tenores
867 318 1059 358 huiusmodi,
1082 329 1117 351 ae
1146 319 1170 351 si

431 376 469 409 de
488 376 584 409 verbo
602 375 639 407 ad
658 374 787 407 verbum
809 377 837 406 et
856 373 957 405 forma
983 372 1013 404 in
1032 372 1092 404 illis
1110 377 1172 404 tra-

433 430 496 462 dita
518 429 683 461 observata
701 426 808 459 inserti
828 427 939 467 forent,
957 425 1172 470 praesentibus

433 493 491 525 pro
516 481 672 525 expressis
696 480 863 521 habentes,
889 479 991 523 quoad
1017 490 1069 519 ea,
1095 489 1173 522 quae

433 535 541 567 iisdem
556 534 772 578 praesentilms
790 533 1006 573 adversantur,
1021 533 1081 565 illis
1098 533 1173 565 alias

433 588 463 619 iu
484 598 540 620 suo
560 587 675 621 robore
700 587 927 631 permansuris,
952 587 1064 619 harum
1094 585 1174 618 serie

434 640 609 683 specialiter
626 646 655 673 et
672 651 817 684 expresse
834 640 1033 682 derogamus,
1052 639 1176 672 ceteris-

434 704 494 736 que
511 694 678 727 contrariis
695 694 955 737 quibuscumque.

481 747 495 789 ξ
516 746 545 779 6.
571 747 721 779 Volumus
749 752 863 787 autem,
889 745 974 789 quod
1005 745 1042 777 de
1071 750 1175 777 cetero

434 799 641 843 patriarchae,
655 800 816 844 primates,
830 797 1057 841 archiepiscopi
1072 803 1101 830 et
1115 796 1177 840 epi-

437 853 534 897 scopi,
552 864 673 886 necnon
691 853 828 893 abbates,
846 852 1017 895 praesules,
1034 850 1176 893 praelati,

437 907 551 950 aliique
572 906 701 950 praefati
726 906 757 937 in
782 905 850 937 aliis
868 903 1052 936 iuramentis
1076 902 1114 934 ab
1140 902 1177 934 iis

436 959 641 1003 praestandis,
655 958 692 991 de.
706 957 861 1001 praesenti
874 956 967 989 etiam
981 954 1179 988 Constitutio-

436 1022 474 1044 ne
496 1011 646 1044 servanda
664 1010 792 1043 omnino
810 1010 915 1042 iurare
933 1012 1112 1047 teneantur;

481 1066 496 1107 ,ξ
522 1065 550 1098 7.
576 1066 708 1108 Ipsaque
736 1063 919 1097 constitutio
952 1063 983 1094 in
1010 1061 1179 1105 quinterno

438 1118 641 1151 cancellariae
659 1117 847 1161 apostolieae
865 1116 1079 1154 describatur;

482 1172 497 1215 ᾖ
521 1170 549 1203 8.
576 1171 726 1214 Quodque
750 1175 930 1213 praesentes
948 1169 985 1201 ad
1002 1169 1106 1201 valvas
1123 1168 1180 1200 La-

437 1224 612 1258 teranensis
644 1229 673 1255 et
706 1223 858 1267 Principis
889 1223 1111 1267 Apostolorum
1144 1220 1180 1252 de

439 1279 522 1312 Urbe
539 1277 739 1311 basilicarum
762 1282 789 1309 et
808 1277 908 1310 dictae
925 1274 1139 1315 cancellariae,
1153 1279 1182 1307 et

441 1333 470 1365 in
485 1333 550 1365 aeie
560 1332 666 1375 Campi
679 1332 789 1364 Florae
804 1330 1014 1374 publicentur,
1026 1329 1113 1361 etsie
1126 1339 1183 1372 pu-

439 1387 571 1419 blicatae
591 1396 701 1418 omnes
725 1390 755 1417 et
780 1384 931 1427 singulos,
950 1393 1028 1426 quos
1047 1392 1180 1415 concer-

441 1446 518 1473 nunt
543 1445 572 1472 et
596 1443 787 1472 concernent
812 1438 842 1470 in
866 1438 1007 1470 suturtun
1022 1463 1029 1477 ,
1054 1435 1184 1480 perinde

442 1498 561 1526 aretent
581 1498 611 1525 et
628 1492 773 1532 afficiant,
792 1502 826 1523 ae
841 1491 865 1523 si
886 1491 930 1523 eis
948 1494 977 1524 et
994 1500 1103 1523 eorum
1125 1488 1186 1521 cui-

442 1547 517 1579 libet
533 1546 742 1590 personaliter
760 1545 919 1578 intimatae
933 1544 1051 1583 sorent;

487 1600 502 1643 g
526 1599 559 1632 9.>
581 1599 833 1642 Earumdemque
859 1596 1074 1640 transumptis,
1091 1595 1184 1629 etiam

444 1654 624 1697 impressis,
649 1663 743 1685 manu
768 1652 900 1685 alieuius
929 1650 1043 1684 notarii
1067 1649 1185 1694 publici

445 1706 639 1750 subscriptis,
653 1711 682 1738 et
696 1705 799 1748 sigillo
816 1704 945 1749 praelati
960 1715 1015 1737 seu
1032 1713 1186 1747 personae

446 1761 476 1793 in
501 1761 650 1804 dignitate
675 1759 887 1792 ecclesiastiea
914 1758 1099 1791 constitutae
1117 1768 1185 1789 mu-

445 1815 528 1854 nitis,
546 1814 577 1846 in
589 1813 705 1846 iudicio
719 1818 749 1845 et
768 1818 856 1845 extra
874 1811 950 1844 illud
968 1811 1076 1843 eadem
1094 1821 1185 1854 pror-

447 1878 499 1901 sus
522 1867 599 1900 fides
624 1867 817 1907 adhibeatur,
836 1876 915 1909 quae
931 1865 1007 1909 ipsis
1024 1863 1187 1907 originali-

447 1922 505 1954 bus
529 1921 742 1961 adhiberetur,
771 1920 795 1952 si
824 1920 927 1953 forent
955 1918 1110 1952 exhibitae
1140 1918 1187 1950 vel

449 1981 601 2009 ostensae.

494 2030 509 2073 ξ
533 2029 585 2062 10.
610 2029 692 2063 Nulli
713 2027 789 2071 ergo
814 2027 942 2061 omnino
967 2026 1131 2059 hominum
1156 2025 1189 2057 li-

451 2088 518 2117 ceat
541 2083 621 2116 hanc
644 2083 789 2126 paginam
814 2081 913 2114 nostri
931 2079 1098 2118 interdicti,
1114 2088 1188 2121 pro-

450 2136 621 2177 hibitionis,
646 2135 779 2175 decreti,
804 2133 1032 2172 declarationis,
1057 2132 1189 2173 deroga-

450 2190 544 2223 tionis
561 2193 591 2223 et
609 2188 775 2222 voluntatis
794 2187 974 2229 insi-ingere,
999 2185 1047 2217 vel
1067 2185 1095 2217 ei
1114 2194 1190 2216 ausu

451 2242 620 2276 temerario
638 2241 804 2275 contraire.
823 2240 854 2273 Si
872 2239 941 2283 quis
955 2244 1058 2271 autem
1076 2238 1135 2270 hoe
1151 2242 1193 2268 at-

453 2301 571 2329 tentare
588 2293 847 2339 praesumpserit,
866 2292 1113 2335 indignationem
1130 2301 1193 2323 om-

453 2351 622 2394 nipotentis
640 2349 703 2389 Dei,
721 2360 757 2382 ae
777 2349 941 2381 beatorum
960 2345 1043 2378 Petri
1061 2350 1091 2377 et
1106 2343 1192 2377 Pauli

454 2404 668 2447 apostolorum
686 2403 764 2443 eius,
785 2412 816 2434 se
833 2400 957 2434 noverit
981 2399 1192 2432 incursurum.

498 2458 609 2491 Datum
624 2458 750 2496 Romae,
762 2455 843 2499 apud
854 2455 882 2488 S.
893 2454 1021 2487 Mariam
1035 2452 1193 2493 Maiorem,

456 2521 536 2543 :mue
567 2509 792 2545 incarnationis
830 2507 1012 2541 Dominicae
1047 2514 1194 2544 Μῡεχκν,

458 2574 487 2597 vl
506 2564 653 2597 kalendas
672 2562 863 2605 novembris,
879 2560 1079 2605 pontificatus
1096 2558 1195 2592 nostri

459 2627 540 2651 anno
557 2627 601 2650 111.

495 2681 555 2709 Dat.
573 2679 615 2708 die
631 2679 662 2706 ⁶27
679 2678 797 2708 octobri<
815 2678 893 2714 1625,
909 2675 1004 2714 pontif.
1022 2682 1092 2705 antro
1108 2681 1148 2702 m.

1009 271 1187 295 BULLARIUM
1213 270 1367 294 ROMANUM

1249 319 1345 353 Anno
1362 328 1382 350 a
1398 316 1580 351 Nativitate
1593 315 1727 349 Domini
1747 315 1851 348 nostri
1870 314 1945 348 Iesu

1208 372 1330 406 Christi
1354 379 1508 410 uncxxw,
1533 367 1695 402 inditione
1725 377 1773 409 tx,
1797 367 1850 401 die
1873 377 1944 400 vero

1206 435 1292 459 xxvn
1317 423 1436 457 mensis
1456 422 1617 463 ianuarii,
1639 420 1846 465 pontificatus
1866 420 1946 454 San-

1207 479 1345 512 ctissimi
1376 478 1413 510 in
1446 476 1574 511 Christo
1609 474 1722 508 Patris
1754 477 1782 506 et
1813 472 1947 506 Domini

1207 533 1311 566 nostri
1328 531 1365 565 D.
1387 530 1512 564 Urbani
1529 528 1641 562 divina
1655 526 1862 572 providentia
1882 526 1948 559 Pa-

1207 596 1267 630 pae
1284 585 1375 625 VIII,
1387 595 1474 618 anno
1495 583 1564 616 eius
1580 592 1632 623 111,
1655 579 1882 623 retroscriptae
1895 578 1949 612 lit»

1210 644 1295 673 [erae
1324 637 1517 682 apostolicae
1552 637 1669 676 lectae,
1699 633 1818 677 affixae
1842 637 1870 666 et
1891 630 1950 675 pul

1211 692 1346 725 blicatae
1369 692 1502 734 fuerunt
1529 689 1571 722 ad
1601 688 1712 721 valvas
1738 686 1949 719 basilicarum

1210 746 1241 779 S.
1267 745 1400 778 Ioannis
1420 743 1666 783 Lateranensis,
1687 739 1856 783 Principis
1879 748 1951 782 apo-

1210 798 1367 832 stoloram
1387 797 1425 830 de
1455 797 1554 838 Urbe,
1582 789 1805 828 cancellariae
1827 795 1951 836 aposto-

1213 852 1303 892 licae,
1330 855 1358 883 et
1385 851 1421 883 in
1436 850 1504 883 acie
1519 849 1634 892 Campi
1654 848 1783 887 Florae,
1806 845 1951 879 dimissis

1212 905 1332 936 ibidem
1346 902 1573 946 praesentibus
1592 901 1710 935 litteris
1723 911 1782 944 per
1794 899 1951 943 aliquan-

1214 957 1320 989 talum
1347 955 1498 998 temporis
1521 955 1683 998 spatium,
1710 957 1747 986 ut
1770 953 1869 985 moris
1894 956 1949 991 est,

1213 1008 1342 1052 affixis,
1371 1012 1399 1041 et
1423 1007 1538 1040 deinde
1564 1007 1690 1046 amotis,
1705 1016 1764 1050 per
1780 1016 1837 1038 nos
1849 1005 1950 1038 Pom-

1211 1062 1323 1104 peiam
1341 1060 1547 1094 Girancortes
1567 1063 1595 1091 et
1613 1058 1881 1091 Brandimartem
1897 1057 1955 1090 La-

1216 1116 1332 1155 tinam,
1339 1103 1519 1157 praelibati
1532 1111 1740 1146 Sanctissimi
1748 1109 1883 1144 Domini
1895 1109 1956 1142 Ρα-

1212 1178 1273 1212 pae
1297 1176 1451 1207 cursores,
1480 1169 1534 1198 etc.

1362 1228 1522 1262 OCTAVHJS
1542 1228 1654 1269 SrADA,
1674 1237 1756 1269 mag.
1779 1235 1954 1259 cursorum.

1262 1300 1494 1343 Retroscriptae
1510 1299 1633 1332 litterae
1649 1297 1838 1341 apostolicae
1862 1295 1958 1338 regis-

1219 1359 1316 1387 tratae
1347 1354 1474 1386 suerunt
1502 1352 1533 1385 in
1557 1352 1725 1396 quinterno
1753 1349 1957 1384 cancellariae

1219 1407 1410 1451 apostolieae
1427 1417 1508 1439 anno
1533 1405 1759 1439 Incarnationis
1778 1403 1958 1437 Dominicae

1220 1458 1391 1501 uncxxw',
1417 1460 1466 1493 die
1490 1470 1565 1493 vero
1589 1469 1621 1492 1v
1646 1458 1761 1492 mensis
1787 1456 1958 1497 februarii,

1220 1515 1419 1559 pontificatus
1436 1514 1487 1547 SS.
1505 1514 1538 1546 D.
1556 1514 1590 1547 N.
1609 1512 1736 1553 Urbani,
1757 1511 1861 1544 divina
1885 1520 1960 1555 pro-

1220 1569 1357 1602 videntia
1374 1569 1475 1611 Papae
1488 1567 1564 1607 VIII,
1581 1576 1663 1600 anno
1680 1576 1722 1599 111.

1390 1631 1519 1663 MARCUS
1545 1629 1707 1662 Amemus
1729 1628 1899 1667 Ascensus,

1343 1683 1552 1717 Cancellariae
1571 1681 1763 1726 apostolieae
1783 1685 1960 1724 procustes.

1547 1799 1643 1833 CLVI.

1222 1863 1407 1903 Inclaltnm,
1436 1861 1523 1907 qnod
1550 1862 1669 1904 fratres
1698 1861 1893 1895 Discalceati
1920 1861 1959 1894 Β.

1266 1913 1392 1946 Mariae
1416 1912 1454 1945 de
1478 1909 1620 1945 Mercede
1635 1911 1877 1954 Redemptionis
1896 1920 1967 1953 cap-

1269 1963 1408 1995 tivorum
1432 1961 1577 2004 officium
1602 1965 1630 1993 et
1665 1960 1801 1993 missam
1825 1959 1862 1992 de
1887 1969 1966 1992 com-

1267 2012 1362 2044 muni
1388 2011 1583 2054 Confessoris
1603 2020 1668 2043 non
1687 2008 1859 2051 Pontificis
1884 2008 1965 2041 reci-

1270 2064 1337 2092 tare
1364 2059 1489 2102 possint
1517 2059 1556 2092 de
1581 2059 1612 2092 S.
1641 2057 1860 2101 fraymundo,
1887 2056 1968 2089 dicti

1270 2108 1416 2149 Ordinis,
1440 2108 1520 2141 clam
1539 2108 1632 2148 vixit,
1650 2108 1828 2150 professore
1848 2109 1875 2138 et
1891 2115 1966 2149 pro-

1269 2163 1416 2191 curatore
1431 2157 1590 2202 qenerali,
1610 2167 1647 2188 ac
1659 2156 1690 2189 S.
1712 2156 1748 2188 R.
1762 2155 1798 2188 E.
1817 2154 1966 2188 cardina-

1272 2207 1307 2247 li,
1331 2208 1368 2240 in
1385 2207 1436 2239 die
1453 2217 1530 2239 suae
1546 2204 1732 2249 festivitatis
1743 2203 1763 2236 ².

1431 2270 1568 2297 Urbanus
1589 2270 1667 2302 Papa
1686 2268 1766 2301 vm,

1348 2315 1384 2341 ad
1403 2317 1579 2348 perpetuam
1598 2313 1642 2340 rei
1662 2311 1843 2339 memoriam.

1273 2367 1442 2401 Salvatoris
1459 2372 1489 2399 et
1506 2366 1629 2400 Domini
1647 2365 1746 2398 nostri
1759 2365 1829 2398 Iesu
1844 2363 1968 2405 Christi,

1229 2422 1282 2465 qui
1300 2431 1408 2454 servos
1432 2431 1504 2454 suos
1522 2425 1666 2453 aeternae
1691 2418 1812 2462 gloriae
1827 2416 1969 2462 praemio

1267 2494 1276 2519 1
1296 2493 1416 2519 Erronee
1432 2492 1475 2518 ed.
1491 2491 1569 2519 Maia.
1587 2491 1671 2518 habet
1686 2496 1791 2517 uncxxv
1809 2490 1844 2523 (a.
1861 2488 1909 2523 T.).

1265 2538 1281 2564 2
1297 2537 1333 2564 De
1349 2538 1401 2564 hoc
1415 2536 1514 2564 Ordine
1526 2536 1587 2563 vide
1607 2536 1641 2562 ad
1656 2535 1747 2562 Const.
1763 2541 1818 2562 xm
1833 2534 1913 2569 Greg.
1929 2532 1973 2568 lx,

1232 2582 1407 2617 Deuotionis,
1425 2586 1491 2608 tom.
1509 2587 1548 2615 111⁷
1563 2589 1625 2616 pag.
1643 2581 1694 2608 485
1706 2601 1713 2615 ,
1729 2584 1755 2607 et
1769 2579 1893 2606 eiusdem
1915 2578 1974 2613 pri-

1232 2627 1327 2662 vilegia
1338 2626 1509 2654 confirmavit
1520 2630 1613 2661 postea
1627 2626 1672 2653 hic
1686 2625 1760 2653 idem
1772 2624 1894 2652 Urbanus
1904 2622 1973 2656 vm,

1233 2677 1262 2701 ut
1280 2672 1326 2699 ins.
1349 2671 1392 2699 Ex
1405 2672 1546 2699 clementi.

1958 265 2007 293 An.
2022 264 2050 292 C.
2071 263 2141 292 1625

2013 2369 2154 2391 Prooemium.
