2269 3235
472 280 537 312 700
1018 285 1195 310 nonnarum
1219 283 1372 309 nominum

1800 310 1810 322 1

518 341 622 374 9821).
646 340 794 374 Pin-ochis
819 339 980 372 Indiarnm
1010 337 1266 372 Occidentalium
1299 336 1429 370 vetitum
1455 337 1624 381 quominus
1649 336 1800 370 maiorem
1825 335 1962 371 eleemo-

516 405 624 437 synam
652 396 780 433 exigant
805 392 844 426 ab
871 394 909 425 iis
933 393 987 436 qui
1013 394 1042 424 in
1070 390 1214 425 ecclesiis
1240 391 1369 424 fratrum
1395 389 1549 423 Minorum
1575 389 1615 423 do
1636 388 1848 424 Observautia
1873 399 1964 433 sepe-

518 447 650 486 liuntur,
679 446 738 478 417
762 446 777 477 b
804 449 834 478 et
857 456 917 488 seq.
944 445 995 478 Eis
1023 453 1208 477 concessum
1239 442 1394 476 indultum
1423 445 1550 476 missam
1578 442 1762 477 celebrandi
1787 443 1826 477 do
1852 444 1964 486 viginti

517 499 615 532 tribus
642 498 831 541 Martyribus
857 498 1004 541 laponiae
1030 507 1068 531 ex
1096 498 1221 530 illorum
1247 496 1378 537 Ordine,
1405 496 1467 528 594
1494 507 1523 529 α.

427 551 513 588 Ordo
540 552 692 586 Minorum
719 554 747 585 S.
775 552 943 585 Francisci.
972 551 1132 585 Fratribus
1158 555 1189 584 et
1215 549 1404 583 monialibus
1427 549 1519 583 huius
1545 548 1676 584 OrdInis
1701 549 1858 584 indultum
1883 559 1961 583 con-

518 605 641 637 ceditur
666 608 795 637 missam
828 605 1012 638 celebrandi
1037 609 1069 638 et
1092 604 1246 638 recitandi
1277 604 1415 637 osticium
1441 603 1480 636 de
1507 603 1538 635 B.
1563 603 1731 645 Margarita
1756 602 1796 635 de
1821 602 1965 646 Cortona,

518 658 558 690 80
585 658 610 689 b.
638 658 760 691 Fratres
777 659 942 691 strictioris
968 658 1189 692 observantiae
1214 657 1378 700 calepodia
1402 661 1530 699 gestare
1556 655 1685 696 debent,
1710 656 1751 689 98
1769 666 1787 688 a
1804 660 1834 688 et
1855 655 1919 688 140
1935 666 1965 688 α.

517 711 553 743 Ε1
572 711 633 744 Rcc
648 711 740 745 diecti
758 711 878 745 Galliae
895 713 1062 755 capucium
1079 711 1259 752 rotundum,
1272 720 1308 744 ac
1322 710 1464 744 latiorem
1484 714 1675 750 mozzettam,
1694 708 1774 742 ibid.
1795 709 1967 743 Reformati

518 755 611 797 totius
637 764 766 798 Ordinis
790 765 932 808 generali
957 767 1100 798 ministro
1121 764 1256 798 subiecti
1274 773 1343 797 esse
1361 763 1495 804 debent,
1518 763 1580 797 122
1594 774 1614 795 a
1631 767 1662 796 et
1678 762 1703 795 b.
1722 763 1967 796 Constitutiones

518 817 686 854 nonnullae
712 818 751 851 ab
777 820 823 852 eis
848 818 1087 858 observandae,
1114 817 1193 850 ibid.
1227 817 1409 850 Provincias
1435 817 1685 850 Reformatorum
1714 817 1806 859 regni
1838 815 1966 849 Siciliae

517 871 706 904 dividendus
738 872 825 905 iubet
854 872 1027 915 Gregorius
1053 871 1123 910 XV,
1151 871 1208 904 151
1238 870 1274 909 b;
1301 875 1332 903 et
1364 870 1479 903 divisio
1512 870 1692 903 huiusmodi
1726 869 1905 903 declaratur
1937 872 1967 903 et

516 925 699 958 moderatur
722 925 761 958 ab
786 925 912 959 Urbano
940 925 1020 965 Vlll,
1048 925 1110 958 153
1136 936 1165 957 α.
1192 923 1354 957 Fratribus
1376 922 1470 956 buius
1488 921 1620 956 Ordinis
1638 924 1765 955 missam
1783 921 1966 955 celebrandi

516 981 546 1009 et
564 977 702 1010 officium
722 978 875 1011 recitandi
894 978 932 1011 de
951 977 973 1011 B
1002 977 1121 1017 Iacobo·
1140 977 1179 1010 de
1206 975 1342 1009 Marcbia
1369 975 1525 1009 indultum
1548 977 1707 1009 concessit
1722 975 1868 1008 Urbanus
1887 974 1966 1016 Vlll,

519 1031 580 1063 192
607 1031 624 1062 b
650 1035 679 1064 et
705 1032 765 1065 934
796 1032 812 1064 b
841 1036 871 1065 et
902 1043 962 1074 seq.
989 1031 1137 1065 Custodia
1169 1030 1423 1064 Reformatorum
1454 1029 1722 1062 Discalceatorum
1754 1029 1906 1062 Bavariae
1936 1029 1968 1061 in

519 1085 714 1127 provinciam
740 1089 856 1124 erecta,
883 1085 945 1118 290
970 1095 1006 1123 a;
1032 1086 1084 1118 cui
1109 1084 1316 1117 conferuntur
1340 1085 1445 1116 omnia
1471 1082 1639 1126 privilegia
1664 1083 1838 1127 provinciis
1857 1082 1969 1126 Hispa-

517 1138 638 1169 niarum
658 1145 821 1178 concessa,
839 1137 900 1170 290
926 1137 956 1175 b3
984 1137 1107 1170 Fratres
1124 1139 1155 1170 in
1173 1137 1269 1170 lndiis
1286 1135 1549 1170 occidentalibus
1563 1146 1579 1169 3
1594 1145 1794 1181 quocumque
1819 1137 1969 1179 episcopo

520 1192 608 1221 extra
636 1193 791 1233 tempora,
819 1194 849 1224 et
873 1200 933 1223 non
959 1192 1093 1224 servatis
1116 1192 1305 1231 interstitiis,
1331 1190 1369 1223 ad
1396 1200 1504 1224 sacros
1529 1190 1658 1223 ordines
1683 1193 1815 1233 possunt
1845 1200 1971 1233 promo—

518 1244 602 1279 veri,
630 1243 686 1275 351
718 1255 737 1276 α
762 1248 791 1277 et
817 1255 878 1288 seq.
905 1244 1064 1277 indultum
1089 1244 1245 1278 recitandi
1270 1245 1407 1277 osticium
1430 1244 1469 1277 de
1490 1245 1519 1278 S.
1538 1244 1692 1284 Conrado,
1715 1243 1778 1277 370
1796 1243 1822 1276 b.
1843 1243 1968 1277 Gratiae

517 1305 626 1328 omnes
659 1297 808 1330 tratribus
840 1307 1030 1338 concessae,
1055 1302 1086 1331 et
1115 1307 1196 1342 quae
1227 1297 1451 1331 observantiae
1485 1298 1614 1341 regulae
1646 1298 1872 1339 adversantur,
1897 1300 1970 1330 sunt

515 1350 642 1390 irritae,
669 1350 731 1383 373
757 1350 782 1383 b.
810 1351 878 1384 Alio
904 1351 1021 1395 pedum
1050 1353 1248 1395 operimento
1274 1355 1400 1395 praeter
1425 1351 1591 1395 calepodia
1615 1355 1645 1384 et
1669 1350 1811 1384 sandalia
1842 1352 1885 1384 uti
1911 1360 1968 1384 ne-

515 1406 654 1445 queunt,
683 1403 758 1435 ibid.
785 1406 904 1438 Statuta
929 1405 1014 1438 edita
1040 1407 1070 1438 in
1097 1405 1235 1449 capitulo
1260 1406 1404 1447 generali
1430 1416 1569 1448 romano,
1585 1415 1666 1439 anno
1691 1415 1830 1445 ninchV,
1851 1405 1914 1438 394
1939 1415 1968 1438 α.

514 1455 785 1490 Barcliinonensia
817 1468 874 1491 seu
907 1458 1133 1501 Segobieiisia,
1160 1459 1222 1492 410
1247 1469 1268 1491 α
1293 1463 1323 1492 et
1347 1469 1408 1503 seq.
1433 1458 1663 1502 Eleemosynae
1692 1459 1859 1492 missarum
1887 1459 1969 1491 intra

515 1509 651 1543 claustra
686 1521 746 1543 non
781 1512 1003 1554 recipiendae,
1030 1512 1089 1545 411
1117 1523 1147 1545 α.
1175 1512 1347 1545 Parochiae
1380 1522 1441 1545 non
1475 1512 1720 1556 suscipiendae,
1747 1511 1807 1544 411
1834 1511 1860 1544 b.
1884 1511 1971 1545 Bona

516 1563 706 1605 immobilia,
732 1574 863 1605 census,
891 1570 921 1599 et
945 1574 1051 1599 annua
1081 1567 1183 1609 legata
1211 1565 1407 1608 abdicanda,
1434 1566 1498 1599 412
1519 1567 1536 1599 b
1562 1570 1593 1601 et
1612 1577 1673 1611 seq.
1700 1565 1882 1599 Dominium
1913 1574 1970 1609 per

516 1617 759 1650 instrumentum
787 1618 949 1661 publicum
977 1621 1006 1652 in
1033 1620 1103 1653 aliis
1129 1630 1191 1653 non
1218 1620 1481 1661 transferendum,
1509 1620 1571 1653 415
1588 1631 1618 1653 α.
1637 1620 1819 1663 Proprietas
1839 1620 1970 1653 fratrum

516 1670 753 1712 particularium
780 1674 907 1706 omnino
933 1673 1085 1715 tollenda,
1109 1674 1171 1707 415
1197 1673 1222 1706 b.
1247 1672 1293 1706 De
1319 1674 1453 1706 transitu
1474 1677 1598 1716 patrum
1623 1673 1662 1707 de
1688 1673 1819 1706 Familia
1844 1672 1883 1706 ad
1908 1671 1970 1705 Re-

518 1723 676 1762 formatos,
703 1725 764 1757 416
790 1736 809 1758 α
834 1730 862 1759 et
887 1737 948 1770 seq.

428 1773 514 1810 Ordo
539 1777 569 1809 S.
594 1777 758 1811 Benedicti
784 1778 1045 1822 Congregationis
1070 1781 1233 1824 Anglicae,
1253 1781 1314 1815 482
1333 1790 1361 1813 α.
1380 1780 1500 1814 Statuta
1523 1780 1673 1814 nonnulla
1692 1789 1789 1824 super
1813 1779 1969 1823 praesidIS

516 1832 716 1870 auctoritate,
742 1833 1076 1878 missionariorumque
1102 1844 1234 1867 munere
1260 1833 1337 1866 ibid.
1363 1832 1609 1877 Congregationi
1634 1835 1663 1867 S.
1687 1834 1786 1867 Mauri
1813 1834 1845 1866 in
1868 1831 1970 1867 Gallia

517 1885 631 1925 unitur,
647 1885 709 1917 608
725 1885 919 1920 a.Nonnulla
936 1891 1050 1921 statuta
1069 1898 1124 1931 pro
1143 1887 1325 1921 huiusmodi
1351 1886 1605 1929 Congregatione
1631 1887 1725 1927 edita,
1744 1886 1808 1919 695
1826 1897 1845 1918 α
1862 1889 1893 1920 et
1906 1896 1968 1930 seq.

428 1935 514 1969 Ordo
539 1937 761 1971 Sanctissimae
788 1939 946 1974 Trinitatis
971 1941 1212 1984 Redemptionis
1230 1942 1439 1984 captivorum,
1459 1940 1521 1973 190
1538 1940 1563 1973 b.
1582 1940 1771 1974 Reformatis
1796 1939 1890 1973 huius
1914 1938 1970 1974 Oi·-

516 1990 599 2024 dinis
614 1993 738 2025 nonnisi
754 1993 791 2026 ad
807 1993 1032 2028 Cartliusianos
1047 1998 1133 2038 patet
1147 1996 1306 2035 transitus
1326 1993 1405 2027 ibid.
1420 1994 1468 2027 Ad
1486 1994 1588 2028 solum
1614 1994 1830 2027 delinitorium
1847 1996 1970 2036 spectat

516 2044 678 2087 deputatio
705 2046 944 2089 religiosorum,
971 2049 1023 2092 qui
1050 2048 1304 2092 redemptionem
1331 2049 1435 2082 facere
1461 2049 1593 2089 debent;
1620 2049 1702 2083 hona
1727 2059 1803 2083 vero
1829 2049 1910 2082 hanc
1927 2048 1968 2082 ad

514 2107 581 2131 rem
608 2099 679 2132 data
702 2099 771 2132 aliis
798 2102 956 2143 religiosis
991 2101 1072 2134 tradi
1098 2104 1252 2143 vetitum,
1293 2102 1357 2135 35⁶2
1389 2114 1409 2135 a
1442 2107 1472 2137 et
1496 2103 1521 2137 b.
1559 2103 1639 2147 Ipsis
1671 2103 1856 2137 conceditur
1879 2106 1913 2137 ut
1936 2104 1969 2137 in

517 2151 623 2184 Africa
650 2157 678 2185 et
705 2153 774 2186 aliis
794 2154 964 2187 Tui-carum
992 2154 1134 2197 partibus
1159 2157 1280 2198 possint
1305 2156 1470 2190 celebrare
1495 2159 1624 2191 missam
1649 2167 1747 2201 super
1770 2157 1867 2190 altare
1898 2166 1970 2200 por-

517 2206 594 2238 tatili
620 2211 690 2240 ante
712 2216 868 2249 auroram,
895 2211 926 2241 et
949 2207 1115 2242 absolvere
1149 2209 1261 2243 fideles
1293 2219 1310 2243 a
1335 2209 1463 2244 casibus
1494 2213 1664 2245 reservatis
1696 2215 1727 2245 et
1754 2210 1968 2254 indulgentias

517 2258 654 2301 elargiri,
680 2261 742 2293 4⁶28
763 2272 792 2293 α.
819 2261 881 2304 Ipsi
909 2263 1135 2296 confirmantur
1160 2264 1337 2307 privilegia,
1364 2265 1427 2297 465
1453 2275 1482 2296 α.

426 2309 512 2345 Ordo
538 2312 568 2344 B.
596 2312 711 2346 Mariae
737 2315 777 2347 de
802 2314 950 2348 Mercede
976 2316 1217 2359 Redeinptionis
1234 2319 1444 2361 captivorum,
1465 2318 1528 2351 383
1545 2328 1574 2350 a.
1600 2317 1760 2351 indultum
1782 2316 1970 2351 celebrandi

513 2367 640 2399 missam
667 2371 696 2401 et
721 2368 877 2401 recitandi
904 2370 1045 2403 officium
1074 2369 1114 2402 de
1143 2371 1171 2403 S.
1200 2370 1391 2414 Raymundo
1415 2371 1570 2413 Nonnato,
1596 2371 1673 2403 ibid.
1699 2371 1837 2404 Calceati
1861 2380 1879 2404 a
1904 2370 1971 2404 Dis-

514 2420 663 2453 calceatis
687 2422 920 2464 seiunguntur,
946 2423 1009 2456 565
1035 2434 1064 2456 a.
1089 2423 1280 2458 Discalceati
1314 2426 1448 2468 negocio
1479 2425 1709 2468 redemptionis
1741 2435 1775 2458 se
1807 2419 1971 2468 nequeunt

515 2472 704 2516 immiscere,
731 2474 808 2509 ibid.
833 2475 931 2509 Datur
955 2479 1059 2509 tamen
1086 2479 1131 2510 eis
1155 2477 1288 2512 facultas
1313 2478 1485 2521 hospitIum
1506 2488 1562 2522 pro
1587 2479 1747 2512 nonnullis
1768 2478 1918 2512 fratribus
1938 2478 1970 2510 in

515 2525 620 2559 Africa
643 2528 796 2570 erigendi,
824 2529 886 2562 604
912 2528 938 2561 b.
964 2530 1012 2562 Ad
1031 2529 1194 2564 Calceatos
1213 2535 1320 2565 tamen
1341 2532 1462 2577 absque
1484 2532 1618 2568 Romani
1635 2533 1798 2567 Pontificis
1817 2539 1971 2577 expressa

520 2577 644 2611 licentia
670 2582 804 2614 transire
830 2592 890 2615 11011
918 2587 1057 2625 possunt,
1083 2584 1146 2617 623
1173 2585 1190 2616 b
1215 2589 1247 2619 et
1270 2596 1332 2630 seq.

430 2629 517 2664 Ordo
538 2631 632 2665 Tertii
650 2631 781 2667 Ordinis
798 2635 837 2667 de
851 2635 1048 2670 Poenitentia
1073 2636 1336 2681 Congregationis
1361 2639 1493 2682 Galliae,
1512 2641 1576 2675 510
1594 2642 1621 2674 b.
1640 2641 1724 2683 Quid
1743 2640 1969 2685 praestandum

517 2686 567 2727 sit,
592 2689 625 2719 ut
649 2686 721 2720 rota
743 2696 762 2721 a
785 2688 934 2723 tratribus
958 2694 990 2724 et
1013 2691 1204 2726 monialibus
1229 2694 1347 2729 emissa
1371 2694 1478 2729 valida
1503 2699 1704 2739 censeantur,
1730 2694 1806 2729 ibid.
