2269 3235
258 235 306 261 An.
325 235 352 262 C.
377 235 442 263 1627

294 1366 323 1390 Ep
335 1369 409 1389 scopos
424 1364 445 1383 in

262 1393 302 1412 illis
350 1390 444 1416 parturn<

260 1419 375 1439 misti-ntes
399 1417 445 1436 hur<

262 1447 353 1467 tamtan!
367 1444 386 1464 in
398 1449 445 1462 ιπηι-

263 1472 353 1493 temnitis
369 1470 445 1490 heneti-

262 1504 301 1518 ctis
318 1503 372 1523 ipsos
383 1498 444 1517 alum-

262 1531 299 1544 nos
320 1525 366 1544 alus
385 1530 447 1549 prac-

264 1551 340 1572 serant.

490 226 554 258 554·

456 283 633 321 habuerint.
651 294 666 316 a
685 283 797 327 quilius
817 282 1011 315 dimissorias
1024 293 1040 314 a
1057 281 1195 315 Concilio

456 337 637 369 'l'ridcntino
661 336 819 369 ordinatas
843 335 960 367 hahere
984 334 1128 379 possint),
1158 335 1196 368 ad

457 401 565 423 omncs
590 390 683 421 ctiam
711 399 816 421 sacros
846 393 876 420 et
899 388 1133 432 presbyteratus
1150 398 1198 421 or-

457 444 544 476 dines
561 444 626 475 sine,
648 442 752 486 aliquo
782 441 926 475 beneficii
948 442 995 474 vel
1016 442 1197 485 patrimonii

458 497 555 537 titulo⁷
577 496 670 527 ctiam
696 500 781 527 extra
808 500 951 539 tempora
976 494 1014 527 ad
1039 495 1069 527 id
1094 505 1111 528 a
1130 495 1198 529 iure

457 554 580 588 statuta,
601 554 629 581 ct
648 549 727 581 intra
745 559 873 589 annum,
887 548 1022 592 annique
1040 548 1198 582 curriculo

459 612 518 633 non
545 605 718 645 expectato,
740 601 906 645 minusque
922 601 1052 635 servatis
1076 601 1114 634 ad
1132 601 1163 634 id
1182 612 1199 634 a

457 655 594 689 Concilio
615 654 797 688 Tridentino
814 655 953 698 praefato
971 654 1139 698 designatis
1157 655 1199 688 in-

460 709 608 749 terstitiis,
627 708 799 741 dummodo
823 709 861 741 ad
884 709 915 741 id
939 709 1014 742 alias
1037 709 1198 753 reperian-

459 768 508 794 tur
532 762 646 802 idonei,
671 762 861 806 promoveri,
879 767 918 804 et,
939 767 1104 806 postquam
1129 773 1200 806 pro-

459 815 534 848 moti
556 815 680 857 suerint,
700 815 730 847 in
751 815 811 847 illis
828 815 921 847 ctiam
942 815 973 848 in
989 815 1095 847 altaris
1112 815 1201 847 mini-

458 869 553 903 sterio
572 868 760 909 ministrare,
774 879 809 901 ac
826 868 919 901 ctiam
938 872 1000 900 tam
1019 868 1088 912 ipsi,
1106 879 1199 911 quam

458 923 553 955 ceteri
582 933 690 956 omnes
715 922 746 954 in
770 922 853 955 dicto
878 922 1011 965 collegio
1040 921 1199 964 degentes,

458 980 491 1009 ut
514 975 721 1019 poenitentiae
747 978 776 1008 et
800 974 1008 1007 eucharistiae
1033 974 1126 1007 ctiam
1150 973 1200 1007 die

460 1029 617 1062 l‘aschatis
653 1034 682 1061 ct
717 1033 876 1061 extremae
911 1028 1067 1060 unctionis
1098 1038 1201 1060 sacra-

460 1089 562 1116 menta
591 1094 608 1115 a
640 1081 833 1115 confessario
863 1086 916 1114 aut
947 1081 1008 1113 alio
1038 1081 1201 1114 sacerdote

458 1137 555 1181 ipsius
569 1136 693 1179 collegii
707 1147 722 1168 a
741 1136 823 1168 die-to
841 1141 964 1168 rectore
983 1134 1200 1169 constituendo

458 1191 617 1234 suscipere
647 1190 744 1222 libere
770 1194 795 1222 ct
822 1189 906 1222 licite
931 1188 1073 1229 valcant,
1099 1194 1202 1221 aucto-

459 1244 549 1277 ritate
578 1248 607 1275 ct
644 1246 752 1276 tenore
782 1241 963 1285 praemissis
1000 1241 1037 1274 dc
1074 1242 1200 1285 speciali

459 1296 559 1339 gratia
585 1295 794 1338 indulgemus.

505 1352 519 1394 g
545 1350 590 1383 lzl.
609 1351 734 1390 Verum,
752 1354 794 1389 ut,
817 1353 967 1392 quantum
988 1348 1055 1381 tieri
1076 1348 1202 1392 poterit,

461 1405 660 1437 alumnorum
686 1403 862 1448 paupertati
887 1407 917 1437 et
940 1403 1117 1436 necessitati
1138 1414 1203 1436 suc-

462 1464 629 1499 curratur,
664 1457 941 1501 archiepiscopos,
974 1456 1140 1500 episcopos
1174 1462 1204 1489 et

462 1513 539 1545 alios
563 1512 790 1546 antedictarum
822 1511 1058 1555 provinciarum
1090 1510 1204 1555 beneti-

463 1567 586 1600 ciorum
612 1566 778 1599 collatores
803 1570 833 1597 et
858 1564 1034 1597 collatrice-s
1060 1564 1142 1597 serio
1159 1575 1204 1597 re-

462 1621 618 1664 quirimus
643 1624 673 1652 ct
697 1628 861 1651 monemus
876 1646 883 1660 ,
907 1621 940 1652 ut
965 1618 995 1650 in
1020 1617 1080 1650 illis
1105 1619 1205 1651 conse-

463 1674 579 1713 rendis,
604 1677 631 1706 cl
657 1672 842 1716 praesertim
868 1671 894 1703 si
924 1671 1078 1704 beneficia
1102 1671 1206 1704 huius-

464 1727 548 1760 modi
566 1738 624 1771 pro
643 1731 784 1770 tempore
808 1725 1024 1759 obtinentibus
1044 1725 1206 1758 immineat

465 1792 539 1814 cura
564 1780 759 1821 animarum,
788 1780 934 1812 alumnos
958 1779 1114 1823 praefatos
1138 1779 1206 1812 aliis

466 1834 621 1875 omnibus,
636 1834 747 1868 ceteris
764 1833 903 1877 paribus,
916 1833 1111 1876 praeferant‘,
1129 1843 1207 1866 nun-

466 1889 524 1921 tios
549 1898 674 1931 quoque
706 1887 793 1920 Sedis
823 1886 1042 1930 Apostolicae,
1067 1886 1207 1930 aliosque

467 1942 623 1986 praelatos
637 1940 889 1984 supradictarum
909 1939 1155 1984 provinciarum,
1176 1941 1207 1973 in

466 2006 601 2039 quorum
616 1994 751 2028 dioecesi
765 1993 882 2027 alumni
896 1993 1026 2037 praefati
1040 1993 1207 2035 extiterint,

467 2049 610 2082 similiter
631 2058 795 2081 monemus
820 2051 849 2081 et
870 2047 1045 2089 hortamur,
1062 2050 1096 2080 ut
1113 2047 1143 2079 in
1160 2058 1208 2081 oc-

468 2102 667 2137 currentibus
691 2101 941 2143 beneticiorum,
968 2106 998 2134 et
1022 2101 1208 2144 praesertim

468 2167 575 2189 curam
594 2156 770 2188 animarum
781 2154 973 2195 habentium,
984 2154 1207 2196 vacationibus,

468 2221 602 2255 quorum
628 2209 769 2250 collatio,
794 2208 934 2253 provisio
965 2208 1012 2241 vel
1044 2208 1208 2253 dispositio

468 2263 692 2308 quoquomodo
710 2263 747 2295 ad
772 2263 883 2295 Sedem
908 2262 1119 2306 Apostolicam
1140 2273 1209 2307 per-

469 2317 611 2357 tinuerit,
636 2317 674 2349 de
699 2316 760 2349 illis
784 2316 918 2348 alumnis
943 2315 1106 2348 antedictis
1129 2326 1207 2359 pau-

469 2370 657 2414 perioribus,
672 2369 902 2414 praecipueque
922 2371 1029 2402 nostra
1046 2369 1208 2413 pontificia

471 2424 569 2466 gratis»
593 2424 705 2466 dignis,
723 2434 790 2463 nos,
808 2433 1066 2467 successoresque
1083 2427 1208 2457 nostros

472 2479 626 2509 ltmnauos
644 2477 809 2510 Pontifices
833 2487 892 2521 pro
916 2482 1060 2521 tempore
1079 2477 1210 2510 existen-

472 2535 515 2562 t‹-·=
548 2531 697 2564 -sertiores
734 2530 867 2572 saciant,
896 2536 930 2563 ut
962 2530 1208 2564 munificentiam

474 2590 610 2616 noztram
636 2595 711 2626 erga
735 2585 814 2626 illos,
836 2588 929 2628 prout
955 2588 1078 2629 tempus
1097 2585 1144 2618 vel
1162 2595 1211 2618 oc·
1243 2583 1402 2617 ritualium
1415 2587 1444 2616 et
1457 2582 1981 2626 temporalium,curam,regimen,

1042 234 1219 258 BULLARIUM
1244 234 1397 259 ROMANUM

1981 238 2030 266 An.
2046 238 2074 265 C.
2097 238 2164 266 ¹627

1230 282 1378 315 neraliter
1413 282 1444 315 in
1479 281 1703 327 dignitatibus,
1727 284 1967 328 personatibus,

1232 334 1465 368 canonicatibus
1479 341 1509 368 et
1524 335 1721 380 praebendis,
1736 337 1969 380 parochialibus

1232 389 1371 422 ecclesiis
1397 394 1426 422 et
1450 389 1519 422 aliis
1542 389 1725 430 beneficiis,
1750 400 1807 433 per
1831 391 1970 425 collatio-

1232 452 1303 475 nem
1337 443 1383 475 vcl
1415 442 1601 475 electionem
1633 442 1665 475 in
1696 443 1897 476 alumnorum
1920 455 1971 487 pa-

1234 494 1300 528 triis
1316 494 1529 539 providendis,
1542 494 1610 527 aliis
1623 495 1778 538 omnibus,
1793 495 1905 529 ceteris
1921 507 1972 540 pa-

1233 548 1342 589 ribus,
1368 552 1430 583 tam
1455 548 1485 581 in
1510 549 1651 582 Romana
1674 548 1789 590 Curia,
1821 559 1916 593 quam
1940 549 1971 582 in

1233 601 1373 635 eeclesiis
1390 602 1454 635 suis
1473 601 1690 645 originalibus,
1715 602 1869 646 praeferri
1888 602 1972 636 volu-

1233 665 1303 687 mus
1327 659 1357 688 ct
1376 655 1584 688 decernimus.

1279 709 1293 752 ἓ
1318 708 1369 741 13.
1394 709 1495 754 Atque
1512 708 1641 753 insuper
1657 708 1774 742 eisdem
1796 709 1929 752 collegio
1942 714 1972 743 et
2000 723 2171 754 Collegioeteius

1233 762 1439 804 scholaribus,
1456 763 1632 797 rectoribus
1648 767 1678 795 ct
1697 762 1972 806 gubernatoribus,
1986 756 2082 806 lffiffi'fi
2107 755 2171 807 „⁰32¹ss

1233 816 1339 848 onmia
1363 820 1393 849 et
1420 826 1636 861 quaecumque
1671 816 1835 860 privilegia
1869 827 1973 850 exem·
1988 802 2171 851 ifafi‘r'ffisitb‘iiiiff'

1234 868 1378 912 phones,
1407 869 1589 911 libertates,
1610 869 1770 902 facultates
1791 873 1821 903 et
1844 869 1972 911 indulta,

1235 921 1349 964 quibus
1373 921 1511 954 studium
1528 923 1674 964 gencrale
1691 922 1792 955 almae
1808 923 1900 956 Urbis
1918 933 1974 956 no-

1235 979 1316 1007 strae
1341 980 1371 1007 ct
1395 975 1479 1007 illius
1503 980 1652 1016 rectores,
1670 975 1879 1019 doctoresque
1893 981 1924 1009 et
1942 977 1975 1009 in

1234 1038 1271 1061 co
1287 1028 1436 1070 legentes,
1454 1028 1564 1071 quovis
1581 1028 1676 1062 modo
1693 1033 1832 1069 utuntur,
1849 1029 1975 1073 potiun-

1235 1086 1285 1114 tur
1309 1087 1339 1113 ct
1363 1082 1508 1124 gaudent,
1533 1092 1568 1115 ac
1592 1081 1647 1123 uti,
1666 1081 1760 1126 potiri
1785 1086 1815 1115 et
1838 1083 1975 1125 gaudere

1236 1140 1368 1179 possunt
1393 1139 1422 1169 et
1445 1141 1593 1180 poterunt
1617 1136 1853 1180 quomodolibet
1876 1137 1907 1169 in
1930 1137 1975 1170 su-

1236 1194 1352 1229 turum,
1366 1189 1543 1233 quibusque
1568 1189 1735 1232 collegium
1753 1194 1783 1223 et
1805 1190 1974 1232 scholares

1236 1252 1271 1275 ac
1284 1247 1424 1275 rectores
1436 1248 1466 1275 et
1478 1242 1706 1285 gubernatores
1719 1243 1900 1286 huiusmodi
1913 1254 1975 1277 non

1237 1295 1338 1327 solum
1353 1295 1390 1328 ad
1407 1306 1518 1329 eorum
1531 1296 1638 1337 instar,
1652 1296 1705 1330 sed
1720 1297 1934 1340 parisormiter
1947 1300 1977 1331 et

1237 1360 1334 1392 aeque
1359 1349 1576 1393 principaliter
1599 1350 1654 1391 uti,
1678 1350 1772 1394 potiri
1790 1356 1820 1383 et
1839 1350 1976 1393 gaudere

1237 1403 1368 1445 valcant,
1385 1403 1416 1435 in
1433 1403 1580 1436 omnibus
1604 1408 1634 1436 et
1657 1414 1714 1447 per
1738 1403 1842 1437 omnia
1858 1403 1975 1437 eisdem

1238 1456 1422 1489 auctoritate
1442 1461 1472 1489 et
1498 1462 1605 1489 tenore
1629 1457 1909 1490 communicamus.

1284 1511 1299 1553 ξ
1326 1509 1377 1542 14.
1403 1511 1441 1543 Ut
1458 1521 1532 1545 vero
1556 1510 1785 1554 temporalibus
1802 1511 1977 1545 commodis

1238 1563 1413 1607 spiritualia
1436 1574 1568 1597 munera
1592 1574 1718 1608 quoque
1738 1565 1977 1608 coniunganius‚

1238 1616 1352 1660 quibus
1369 1616 1511 1649 fidelium
1524 1617 1648 1650 devotio
1667 1622 1696 1650 et
1712 1617 1823 1651 merita
1836 1628 1978 1652 crescere

1240 1671 1340 1714 magis
1358 1675 1387 1703 et
1404 1681 1520 1713 augere
1537 1671 1668 1714 possint,
1690 1671 1728 1704 de
1753 1671 1979 1715 omnipotentis

1240 1724 1294 1757 Dei
1325 1723 1543 1757 misericordia
1575 1734 1610 1758 ac
1640 1724 1806 1758 beatorum
1836 1725 1919 1757 Petri
1950 1730 1980 1758 et

1240 1778 1327 1811 Pauli
1339 1778 1553 1821 apostolorum
1567 1777 1633 1810 eius
1649 1777 1834 1811 auctoritate
1851 1778 1980 1822 contisi,

1241 1832 1387 1865 omnibus
1412 1836 1442 1865 et
1466 1832 1597 1875 singulis
1622 1832 1830 1874 scholaribus,
1850 1833 1981 1866 rectori-

1241 1885 1299 1920 bus
1323 1891 1353 1918 et
1378 1885 1540 1928 ministris,
1566 1885 1620 1929 qui
1649 1885 1680 1918 in
1705 1885 1787 1919 idem
1813 1886 1981 1930 collegium

1241 1939 1358 1983 recepti
1373 1939 1497 1981 suerint,
1516 1939 1547 1971 in
1564 1939 1633 1982 ipso
1651 1938 1804 1982 ingressu,
1823 1944 1853 1972 et
1869 1939 1982 1973 deinde

1242 1993 1273 2025 in
1291 1992 1384 2033 exitu,
1403 1997 1433 2025 ct
1458 1993 1483 2025 si
1501 1992 1627 2036 quidem
1648 1992 1780 2025 confessi
1805 1996 1835 2025 et
1855 1994 1981 2026 contriti

1242 2046 1474 2085 sanctissimum
1506 2045 1721 2079 Eucharistiae
1751 2050 1980 2080 sacramentum

1242 2099 1442 2143 sumpserint,
1468 2102 1559 2142 atque
1580 2099 1683 2139 etiam,
1702 2098 1727 2131 si
1744 2099 1774 2131 in
1792 2098 1903 2132 eodem
1921 2100 1982 2133 col-

1241 2153 1323 2196 legio
1344 2152 1496 2185 decedere
1513 2162 1566 2186 eos
1584 2152 1622 2185 ab
1641 2152 1788 2185 humanis
1804 2153 1981 2196 contigerit,

1242 2208 1273 2240 in
1306 2207 1416 2241 mortis
1449 2206 1581 2239 articulo
1595 2234 1602 2248 ,
1634 2206 1806 2250 plenariam
1839 2207 1981 2240 omnium

1240 2266 1444 2305 peccatorum
1468 2270 1599 2293 suorum
1630 2260 1856 2303 indulgentiam
1883 2266 1912 2294 et
1936 2272 1983 2294 re-

1241 2315 1422 2348 missionem
1441 2313 1689 2347 misericorditer
1709 2313 1740 2346 in
1762 2314 1895 2348 Domino
1912 2325 1984 2348 con-

1242 2369 1382 2403 cedimus
1407 2373 1437 2401 et
1461 2368 1642 2411 elargimur.

1286 2424 1303 2465 5
1328 2421 1379 2455 115.
1398 2421 1561 2455 Postremo
1579 2431 1793 2465 quascumque
1811 2421 1936 2465 regulas
1953 2427 1983 2455 ct
2012 2429 2182 2477 stamineas:-

1243 2475 1480 2510 constitutiones
1497 2475 1535 2508 ad
1545 2474 1696 2518 ,eiusdem
1723 2475 1868 2519 collegii,
1888 2476 1983 2509 illius·
1998 2459 2138 2509 fissssffigssga
2148 2462 2182 2504 Fss

1243 2541 1304 2574 que
1327 2539 1546 2574 personarum,
1570 2539 1679 2561 rerum
1701 2533 1731 2562 et
1750 2528 1908 2562 bonorum
1924 2529 1984 2573 spi-

2032 1523 2176 1549 indulgentias

1993 1556 2078 1598 gpthuo
2100 1555 2177 1571 conca-

1998 2509 2023 2530 de
2033 2515 2070 2534 pro
2080 2510 2182 2535 regimine

1999 2536 2082 2562 collegii
2124 2536 2182 2557 edita

1998 2563 2104 2588 approbat
2114 2565 2134 2583 et
2145 2562 2183 2584 ob·

1998 2589 2077 2611 servari
2087 2589 2182 2611 mandat.

473 2636 555 2670 casio
581 2637 706 2678 tulerit,
732 2647 878 2671 exercere
902 2637 1079 2682 possimus,
1105 2643 1135 2671 et
1159 2649 1211 2682 ge-
1244 2637 1444 2683 gubernium,
1464 2635 1670 2670 directionem
1691 2641 1720 2669 et
1744 2635 1983 2670 administratio-
