2269 3235
255 264 303 291 Αη.
322 264 349 292 C.
369 265 436 293 1624

278 1333 306 1353 De
321 1332 434 1353 cardinali-

250 1359 289 1379 bus
310 1359 434 1386 protectori·

251 1388 297 1408 bus.

279 2461 309 2483 De
323 2461 435 2483 admitten-

252 2489 284 2510 dis
303 2490 324 2510 in
343 2490 434 2511 alumna·

252 2518 303 2537 tum.

482 257 546 290 ⁶246

451 319 512 347 tate
532 324 594 347 non
611 318 690 352 sunt.
709 315 776 358 ipse
793 314 959 347 constituet
976 320 1006 347 et
1022 316 1188 349 amovebit.

451 367 564 400 Rector
588 367 851 399 extraordinarias
872 373 901 400 ct
919 368 1058 401 insolitas
1075 379 1184 413 expcn-

449 430 498 453 sas
518 420 599 453 ultra
621 420 729 462 viginti
748 419 934 453 ducatorum
953 431 1107 454 summam
1125 423 1191 455 nul-

449 473 493 505 las
529 473 639 513 saciat,
675 473 732 505 nisi
770 475 896 507 conscio
931 480 961 508 et
995 476 1190 519 approbante

448 526 626 569 praeposito
651 527 810 569 generali,
834 537 934 571 neque
959 529 1040 561 ultra
1064 535 1189 562 centum

447 578 632 611 ducatorum
651 590 817 621 sumniam,
834 581 892 613 nisi
913 583 1080 615 accedente
1096 583 1188 616 etiam

448 642 601 664 consensu
622 634 821 676 protectori&
842 635 894 678 qui
916 636 1049 677 collegio
1074 637 1190 680 specia-

448 684 519 717 liter
536 691 668 729 praeest.
683 686 771 726 Quod
788 687 812 720 si
830 698 985 732 expensae
1000 690 1084 722 mille
1098 690 1190 723 duca-

448 743 552 771 torum
570 750 724 772 summam
742 741 942 782 excesserint,
959 752 1023 775 nou
1040 743 1115 775 fiant
1131 743 1189 776 nisi

448 793 486 825 dc
510 802 665 826 consensu
690 794 830 827 omnium
857 801 1072 838 protectorum
1094 803 1123 830 ct
1143 808 1191 830 su-

447 846 621 889 periorum.

491 899 580 932 Certa
600 900 749 942 pecuniae
774 911 897 933 summa
922 901 1131 934 constituatur
1152 903 1189 935 ad

448 952 546 985 libros
562 952 693 995 singulis
706 953 795 985 annis
809 964 866 997 pro
880 954 1039 996 magistris
1056 960 1085 987 et
1103 955 1191 988 selio-

447 1005 566 1037 laribus
591 1010 620 1038 et
644 1016 703 1049 pro
727 1007 871 1049 augenda
895 1007 1087 1041 bibliotheca
1112 1010 1186 1041 6οὸ-

448 1057 587 1090 mendos.
610 1058 749 1101 Itemque
774 1059 813 1091 ad
837 1060 1065 1102 supellectilem
1090 1062 1190 1094 ecclc-

448 1110 511 1143 siae
543 1112 789 1144 conservandam
822 1118 852 1145 et
883 1114 1081 1156 augendam;
1110 1126 1190 1158 quac

448 1173 581 1205 summa,
599 1164 798 1198 considerato
819 1169 899 1199 statu
924 1167 1058 1210 collegii,
1077 1178 1094 1201 a
1118 1179 1192 1211 pro-

448 1222 577 1257 tectore,
594 1218 647 1261 qui
673 1218 842 1260 collegium
867 1219 1063 1261 adumistrat,
1081 1222 1128 1254 vel
1153 1222 1190 1254 de

449 1270 516 1303 eius
541 1280 693 1303 consensu
719 1282 735 1303 a
760 1275 883 1305 rectore
907 1273 1124 1306 constituetur.

493 1323 569 1356 Cum
583 1328 798 1367 protectorum
813 1325 925 1368 aliquis
939 1325 1118 1367 decesserit,
1129 1337 1193 1360 mo-

448 1380 520 1411 neat
536 1381 640 1411 rector
652 1379 865 1422 praepositum
880 1380 1070 1421 generalem,
1084 1385 1117 1413 ut
1133 1391 1191 1424 pro

450 1431 570 1464 ratione
591 1432 731 1464 muneris
751 1432 798 1464 sui
818 1432 975 1465 aliurnsub
999 1434 1189 1467 stituendum

449 1495 466 1517 a
479 1485 558 1517 Sede
571 1485 752 1529 Apostolica
767 1489 864 1526 curet,
879 1486 931 1529 qui
945 1486 982 1519 ad
999 1497 1049 1519 res
1067 1488 1190 1530 collegii

449 1538 679 1581 promovendas
696 1543 789 1582 atque
806 1539 954 1572 Graeciae
974 1540 1190 1573 reductionem

449 1591 580 1625 idoneus
597 1592 721 1625 suuirus
738 1592 889 1625 videatur.
907 1593 1035 1626 Interim
1061 1605 1136 1627 vero
1160 1595 1191 1627 in

449 1645 584 1688 collegio
609 1655 659 1678 res
676 1645 739 1678 Deo
764 1646 846 1679 serio
872 1647 1119 1680 commendetur.

493 1698 517 1730 E
541 1698 774 1741 protectoribus
802 1709 883 1731 unus
908 1710 1032 1743 semper
1057 1700 1095 1733 sit
1120 1711 1191 1745 spe-

450 1750 570 1782 cialiter
594 1761 611 1783 a
635 1751 713 1784 Sede
737 1752 918 1795 Apostolica
944 1753 1119 1796 deputatus,
1138 1754 1190 1797 qui

449 1804 590 1847 accepti,
616 1804 806 1848 expensique
832 1806 969 1838 rationes
1001 1817 1018 1839 a
1047 1812 1190 1848 rectore,

449 1857 646 1897 oeconomis,
673 1857 796 1890 vicariis
821 1859 1001 1891 monasterii
1028 1859 1190 1892 Sanctissi-

449 1920 519 1943 mae
532 1910 691 1943 Trinitatis
708 1910 876 1954 diligenter
893 1913 1060 1955 quotannis
1078 1913 1189 1956 exigat,

448 1964 565 2007 quique
589 1974 648 2005 res,
673 1974 753 2008 quae
778 1966 967 2008 protectoris
984 1969 1079 2010 opera
1098 1973 1189 2011 atque

447 2017 632 2051 auctoritate
658 2017 799 2061 indigere
817 2019 1013 2062 videbuntur,
1032 2021 1190 2054 ordinarie

449 2074 625 2114 cognoscat.
648 2071 735 2110 Quod
756 2072 780 2104 si
800 2072 884 2115 quod
906 2074 1188 2107 extraordinarium

448 2128 479 2156 et
503 2124 629 2165 gravius
647 2124 801 2167 inciderit,
820 2126 975 2160 referatur
998 2127 1036 2159 ad
1061 2138 1192 2170 congre-

448 2177 607 2219 gationem
631 2183 847 2221 protectorum
877 2181 1017 2213 omnium
1043 2185 1072 2213 et
1096 2192 1190 2225 supe-

448 2230 587 2273 riorum,
607 2242 686 2275 quae
711 2232 794 2265 eirca
814 2233 926 2266 festum
945 2233 1142 2268 Pentecostes
1161 2241 1191 2268 et

449 2283 622 2317 Nativitatis
649 2284 772 2318 Domini
801 2285 960 2319 ordinarie
985 2297 1110 2331 semper
1140 2288 1192 2321 ha-

448 2336 585 2379 bebitur,
599 2343 653 2371 aut
669 2338 762 2371 etiam
781 2340 913 2384 saepius,
929 2351 1001 2374 cum
1019 2341 1049 2373 id
1066 2342 1191 2385 negotia

448 2390 660 2434 postulabunt.

493 2444 548 2482 Qui
573 2445 605 2478 in
633 2446 767 2489 collegio
799 2446 982 2481 admittendi
1014 2453 1105 2492 sunt,
1131 2449 1191 2483 sint

450 2499 576 2532 Graecis
592 2500 774 2543 parentibus
789 2502 863 2543 nati,
882 2507 988 2536 sancto
1004 2503 1190 2547 baptismate

451 2552 621 2585 secundum
639 2553 732 2588 ritum
748 2554 905 2588 Ecclesiae
918 2556 1055 2590 Graecae
1068 2556 1189 2600 initiati,

450 2605 591 2648 legitimo
626 2608 828 2642 matrimonio
864 2609 1021 2653 suscepti,
1050 2609 1189 2654 linguam

449 2658 582 2700 patriam
607 2659 715 2692 saltem
740 2661 943 2696 mediocriter
966 2667 1100 2707 teneant,
1126 2674 1188 2698 non

1029 267 1207 293 BULLAmUM
1231 268 1386 293 ROMANUM

1223 317 1355 359 debiles,
1380 321 1433 349 aut
1457 315 1627 358 deformes,
1652 326 1714 350 non
1738 317 1880 361 impediti
1904 316 1963 350 lin-

1223 369 1294 414 gua,
1311 380 1372 403 non
1397 370 1575 403 desertores
1598 369 1692 402 ullius
1714 370 1852 413 religiosi
1877 370 1963 404 Ordi-

1224 423 1318 464 dinis,
1344 429 1397 456 aut
1420 422 1510 465 fidei,
1535 433 1597 456 non
1621 422 1783 466 neophyti,
1808 427 1901 467 atque
1924 434 1962 457 eo

1225 477 1349 519 ingenio
1375 477 1524 521 praediti,
1542 481 1576 509 ut
1600 475 1720 520 sperari
1746 477 1860 520 possit,
1882 477 1961 520 fore,

1224 535 1257 562 ut
1280 531 1372 563 utiles
1397 530 1554 563 Ecclesiae
1578 529 1715 574 operarii
1740 529 1888 570 evadant;
1912 540 1965 563 an-

1223 593 1336 616 norum
1363 594 1419 616 nec
1437 583 1540 616 minus
1557 582 1734 624 duodecim,
1751 592 1853 626 neque
1870 592 1964 627 supra

1223 636 1380 669 decimum
1407 641 1539 678 sextum,
1564 636 1623 669 nisi
1649 636 1674 669 si
1701 636 1826 680 quando
1850 646 1887 668 ex
1912 647 1966 680 pe-

1223 690 1393 722 culiaribus
1417 690 1517 723 causis
1542 690 1657 733 (neque
1684 689 1744 722 nisi
1775 689 1869 732 longa
1894 699 1965 733 pro-

1223 743 1348 776 batione
1368 743 1494 787 praevia
1519 743 1556 776 ad
1582 743 1808 787 experiendum
1828 742 1966 775 hominis

1224 795 1384 838 ingenium
1406 806 1442 829 ac
1466 797 1624 840 naturam)
1641 796 1814 840 protectori
1832 800 1861 828 et
1878 805 1967 839 supe-

1224 849 1300 881 riori
1318 849 1564 892 dispensandum
1582 850 1740 883 videretur
1757 859 1828 882 cum
1849 849 1964 893 aliquo,

1223 906 1257 933 ut
1281 902 1375 945 paulo
1396 902 1497 935 maior
1513 908 1589 936 natu
1608 902 1729 935 admitti
1753 902 1861 947 possit,
1879 903 1966 936 dum-

1224 954 1318 986 modo
1338 959 1482 988 octavum
1507 956 1665 988 decimum
1689 966 1806 988 annum
1830 966 1894 989 non
1917 966 1966 989 ac-

1224 1007 1313 1039 cedat
1324 1007 1341 1039 ¹.
1360 1007 1448 1046 Quod
1464 1008 1489 1040 si
1506 1008 1544 1040 de
1568 1008 1761 1042 admittendo
1777 1009 1882 1053 aliquo
1898 1019 1967 1052 aga-

1224 1066 1284 1102 tur,
1309 1061 1363 1104 qui
1388 1071 1457 1093 eam
1481 1066 1615 1094 aetatem
1640 1062 1818 1104 excesserit,
1842 1063 1966 1096 nonnisi

1224 1112 1262 1146 de
1279 1115 1427 1157 expressa
1444 1113 1532 1147 Sedis
1549 1114 1746 1158 Apostolicae
1763 1114 1967 1158 dispositione

1226 1166 1255 1199 id
1280 1166 1348 1199 fieri
1373 1167 1480 1211 possit,
1502 1178 1580 1211 quae
1601 1167 1792 1211 dispensatio
1816 1168 1969 1212 subrepti-

1225 1220 1267 1252 tia
1290 1231 1326 1254 ac
1349 1221 1434 1253 nulla
1459 1231 1591 1264 prorsus
1615 1221 1783 1263 habeatur,
1808 1222 1868 1255 nisi
1893 1232 1967 1255 con-

1225 1273 1347 1315 stiterit,
1373 1273 1404 1306 in
1429 1273 1496 1307 eius
1520 1274 1668 1318 petitione
1693 1274 1849 1318 expositas
1873 1275 1968 1308 fuisse

1225 1326 1366 1359 Pontifici
1391 1337 1500 1360 causas
1524 1327 1756 1361 constitutionis
1780 1328 1883 1361 huius.

1269 1379 1397 1413 Admitti
1422 1380 1454 1412 in
1479 1380 1647 1423 collegium
1671 1385 1819 1424 poterunt
1842 1392 1879 1415 ex
1904 1392 1969 1429 om5

1225 1433 1317 1466 nibus
1334 1433 1481 1467 Graeciae
1498 1434 1668 1477 provinciis
1685 1438 1714 1468 et
1732 1435 1844 1468 ceteris
1863 1434 1969 1469 Orien-

1226 1486 1263 1518 tis
1288 1486 1374 1524 locis,
1394 1487 1425 1519 in
1445 1487 1558 1530 quibus
1574 1487 1684 1521 Graeci
1709 1488 1862 1529 liabitant;
1880 1488 1969 1522 Italo-

1225 1540 1355 1582 Graeci,
1381 1551 1460 1584 quos
1484 1545 1617 1581 vocant,
1642 1551 1705 1574 non
1736 1541 1885 1575 excedant
1909 1552 1968 1575 nu-

1226 1604 1349 1626 merum
1374 1593 1504 1633 decem3
1530 1594 1665 1627 Rutheni
1691 1594 1784 1627 etiam
1810 1600 1966 1638 quatuor,

1226 1651 1255 1679 et
1280 1647 1426 1679 monachi
1458 1647 1486 1680 S.
1513 1647 1618 1679 Basilii
1649 1648 1904 1691 congregationis
1936 1648 1966 1681 S.

1225 1700 1284 1733 Nili
1321 1700 1404 1739 duo,
1437 1700 1610 1733 dummodo
1647 1700 1773 1743 ingenio
1807 1702 1965 1745 polleant,

1225 1754 1264 1786 ali
1290 1753 1321 1785 in
1346 1753 1480 1796 collegio
1505 1758 1664 1797 poterunt,
1690 1755 1841 1798 quamdiu
1866 1760 1969 1798 prote-

1225 1807 1365 1840 ctoribus
1391 1807 1539 1850 expedire
1565 1807 1729 1841 videbitur.

1269 1860 1362 1894 Curet
1387 1860 1585 1904 praepositus
1615 1861 1790 1903 generalis,
1816 1867 1850 1894 ut
1874 1873 1969 1905 quan-

1225 1917 1290 1947 tum
1323 1913 1392 1946 fieri
1425 1918 1547 1957 potest,
1581 1924 1617 1946 ex
1654 1914 1787 1948 diversis
1819 1915 1968 1949 Graeciae

1224 1967 1394 2010 provinciis
1425 1977 1460 2000 ac
1493 1967 1570 2000 loeis
1600 1968 1759 2001 scholares
1788 1969 1912 2002 alantur
1936 1969 1967 2002 in

1225 2020 1368 2062 collegio,
1386 2024 1420 2053 ut
1436 2020 1557 2053 fructus
1581 2021 1619 2053 ad
1644 2021 1750 2064 plures
1770 2027 1878 2064 gentes
1897 2033 1968 2066 per-

1225 2074 1323 2106 tinere
1349 2074 1456 2118 possit.
1476 2074 1550 2107 Eam
1569 2075 1609 2108 ob
1627 2086 1694 2108 rem
1715 2086 1750 2109 ex
1768 2076 1874 2119 parvis
1890 2076 1967 2109 locis

1225 2132 1254 2159 et
1285 2128 1395 2160 insulis
1429 2138 1468 2161 ne
1499 2129 1606 2171 plures
1637 2128 1729 2161 simul
1765 2129 1797 2162 in
1832 2129 1966 2172 collegio

1224 2185 1396 2223 versentur,
1422 2181 1481 2213 nisi
1505 2181 1556 2214 alii
1582 2187 1757 2225 suppetant.
1783 2182 1813 2215 Si
1832 2183 1902 2226 quis
1926 2183 1967 2216 la-

1225 2233 1279 2266 tini
1304 2234 1383 2266 ritus
1407 2244 1444 2267 ex
1469 2234 1674 2278 subreptione
1699 2235 1805 2268 insciis
1826 2237 1966 2280 superio-

1224 2287 1311 2319 ribus
1344 2287 1505 2329 ingressus
1536 2287 1650 2329 suerit,
1683 2293 1754 2331 post
1785 2294 1966 2333 susceptum

1224 2340 1436 2373 iuramentum
1461 2345 1602 2375 teneatur
1625 2342 1719 2375 ctiam
1744 2348 1910 2386 postquam
1928 2353 1966 2377 ex

1224 2395 1358 2438 collegio
1383 2395 1581 2437 discesserit,
1606 2395 1701 2428 ritum
1727 2406 1876 2439 graecum
1899 2407 1966 2430 ser-

1224 2459 1306 2491 vare,
1325 2453 1417 2493 atque
1433 2449 1471 2482 ad
1488 2450 1665 2483 animarum
1690 2450 1822 2484 salutem
1846 2451 1966 2484 incum-

1223 2503 1318 2536 bere:
1344 2513 1405 2546 qua
1432 2503 1526 2536 etiam
1552 2504 1731 2538 conditione
1763 2504 1883 2538 admitti
1911 2505 1962 2538 in-

1223 2556 1411 2601 telligatur2,
1436 2557 1461 2591 si
1492 2558 1544 2602 qui
1570 2558 1685 2602 alioqui
1709 2559 1788 2592 ritus
1815 2558 1902 2592 latini
1929 2569 1965 2592 ex

1260 2631 1270 2656 1
1288 2629 1379 2657 Potius
1394 2629 1541 2663 legendum
1557 2629 1696 2658 videretur
1710 2630 1828 2658 eaecedal
1842 2630 1881 2665 (R.
1896 2629 1945 2665 Ἦ).

1258 2673 1274 2700 Ε).
1289 2673 1325 2700 Ex
1342 2682 1419 2710 seqq.
1436 2673 1554 2709 legerem
1569 2674 1777 2709 intelligyantur
1791 2674 1828 2709 (n.
1844 2673 1891 2708 τ.).

1970 269 2020 297 An.
2040 270 2071 298 C.
2093 270 2160 299 ¹626
