2269 3235
97 282 150 308 An.
166 281 196 308 C.
211 280 281 309 1625

117 343 228 369 Stipendia
238 342 280 363 siu-

97 371 198 396 autorum.

165 1087 278 1108 Lectorum

94 1119 166 1134 onera.

900 282 1041 306 unximus

338 327 386 361 XI.
412 327 613 363 Institutistae
631 333 661 362 ct
680 329 773 373 logici
793 329 940 373 deinceps
965 340 1035 362 con-

296 381 429 415 ducendi
447 382 583 415 habeant
600 384 707 416 saltem
723 381 913 426 stipendium
931 387 1033 415 scuto-

294 446 366 468 rum
397 435 663 480 vigintiquatuor;
696 435 935 468 extraordinarii
970 440 1032 467 tam

294 488 371 521 iuris
395 499 489 532 quam
513 488 628 521 artium
654 488 798 531 triginta;
818 488 968 520 ordinarii
986 498 1035 520 ar-

294 542 371 575 tium
386 542 555 585 sexaginta,
574 542 649 575 iuris
662 552 737 587 yero
750 551 813 574 non
824 541 928 574 minus
941 552 1034 585 quam

293 596 473 639 nonaginta,
498 595 551 628 sed
570 605 632 627 non
651 599 819 638 propterca
838 594 1034 638 prohibitum

295 653 476 691 censeatur,
509 648 678 693 quominus
706 647 839 691 quilibet
866 648 986 689 doctor,
1012 648 1035 680 si

295 702 420 746 quando
438 703 525 735 locus
540 701 569 733 in
584 700 698 734 scholis
712 701 814 741 suerit,
828 701 948 735 admitti
966 712 1038 745 pos-

294 755 334 788 sit
350 755 389 787 ad
409 754 575 797 legendum
593 754 701 797 gratis,
730 753 754 786 si
784 754 862 788 forte
887 754 1035 787 salarium

294 818 407 841 vacans
424 817 486 841 non
504 810 585 840 extet
601 806 639 839 ad
663 817 817 839 summam
835 807 944 850 viginti
963 818 1037 851 qua-

293 866 365 894 tuor
389 865 550 894 scutorum
578 860 764 900 ascendens;
797 860 969 893 dummodo
996 865 1038 892 ta-

294 924 366 947 men
384 913 427 946 sic
451 913 661 946 admittendus
678 913 797 957 absque
814 913 928 946 salario
945 913 1037 956 eliga-

293 972 344 1001 tur
361 968 447 1000 iuxta
470 967 615 1007 sormam,
631 977 711 1010 quae
729 966 759 999 in
782 966 850 999 aliis
866 967 1037 1000 lectoribus

295 1021 506 1055 conducendis
526 1021 673 1066 superius
696 1021 889 1066 praescripta
914 1025 968 1055 est.

337 1076 400 1109 ΧΠ.
418 1076 567 1108 Lectores
595 1085 706 1109 omnes
730 1080 895 1108 teneantur
918 1075 956 1108 ad
980 1086 1036 1120 gy-

295 1129 452 1162 mnasium
469 1130 629 1170 accedere,
650 1140 685 1162 ac
702 1129 808 1172 legere
826 1130 956 1172 singulis
976 1129 1037 1162 die-

294 1183 352 1216 bus
372 1183 403 1216 in
429 1183 542 1227 quibus
567 1188 656 1216 sonat.
680 1193 853 1227 campana,
880 1187 915 1215 ut
938 1183 1034 1223 ins1·a;

296 1238 326 1266 et
341 1239 413 1278 post
428 1234 596 1267 lectionem
620 1233 801 1266 immediate
826 1234 1036 1267 immorentur

294 1288 325 1320 in
343 1288 459 1321 scholis
479 1287 663 1321 disserendo
681 1298 753 1320 cum
778 1287 974 1321 scholaribus
998 1287 1036 1320 dc

292 1341 387 1374 rebus
411 1341 450 1374 ad
474 1341 642 1374 lectionem
674 1340 906 1385 spectantibus,
937 1341 979 1373 ita
1002 1345 1036 1373 ut

294 1399 416 1438 tempus
440 1394 584 1427 lectionis
608 1399 638 1427 ct
662 1394 872 1427 conserentiae
896 1394 934 1426 ad
959 1394 1036 1428 inte-

293 1458 383 1491 gram
415 1448 528 1481 horam
560 1447 730 1491 perveniat.
756 1448 793 1481 Et
816 1448 848 1480 in
873 1447 982 1480 diebus
1007 1452 1037 1480 et

293 1501 390 1542 horis,
407 1501 439 1533 in
456 1501 570 1544 quibus
587 1501 711 1544 legitur,
729 1511 769 1534 nc
786 1501 931 1545 cuiquam
950 1511 1037 1546 prae-

292 1555 406 1588 beatur
429 1554 552 1588 occasio
581 1559 652 1598 post
684 1554 819 1587 mediam
844 1555 954 1587 horam
980 1555 1035 1588 ob-

293 1607 453 1652 strependi
471 1635 479 1648 ,
503 1608 631 1641 tollatur
667 1607 795 1640 omnino
831 1608 1035 1651 campanula,

293 1672 373 1706 quac
388 1661 485 1694 horae
502 1661 618 1694 indicat
630 1661 838 1693 medietatem.
861 1661 1035 1705 Campanae

295 1719 399 1748 autern
423 1714 573 1759 incipiant
597 1714 646 1747 die
663 1724 683 1747 v
707 1714 901 1753 novembris,
919 1719 948 1747 et
964 1725 1036 1758 per-

295 1768 448 1801 ducantur
472 1778 572 1811 usque
596 1767 634 1800 ad
658 1767 772 1800 festum
797 1768 859 1800 divi
879 1768 1034 1808 Thoma03

294 1821 406 1854 deinde
429 1831 540 1854 rursus
565 1826 765 1853 assumantur
782 1820 831 1853 dic
856 1820 1035 1854 immediate

295 1874 435 1919 sequenti
453 1879 525 1919 post
544 1874 751 1918 Epiphaniam
769 1874 903 1917 Domini,
922 1879 952 1908 et
967 1886 1036 1919 per-

295 1928 408 1960 durent
431 1937 532 1971 usque
554 1928 592 1960 ad
617 1927 807 1961 dominicam
827 1933 898 1961 ante
915 1933 1036 1972 septua-

295 1980 467 2024 gesimam3
489 1984 555 2014 tum
579 1980 683 2024 prima
707 1981 756 2014 die
780 1982 872 2015 lunae
892 1982 1031 2026 quadra-

294 2033 431 2077 gesimae
448 2044 548 2078 usque
573 2034 610 2066 ad
635 2034 824 2068 dominicam
846 2035 1034 2076 Palmarum;

294 2097 330 2121 ac
346 2087 472 2120 demum
490 2087 540 2121 die
557 2093 628 2132 post
645 2093 786 2122 octavam
804 2089 962 2122 Paschatis
977 2090 1036 2122 Re-

295 2141 499 2174 surrectionis
523 2152 622 2185 usque
646 2142 684 2175 ad
709 2143 821 2176 festum
847 2143 875 2175 S.
893 2143 1017 2177 loannis
1026 2155 1034 2185 3

295 2194 383 2236 itaut,
397 2195 533 2239 exceptis
549 2195 660 2229 diebus
678 2196 773 2237 sestis,
790 2196 822 2229 in
838 2197 951 2230 tabella
970 2203 1035 2231 stu-

297 2247 339 2279 dii
367 2248 508 2289 exaratis,
537 2259 573 2282 ac
603 2249 713 2282 decem
737 2249 847 2283 diebus
871 2251 1034 2294 potionum

297 2300 428 2334 arbitrio
452 2302 575 2345 collegii
600 2303 795 2336 medicorum
820 2305 1036 2348 praescriben-

297 2352 354 2393 dis,
370 2363 541 2398 numquam
567 2366 688 2389 cessare
712 2357 865 2400 debeant,
891 2358 944 2391 sed
968 2359 1036 2391 sun-

297 2406 416 2439 ctiones
440 2417 558 2449 omnes,
582 2409 614 2441 in
638 2410 752 2453 quibus
776 2407 927 2445 hactenus
951 2422 1036 2445 cam·

296 2470 377 2503 pana
394 2470 516 2493 cessare
529 2463 697 2505 consuevit,
712 2463 743 2495 in
758 2464 853 2496 alium
867 2465 948 2497 diem
966 2466 1037 2498 reii-

297 2513 430 2554 eiantur,
443 2513 491 2546 vel
508 2514 546 2546 ad
569 2525 726 2549 summum
744 2522 843 2550 cesset
860 2519 896 2550 ea
914 2523 1035 2552 tantum

295 2567 385 2607 hora,
414 2567 445 2599 in
473 2577 532 2611 qua
557 2568 616 2600 erit
639 2569 791 2603 lectorum
817 2572 981 2615 occupatio
1004 2572 1036 2605 in

296 2620 458 2653 funeribus
482 2620 673 2655 solemnibus
692 2626 722 2657 et
738 2624 938 2668 superiorum
962 2625 1036 2658 visi-

295 2673 475 2708 tationibus.
502 2674 560 2707 Per
592 2675 670 2709 haee
692 2681 795 2710 tamen
819 2678 922 2723 quoad
947 2689 1036 2713 vaca-

379 2736 459 2765 Ruti.
478 2736 562 2765 Rom.
584 2753 618 2758 —
636 2739 694 2766 Vol.
711 2739 794 2767 XIII.
940 2742 974 2769 48

1067 282 1123 306 vni
1147 284 1194 307 rr.
1713 274 1775 308 277

1070 331 1184 363 tionem
1210 331 1239 363 in
1266 330 1315 364 die
1341 331 1417 365 iovis
1447 332 1673 375 cuiuscumque
1696 332 1812 365 hebdo-

1068 384 1176 417 madae
1197 385 1272 417 nibil
1299 385 1477 418 innovatum
1505 391 1678 419 censeatur.

1112 437 1187 470 Xlll.
1214 438 1368 478 Lectores,
1389 440 1441 481 qui
1468 439 1497 471 in
1523 440 1627 483 aliquo
1645 452 1679 472 ex
1702 450 1811 484 supra-

1069 489 1193 532 scriptis
1218 490 1328 523 diebus
1352 492 1543 533 defecerint,
1568 493 1701 526 fideliter
1732 504 1811 538 pun-
1827 487 1837 499 ''

1069 535 1192 575 ct'entur
1209 554 1226 575 a
1242 547 1437 586 punctatore,
1452 545 1489 577 ab
1504 546 1662 591 episcopo,
1677 557 1730 579 scu
1745 547 1811 579 eius

1070 594 1201 636 vicario,
1227 600 1257 628 et
1282 597 1389 639 priore
1413 599 1576 642 utriusque
1601 600 1726 642 collegii
1756 600 1811 633 eli-

1070 649 1182 691 gendo,
1203 649 1255 692 qui
1274 655 1443 693 propterea
1469 651 1547 683 duos
1565 653 1677 686 babeat
1695 654 1809 688 libros:

1070 700 1101 733 in
1126 712 1261 745 quorum
1287 703 1385 736 altero
1410 704 1512 746 signet
1536 705 1679 744 lectores,
1696 706 1748 749 qui
1773 709 1810 738 ad

1070 755 1208 788 studium
1233 766 1294 789 non
1319 762 1536 799 accesserunt,
1565 758 1594 790 in
1631 759 1729 792 altero
1758 761 1810 803 qui

1070 814 1270 842 accesserunt.
1294 810 1420 853 quidem
1439 811 1494 844 sed
1514 821 1576 844 non
1592 811 1746 854 legerunt,
1765 814 1810 846 vel

1070 862 1200 906 proprisi
1232 864 1343 907 culpa,
1379 865 1426 897 vel
1461 865 1653 898 scholarium
1680 865 1812 909 impedi-

1071 920 1185 959 mento,
1203 917 1250 949 rel
1276 917 1369 949 aliam
1386 917 1426 951 ob
1440 928 1575 951 causam.
1590 919 1713 952 Primus
1733 919 1811 953 liber

1071 969 1273 1012 consignetur
1290 971 1507 1014 computistaev
1522 971 1626 1012 studii,
1646 972 1684 1005 ad
1701 973 1761 1006 hoc
1778 978 1809 1005 ut

1070 1022 1242 1055 lectoribus
1255 1023 1475 1057 deficientibus
1493 1025 1621 1058 retineri
1633 1031 1724 1069 queat
1738 1037 1810 1070 pars

1069 1085 1127 1118 pro
1152 1077 1219 1108 rata
1243 1076 1366 1110 dierum
1396 1077 1427 1109 in
1444 1076 1559 1122 quibus
1584 1079 1764 1119 defecerint,
1782 1086 1812 1112 et

1070 1128 1282 1162 deficientium
1324 1135 1439 1174 puncta
1477 1131 1606 1175 reliquis
1641 1133 1811 1166 lectoribus

1069 1182 1241 1226 aequaliter
1265 1190 1455 1225 accrescant,
1473 1185 1515 1217 ita
1535 1189 1638 1218 tamen
1662 1191 1696 1218 ut
1720 1187 1808 1219 liceat

1069 1235 1206 1278 praesidi
1240 1246 1431 1279 cognoscere
1463 1238 1501 1271 dc
1526 1238 1627 1271 causis
1669 1239 1709 1272 ob
1734 1250 1810 1284 quas

1070 1290 1280 1331 cessaverint,
1304 1296 1397 1335 atque
1423 1292 1516 1324 etiam
1543 1293 1722 1326 condonare
1750 1294 1810 1326 illis

1069 1348 1282 1386 punctaturas,
1304 1345 1328 1377 si
1346 1345 1482 1388 aliquam
1504 1345 1721 1379 rationabilem
1743 1358 1812 1379 cau-

1070 1406 1135 1428 sam
1150 1397 1275 1430 subesse
1290 1398 1504 1441 arbitrabitur,
1518 1401 1646 1432 onerata
1663 1410 1719 1443 per
1736 1400 1810 1433 hoc¹

1070 1448 1166 1493 ipsius
1191 1451 1389 1485 conscientia.
1416 1452 1578 1485 Secundus
1608 1463 1682 1486 vero
1708 1454 1811 1486 consi-

1069 1508 1183 1545 gnetur
1208 1504 1310 1536 eidem
1334 1505 1488 1549 praesidi,
1514 1511 1548 1539 ut
1572 1507 1643 1539 inde
1668 1512 1811 1540 constare

1070 1556 1189 1599 possit,
1215 1557 1344 1600 quinam
1368 1568 1405 1591 ex
1430 1559 1602 1592 lectoribus
1631 1560 1714 1592 illius
1740 1560 1810 1592 anni

1069 1609 1107 1641 ad
1132 1610 1284 1643 maiorem
1309 1611 1479 1645 lectionum
1503 1623 1673 1646 numerum
1704 1624 1811 1647 ascen-

1069 1662 1182 1704 derint,
1202 1668 1236 1696 ut
1252 1670 1421 1708 propterea
1446 1666 1506 1699 illis
1532 1666 1683 1700 debeatur
1706 1667 1810 1711 portio

1069 1717 1214 1760 superius
1238 1718 1411 1762 proposita.

1112 1770 1186 1802 XIV.
1212 1770 1352 1804 Tollatur
1378 1772 1507 1805 omnino
1528 1772 1625 1806 horae
1648 1773 1811 1807 diversitas
1830 1783 1831 1787 ¹

1069 1822 1150 1856 inter
1164 1824 1299 1857 lectores
1315 1825 1503 1867 ordinarios,
1518 1826 1582 1859 sive
1596 1826 1730 1868 iurisias,
1748 1828 1812 1861 sive

1069 1877 1193 1910 artistas
1217 1883 1247 1910 et
1271 1878 1425 1912 doctores.
1457 1880 1634 1914 Ludovicus
1666 1881 1813 1915 Scliottus

1069 1936 1099 1964 et
1115 1931 1280 1976 Dionysius
1298 1932 1471 1977 Crispoltus
1485 1934 1590 1977 legant
1606 1935 1713 1968 eadem
1732 1936 1812 1969 hora

1069 1984 1101 2016 in
1117 1985 1221 2018 rotulo
1244 1986 1450 2030 praescripta.
1470 1987 1614 2021 Ceterum
1636 1999 1671 2021 ex
1686 1988 1812 2022 decreto

1068 2037 1260 2079 huiusmodi,
1274 2039 1357 2083 quod
1376 2041 1478 2073 solum
1496 2041 1599 2073 editur
1611 2041 1736 2085 publica
1752 2048 1814 2075 stu-

1069 2091 1112 2124 dii
1128 2092 1262 2126 utilitate
1290 2094 1338 2127 vel
1362 2095 1547 2128 necessitate
1572 2101 1714 2139 cogente,
1735 2097 1812 2129 nulli

1069 2155 1180 2178 eorum
1213 2150 1379 2181 censeatur
1409 2148 1529 2180 illatum
1561 2148 1812 2192 praeiudicium,

1069 2199 1210 2242 quinimo
1234 2205 1368 2244 uterque
1385 2211 1458 2234 cum
1482 2201 1615 2245 paritate
1639 2202 1813 2236 conductus

1069 2252 1271 2295 intelligatur,
1297 2253 1340 2286 ita
1364 2257 1398 2288 ut
1421 2255 1515 2288 etiam
1540 2256 1713 2299 aequaliter
1739 2256 1811 2300 eligi

1068 2306 1167 2350 possit
1180 2307 1211 2339 in
1224 2313 1453 2350 promotorem;
1470 2309 1617 2353 idemque
1630 2320 1688 2354 per
1707 2311 1812 2343 omnia

1069 2364 1194 2392 cautum
1209 2366 1383 2402 censeatur,
1394 2367 1487 2405 atque
1500 2362 1694 2405 observetur,
1709 2364 1811 2407 quoad

1069 2413 1215 2446 doctores
1243 2414 1436 2448 Luem-icum
1463 2416 1610 2449 Cencium
1642 2421 1672 2449 et
1703 2417 1809 2462 Septi-

1069 2467 1168 2499 mium
1193 2467 1379 2510 Eugenium.

1113 2521 1172 2553 XV.
1198 2521 1305 2559 Quoad
1329 2521 1473 2563 lectoreS,
1502 2523 1556 2567 qui
1581 2523 1732 2557 hactenus
1757 2524 1812 2558 im-

1069 2574 1254 2607 munitatem
1272 2575 1320 2608 vel
1343 2576 1545 2620 privilegium
1570 2578 1694 2621 legendi
1714 2579 1752 2611 ad
1780 2580 1812 2612 li-

1068 2628 1168 2661 bitum
1193 2633 1265 2661 sunt
1289 2630 1496 2674 consequuti,
1520 2631 1598 2664 nihil
1628 2632 1810 2667 innovatum

1105 2692 1116 2717 1
1134 2690 1234 2718 Forsan
1250 2691 1395 2727 legendum
1410 2701 1499 2728 super
1515 2694 1564 2722 hoc
1580 2694 1619 2729 (R.
1634 2694 1684 2728 ⁵12).

1824 285 1870 311 Λη.
1889 286 1917 312 (3.
1943 285 2010 313 1025

1855 1783 1883 1803 De
1906 1783 1958 1802 bura
1982 1782 2010 1802 lc-

1827 1810 1917 1830 ctionuiu
