2269 3235
105 239 157 266 An.
173 237 204 266 C.
221 236 290 265 1628

300 283 404 324 nibus,
415 283 589 328 privilegiis
602 293 737 327 quoque,
750 282 876 316 indultis
890 287 919 316 et
932 282 1043 315 litteris

302 337 484 381 apostolicis
513 337 630 369 eisdem
659 336 826 369 Ordinibus
854 340 884 368 ct
911 346 1042 377 congre-

302 390 481 433 gationibus
510 395 603 434 atquc
631 389 779 423 institutis
807 388 1043 432 quomodolibet

302 443 469 485 concessis,
487 443 679 477 contirniatis
696 448 725 475 ct
743 441 910 475 innovatis:
929 441 1043 484 quibus

302 496 449 529 omnibus
474 501 504 529 et
528 496 669 539 singulis,
696 495 816 528 etiamsi
841 494 878 526 de
908 494 968 526 illis
989 505 1041 525 co-

302 560 437 593 rumque
450 550 522 583 totis
536 549 707 588 tenoribus,
728 547 880 591 specialis,
899 547 1041 590 spccitica

304 607 333 635 et
347 602 514 644 individua,
524 612 585 635 non
598 606 701 634 autem
716 611 773 643 per
786 600 940 632 clausulas
953 610 1043 642 gene-

303 656 384 688 rales
403 655 485 688 idem
510 655 726 698 importantes,
745 653 862 685 mentio
880 663 934 685 seu
951 664 1042 696 quac-

303 708 349 741 vis
365 709 426 741 alia
439 717 586 751 expressa
604 706 747 739 habenda
768 706 814 738 vel
839 706 966 748 quaevis
983 706 1042 738 alia

305 761 458 805 exquisita
480 761 581 793 forma
601 759 638 791 ad
657 759 715 791 hoc
735 759 886 791 servanda
903 759 993 799 soret,
1011 760 1043 791 il-

303 815 406 848 lorum
424 818 548 846 tenores
569 812 787 856 praesentibus
806 823 865 856 pro
890 813 1043 845 5111110101]-

303 873 351 900 ter
375 867 538 911 expressiS,
557 878 593 900 ac
616 867 749 900 formam
769 877 878 900 eorum
897 867 1041 900 traditam

302 931 362 964 pro
387 922 507 953 servata
527 920 686 961 habentes,
707 920 765 952 hac
782 919 849 952 vice
867 919 1043 963 specialiter

302 979 332 1006 et
363 973 549 1008 nominatim
580 977 610 1007 et
640 984 803 1017 expresse,
828 973 866 1006 ad
897 974 1042 1006 effectum

302 1028 526 1071 praesentium,
552 1027 751 1071 derogamus,
769 1027 944 1071 ceterisque
969 1038 1042 1061 con-

302 1080 408 1113 trariis
434 1081 694 1126 quibuscumque.

348 1134 362 1178 §
376 1133 427 1167 10.
443 1135 481 1167 Ut
497 1140 601 1167 autem
618 1139 800 1178 praesentes
814 1138 948 1176 nostrae,
963 1145 1042 1178 quae

305 1187 344 1219 ad
371 1187 494 1230 singula
518 1188 586 1220 loca
610 1188 726 1220 deferri
750 1198 812 1221 non
836 1193 983 1231 possunt,
1005 1188 1042 1220 ad

304 1240 444 1273 omnium
468 1241 610 1273 notitiam
636 1241 756 1274 facilius
781 1241 962 1282 deveniant,
988 1252 1042 1274 vo-

302 1293 427 1334 lumus,
452 1299 486 1327 ut
507 1294 689 1327 earumdem
722 1295 935 1338 praesentium
960 1299 1043 1327 tran-

303 1347 437 1391 sumptis
461 1348 509 1380 vel
541 1348 713 1392 exemplis,
739 1348 831 1381 etiam
862 1348 1040 1391 impressis,

303 1411 399 1433 manu
423 1401 555 1434 alicuius
570 1401 683 1435 notarii
702 1401 822 1445 publici
846 1402 1040 1445 subscriptis,

305 1459 335 1487 et
357 1454 460 1497 sigillo
486 1465 640 1498 personae
664 1455 696 1487 in
720 1454 869 1497 dignitate
895 1455 1040 1488 ecclcsia-

305 1507 381 1540 stica
401 1507 586 1540 constitutae
611 1508 749 1548 munitis,
765 1508 881 1551 ubique
898 1508 1041 1541 locorum

305 1566 335 1593 et
358 1561 498 1603 gentium
522 1561 631 1593 eadem
654 1572 785 1604 prorsus
802 1561 879 1594 sides
899 1561 1043 1594 adhibea-

303 1618 365 1654 tur,
390 1624 469 1657 quae
493 1613 694 1648 adhiberetur
718 1614 793 1657 ipsis
815 1614 936 1655 litteris,
954 1614 979 1647 si
999 1615 1042 1647 fo-

303 1671 374 1699 rent
398 1666 554 1699 exhibitae
578 1667 625 1699 vel
650 1672 801 1700 ostensae.

346 1719 457 1752 Datum
471 1720 598 1760 Romae,
616 1720 698 1764 apud
716 1720 744 1753 S.
763 1721 900 1762 Petrum,
918 1721 975 1754 sub
992 1731 1042 1754 an-

302 1773 378 1806 nulo
393 1773 569 1814 piscatoris,
588 1773 638 1806 die
660 1783 716 1806 vni
732 1774 840 1818 aprilis
865 1785 1040 1816 iiocxxvnl,

303 1826 504 1871 pontificatus
520 1827 619 1860 nostri
637 1837 718 1861 anno
735 1838 764 1860 v.

340 1888 397 1916 Dat.
415 1888 458 1917 die
471 1890 487 1917 8
501 1889 592 1925 aprilis
609 1889 686 1924 1628,
707 1889 802 1925 pontif.
823 1898 892 1919 anno
908 1900 933 1918 V.

140 1149 288 1175 'transumpto-

106 1181 151 1197 rum
164 1175 224 1196 fides.

567 2006 778 2040 CCLXXXVII.

302 2078 428 2112 Erectio
443 2077 544 2110 aazias
561 2077 733 2110 cathedrae
750 2078 961 2121 eloquentiae,
978 2078 1043 2110 sive

346 2127 535 2168 rhetoricae,
552 2127 587 2159 in
604 2127 732 2170 publico
749 2128 843 2160 Urbis
859 2128 1040 2170 yymuasio,

343 2187 478 2221 prouno
495 2176 600 2219 ipsius
613 2177 792 2208 rhetoricae
807 2176 919 2209 lectore
932 2180 959 2208 et
970 2187 1043 2220 pro-

347 2227 472 2269 fessore,
495 2236 568 2258 cum
592 2235 723 2257 annuae
740 2225 938 2268 provisionis
962 2226 1043 2258 assi-

347 2276 510 2318 9natione,
530 2285 652 2308 necnon
671 2275 924 2318 privz'legyz'orum
941 2280 968 2308 et
990 2276 1042 2307 iii-

350 2322 527 2363 dultorum,
554 2323 670 2367 quibus
694 2323 757 2355 atii
777 2323 857 2356 dicti
874 2325 1044 2367 yynmasiz·

349 2371 560 2405 cathedratici
573 2372 726 2415 yaudent,
740 2374 1041 2415 communicatione,

349 2421 554 2465 eiusdemque
577 2422 732 2454 concessio
749 2422 937 2465 Augustino
957 2422 1043 2454 Mas-

350 2470 446 2504 cardo
454 2469 473 2503 ¹.

343 2554 354 2579 1
376 2551 500 2579 Studium
523 2551 649 2587 generale
670 2552 697 2579 in
716 2552 790 2591 Urbe
813 2561 874 2580 cum
898 2553 1044 2589 privilegiis

305 2605 354 2633 pro
379 2597 534 2624 doctoribus
556 2600 583 2624 et
605 2598 774 2625 scholaribus
795 2599 912 2625 instituit
936 2599 1043 2626 Bonifa-

306 2641 364 2670 cius
377 2641 436 2669 VIII
450 2645 481 2668 ut
495 2650 526 2668 ex
541 2641 632 2670 Consi.
648 2650 694 2676 xx,
705 2643 740 2669 In
755 2651 917 2679 supremae,
929 2647 994 2671 tom.
1007 2650 1042 2678 tv,

422 2696 500 2724 Buzt.
516 2696 597 2726 Rom.
613 2711 648 2718 —
666 2697 724 2725 Vol.
740 2698 822 2725 XIII.
968 2697 1002 2726 83

911 235 1054 259 URBANUS
1077 234 1135 259 vm
1158 234 1206 258 I’P.

1719 224 1782 257 057
1829 234 1880 259 Λη.
1898 233 1924 258 c.
1945 233 2012 260 ¹628

1265 281 1402 309 Urbanus
1433 282 1512 315 Papa
1539 281 1616 313 VIII,

1197 327 1233 353 ad
1253 330 1427 360 perpetuam
1447 326 1491 352 rei
1512 325 1691 352 memoriam.

1121 386 1279 418 Militantis
1305 386 1460 419 1100105130
1486 387 1630 429 regimini
1657 386 1694 417 ab
1720 397 1773 423 00,
1799 397 1815 418 a
1857 403 1996 423 mmmmm.

1077 450 1138 482 qno
1163 440 1265 471 omnis
1290 440 1441 483 sapientia
1466 446 1521 479 cst,
1543 445 1572 471 vt
1592 451 1662 471 011111
1684 450 1746 482 qno
1765 440 1815 471 illa

1077 504 1201 536 semper
1223 493 1278 526 suit
1296 499 1383 525 01051
1404 498 1473 526 ante
1497 505 1618 531 aevum,
1640 493 1725 525 nullo
1745 494 1816 525 licet

1078 546 1262 577 meritorum
1282 546 1432 587 sull'ragio
1450 546 1632 589 praepositi,
1651 552 1680 577 vt.
1701 552 1815 577 attente

1077 599 1320 641 considerantes7
1348 600 1427 631 inter
1448 605 1567 631 cett-ras
1594 600 1740 631 lib-evales-
1760 600 1815 632 110-

1077 653 1192 684 ctrinas
1216 658 1246 685 ct
1269 653 1459 696 disciplinas,
1480 653 1593 695 quibus·
1620 654 1763 685 iuventus
1786 654 1815 685 in

1078 705 1204 748 publico
1239 705 1339 737 almae
1372 705 1462 737 l'rbis
1494 711 1617 737 nostrae
1653 706 1816 748 gymnasio

1077 758 1242 790 instruitur
1267 763 1296 790 ct
1320 758 1480 797 eruditur,
1506 763 1539 790 ut
1564 759 1700 790 bominis
1722 760 1816 792 111ιο115

1077 817 1123 844 est
1146 812 1318 854 ingenium,
1336 812 1380 844 sic
1405 812 1521 853 ingenii
1549 813 1652 844 lumen
1672 825 1739 844 esst:
1757 814 1816 845 1-10-

1077 865 1251 908 quentiam,
1273 865 1421 908 quodque
1439 865 1596 898 rhetorica
1616 866 1705 898 docet
1723 871 1753 896 et
1775 866 1817 898 iu-

1077 923 1123 951 sta
1139 919 1330 962 persuadere
1350 923 1380 951 ct
1396 919 1510 951 horum
1525 919 1682 951 contraria
1697 920 1815 961 t'ugtnc,

1077 983 1191 1015 operae
1215 972 1351 1015 pretinm
1377 982 1434 1005 nos
1460 973 1595 1005 facturos
1627 973 1816 1004 existimavi-

1077 1036 1156 1065 111115,
1181 1025 1206 1057 51
1224 1025 1255 1057 111
1273 1025 1382 1058 eodem
1408 1025 1570 1069 gymnasio
1588 1036 1649 1057 una
1666 1026 1816 1068 eloquen-

1077 1079 1136 1112 tiae
1165 1079 1228 1112 sive
1252 1079 1429 1112 rhetoricae
1454 1079 1602 1111 cathedra
1627 1079 1816 1122 provisionis

1076 1138 1200 1166 nostrae
1224 1128 1399 1166 ministerio
1424 1133 1564 1175 erigatur
1580 1139 1608 1165 et
1627 1133 1816 1173 instituatur,

1076 1187 1166 1230 eique
1183 1187 1226 1219 sic
1245 1191 1367 1219 erectae
1384 1191 1413 1219 et
1433 1186 1602 1225 institutae,
1623 1186 1660 1218 de
1679 1187 1730 1218 tali
1749 1198 1817 1229 per-

1076 1241 1151 1272 sona
1176 1239 1387 1283 provideatur,
1406 1239 1494 1271 0111115
1519 1239 1652 1281 insignis
1673 1239 1815 1271 doctrina

1075 1298 1105 1325 ct
1129 1293 1280 1333 eruditio,
1304 1303 1367 1325 non
1392 1292 1486 1325 modo
1511 1292 1676 1332 industria,
1702 1292 1814 1333 studio,

1075 1347 1182 1380 labore
1204 1352 1234 1379 et
1258 1347 1431 1389 diligentia,
1456 1357 1565 1379 verum
1591 1346 1684 1379 etiam
1710 1347 1815 1388 singu-

1076 1401 1133 1433 lari
1153 1399 1200 1432 in¹
1218 1401 1316 1433 Deum
1342 1401 1456 1444 pietate
1481 1400 1713 1443 comprohmur,

1119 1455 1134 1498 ἓ
1158 1454 1187 1486 ’1.
1214 1454 1299 1486 Motu
1322 1454 1427 1497 itaque
1455 1454 1587 1497 proprio
1613 1459 1642 1486 et
1666 1464 1703 1485 ex
1728 1455 1813 1486 certa
1842 1466 1926 1487 Erectio
1942 1466 2014 1487 cathe-

1076 1508 1205 1541 scientia
1232 1518 1267 1540 ac
1295 1510 1419 1540 matura
1446 1507 1670 1540 deliberatione
1699 1508 1814 1540 nostris
1829 1494 2014 1545 ii12¹¹542ii¹⁸i⁴1²1r¹⁶ri15

1075 1572 1169 1594 unam
1200 1561 1232 1593 in
1257 1562 1397 1605 praefato
1422 1561 1584 1605 gymnasio
1616 1562 1815 1605 elospientiae
1829 1547 1897 1567 ΝΜ

1076 1615 1139 1647 sive
1157 1615 1333 1647 rhetoricae
1351 1615 1542 1653 cathedram,
1560 1625 1618 1658 pro
1637 1625 1698 1647 nno
1717 1615 1815 1658 ipsius

1076 1668 1271 1711 eloquentiae
1288 1668 1351 1700 sive
1369 1668 1545 1700 rhetoricae
1563 1668 1679 1700 lectore
1697 1673 1725 1700 et
1745 1680 1816 1711 pro-

1076 1722 1203 1761 fessore,
1222 1732 1292 1754 cum
1314 1721 1460 1754 omnibus
1485 1727 1514 1753 et
1538 1721 1669 1763 singulis
1694 1722 1817 1764 privile-

1075 1775 1145 1818 giis,
1166 1775 1274 1818 gratiis
1292 1780 1321 1806 et
1335 1774 1473 1815 indultis,
1491 1775 1582 1807 etiam
1602 1775 1727 1818 speciali
1743 1777 1816 1808 notai

1076 1835 1105 1862 ct
1127 1829 1330 1872 expressione
1354 1829 1467 1871 dignis,
1493 1834 1522 1861 et
1544 1829 1659 1872 quibus
1683 1829 1815 1861 aliarum

1076 1883 1279 1915 scientiarum
1312 1882 1376 1915 sive
1409 1882 1646 1926 disciplinarum
1673 1882 1704 1914 in
1732 1882 1816 1915 dicto

1076 1936 1238 1981 gymnasio
1256 1936 1457 1969 cathedratici
1475 1936 1669 1979 professores
1683 1936 1720 1967 de
1736 1936 1814 1978 iure,

1078 2001 1143 2032 usu,
1166 1994 1290 2029 statuto,
1313 1989 1549 2028 consuetudine,
1563 1994 1615 2021 aut
1633 2000 1668 2021 ex
1688 2000 1816 2021 contes-

1077 2044 1163 2077 sione
1193 2043 1365 2087 apostolica
1396 2043 1444 2075 vel
1469 2042 1543 2074 alias
1577 2042 1817 2085 quomodolibet

1076 2103 1216 2139 utuntur,
1241 2097 1404 2140 potiuntur
1422 2100 1451 2129 et
1469 2096 1616 2138 gaudent,
1636 2107 1669 2128 ac
1688 2096 1742 2135 uti,
1765 2107 1816 2139 po-

1078 2151 1127 2183 tiri
1152 2156 1182 2184 ct
1206 2151 1343 2193 gaudere
1369 2156 1500 2193 possunt
1516 2155 1546 2182 et
1570 2154 1717 2193 poterunt
1742 2160 1817 2192 quo-

1059 2204 1251 2237 >modolibet
1275 2204 1305 2235 in
1329 2204 1483 2245 futurum,

1121 2259 1135 2302 ξ
1150 2258 1177 2291 ⁵2.
1190 2259 1317 2291 Necnon
1335 2257 1516 2301 provisione
1529 2258 1632 2289 annua
1654 2262 1815 2295 scutorum
1832 2265 2016 2312 muffgovisjtgffis

1077 2312 1321 2356 quingentorum
1347 2317 1491 2343 monetae
1516 2321 1551 2342 ex
1570 2312 1606 2342 ea
1625 2311 1817 2352 octingento-
1832 2325 1875 2365 {fflu
1892 2325 1904 2339 n
1921 2324 2016 2345 magua-

1078 2377 1146 2398 rum
1167 2371 1328 2397 scutorum
1346 2365 1611 2408 siinilium,qnam
1632 2364 1816 2397 venerabilis
1863 2362 1869 2367 ’

1076 2420 1171 2452 frater
1200 2419 1296 2451 Iulius
1323 2418 1581 2461 archiepiscopus
1611 2418 1813 2450 Thessaloni—

1078 2472 1190 2512 censis,
1203 2472 1249 2504 uti
1265 2471 1342 2504 iuris
1360 2471 1459 2503 civilis
1476 2471 1507 2503 in
1524 2471 1634 2504 eodem
1653 2472 1816 2516 gymnasio

1078 2562 1138 2590 pag.
1157 2553 1215 2580 166.
1233 2552 1280 2579 13111
1301 2555 1428 2579 consonat
1449 2553 1501 2578 alia
1518 2552 1615 2579 Leonis
1635 2553 1653 2579 X
1675 2553 1762 2580 Coust.
1780 2561 1816 2587 lv,

1078 2599 1154 2625 Dum
1172 2598 1368 2629 suavissimos,
1385 2601 1450 2623 tom.
1469 2606 1493 2631 V,
1509 2606 1568 2632 pag.
1586 2598 1647 2625 568.

1112 2643 1126 2670 1
1143 2643 1242 2677 Praep.
1261 2643 1291 2669 in
1306 2650 1354 2669 nos
1369 2642 1492 2669 addimus
1507 2644 1545 2677 (R.
1562 2642 1611 2677 T.).
