2269 3235
53 279 234 310 An.c.1623
269 315 270 318 Ἴ

105 930 239 951 Confirmatio

56 958 212 983 privilegiorum
236 974 240 979 .

58 990 112 1010 quae
140 990 240 1004 concessa

57 1014 104 1030 sunt
132 1011 158 1030 ab
193 1012 240 1031 atus

57 1037 202 1058 Pontificibus.

111 1355 242 1376 obstantium

61 1380 177 1407 derogatio.

250 328 334 362 certa
358 327 496 368 scientia,
512 337 548 360 ac
564 326 602 360 de
615 325 810 370 ‚apostolicae
826 325 989 369 potestatis

249 381 455 426 plenitudine,
480 381 573 414 etiam
598 379 793 418 mandamus,
810 383 844 411 ut
863 378 989 411 easdem

250 439 433 479 praesentes
457 434 579 467 litteras
604 443 697 477 super
720 431 903 476 praemissis
927 442 991 464 om-

251 488 345 521 nibus
369 492 400 520 et
423 487 564 530 singulis,
588 491 652 519 tam
677 485 870 518 coniunctim
895 495 990 528 quam

252 541 431 585 separatim,
455 551 491 573 ac
521 550 579 584 pro
603 539 753 582 singulis,
778 538 892 582 quibus
921 548 992 571 con-

253 604 339 627 cessa
363 593 505 633 suerunt,
530 603 566 625 ac
590 592 722 625 seorsim
746 597 776 624 et
801 591 969 635 separatim
984 618 991 632 ,

253 657 324 680 cum
349 646 494 680 omnibus
525 650 555 678 et
581 645 834 688 quibuscumque
862 644 994 687 deroga-

252 701 400 742 tionibus,
425 700 560 732 decretis
584 704 614 732 et
638 698 788 732 clausulis
812 698 844 730 in
861 697 906 730 eis
923 708 994 730 con-

253 754 355 795 tentis,
380 753 477 797 gratis
497 753 590 786 etiam
610 752 714 796 quoad
731 751 992 795 compositionem

253 808 408 848 datariae,
441 812 470 840 et
500 817 556 851 per
587 806 669 838 viam
694 810 846 838 secretam
874 805 993 850 absque

253 862 314 896 alio
328 861 473 894 mandato
485 860 651 904 expediant
667 863 697 893 et
714 858 854 903 expediri
871 859 992 892 faciant.

299 916 313 959 ἓ
337 915 388 948 921,
414 915 450 948 Et
474 915 601 958 insuper
622 913 728 947 omnia
745 918 775 945 et
794 912 917 955 singula
933 912 995 956 pri-

255 968 385 1011 vilegia,
418 967 534 1010 gratias
566 972 596 1000 et
627 966 845 999 concessiones
876 965 995 998 eisdem

256 1021 463 1061 conclavistis,
488 1026 518 1053 et
542 1030 651 1053 eorum
677 1019 803 1052 cuilibet
828 1029 845 1051 a
864 1018 996 1051 diversis

256 1075 388 1108 summis
410 1073 613 1106 Pontificibus
630 1072 925 1116 praedecessoribus
944 1082 996 1105 no-

257 1129 329 1162 stris
354 1129 516 1172 hucusque
541 1136 697 1167 concessa,
718 1130 824 1166 motu,
850 1125 994 1165 scientia,

258 1188 286 1216 et
311 1182 472 1227 potestatis
496 1180 689 1225 plenitudine
709 1179 863 1211 similibus
884 1179 997 1211 confir-

258 1247 379 1270 mamus
403 1241 433 1268 et
456 1234 679 1279 approbamus,
700 1243 736 1266 ac
761 1233 799 1265 de
822 1242 904 1265 novo
921 1232 995 1265 libe-

258 1289 411 1323 ralissime
429 1288 640 1322 concedimus.

302 1343 352 1375 ⁶22.
378 1342 446 1375 Non
470 1340 665 1375 obstantibus
689 1339 880 1384 praemissis,
902 1350 937 1372 ac
957 1338 995 1371 de

258 1400 344 1428 certo
368 1394 551 1428 eorumdem
576 1394 772 1427 notariorum
796 1404 940 1435 numero,
963 1403 994 1425 e-

258 1447 360 1481 tiamsi
374 1448 412 1480 ad
432 1448 520 1480 illum
537 1447 675 1480 nondum
694 1447 733 1479 sit
749 1447 927 1487 deventum,
945 1446 995 1479 cui

257 1512 314 1546 per
338 1502 398 1535 hoc
421 1501 496 1534 alias
519 1511 582 1534 non
606 1500 796 1533 intendimus
824 1500 995 1542 derogare,

257 1565 292 1588 ac
315 1556 423 1588 nostra
448 1559 478 1587 et
502 1554 705 1587 cancellariae
729 1553 921 1598 apostolicae
945 1564 995 1585 re-

257 1602 330 1651 gula
354 1607 392 1640 de
415 1607 602 1651 praestando
633 1617 787 1640 consensu
812 1607 844 1639 in
869 1606 995 1650 pensio-

257 1661 348 1694 nibus
371 1671 407 1694 ac
432 1661 528 1694 felicis
545 1660 772 1694 recordationis
790 1660 836 1693 Pii
854 1660 890 1692 IV
908 1659 946 1693 de
960 1659 996 1692 si-

257 1714 383 1747 milibus
400 1714 448 1748 vel
465 1714 669 1747 dissimilibus
694 1713 803 1757 gratiis
821 1714 852 1746 in
870 1715 995 1746 camera

257 1767 428 1812 apostolica
443 1767 525 1800 infra
537 1772 601 1800 tres
618 1778 741 1800 menses
759 1767 996 1811 praesentandis

258 1826 288 1854 et
300 1820 514 1864 registrandis,
528 1831 563 1854 ac
578 1821 623 1853 Pii
636 1821 669 1861 V,
688 1821 902 1854 Romanorum
920 1821 997 1853 Pon-

258 1876 377 1910 tificum
394 1876 671 1919 praedecessorum
685 1880 876 1914 nostrorum3
889 1880 997 1908 contra

258 1929 451 1972 illegitimos,
476 1939 599 1962 necnon
625 1929 825 1961 pictaviensis
850 1928 996 1968 concilii,

259 1993 294 2015 ac
318 1982 433 2016 nostris
457 1986 487 2016 et
511 1982 714 2015 cancellariae
739 1982 917 2026 praedictae
946 1992 996 2014 re-

259 2036 360 2078 gulis,
394 2035 486 2068 etiam
515 2035 546 2067 in
577 2035 747 2068 erastinum
775 2035 997 2079 assumptionis

258 2094 383 2123 nostrae
403 2089 440 2122 ad
458 2090 571 2122 summi
589 2090 781 2133 apostolatus
798 2090 919 2133 apicem
938 2089 999 2122 edi-

260 2143 308 2184 tis,
333 2149 363 2175 et
386 2143 417 2175 in
442 2143 601 2187 praedicta
619 2144 802 2176 cancellaria
822 2143 997 2186 publicatis,

261 2200 290 2230 et
314 2196 406 2229 etiam
432 2197 463 2229 in
483 2196 721 2235 universalibus,
739 2196 1000 2240 provincialibus-

262 2261 321 2293 que
345 2251 484 2284 conciliis
509 2250 599 2283 editis
623 2250 813 2295 specialibus
837 2251 884 2283 vel
909 2261 1000 2293 gene-

263 2304 378 2337 ralibus
395 2305 666 2338 constitutionibus
684 2309 714 2337 et
737 2304 1002 2349 ordinationibus,

264 2367 299 2390 ac
323 2358 534 2398 ecclesiarum,
555 2359 829 2399 monasteriorum,
847 2358 999 2391 Ordinum

264 2410 356 2443 etiam
381 2410 410 2443 S.
434 2411 556 2444 loannis
580 2412 875 2456 llierosolomvtani,
901 2422 937 2444 ac
961 2422 997 2445 e-

264 2463 337 2496 tiam
353 2463 444 2497 Urbis
458 2461 623 2505 Romanae,
637 2470 667 2498 et
680 2465 811 2498 aliarum
826 2465 1002 2507 civitatumq

264 2517 454 2561 oppidorum
479 2522 509 2550 et
532 2522 697 2559 terrarum,
722 2530 865 2552 camerae
882 2519 1002 2563 praedi-

264 2576 341 2611 ctae,
366 2581 401 2603 ac
425 2571 606 2614 quarumvis
629 2572 868 2605 universitatum
894 2573 1000 2616 (etiam

264 2624 456 2664 iuramento,
479 2624 716 2658 confirmatione
740 2626 929 2670 apostolica,
954 2627 1002 2659 vel

264 2677 372 2722 quavis
394 2677 541 2711 firmitate
562 2677 622 2710 alia
642 2679 812 2722 roboratis)
830 2679 952 2713 statutis
973 2685 1003 2713 et.

853 277 998 302 URBANUS
1023 277 1080 301 vill
1104 278 1151 301 ΓΡ.

1024 325 1315 364 consuetudinibus,
1334 324 1561 366 stabilimentis,
1578 324 1697 367 usibus,
1714 336 1765 359 na-

1023 379 1113 420 turis,
1138 379 1282 420 decretis,
1303 378 1396 412 etiam
1421 379 1510 412 novis
1535 379 1766 412 reformationi—

1023 432 1082 465 bus
1107 438 1136 465 et
1160 433 1293 476 legibus,
1311 438 1373 466 tam
1396 433 1566 477 pontificiis
1591 443 1684 476 quam
1709 433 1765 466 im-

1024 485 1207 530 perialibus,
1232 486 1328 528 regiis
1352 491 1382 519 et
1405 486 1589 527 ducalibus,
1614 491 1644 519 et
1668 486 1765 519 saeris

1025 538 1209 579 canonibus,
1233 539 1406 582 privilegiis
1431 550 1567 583 quoque,
1592 539 1720 572 indultis
1737 544 1767 572 et

1026 592 1136 626 litteris
1150 592 1341 636 apostolicis,
1356 593 1427 632 illis,
1442 603 1615 636 eorumque
1629 593 1768 637 superio-

1027 645 1114 679 ribus
1131 651 1161 678 et
1180 646 1335 689 personis,
1353 657 1389 679 ac
1410 646 1487 679 locis
1504 646 1767 691 quibuscumque,

1027 699 1058 731 in
1072 709 1188 742 genere
1200 699 1248 732 vel
1266 699 1297 731 in
1311 699 1427 744 specie,
1445 699 1502 732 sub
1516 700 1768 744 quibuscumque

1027 751 1191 785 tenoribus
1220 757 1250 784 ct
1279 752 1408 792 formis,
1437 762 1472 785 ac
1499 763 1570 785 cum
1605 753 1768 796 quibusvis

1027 806 1301 849 derogatoriarum
1323 806 1541 849 derogatoriis,
1559 807 1690 851 aliisque
1708 807 1770 840 esti-

1028 859 1204 892 cacioribus
1220 864 1250 892 et
1267 859 1401 892 insolitis
1414 860 1561 892 clausulis
1574 860 1770 893 irritantibus

1029 918 1058 945 et
1082 913 1151 945 aliis
1175 913 1319 954 decretis,
1340 913 1432 947 etiam
1457 913 1519 946 vim
1537 918 1716 947 contractus
1741 919 1770 947 et

1029 966 1135 998 statuti
1167 966 1311 1009 perpetui
1341 966 1591 1007 continentibus,
1616 977 1651 1000 ac
1676 967 1770 1000 etiam

1030 1025 1138 1061 motu,
1164 1020 1293 1054 scicntia
1325 1025 1355 1053 et
1385 1021 1548 1064 potestatis
1577 1021 1771 1064 plenitudiue

1030 1074 1204 1114 similibus,
1231 1074 1326 1106 etiam
1359 1074 1617 1107 consistorialiter
1641 1080 1672 1108 et
1696 1076 1771 1109 alias

1030 1127 1061 1159 in
1095 1128 1289 1161 contrarium
1322 1128 1561 1171 quomodolibet
1596 1129 1771 1170 concessis,

1030 1181 1223 1213 confirmatis
1241 1186 1270 1213 et
1290 1181 1455 1214 innovatis.
1480 1181 1597 1221 Quibus
1615 1182 1771 1225 omnibus,

1030 1233 1151 1265 etiamsi
1176 1233 1213 1266 de
1234 1233 1306 1274 illis,
1327 1244 1501 1277 eorumque
1520 1234 1593 1267 totis
1609 1235 1772 1268 tenoribus

1030 1286 1182 1330 specialis,
1209 1287 1364 1330 specifica,
1383 1297 1533 1331 expressa
1554 1291 1584 1322 et
1602 1288 1771 1329 individua,

1030 1351 1065 1373 ac
1090 1340 1128 1373 de
1153 1341 1249 1373 verbo
1274 1341 1312 1373 ad
1337 1341 1479 1381 verbum,
1503 1351 1567 1374 non
1592 1346 1696 1374 autem
1715 1353 1773 1385 per

1030 1395 1184 1427 clausulas
1198 1395 1362 1437 generales
1376 1394 1457 1427 idem
1472 1395 1676 1438 importantes
1690 1405 1773 1431 men-

1030 1448 1083 1488 tio,
1108 1458 1163 1480 seu
1187 1447 1315 1491 quaevis
1346 1448 1405 1480 alia
1429 1447 1589 1492 expressio
1614 1448 1771 1488 habenda,

1028 1505 1082 1535 aut
1108 1501 1213 1544 aliqua
1244 1501 1304 1533 alia
1334 1501 1487 1544 exquisita
1519 1501 1621 1534 soi-ma
1649 1501 1688 1534 ad
1712 1502 1772 1535 hoc

1030 1554 1182 1587 servanda
1202 1555 1293 1595 foret,
1318 1558 1443 1588 tenores
1467 1554 1661 1597 huiusmodi,
1686 1566 1722 1588 ac
1747 1555 1771 1588 si

1029 1607 1127 1641 verbo
1151 1607 1189 1640 ad
1214 1608 1364 1649 verbum,
1388 1607 1467 1640 nihil
1496 1607 1620 1651 penitus
1644 1608 1771 1649 omisso,

1029 1666 1060 1694 et
1083 1661 1184 1694 forma
1208 1661 1240 1694 in
1261 1660 1322 1694 illis
1339 1661 1454 1694 tradita
1471 1661 1646 1703 observata,
1664 1661 1772 1695 inserti

1029 1715 1141 1756 forent,
1166 1715 1384 1758 praesentibus
1404 1726 1464 1759 pro
1481 1715 1641 1759 expressis
1657 1715 1773 1748 haben-

1030 1773 1084 1810 tes,
1110 1768 1171 1801 illis
1196 1768 1271 1801 alias
1295 1768 1326 1801 in
1342 1779 1399 1801 suo
1417 1768 1532 1802 robore
1547 1769 1772 1812 permansuris,

1030 1823 1088 1855 hac
1105 1821 1171 1855 vice
1192 1821 1353 1856 dumtaxat
1370 1822 1481 1855 harum
1500 1823 1579 1855 serie
1597 1822 1773 1866 specialiter

1031 1881 1060 1908 et
1077 1886 1225 1919 expresse
1245 1875 1446 1918 derogamus,
1461 1875 1628 1908 contrariis
1646 1876 1774 1919 quibus-

1030 1939 1171 1972 cunque:
1197 1934 1250 1961 aut
1270 1929 1294 1961 si
1315 1929 1477 1972 quibusvis
1495 1929 1706 1962 communiter
1722 1934 1775 1963 aut

1031 1982 1154 2015 divisim
1172 1982 1210 2015 ab
1228 1982 1339 2016 eadem
1357 1983 1396 2015 sit
1414 1982 1492 2016 Sede
1509 1983 1674 2022 indultum,
1690 1983 1774 2026 quod

1032 2036 1187 2077 interdici,
1201 2036 1350 2080 suspendi
1365 2036 1413 2069 vel
1430 2036 1697 2069 excommunicari
1712 2047 1775 2069 non

1031 2090 1150 2132 possint
1165 2100 1221 2133 per
1237 2090 1358 2122 litteras
1375 2089 1562 2134 apostolicas
1579 2100 1643 2123 non
1663 2090 1775 2123 facien-

1033 2148 1076 2177 tes
1101 2144 1226 2187 plenam
1246 2148 1275 2175 et
1295 2154 1486 2186 expressam,
1508 2154 1543 2176 ac
1567 2143 1605 2175 de
1623 2143 1719 2176 verbo
1735 2143 1774 2174 ad

1031 2197 1162 2229 verbum
1188 2196 1226 2229 de
1247 2196 1367 2230 indulto
1392 2196 1610 2229 huiuscemodi
1635 2197 1771 2229 mentio-

1032 2261 1113 2283 nem.

1032 2332 1175 2365 Nomina
1203 2336 1311 2364 aulem
1344 2331 1626 2371 conclavistarztm,
1655 2332 1714 2375 qm?
1738 2332 1775 2363 m

1077 2386 1222 2418 conclavi
1240 2385 1431 2418 huiusmodi
1447 2386 1678 2427 interfuerunt,
1699 2389 1775 2418 sunt

1078 2440 1165 2479 haec,
1194 2439 1360 2472 videlicet:

1078 2518 1270 2552 Venerabilis
1287 2519 1382 2551 frater
1394 2523 1501 2552 noster
1514 2519 1696 2562 Fulgentius
1709 2519 1776 2553 Gal-

1033 2574 1128 2607 lutius
1148 2573 1271 2606 Ordinis
1288 2573 1420 2606 fratrum
1440 2573 1650 2606 Eremitarum
1667 2573 1696 2606 S.
1717 2574 1776 2606 Au-

1034 2626 1170 2669 gustini,
1197 2625 1366 2670 episcopus
1390 2626 1588 2669 Tagastensis
1603 2653 1610 2666 ,
1645 2626 1774 2659 sacrarii

1033 2679 1185 2724 pontificii
1217 2679 1361 2721 sacrista,
1392 2684 1422 2712 et
1451 2679 1556 2713 dilecti
1580 2679 1636 2712 filii
1660 2679 1774 2713 Paulus

1710 269 1728 301 7
1773 278 1811 304 An
1839 278 1958 306 c.1623

1832 2526 1974 2547 Cum-,laxista-

1791 2560 1834 2574 ruiu
1849 2560 1942 2574 numina.
