2269 3235
192 270 241 296 Αη.
258 270 286 295 C.
310 268 376 295 16⁶2ae

220 330 375 356 Eltwuhssnho

192 363 228 378 cas
246 357 376 383 public-uult.

241 859 376 890 Derogatque

193 890 311 909 contrat-uri.

242 2248 386 2273 Exemplorum

205 2275 265 2295 fidem

422 258 486 292 148

435 317 450 360 g
466 316 495 348 ⁶2.
509 315 660 355 Quocirca
675 325 730 359 per
743 319 933 358 praesentes,
947 314 1132 347 auctoritate

390 369 573 413 apostoliea,
591 368 803 414 praecipimus
823 372 853 399 et
873 367 1068 407 mandamus,
1093 377 1132 399 ne

392 423 515 455 interim
541 423 630 463 aliae,
655 433 748 466 quam
775 421 882 453 indicti
900 421 1025 453 anobis
1045 431 1133 464 prae-

389 475 463 508 dicti
489 476 631 515 iubilaci,
658 474 888 517 indulgentiae,
913 474 976 507 sive
1006 473 1132 518 publice

390 529 453 561 sive
486 528 649 572 privatim,
675 527 786 571 quovis
818 532 1004 571 praetextu,
1029 526 1132 559 ubivis

390 582 532 615 lot-orum
558 586 588 613 et
612 581 770 623 gentium,
795 581 852 613 sub
880 580 1131 613 excommunica-

390 635 482 667 tionis
508 645 545 667 eo
570 634 638 678 ipso
664 634 882 675 incurrendae,
904 634 1037 679 aliisque
1053 634 1133 666 arbi-

391 688 451 721 trio
475 687 714 721 Ordinariorum
741 687 919 731 infligendis
941 687 1060 731 poenis,
1078 698 1133 731 pu-

390 742 548 776 blicentur
572 743 618 776 vel
640 743 833 784 nuntientur,
855 748 907 776 aut
927 743 959 776 in
976 753 1067 775 usum
1083 742 1133 775 de-

391 796 588 829 mandentur.

436 849 503 892 ἓῧ.
536 850 603 883 Non
636 849 832 883 obstantibus
864 848 1065 893 praemissis,
1097 858 1133 881 ac

392 902 666 936 constitutionibus
687 908 717 936 et
741 902 994 936 ordinationibus
1012 905 1134 945 aposto-

392 956 468 996 licis,
485 966 607 989 necnon
624 956 839 996 ecclesiarum,
858 954 1132 994 monasteriorum,

392 1014 601 1042 conventuum
611 1036 618 1048 ,
643 1008 789 1042 ordinum
799 1036 806 1049 ,
834 1007 1133 1050 congregationum,

392 1063 604 1106 hospitalium,
629 1062 933 1102 eonl'raternitatum,
954 1043 1159 1101 universim-l

392 1122 468 1156 tum,
489 1116 696 1158 collegiorum
717 1120 747 1149 et
763 1116 917 1154 locorum,
935 1114 1134 1157 aliorumque

392 1169 625 1212 praedictorum
658 1170 766 1213 (etiam
798 1169 993 1209 iuramento,
1018 1168 1134 1201 confir-

394 1223 530 1256 matione
554 1223 748 1266 apostoliea,
775 1223 821 1255 vel
847 1222 956 1266 quavis
986 1222 1134 1254 firmitate

394 1276 452 1308 alia
477 1276 648 1320 roboratis)
662 1276 784 1310 slatutis
799 1282 828 1309 et
845 1275 1134 1315 consuetudinibus,

394 1330 567 1373 privilegiis
590 1340 727 1374 quoque,
753 1330 1006 1373 exemptionibus
1030 1334 1061 1361 et
1090 1329 1135 1361 in-

394 1383 488 1417 ‹lultis
507 1384 700 1427 apostolicis,
718 1384 788 1422 illis,
806 1394 981 1427 eorumque
998 1383 1137 1426 superio-

394 1436 482 1469 ribus
506 1442 536 1469 et
559 1437 713 1480 personiS,
733 1448 769 1469 ac
786 1438 854 1469 aliis
874 1437 1136 1480 quibuscumque,

395 1501 451 1533 per
475 1490 602 1523 eosdem
629 1490 786 1523 Romanos
814 1490 980 1523 Pontifices
1004 1489 1135 1533 praede-

395 1554 536 1576 cessores
551 1549 687 1584 nostros,
705 1555 740 1576 ac
757 1554 824 1584 nos,
840 1550 869 1576 et
885 1544 1000 1576 dictam
1014 1543 1135 1585 Sedem,

395 1597 525 1640 eiusque
549 1598 678 1640 legatos,
696 1598 755 1630 sub
775 1597 1029 1641 quibuscumque
1049 1602 1136 1630 teno-

396 1650 485 1683 ribus
509 1656 539 1683 et
563 1650 684 1690 formis,
709 1661 744 1683 ac
769 1662 841 1683 cum
866 1650 1029 1694 quibusvis
1054 1650 1138 1683 clau-

396 1703 472 1736 sulis
497 1709 527 1736 et
550 1704 702 1746 decretis,
727 1710 755 1736 et
781 1715 817 1737 ex
842 1704 1006 1747 quibusvis
1026 1704 1137 1743 causis,

397 1757 562 1798 concessis,
581 1757 776 1789 confirmatis
789 1763 819 1789 et
836 1757 999 1789 innovatis.
1020 1756 1138 1795 Quibus

398 1810 544 1843 omnibus
555 1810 689 1853 (etiamsi
706 1810 736 1842 in
751 1810 811 1842 illis
824 1815 970 1843 caveatur
983 1820 1138 1853 expresse,

399 1864 483 1907 quod
512 1864 570 1896 sub
594 1863 749 1896 similibus
773 1864 822 1896 vel
846 1863 1053 1896 dissimilibus
1077 1874 1140 1896 sus-

399 1916 603 1961 pensionibus
634 1927 833 1960 nequaquam
864 1916 1137 1960 comprehendan-

401 1976 460 2011 tur,
474 1971 532 2003 nisi
547 1971 584 2003 de
596 1971 656 2003 illis
673 1971 818 2014 specialiS
833 1975 863 2003 et
881 1970 1039 2003 individua
1058 1980 1142 2003 men-

401 2025 443 2057 tio
468 2024 546 2067 fiat),
566 2024 627 2057 illis
647 2024 723 2056 alias
740 2024 771 2056 in
788 2035 844 2057 suo
864 2024 980 2057 robore
997 2034 1142 2068 perman-

401 2078 493 2119 suris,
518 2078 556 2111 ad
583 2078 730 2112 effectum
758 2078 967 2122 praemissum
992 2078 1050 2111 hac
1075 2078 1141 2111 vice

402 2132 563 2166 dumtaxat
591 2131 768 2175 specialiter
792 2136 822 2164 et
845 2141 994 2175 expresse
1011 2131 1143 2174 deroga-

403 2196 482 2225 mus,
496 2184 671 2228 ceterisque
692 2184 858 2218 contrariis
879 2184 1140 2229 quibuscumque.

448 2239 463 2281 ξ
487 2237 516 2270 4.
534 2238 571 2270 Et
595 2238 667 2281 quia
692 2237 819 2270 difficile
832 2238 926 2270 nimis
946 2241 1037 2278 esset,
1057 2248 1144 2281 prae-

404 2297 506 2324 sentes
530 2301 746 2335 quocumque,
770 2291 823 2323 ubi
850 2291 910 2323 illis
935 2302 1014 2334 opus
1039 2290 1143 2331 suerit,

404 2344 548 2388 perferri,
567 2344 710 2377 volumus
734 2355 842 2377 earum
868 2344 1031 2388 exemplis,
1049 2344 1143 2377 etiam

407 2397 577 2441 impressis,
595 2397 710 2430 notarii
729 2398 846 2441 publici
872 2408 976 2439 manu,
995 2403 1025 2430 et
1041 2397 1144 2441 sigillo

405 2462 558 2495 personae
582 2452 613 2483 in
635 2451 785 2494 dignitate
802 2451 1013 2485 ecclesiastica
1035 2451 1146 2484 eonsti-

406 2510 488 2537 tutae
513 2505 694 2548 obsignatis,
714 2505 858 2538 eamdem
884 2515 1014 2549 prorsus
1039 2504 1144 2546 fidem,

406 2559 436 2591 in
462 2558 576 2591 iudicio
601 2563 630 2591 et
650 2554 747 2599 extra,
764 2558 880 2602 ubique
901 2559 1045 2592 locorum
1062 2558 1147 2590 adhi-

406 2612 489 2652 beri,
514 2622 593 2655 quac
624 2611 827 2645 adhiberetur
859 2612 1095 2656 praesentibus,
1121 2611 1145 2644 si

407 2670 510 2698 essent
535 2664 690 2698 exhibitae
716 2666 762 2698 vel
787 2671 939 2699 ostensae.
963 2665 1045 2698 Nulli
1070 2675 1146 2708 ergo

974 265 1152 289 nummatum
1177 265 1331 289 ROMANUM

1166 313 1295 346 omnino
1319 312 1482 346 hominum
1517 311 1608 344 liceat
1642 311 1723 345 hanc
1754 311 1902 356 paginam

1165 371 1290 399 nostrae
1300 364 1522 409 suspensionis,
1533 363 1763 404 declarationis,
1773 363 1901 405 decreti,

1166 420 1335 464 praecepti,
1349 419 1484 453 mandati
1499 417 1902 461 etvoluntatisinr1·ingere‚

1167 473 1213 505 vel
1238 473 1265 506 ei
1291 484 1370 506 ausu
1394 471 1563 505 temerario
1587 471 1753 504 contraire.
1778 470 1808 504 Si
1833 471 1903 514 quis

1166 532 1270 559 autem
1292 527 1351 559 hoc
1371 531 1524 559 attentare
1548 523 1806 568 praesumpserit,
1828 523 1905 556 indi-

1166 580 1344 622 gnationem
1359 578 1582 623 omnipotentis
1601 577 1666 618 Dei,
1686 588 1722 610 ae
1738 577 1903 610 beatorum

1167 633 1248 665 Petri
1273 638 1303 666 et
1327 632 1415 666 Pauli
1433 632 1650 677 apostolorum
1667 631 1744 672 eius,
1765 641 1798 664 se
1814 640 1906 664 nove-

1167 686 1207 719 rit
1224 686 1436 720 incursurum.

1211 740 1323 774 Datum
1346 740 1474 780 Romae,
1494 738 1579 783 apud
1602 738 1631 772 S.
1655 738 1804 779 Petrum,
1824 746 1906 770 anno

1167 793 1392 826 incarnationis
1423 793 1604 826 Dominicae
1631 801 1795 832 ntncxxtv,
1820 794 1906 825 sexto

1166 857 1266 880 nonas
1290 847 1374 889 maii,
1389 846 1590 890 pontificatus
1607 846 1707 879 nostri
1731 855 1814 879 anno
1831 855 1850 879 1.

1203 908 1263 935 Dat.
1284 908 1328 936 die
1347 907 1363 935 Ξ
1384 909 1445 935 maii
1468 908 1546 942 1624,
1568 908 1661 944 pontif.
1681 917 1725 936 an.
1746 915 1763 936 t.

1211 979 1309 1012 Anno
1322 989 1342 1011 a
1355 978 1536 1012 Nativitate
1552 979 1687 1012 Domini
1710 979 1824 1012 Nostri
1835 979 1908 1013 Iesu

1171 1032 1295 1066 Christi
1315 1041 1469 1072 uncxxtv,
1489 1032 1668 1065 indictione
1689 1042 1744 1073 vn,
1763 1032 1817 1065 die
1835 1043 1908 1066 vero

1170 1095 1235 1118 xv11
1263 1086 1384 1118 mensis
1413 1085 1507 1123 maii,
1539 1085 1750 1128 pontificatus
1781 1086 1836 1120 SS.
1871 1087 1908 1119 in

1171 1139 1299 1173 Christo
1313 1139 1426 1172 Patris
1438 1142 1466 1171 et
1479 1138 1517 1171 D.
1532 1137 1573 1171 N.
1589 1138 1627 1171 D.
1644 1138 1779 1179 Urbani,
1795 1139 1909 1172 divinit

1167 1192 1374 1236 providentia
1391 1193 1504 1235 Papae
1522 1192 1614 1232 VIII,
1629 1193 1839 1236 pontificatus
1857 1194 1910 1225 sui

1169 1258 1256 1280 anno
1281 1257 1310 1286 1,
1333 1246 1540 1289 supradictae
1566 1245 1694 1279 litterae
1717 1246 1911 1290 apostolicae

1168 1301 1355 1343 publicatae
1379 1304 1408 1332 ol
1431 1299 1552 1343 afflatae
1574 1301 1710 1343 suerunt
1733 1300 1776 1332 ad
1799 1300 1911 1333 valvas

1171 1354 1385 1387 basilicarum
1416 1354 1448 1387 S.
1488 1354 1625 1387 Ioannis
1656 1353 1907 1393 Lateranensis,

1170 1408 1341 1451 Principis
1360 1407 1581 1450 apostolorum
1604 1407 1642 1440 de
1662 1408 1754 1448 Urbe,
1778 1418 1815 1440 ac
1834 1417 1911 1440 can-

1170 1462 1324 1494 cellariae
1347 1460 1561 1504 apostolicae,
1584 1465 1613 1493 et
1636 1461 1766 1494 in-acie
1795 1461 1912 1504 Campi

1171 1514 1300 1554 Florae,
1328 1514 1473 1546 dimissis
1498 1514 1619 1547 ibidem
1643 1513 1831 1547 earumdem
1856 1514 1911 1546 lil-

1173 1572 1317 1601 terarum
1341 1567 1564 1610 ori'yinale'bus
1592 1567 1744 1611 appensis
1766 1577 1824 1610 per
1847 1566 1912 1598 ali-

1171 1621 1257 1665 quod
1272 1621 1423 1664 temporis
1440 1622 1592 1664 spatium,
1613 1625 1641 1654 et
1654 1620 1770 1653 excinde
1782 1620 1909 1659 amotis,

1172 1675 1288 1708 deinde
1301 1675 1446 1707 clinu'ssis
1460 1674 1648 1707 earumdem
1666 1674 1854 1707 litterarum
1870 1684 1915 1706 co-

1171 1730 1237 1772 piis
1250 1729 1371 1772 affixis,
1388 1733 1425 1761 ut
1448 1729 1547 1761 moris
1566 1732 1622 1767 est,
1636 1738 1694 1771 per
1719 1738 1776 1760 nos
1795 1727 1915 1762 Cantil-

1175 1783 1244 1814 lum
1261 1781 1455 1814 Fundatum
1472 1781 1509 1814 cle
1531 1782 1627 1821 Cesis,
1650 1786 1678 1814 et
1697 1781 1916 1814 Brandimar-

1176 1839 1236 1867 tem
1250 1835 1409 1867 Latinum
1422 1833 1476 1867 SS.
1497 1834 1536 1867 D.
1558 1833 1600 1866 N.
1615 1834 1727 1877 Papae
1736 1833 1916 1877 praelibati

1175 1898 1330 1920 cursores.

1505 2093 1578 2127 LIX.

1177 2164 1280 2208 Super
1315 2164 1476 2198 solutione
1507 2169 1636 2197 centum
1671 2164 1919 2208 quinquaqinta

1221 2218 1370 2250 millium
1394 2222 1559 2251 scutorum
1579 2228 1640 2261 pro
1664 2218 1848 2250 munitione
1876 2218 1920 2250 ci-

1220 2271 1334 2303 uitatis
1358 2270 1612 2303 Mediolanensis
1626 2269 1644 2302 ¹.

1209 2341 1379 2369 Venerabili
1398 2341 1486 2368 fratri
1507 2341 1646 2375 episcopo
1665 2341 1889 2369 luteramnensi

1382 2391 1521 2418 Urbanus
1542 2391 1620 2424 Papa
1640 2391 1714 2418 vul.

1397 2439 1583 2466 Venerabilis
1599 2439 1706 2474 frater,

1215 2485 1344 2512 salutem
1364 2486 1395 2511 et
1414 2483 1609 2518 apostolicam
1633 2484 1882 2512 benedictionem.

1225 2555 1268 2588 Ex
1294 2555 1346 2588 illo
1371 2555 1431 2595 die,
1452 2564 1525 2599 quo,
1543 2554 1699 2587 mirabilia
1723 2555 1839 2588 faciens
1863 2565 1920 2588 no-

1180 2608 1301 2642 biscum
1316 2608 1477 2649 Dominus,
1495 2608 1656 2641 militantis
1674 2609 1830 2642 Ecclesiae
1847 2618 1920 2642 suae

1217 2674 1227 2699 1
1252 2671 1288 2699 Ex
1310 2671 1416 2707 Regest.
1439 2671 1465 2699 in
1485 2670 1586 2699 Secret.
1608 2670 1685 2699 Brev.

1914 263 1963 290 An.
1979 263 2007 290 C.
2030 263 2098 292 {624

1271 1949 1428 1983 OCTAVIUS
1445 1949 1558 1990 SPADA,
1575 1949 1726 1993 magister
1739 1959 1915 1982 cursorum.
1932 1952 1938 1957 ¹

1963 2560 2076 2582 Exordium
