2269 3235
134 206 185 236 An.
203 206 232 237 G.
249 206 319 237 1625

192 375 312 398 Introducw.

129 405 149 425 in
162 402 312 428 Lotharingtao

129 429 263 451 monasteriis
278 434 313 450 re-

129 456 227 479 formatio

155 1285 314 1312 comprobatur.

938 207 1062 233 unnANt
1064 207 1079 233 S
1102 207 1159 233 VIII
1181 207 1230 233 Pr.

324 253 467 289 mitatem
481 282 489 298 ,
519 259 615 300 prout
642 255 854 302 conspicimus
878 256 910 289 in
932 256 1065 290 Domino

326 308 495 342 salubriter
519 309 675 354 expedire.

372 361 387 405 ἓ
404 361 433 394 1.
454 362 529 396 Cum
550 362 666 408 itaque,
684 362 765 396 sicut
780 361 885 396 dilecti
903 360 959 394 lilii
979 371 1068 405 p1101

327 425 363 449 ac
378 416 519 450 canonici
534 417 696 460 regulares
706 415 995 460 congregationis&
1007 415 1069 449 Sal-

328 470 444 504 vatoris
468 469 500 502 in
523 470 638 504 ducatu
653 470 872 513 Lothaiingiac
896 469 986 503 nobis
1010 479 1068 502 nu-

328 534 385 568 per
401 523 515 568 exponi
533 524 684 565 fecerunt,
707 523 739 556 in
759 523 787 556 S.
808 522 941 566 Remigii
961 522 1069 567 oppidi

329 577 368 611 de
386 577 556 618 Lunevilla,
573 577 726 610 Tullensis
745 576 914 618 dioecesis,
939 576 1071 620 aliisque

330 631 470 664 eiusdem
480 630 732 674 congregationis
740 629 941 663 monasteriis
949 629 981 663 in
988 630 1071 663 dicto

330 685 445 718 ducatu
465 683 686 725 existentibus,
710 683 748 716 ad
768 683 992 728 omnipotentis
1016 683 1071 717 Dei

330 738 476 779 laudem,
501 748 538 771 ac
567 737 693 771 illarum
716 738 854 782 partium
877 738 1071 782 populorum

330 791 590 833 aedificationem,
606 791 842 835 felicioremque
858 791 1069 825 monasterio-

330 856 402 879 rum
429 845 611 878 huiusmodi
634 855 850 889 progressum,
877 845 1071 886 reformatio,

330 900 417 934 iuxta
443 899 572 932 illorum
598 898 759 943 primitiva
788 898 929 932 instituta
952 909 969 931 a
993 899 1073 933 Sede

330 953 509 998 Apostolica
533 952 729 998 approbata,
758 953 935 987 introducta
959 952 1019 993 sit,
1043 958 1073 986 et

332 1012 501 1053 propterea
524 1007 632 1047 illam,
658 1017 720 1050 quo
753 1005 876 1039 firmius
904 1005 1071 1048 subsistat,

332 1060 534 1104 exactiusque
545 1061 740 1102 observetur,
749 1061 940 1105 apostolicae
948 1065 1073 1094 nostrae

331 1114 580 1149 confirmationis
606 1114 723 1148 robore
747 1114 958 1155 communiri,
983 1114 1073 1147 alias-

331 1179 394 1213 que
417 1168 486 1212 sibi,
511 1173 545 1201 ut
569 1168 663 1209 infra,
691 1168 847 1212 indulgeri
871 1178 1074 1212 summopere

331 1222 526 1256 desiderent:

376 1276 391 1320 ἓ
408 1276 437 1309 2.
454 1276 527 1317 Nos,
546 1275 633 1320 pium
654 1274 770 1319 prioris
795 1280 825 1308 et
849 1275 1073 1309 canonicorum

331 1328 566 1374 praedictorum
590 1328 782 1362 desiderium
805 1328 985 1362 huiusmodi
1009 1329 1075 1373 plu-

332 1383 449 1416 rimum
465 1382 599 1416 Domino
616 1382 882 1425 commendantes,
899 1393 1074 1427 eorumque

332 1436 430 1478 votis,
455 1440 607 1481 quantum
632 1447 704 1470 cum
727 1437 861 1471 Domino
885 1447 1073 1481 possumus,

333 1500 481 1534 annuere,
507 1501 543 1523 ae
566 1490 638 1524 illos
662 1490 849 1535 specialibus
866 1491 1025 1524 favoribus
1045 1496 1075 1524 et

332 1544 441 1588 gratiis
464 1544 616 1588 prosequi
639 1544 797 1586 volentes,
823 1549 853 1577 et
877 1554 988 1577 eorum
1013 1545 1075 1577 sin-

332 1598 459 1642 gulares
478 1608 630 1642 personas
647 1608 664 1630 a
684 1598 846 1642 quibusvis
863 1598 1076 1632 excommuni-

333 1652 474 1693 cationis,
485 1651 698 1696 suspensionis
714 1656 744 1685 et
760 1651 928 1695 interdicti,
942 1652 1075 1696 aliisque

333 1705 551 1741 ecclesiasticis
567 1705 739 1749 sententiis,
754 1705 894 1739 censuris
908 1710 938 1738 et
953 1706 1074 1750 poenis,

332 1771 350 1794 a
367 1760 435 1794 iure
447 1759 496 1793 vel
510 1759 548 1792 ab
565 1759 702 1800 homine,
720 1759 829 1803 quavis
845 1759 1010 1793 occasione
1028 1760 1075 1793 vel

333 1815 428 1848 causa
452 1814 531 1856 latis,
550 1813 576 1846 si
595 1813 710 1857 quibus
734 1812 971 1857 quomodolibet
990 1814 1077 1847 inno-

333 1869 424 1901 datae
448 1867 602 1908 existunt,
627 1867 666 1900 ad
691 1866 838 1901 effectum
861 1868 1075 1911 praesentium

333 1922 495 1956 dumtaxat
518 1921 783 1965 consequendum,
801 1921 915 1954 harum
933 1921 1013 1954 serie
1026 1921 1077 1954 ab·

334 1976 500 2018 solventes,
515 1979 545 2009 et
557 1975 715 2008 absolutas
729 1975 796 2008 sore
813 1980 985 2019 censentes,
1000 1986 1076 2020 sup-

332 2028 554 2074 plicationibus
577 2029 707 2062 illorum
730 2029 858 2062 nomine
874 2029 965 2063 nobis
982 2040 1077 2074 super

333 2083 394 2117 hoc
417 2082 581 2116 humiliter
604 2083 761 2127 porrectis
785 2083 946 2124 inclinati,
974 2084 1076 2117 refor-

333 2137 504 2170 mationem
529 2138 561 2170 in
585 2137 784 2171 monasteriis
808 2138 1011 2180 huiusmodi,
1043 2144 1078 2172 ut

333 2191 522 2234 praefertur,
531 2191 752 2233 introductam,
764 2202 835 2225 cum
845 2192 992 2225 omnibus
1005 2192 1077 2226 inde

335 2244 495 2288 sequutis,
527 2245 700 2289 apostolica
732 2246 937 2289 auctoritate,
968 2251 1077 2281 tenore

334 2298 558 2342 praesentium,
573 2303 726 2343 perpetuo
737 2300 951 2344 approbamus
963 2306 993 2333 et
1005 2311 1078 2335 con-

318 2350 515 2393 ‘firmamus,
535 2352 658 2397 illisque
674 2353 863 2387 inviolabilis
887 2354 1077 2399 apostolicae

167 2618 217 2642 Cum
232 2620 321 2644 indulto-

336 2404 494 2437 firmitatis
517 2405 616 2439 robur
640 2406 824 2448 adiicimus,
855 2418 891 2441 ae
915 2418 1025 2442 omnes
1049 2414 1078 2442 et

337 2458 477 2502 singulos
501 2463 564 2491 tam
586 2459 664 2493 iuris
687 2471 781 2504 quam
813 2461 885 2494 facti
919 2461 1076 2504 desectus,

337 2512 362 2545 si
387 2512 441 2556 qui
469 2511 605 2556 desuper
636 2514 873 2557 quomodolibet
900 2515 1077 2550 intervene-

336 2566 410 2607 rint,
434 2566 628 2610 supplemus.

379 2620 395 2665 ἓ
423 2619 453 2654 3.
486 2621 530 2654 Ac
559 2620 688 2665 insuper
717 2621 817 2666 priori
849 2628 880 2657 et
911 2624 1076 2660 canonicis

419 2685 497 2714 Ball.
517 2684 602 2713 Rom.
623 2699 657 2706 -
679 2685 738 2716 Vol.
760 2686 842 2715 XIII.
987 2689 1019 2717 51

1742 198 1802 231 401
1853 207 2044 239 An.c.1625

1099 255 1278 301 praedictis,
1295 255 1380 300 quod
1396 255 1500 289 divina
1523 255 1625 290 officia
1642 256 1726 289 iuxta
1746 256 1842 290 ritum
1858 276 1903 291 mm
1955 275 2043 293 conces

1101 310 1259 343 Romanae
1283 310 1440 343 Ecclesiae
1464 309 1635 351 celebrare,
1655 319 1778 343 necnon
1798 321 1843 343 se-

1102 363 1239 396 eundum
1257 363 1399 406 1egulam
1424 368 1454 397 ct
1479 364 1619 397 instituta
1636 363 1761 397 Ordinis
1778 374 1843 396 san-

1102 415 1143 448 cti
1167 416 1348 459 Augustini,
1373 420 1402 451 ct
1425 418 1610 461 pracsertim
1628 417 1731 461 quoad
1748 417 1844 451 trium

1103 473 1248 503 votorum
1265 469 1526 512 substantialium,
1540 471 1732 515 paupertatis
1756 471 1842 505 scili-

1104 527 1153 556 cet
1169 532 1205 556 ac
1222 523 1371 556 castitatis
1391 529 1421 556 ct
1437 524 1631 559 obedientiae
1645 525 1846 559 emissionem

1105 580 1134 611 et
1161 576 1393 610 observantiam
1412 577 1472 620 (ita
1492 583 1526 610 ut
1548 579 1700 622 quidquid
1725 579 1847 623 proprii

1105 634 1135 664 et
1150 630 1350 674 particularis
1366 630 1482 664 habere
1507 632 1684 665 nullatcnus
1708 633 1846 677 possint)

1106 683 1219 725 vivere,
1240 683 1415 728 divinisque
1440 684 1584 717 laudibus
1608 685 1770 727 insistere,
1795 687 1848 731 qui

1105 747 1180 771 vero
1208 737 1247 770 ad
1274 737 1527 772 christifidelium
1557 739 1769 772 confessiones
1793 750 1848 773 au-

1106 790 1235 824 diendas
1259 791 1299 824 ab
1324 790 1498 825 Ordinariis
1515 792 1659 825 locorum
1681 792 1785 826 idonei
1804 804 1851 826 re-

1105 845 1187 889 perti
1211 850 1241 878 et
1265 845 1431 890 approbati
1455 846 1584 888 suerint,
1612 846 1697 890 quod
1722 847 1847 880 conses-

1107 899 1210 933 siones
1234 898 1415 933 huiusmodi
1440 899 1560 941 audire,
1578 906 1775 934 sacramenta
1800 911 1850 933 ec-

1107 953 1279 987 clesiastica
1303 945 1493 996 ministrare,
1510 964 1633 987 necnon
1650 954 1782 987 verbum
1795 955 1850 988 Dei

1107 1006 1145 1039 de
1169 1006 1353 1040 eorumdem
1379 1006 1618 1041 ordinariorum
1644 1008 1786 1051 licentia,
1814 1019 1851 1042 ac

1858 297 1925 318 810Δο-

1107 1070 1178 1093 cum
1192 1059 1320 1093 illorum
1333 1061 1507 1104 respective
1522 1061 1751 1103 benedictione,
1763 1072 1851 1106 prae-
1903 1074 1913 1083 ⁴

1107 1113 1221 1156 dicare,
1242 1113 1434 1148 iuventutem
1459 1114 1491 1147 in
1516 1114 1660 1149 doctrina
1681 1115 1851 1149 christiana

1107 1177 1143 1201 ac
1156 1167 1247 1201 bonis
1260 1168 1404 1202 moribus
1422 1168 1589 1212 instruere,
1606 1169 1729 1214 aliaque
1745 1170 1852 1203 omnia

1108 1227 1138 1254 et
1154 1221 1287 1265 singula,
1310 1232 1390 1266 quae
1414 1233 1474 1266 pro
1494 1222 1647 1267 spirituali
1665 1224 1851 1257 eorumdem

1106 1275 1300 1319 populorum
1324 1275 1431 1309 fructu
1455 1281 1547 1320 atque
1571 1287 1760 1320 progressu,
1785 1278 1852 1310 ani-

1107 1339 1297 1373 marumque
1313 1330 1422 1371 salute,
1439 1340 1474 1364 ac
1491 1330 1726 1364 reformationis
1745 1331 1853 1365 huius-

1108 1382 1193 1416 modi
1217 1383 1412 1418 incremento
1438 1388 1468 1416 et
1489 1384 1726 1418 conservatione
1750 1385 1852 1428 magis

1107 1437 1285 1470 necessaria
1318 1442 1348 1470 et
1376 1442 1554 1482 opportuna
1577 1437 1782 1479 videbuntur,
1807 1439 1851 1471 sa-

1109 1501 1190 1533 cere,
1208 1496 1344 1524 statuere
1369 1495 1398 1526 et
1423 1491 1570 1525 ordinare
1594 1491 1694 1525 libere
1714 1497 1744 1525 et
1766 1492 1852 1525 licite

1108 1544 1229 1588 possint
1254 1549 1284 1578 et
1306 1545 1450 1586 valeant,
1480 1545 1666 1580 auctoritate
1690 1551 1720 1578 et
1744 1550 1852 1580 tenore

1108 1598 1277 1642 praedictis
1302 1598 1505 1632 concedimus
1528 1605 1558 1632 et
1581 1599 1791 1643 indulgemus.

1154 1652 1169 1696 ξ,
1192 1651 1222 1684 4.
1247 1651 1456 1686 Decernentes
1473 1652 1729 1686 reformationem
1747 1654 1853 1688 huius·
1870 1673 1873 1675 >

1109 1705 1195 1739 modi
1219 1705 1251 1738 in
1275 1705 1365 1739 dictis
1390 1707 1591 1748 monasteriis
1607 1717 1624 1740 a
1641 1707 1799 1741 modernis
1824 1714 1851 1741 et

1109 1770 1167 1804 pro
1190 1764 1335 1804 tempore
1359 1759 1562 1794 existentibus
1578 1760 1706 1795 illorum
1731 1762 1855 1795 canoni-

1110 1814 1154 1848 cis
1183 1819 1213 1847 et
1242 1814 1386 1858 personis
1417 1814 1552 1848 firmiter
1577 1819 1606 1848 et
1630 1815 1853 1849 inviolabiliter

1110 1868 1273 1902 observari
1297 1868 1434 1910 debere,
1458 1874 1703 1913 praesentesque
1734 1870 1853 1904 litteras

1110 1927 1140 1956 et
1156 1922 1189 1955 in
1206 1922 1251 1955 eis
1271 1925 1416 1956 contenta
1436 1932 1653 1967 quaecumque
1670 1923 1781 1965 valida,
1799 1924 1853 1957 sn·-

1110 1986 1160 2010 ma
1186 1980 1215 2011 et
1239 1976 1377 2010 efficacia
1401 1976 1536 2010 existere
1557 1983 1587 2010 et
1604 1977 1681 2017 sore,
1700 1987 1735 2010 ac
1751 1978 1853 2021 priori

1110 2035 1141 2064 et
1157 2030 1314 2064 canonicis
1334 2030 1504 2074 praedictis
1522 2030 1554 2063 in
1571 2031 1717 2064 omnibus
1744 2036 1773 2063 et
1797 2041 1854 2075 per

1110 2085 1215 2119 onmia
1240 2084 1422 2130 plenissime
1438 2084 1615 2128 suffragari,
1633 2095 1668 2118 ac
1685 2085 1810 2117 irritum
1824 2090 1854 2118 et

1111 2139 1212 2179 inane,
1230 2139 1255 2171 si
1271 2149 1361 2172 secus
1378 2148 1474 2182 super
1490 2138 1539 2171 his
1556 2149 1573 2170 a
1589 2148 1758 2181 quoquam,
1776 2148 1853 2181 qua-

1111 2193 1156 2226 vis
1180 2192 1386 2235 auctoritate,
1413 2192 1547 2226 scienter
1570 2192 1619 2225 vel
1652 2192 1853 2235 ignoranter,

1111 2246 1279 2290 contigerit
1299 2246 1454 2279 attentari.

1155 2301 1170 2345 g
1187 2300 1215 2334 5.
1237 2301 1307 2335 Non
1323 2299 1520 2334 obstantibus
1535 2299 1810 2335 constitutionibus
1825 2304 1855 2335 et

1111 2354 1361 2388 ordinationibus
1378 2353 1569 2398 apostolicis,
1588 2354 1763 2399 ceterisque
1779 2364 1854 2388 con-

1111 2408 1216 2442 trariis
1236 2408 1498 2452 quibuscumque.

1155 2463 1267 2495 Datum
1284 2462 1412 2502 Romae,
1427 2461 1510 2505 apud
1528 2461 1556 2494 S.
1574 2461 1712 2502 Petrum,
1727 2461 1785 2495 sub
1803 2472 1856 2495 an-

1111 2516 1186 2549 nulo
1196 2515 1374 2555 Piscatoris,
1382 2514 1431 2548 die
1442 2524 1518 2548 xxlx
1526 2514 1708 2548 novembris
1715 2525 1854 2557 MDCXXV,

1110 2569 1310 2615 pontificatus
1334 2569 1436 2602 nostri
1460 2579 1541 2602 anno
1566 2579 1610 2603 111.

1145 2634 1204 2662 Dat.
1219 2633 1262 2661 die
1276 2633 1310 2661 29
1325 2632 1484 2662 novembris
1500 2632 1581 2670 1625,
1596 2632 1691 2669 pontif.
1708 2640 1778 2662 anno
1794 2639 1836 2662 111.

1896 1720 2015 1741 clausulae.

1892 2364 2004 2386 Contraria
2016 2364 2056 2385 tol-

1870 2391 1947 2412 luatur.
