2269 3235
494 231 556 264 686
1036 234 1218 259 minantum
1241 234 1395 259 Romnum

448 292 619 335 Collegium
645 291 856 325 Hibernorum
882 289 912 322 iu
938 288 1054 332 oppido
1079 288 1209 322 Lovanii
1234 291 1391 326 ereetum,
1417 285 1479 319 966
1505 286 1532 318 b.

450 346 623 389 Collegium
648 345 843 387 Illyricorum
869 342 991 375 Laui-eti
1018 343 1210 382 institutum,
1237 340 1293 374 541
1325 338 1352 372 b.
1376 338 1422 372 Ex
1448 337 1564 383 quibus
1589 338 1762 381 provinciis
1785 347 1822 372 ac
1852 338 1979 374 dioece-

538 400 625 433 sibus
657 399 774 431 alumni
807 398 870 429 siut
897 396 1070 439 seligendi,
1095 395 1166 432 :tta
1198 405 1226 427 a.
1258 394 1374 427 Eorum
1407 391 1593 436 privilegia,
1625 391 1687 425 543
1712 391 1728 423 b
1753 395 1867 438 etseq.
1894 392 1981 429 lllius

540 454 682 495 regimen
709 452 912 483 committitur
937 449 1134 493 presbyteris
1159 449 1324 482 societatis
1349 447 1437 487 lesu,
1465 446 1525 479 3314
1548 456 1576 478 (ι.

449 506 621 548 Collegium
648 515 704 548 pro
729 503 869 537 Calabris
895 504 924 536 in
954 501 1034 536 Urbe
1059 503 1251 543 instituitur,
1278 501 1317 533 54
1344 512 1373 533 α.

449 549 643 593 coloniensis
668 559 867 597 universitas,
894 557 951 589 171
981 556 1007 589 b.
1028 556 1102 589 Eius
1128 559 1230 589 rector
1254 553 1373 597 gaudet
1397 553 1519 586 indulto
1544 553 1770 596 praesentandi
1794 553 1833 586 ad
1859 555 1983 587 canoni-

535 617 623 645 catus
640 611 847 644 eeetesiarum
867 610 949 643 itlius
977 610 1115 643 civitatis
1137 611 1166 641 in
1186 607 1348 642 mensibus
1370 606 1444 639 Sodi
1473 606 1672 649 Apostolieae
1696 607 1880 648 reservatis,
1904 605 1982 640 ibid.

536 665 682 698 Lectores
708 675 781 697 vero
806 666 851 697 sie
875 665 1067 707 praesentati
1093 666 1223 706 possunt
1255 671 1311 704 per
1335 659 1519 693 substitutos
1544 661 1675 692 servitio
1705 658 1861 692 ecclesiae
1885 661 1984 693 satis-

536 719 657 759 facere,
691 719 750 751 176
784 729 813 750 a.
839 716 1050 751 Canouieatus
1083 719 1188 749 autem
1218 715 1345 748 nonnisi
1375 715 1407 747 in
1440 712 1587 747 manibus
1611 712 1715 756 Papae
1749 716 1881 756 possunt
1904 714 1984 747 resi-

536 774 637 815 gnari,
664 773 725 805 176
751 771 777 804 b.

449 824 646 859 C0101ucns·s
671 827 792 865 civitas,
820 824 881 856 (185
907 833 935 855 a.
961 822 1172 855 Seminarium
1198 830 1255 865 pro
1279 820 1442 853 monachis
1467 818 1598 854 Ordinis
1614 819 1644 852 S.
1661 818 1826 853 Benedicti
1851 829 1985 864 congre-

537 879 672 921 gationis
698 876 928 910 Bursfeldensis
953 877 982 907 in
1010 884 1045 907 ea
1071 878 1222 914 erectum,
1249 872 1325 905 ibid.

447 931 639 965 Commenda
663 931 870 963 Bononiensis
895 928 1055 971 hospitalis
1073 928 1103 961 S.
1121 927 1247 960 loannis
1267 925 1546 969 Hierosolymitani
1567 927 1700 969 erigitur
1724 927 1756 959 in
1775 925 1983 961 baiulivatum

536 986 708 1028 prioratum
734 982 980 1025 nuncupandum
1006 982 1047 1014 92
1073 982 1090 1013 b
1115 985 1143 1014 et
1169 991 1229 1024 seq.

449 1037 594 1071 Clemens
618 1037 675 1070 PP.
702 1036 739 1069 tv
765 1036 927 1080 prohibuit
950 1036 1118 1079 quominus
1143 1035 1213 1078 quis
1246 1036 1336 1066 extra
1361 1042 1448 1066 suam
1475 1033 1650 1067 dioecesim
1675 1032 1795 1078 absque
1820 1032 1983 1068 Ordinarii

536 1092 585 1124 sui
601 1090 865 1124 dimissorialibus
890 1090 989 1124 sacris
1014 1089 1208 1129 initiaretur,
1236 1087 1297 1120 264
1322 1097 1362 1126 α,·
1388 1095 1483 1130 quam
1507 1087 1767 1120 constitutionem
1783 1089 1913 1122 innovat
1929 1086 1981 1121 Ur-

536 1143 639 1178 banus
665 1143 743 1183 Ylll,
770 1144 830 1176 ’264
854 1144 880 1175 b.

449 1198 620 1232 Clementis
646 1198 702 1231 PP.
728 1197 797 1230 Vlll
823 1197 951 1230 decreta
985 1205 1041 1239 pro
1077 1195 1271 1238 regularium
1297 1193 1522 1227 reformatione
1547 1194 1739 1227 innovantur
1762 1196 1794 1227 et
1817 1193 1983 1228 declaran-

540 1255 598 1289 tur,
626 1250 688 1284 0202
714 1250 729 1283 b
756 1254 785 1284 et
810 1261 871 1294 seq.

449 1305 573 1339 Coenae
598 1305 723 1338 Domini
748 1304 846 1344 Bulla,
876 1304 938 1337 530
964 1303 979 1336 b
1005 1306 1035 1337 et
1058 1314 1118 1346 seq.
1145 1301 1289 1336 Facultas
1314 1300 1499 1335 absolvendi
1516 1310 1534 1335 a
1553 1300 1680 1334 casibus
1694 1302 1726 1334 in
1743 1300 1796 1335 illa
1813 1301 1983 1335 reservatis

538 1369 598 1391 nou
624 1357 829 1401 suspenditur
853 1367 935 1390 auno
960 1356 1107 1395 iubilaei,
1133 1355 1197 1387 328
1222 1365 1251 1386 α.

449 1414 685 1447 Commuuionis
710 1412 916 1446 llierarchiae
943 1410 1150 1455 plenitudinis
1171 1410 1281 1443 aetatis
1297 1408 1369 1442 Iesu
1385 1408 1500 1442 Christi
1517 1408 1757 1441 confraternitas
1771 1407 1803 1441 in
1819 1407 1983 1451 Hungaria

537 1469 688 1508 instituta,
707 1467 770 1499 519
795 1467 822 1498 b.
848 1465 881 1498 Iu
907 1464 1289 1498 archieonfraternitatem
1307 1463 1449 1505 erigitur,
1467 1461 1544 1495 ibid.
1573 1461 1795 1505 Indulgentiae
1819 1461 1985 1495 confratri-

537 1520 595 1554 bus
619 1529 799 1561 concessac,
826 1519 889 1552 '520
915 1530 943 1552 a.

450 1574 686 1608 Communionis
712 1574 871 1607 Paschalis
904 1577 1076 1617 praecepto
1107 1581 1168 1605 non
1195 1571 1347 1605 satisfacit
1371 1571 1426 1614 qui
1449 1570 1705 1603 communionem
1737 1578 1799 1602 non
1829 1569 1924 1603 sumit
1951 1569 1984 1602 in

537 1638 594 1662 sua
620 1628 784 1672 parochia,
812 1628 873 1660 499
898 1638 927 1660 a.
1896 1636 1900 1639 -

450 1681 719 1716 Conelavistarum
745 1681 956 1724 privilegia,1
985 1680 1001 1712 b
1025 1684 1055 1713 et
1080 1691 1142 1723 seq.
1167 1679 1301 1713 Nomina
1326 1687 1435 1710 eorum
1462 1677 1516 1720 qui
1540 1677 1758 1711 inservierunt
1787 1676 1929 1710 conclavi
1953 1677 1984 1710 in

539 1745 600 1779 quo
626 1734 746 1767 electus
772 1734 830 1767 fuit
854 1733 999 1767 Urbanus
1024 1733 1081 1766 ΡΡ.
1107 1732 1187 1773 Υ111,
1213 1733 1231 1764 7
1258 1731 1274 1764 b
1299 1735 1330 1764 et
1354 1742 1415 1775 seq.

449 1788 665 1822 Confessarius
689 1787 728 1820 ab
755 1789 904 1830 episcopo
929 1787 1122 1830 approbatus
1148 1789 1251 1829 potest
1275 1794 1291 1818 a
1316 1794 1500 1818 successore
1524 1785 1710 1826 examinari,
1738 1785 1810 1825 498,
1836 1783 1862 1817 b.

450 1840 694 1874 Confraternitas
720 1842 902 1874 Aulieorum
929 1841 1012 1884 apud
1038 1840 1207 1873 ecclesiam
1231 1838 1260 1871 S.
1291 1837 1411 1871 Nicolai
1436 1837 1475 1871 ad
1501 1837 1689 1871 Caesarinos
1721 1837 1761 1870 de
1789 1836 1874 1870 Urbe
1898 1837 1986 1871 insti-

537 1898 612 1934 tuta,
638 1895 699 1927 23ss
722 1894 747 1926 b.
766 1894 892 1927 Gratiae
907 1893 1097 1937 spirituales,
1116 1891 1369 1935 temporalesque
1395 1892 1424 1923 ei
1450 1900 1634 1933 concessae,
1652 1890 1713 1924 ⁶237
1731 1900 1751 1923 α
1771 1894 1803 1924 et
1823 1890 1850 1923 b.
1876 1889 1987 1924 Trans-

537 1948 636 1981 fertur
660 1947 698 1980 ad
717 1947 886 1980 ecclesiam
912 1947 941 1979 S.
969 1946 1128 1979 Laurentii
1153 1948 1183 1978 iu
1210 1945 1317 1985 Fonte,
1343 1945 1405 1977 664
1431 1944 1446 1976 b
1472 1948 1502 1978 et
1525 1955 1587 1989 seq.

450 2001 697 2035 Confrateruitas
721 2001 911 2034 Musicorum
936 2001 1054 2033 Romae
1080 2001 1111 2033 in
1137 2000 1272 2032 ecclesia
1297 1998 1559 2041 Congregationis
1584 1997 1773 2031 clericorum
1792 1997 1986 2041 regularium

538 2055 568 2087 S.
593 2055 680 2087 Pauli
704 2053 855 2087 Decollati
880 2058 1004 2094 erecta,
1029 2054 1090 2086 243
1116 2065 1144 2086 ιι,
1169 2053 1246 2086 Eius
1271 2056 1385 2085 statuta
1409 2053 1653 2093 confirmantur,
1680 2052 1742 2085 243
1768 2052 1796 2085 b.
1821 2052 1984 2092 Quaedam

538 2110 668 2142 istorum
694 2108 864 2141 declaratio
890 2113 919 2141 et
945 2109 1120 2148 revocatio,
1147 2108 1208 2139 2307
1235 2107 1252 2139 b
1278 2110 1309 2140 et
1332 2117 1394 2150 seq.

451 2162 659 2205 Congregatio
683 2161 932 2196 Caelestinorum
958 2162 1072 2194 iisdem
1097 2161 1209 2193 fruitur
1227 2159 1413 2203 privilegiis,
1431 2169 1513 2204 quae
1535 2161 1650 2193 ceteris
1667 2159 1894 2193 monachorum
1916 2168 1987 2193 con-

537 2216 788 2259 gregationibus,
813 2226 849 2248 ac
875 2217 1061 2259 praesertim
1087 2214 1269 2247 Cassinensi
1293 2223 1446 2247 concessa
1470 2218 1552 2255 sunt,
1574 2214 1635 2247 194
1661 2217 1692 2247 et
1714 2223 1775 2257 seq.
1801 2211 1909 2246 Abbas
1931 2221 1987 2256 ge-

537 2270 655 2303 neralis
681 2270 856 2302 functiones
881 2279 990 2302 omues
1015 2269 1118 2301 facere
1146 2271 1257 2311 potest,
1276 2277 1354 2312 quas
1380 2269 1478 2300 ceteri
1505 2268 1623 2300 faciunt
1647 2265 1788 2307 abbates,
1807 2270 1837 2300 et
1861 2268 1892 2299 in
1910 2275 1986 2300 suae

539 2323 800 2367 Congregauonis
826 2322 970 2355 ecelesiis
996 2321 1186 2365 pontificalia
1212 2324 1314 2364 potest
1338 2330 1500 2362 exercere,
1528 2321 1589 2353 196
1607 2320 1633 2353 b.
1659 2320 1905 2353 Constitutiones
1930 2329 1986 2364 pro

538 2379 632 2412 huius
657 2379 918 2421 Congregatiouis
943 2378 1097 2419 regimine
1123 2376 1226 2409 editae
1252 2377 1488 2415 confirmantur,
1514 2374 1573 2407 471
1601 2384 1621 2406 α
1645 2377 1675 2407 et
1700 2374 1727 2406 b.

452 2432 657 2475 (longi-egatio
682 2432 909 2464 Canonicorum
935 2430 1140 2473 Regularium
1171 2430 1200 2463 S.
1226 2429 1333 2462 Crucis
1365 2429 1456 2471 regui
1488 2427 1723 2471 Portugalliae,
1750 2428 1812 2460 368
1841 2427 1867 2460 b.
1898 2426 1986 2460 Bulla

541 2487 698 2518 cruciatae
724 2485 826 2529 quoad
852 2483 1033 2517 facultatem
1057 2483 1118 2516 sibi
1143 2482 1282 2526 eligendi
1302 2482 1535 2515 confessarium
1560 2483 1636 2525 ipsis
1661 2491 1723 2514 non
1749 2482 1842 2521 favet,
1868 2482 1931 2514 369
1956 2491 1985 2514 a.

453 2539 661 2581 Congregatio
686 2538 916 2572 Canonicorum
942 2538 1148 2581 Regularium
1172 2536 1202 2570 S.
1228 2536 1400 2570 Salvatoris
1425 2537 1457 2570 in
1482 2535 1701 2579 Lotltaringia,
1726 2535 1787 2568 401
1814 2545 1845 2567 α.
1870 2533 1983 2568 Refor-

538 2597 648 2633 matur,
674 2591 751 2625 ibid.

455 2645 664 2690 congregatio
695 2646 890 2679 cassinensis
921 2649 1046 2680 sanctae
1082 2645 1222 2679 Iustinae
1254 2644 1294 2678 de
1319 2643 1437 2686 Padua,
1464 2643 1524 2677 661
1551 2652 1580 2676 α.
1605 2641 1795 2677 Definitores
1828 2639 1986 2687 quomodo
