2269 3235
74 242 127 269 An.
143 239 172 268 G.
195 239 260 268 1627

92 1316 182 1337 loannes
191 1314 262 1340 Bapti-

80 1345 112 1362 sta
124 1341 189 1362 Vives
204 1341 262 1367 pata-

79 1369 130 1389 tium
154 1373 192 1394 pro
219 1367 263 1388 eri-

79 1395 147 1421 gendo
173 1394 262 1420 cossegm

79 1422 151 1443 donat.

882 237 1024 261 URBANUS

274 285 492 330 reperiuntur,
513 285 629 329 quihus
654 285 729 318 olim
759 264 885 328 quide-m
912 294 1017 318 sacro-

274 339 372 373 sancti
398 338 556 382 Evangelii
573 338 724 382 splendor
748 338 874 379 affulsit‚
896 338 948 371 sed
972 340 1016 371 vel

275 391 451 425 haereticae
468 391 546 425 labis
559 390 698 426 tenebris
712 391 826 424 iterum
840 390 1017 433 obvolutae,

275 445 321 478 vel
347 444 536 487 infidelium,
561 455 822 488 paganorumque
847 444 1017 487 impiorum

274 498 445 532 catholicae
462 498 535 531 fidei
552 498 751 531 desertorum
773 497 949 530 colluvione
967 496 1020 530 ob-

274 556 372 593 rutae,
394 552 451 592 vel,
470 551 494 584 si
515 562 595 595 quae
612 561 730 595 paucae
748 550 779 582 in
796 550 858 583 tide
876 560 1020 594 perman-

274 608 392 645 serunt,
412 604 553 638 desertae
569 614 587 636 a
600 603 778 648 pastoribus
797 603 828 635 in
844 604 911 635 atra
924 603 1019 646 perfi-

275 657 343 691 diae
354 658 401 691 vel
415 657 610 701 ignorantiae
623 661 715 690 nocte
738 661 913 696 versantur,
926 661 1019 699 atque

275 711 476 744 delitescunt:
503 710 621 744 idcirco
645 709 757 750 nobis,
782 710 836 753 qui
867 709 937 743 licet
960 709 1018 742 im-

276 764 388 798 merito
409 764 505 797 divini
519 769 612 811 atque
635 763 765 797 increati
791 763 864 796 solis
882 763 1017 807 speciem

276 818 429 851 visibilem
457 817 488 850 in
520 817 613 850 terris
645 817 833 859 referimus,
869 827 947 850 onus
972 817 1018 850 in-

275 871 415 912 cumbit,
452 875 486 904 ut
522 870 658 903 ministri
699 871 804 904 idonci
842 871 1017 914 eligantur,

274 925 328 969 qui
363 924 401 958 ad
433 924 501 957 illas
533 928 642 968 gentes
680 924 828 958 caecitate
864 924 1017 968 spirituali

276 983 382 1022 captas
412 978 545 1022 profecti
571 978 651 1011 vitae
683 979 802 1022 probae
832 989 868 1011 ac
893 989 1017 1012 morum

276 1033 400 1076 fulgore
424 1031 592 1073 micantes,
617 1031 779 1065 doctrinae
803 1032 1018 1075 evangelicae,

277 1086 343 1119 zelo
375 1084 551 1118 animarum
576 1085 690 1118 ardore
716 1085 899 1128 flagrantes,
924 1086 1018 1118 veluti

278 1138 465 1172 candelabra
490 1149 586 1182 super
606 1138 760 1172 montium
784 1139 865 1182 iugis
889 1139 956 1179 sita,
974 1144 1018 1172 te-

277 1192 390 1224 nebras
414 1197 477 1224 tam
501 1192 691 1225 infidelitatis
723 1203 817 1236 quam
853 1193 1019 1225 haereseos

278 1256 337 1290 pro
353 1245 472 1279 viribus
489 1246 659 1279 dissolvant
675 1252 768 1290 atque
785 1247 944 1291 dissipent,

322 1300 337 1343 g
362 1299 391 1332 ⁴1.
417 1299 494 1333 Cum
520 1299 635 1343 itaque,
656 1300 736 1333 sicut
760 1300 850 1333 nobis
875 1300 1019 1341 innotuit,

278 1353 411 1387 dilectus
436 1353 518 1386 filius
544 1353 695 1396 magister
723 1354 854 1387 loannes
884 1354 1019 1398 Baptista

279 1406 368 1439 Vives
384 1406 550 1451 presbyter
568 1407 749 1440 Valentinus
770 1407 926 1440 citerioris
951 1408 1020 1440 llis·

279 1460 401 1504 paniae‚
422 1460 453 1493 in
476 1462 609 1504 utraque
630 1461 791 1504 signatura
813 1463 921 1494 nostra
945 1462 1021 1496 refer

279 1513 455 1556 rendarius,
472 1515 692 1559 praelatusque
710 1515 910 1555 domesticus,
929 1526 964 1548 ac
982 1516 1021 1547 sa-

279 1568 411 1601 miliaris
431 1573 461 1601 et
481 1569 647 1602 continuus
665 1569 885 1602 commensalis
902 1573 1019 1609 noster,

279 1632 315 1655 ac
331 1622 461 1656 dilectae
474 1622 506 1655 in
519 1623 641 1656 Christo
654 1623 736 1655 filiae
750 1623 864 1655 nobilis
879 1622 1020 1655 mulieris

279 1676 429 1710 Isabellae
452 1677 560 1710 Clarae
584 1676 743 1719 Eugeniae
765 1676 893 1709 Infantis
910 1676 1020 1720 Hispa-

279 1730 402 1763 niarum
421 1741 456 1764 ac
470 1730 667 1774 Belgicarum
687 1730 923 1774 provinciarum
938 1730 1021 1774 prin-

280 1783 412 1827 cipissae
442 1789 473 1817 et
503 1784 736 1827 gubernatricis
768 1783 852 1827 apud
881 1793 937 1816 nos
971 1784 1021 1817 Se-

281 1838 415 1882 demque
440 1837 651 1882 Apostolicam
676 1837 856 1871 ordinarius
879 1837 1020 1871 residens

282 1891 412 1934 legatus,
429 1891 496 1924 zelo
512 1890 625 1924 domus
639 1891 704 1932 Dei,
719 1891 960 1935 animarumque
978 1901 1022 1923 sa-

282 1944 365 1985 lutis,
386 1954 421 1977 ac
438 1944 674 1988 propagationis
691 1949 720 1977 et
737 1944 876 1978 tuitionis
897 1949 1021 1977 sanctae

282 1998 354 2031 fidei
374 1998 556 2039 catholicae,
575 1998 706 2042 aliisque
723 1998 784 2042 piis
801 1998 975 2032 rationibus
993 2004 1022 2031 et

282 2051 447 2085 devotione
471 2051 601 2094 ductus,
626 2051 776 2096 palatium
808 2052 965 2095 quoddam
990 2052 1022 2084 in

281 2106 383 2149 platea
394 2105 613 2138 Sanctissimae
627 2105 785 2139 Trinitatis
799 2105 914 2139 montis
926 2105 1022 2137 Pincii

282 2163 478 2202 nuncupatae
502 2157 540 2191 de
565 2157 659 2199 Urbe,
676 2158 733 2191 sub
750 2159 881 2201 regione
897 2159 1021 2192 Colum-

282 2223 350 2254 nae,
367 2213 449 2246 intra
460 2223 515 2246 sua
527 2212 691 2246 notissima
703 2213 810 2255 latera,
824 2214 1023 2257 plateamque

282 2266 483 2310 praedictam,
505 2277 541 2299 ac
565 2266 629 2299 vias
655 2266 798 2310 publicas
818 2267 922 2309 situm,
947 2267 1022 2300 alias

283 2319 364 2352 detti
370 2319 545 2352 Farratim‘
551 2324 775 2364 nuncupatum,
785 2320 869 2364 quod
880 2320 918 2353 ad
936 2331 1025 2364 prae·
1039 2329 1040 2340 ¹

284 2383 354 2406 sens
364 2372 528 2414 inhabitat,
536 2374 599 2406 una
609 2383 680 2406 cum
694 2374 757 2406 suis
767 2374 929 2415 membris,
940 2377 1022 2417 area,

285 2533 394 2573 versis,
418 2533 457 2565 ad
481 2532 626 2567 effectum
651 2534 683 2566 in
707 2534 771 2576 illo,
796 2535 942 2579 illiusque
962 2536 1023 2569 situ

285 2586 452 2629 collegium
475 2597 530 2620 seu
546 2588 749 2621 seminarium
772 2599 871 2622 unum
900 2595 1025 2633 aposto-

283 2639 380 2674 licum
399 2641 597 2676 sacerdotum
626 2652 681 2676 seu
700 2642 888 2677 clericorum
909 2644 1025 2677 secula-

1050 237 1106 261 vm
1130 237 1177 261 rr.

1055 284 1148 326 rium,
1173 284 1226 328 qui
1251 285 1358 318 saltem
1384 285 1421 318 ad
1447 295 1552 319 sacros
1577 285 1702 318 ordines
1727 296 1792 318 ma-

1054 337 1146 379 iores,
1165 348 1219 370 scu
1238 349 1346 371 eornm
1366 339 1404 371 ad
1423 339 1525 371 minus
1550 338 1695 382 aliquem,
1714 338 1793 371 infra

1052 401 1168 423 annum
1194 402 1211 423 a
1236 392 1285 424 dic
1317 402 1427 425 eorum
1460 393 1489 425 in
1525 392 1576 425 illo
1605 393 1793 436 receptionis

1053 444 1451 487 computandum,omnino
1466 446 1644 489 promoveri
1661 446 1793 478 debeant

1053 500 1082 530 et
1107 502 1288 538 teneantur,
1314 509 1349 530 ex
1375 499 1459 531 omni
1490 505 1582 541 gente
1610 504 1640 531 et
1670 500 1793 533 natione

1053 550 1331 591 dcsumendorum,
1350 556 1380 583 et
1400 563 1455 594 per
1479 562 1546 592 noS,
1574 554 1793 597 Romanosque

1054 602 1218 636 Pontifices
1231 614 1430 637 successores
1442 611 1567 638 nostros
1580 617 1638 649 pro
1651 612 1793 650 tempore,

1053 655 1218 688 existentes
1253 656 1290 688 ad
1323 656 1417 689 tidem
1450 658 1640 700 praedictam
1675 659 1705 691 in
1730 663 1793 693 toto

1053 708 1130 743 orbe
1147 713 1313 751 terrarum,
1325 710 1542 755 universisque
1558 712 1640 743 illius
1653 713 1794 755 partibus

1053 763 1287 807 propagandam
1303 790 1310 804 ,
1336 764 1528 796 dilatandam
1562 770 1592 797 et
1624 766 1792 807 tuendam,

1052 817 1212 860 perpetuis
1229 817 1342 850 suturis
1367 818 1571 861 temporibus,
1585 823 1615 851 et
1631 830 1795 863 quousque

1053 871 1227 904 electorum
1259 881 1412 904 numerus
1436 872 1627 915 completus,
1654 883 1795 916 unusque
1817 890 1825 899 ι

1053 928 1160 967 pastor
1181 930 1211 957 et
1226 935 1324 957 unum
1341 925 1455 958 Christi
1472 926 1553 958 ovile
1574 926 1653 959 sacta
1669 926 1795 967 suerint,

1053 977 1251 1020 duraturum,
1271 978 1328 1011 sub
1349 978 1476 1021 regulis,
1503 979 1635 1021 legibus,
1663 980 1794 1021 statutis,

1054 1030 1328 1064 constitutionibus
1361 1036 1391 1064 ct
1423 1032 1672 1066 ordinationibus
1705 1033 1796 1066 nobis

1054 1088 1083 1116 ct
1100 1085 1336 1117 successoribus
1352 1085 1468 1117 nostris
1497 1086 1651 1119 henevisis
1667 1086 1795 1119 edendis

1054 1141 1083 1170 et
1100 1137 1301 1178 stabiliendis,
1317 1138 1468 1181 erigendi,
1487 1139 1667 1172 instituendi
1688 1145 1718 1173 et
1732 1152 1795 1173 crc-

1053 1191 1136 1231 andi‚
1155 1196 1184 1224 et
1204 1202 1261 1235 pro
1287 1192 1370 1224 illius
1387 1192 1469 1235 dote,
1489 1204 1543 1226 seu
1560 1193 1640 1226 dotis
1657 1194 1794 1234 nomine,

1054 1245 1319 1289 alumnorumque
1345 1246 1375 1278 in
1400 1247 1517 1279 dictum
1545 1248 1713 1291 collegium
1740 1259 1794 1281 seu

1054 1299 1258 1332 seminarium
1287 1310 1346 1343 pro
1372 1304 1515 1344 tempore
1544 1301 1790 1335 introducendo-

1054 1363 1123 1384 rum
1139 1354 1377 1399 sustentatione,¹
1391 1354 1501 1397 viginti
1523 1355 1579 1388 tria
1598 1355 1680 1395 fidei,
1698 1361 1728 1388 et
1744 1356 1794 1388 tri-

1055 1406 1140 1448 ginta
1153 1407 1251 1439 sancti
1263 1407 1555 1447 ssonavo11uu=ae,ac
1569 1408 1795 1452 qninquaginta

1055 1459 1127 1492 salis
1151 1460 1326 1503 respective
1350 1466 1528 1504 nuncupata
1548 1462 1616 1494 loca
1640 1463 1795 1495 montium

1054 1513 1092 1546 (le
1110 1513 1202 1556 Urbe,
1220 1516 1282 1546 una
1300 1525 1372 1546 cum
1390 1525 1499 1547 corum
1518 1516 1664 1549 omnibus
1682 1523 1712 1549 et
1732 1517 1796 1550 sin-

1054 1567 1136 1609 gulis
1156 1568 1309 1600 fructibus
1327 1579 1362 1600 ac
1382 1569 1597 1612 proventibus,
1612 1570 1737 1603 insimul
1759 1572 1797 1603 ad

1055 1620 1226 1662 quingenta
1247 1621 1406 1664 sexaginta
1424 1623 1571 1666 quinque,
1593 1624 1641 1655 vel
1662 1624 1796 1664 circiter,

1054 1676 1140 1706 scuta
1164 1679 1308 1707 monetae
1332 1675 1500 1715 Romanae,
1521 1676 1558 1707 ad
1577 1676 1730 1709 rationem
1749 1677 1798 1709 da:-

1054 1737 1122 1759 cem
1137 1727 1285 1761 iuliorum
1297 1739 1355 1771 pro
1370 1729 1493 1771 singulo
1507 1735 1594 1761 scuto
1606 1730 1797 1766 huiusmodi:

1055 1782 1215 1816 annuatim
1232 1783 1441 1826 ascendentia,
1458 1794 1493 1817 ac
1512 1795 1640 1817 censum
1659 1795 1798 1818 annuum

1054 1837 1188 1869 aliorum
1209 1842 1334 1869 centum
1352 1837 1559 1881 quadraginta
1577 1843 1738 1872 scutorum
1757 1840 1798 1872 si-

1056 1891 1177 1923 milium
1213 1891 1301 1935 <alias
1331 1891 1370 1923 ad
1402 1892 1605 1924 commodum
1638 1893 1797 1936 quondam

1055 1943 1215 1977 Diomedis
1248 1944 1341 1977 Mussi
1374 1944 1594 1977 Cremonensis
1620 1956 1679 1989 pro
1715 1952 1799 1979 sorte

1056 1997 1222 2041 principali
1247 1998 1385 2030 duorum
1410 1998 1544 2031 millium
1570 2004 1731 2032 scutorum
1758 2000 1799 2032 si-

1057 2051 1140 2083 milis
1156 2057 1298 2083 monetae
1316 2062 1412 2095 super
1428 2051 1519 2084 bonis
1537 2052 1695 2095 quondam
1714 2053 1799 2086 Ioan-

1056 2105 1104 2137 nis
1128 2104 1287 2138 Francisci
1309 2105 1433 2148 Ugolini
1453 2117 1510 2149 per
1527 2111 1595 2139 acta
1622 2107 1726 2140 dilecti
1743 2107 1798 2139 filii

1057 2159 1178 2192 Rinaldi
1204 2159 1322 2191 Buratti
1343 2160 1448 2192 curiae
1465 2170 1631 2192 causarum
1657 2171 1800 2193 camerae

1057 2203 1182 2246 nostrae
1199 2214 1389 2257 apostolicae
1407 2214 1522 2246 notarii
1548 2215 1605 2246 sub
1624 2214 1672 2246 dic
1690 2214 1801 2257 vigesi-

1057 2268 1108 2299 ma
1133 2269 1216 2299 nona
1249 2267 1357 2311 aprilis
1389 2267 1461 2299 anni
1490 2267 1614 2300 Domini
1640 2268 1798 2301 millesimi

1058 2321 1276 2354 sexcentesimi
1294 2321 1437 2364 vigesimi
1466 2322 1569 2365 quarti
1590 2321 1627 2354 ad
1645 2322 1799 2355 rationem

1039 2380 1177 2419 :septem
1202 2386 1260 2419 pro
1285 2375 1464 2409 centenario
1493 2380 1523 2407 et
1542 2386 1623 2408 anno
1648 2376 1799 2409 constitu-

284 2426 404 2466 cortile,
421 2426 560 2468 stabulis,
578 2427 727 2470 remissis,
746 2427 864 2468 usibus,
885 2439 1024 2462 commo·
1039 2434 1041 2440 '

284 2479 451 2521 nitatibus,
477 2479 657 2513 adiacentiis
681 2485 711 2513 et
740 2482 937 2525 pertinentiis
958 2483 1041 2515 uni-³

1058 2433 1134 2469 tum,
1152 2440 1187 2461 ac
1205 2429 1407 2473 postmodum
1425 2429 1463 2461 ad
1481 2440 1560 2473 opus
1581 2429 1655 2461 dicti
1676 2430 1800 2463 loannis

1059 2482 1211 2526 Baptistae
1239 2493 1295 2525 per
1320 2488 1387 2515 acta
1412 2482 1516 2515 dilecti
1534 2482 1627 2515 etiam
1646 2483 1702 2515 filii
1722 2484 1800 2516 Lau-

1058 2536 1150 2568 rentii
1169 2536 1371 2569 Bonincontri
1396 2536 1502 2569 curiae
1522 2536 1665 2580 Capitolii
1685 2538 1801 2571 notarii

1059 2590 1115 2623 sub
1133 2590 1182 2622 die
1199 2590 1331 2634 septima
1347 2590 1470 2633 augusti
1485 2590 1624 2623 eiusdem
1639 2591 1711 2623 anni
1729 2602 1800 2624 ven-

1058 2646 1157 2679 ditum
1182 2649 1212 2677 ct
1237 2655 1371 2686 cessum,
1392 2654 1427 2678 ac
1452 2644 1490 2677 ad
1514 2655 1663 2690 praesens
1683 2656 1740 2690 per
1758 2645 1801 2679 di-

1699 228 1762 262 575
1808 238 1855 264 An.
1873 237 1900 263 c.
1922 237 1987 265 1027

1823 1258 1897 1278 liutem
1908 1263 1940 1282 {ue
1956 1263 1994 1282 pro

1810 1286 1939 1305 aluumurum
1950 1290 1994 1303 ›us-

1811 1314 1926 1331 tentatione
1946 1317 1994 1331 cun·

1810 1342 1878 1359 sumit
