2269 3235
119 258 168 285 Αη.
185 256 213 283 C.
236 256 304 284 1625

174 1492 256 1517 Excipit
271 1498 304 1512 ex-

125 1519 301 1539 communicatio-

121 1551 167 1565 nem
180 1546 207 1566 ab
220 1546 303 1566 homine

121 1573 193 1592 tatami

123 1971 235 1992 Obstantia
246 1972 306 1992 tollit.

922 258 1064 283 UnssANUS
1081 259 1138 283 VIII
1158 259 1205 283 I‘P.

317 304 399 338 Urbe
421 304 538 339 vicario
557 306 587 338 in
604 306 816 350 spiritualibus
832 307 981 349 generali,
1000 306 1053 350 qui

316 368 369 391 eos
393 358 432 390 ab
457 358 603 392 omnibus
627 359 972 398 excommunicationis,
991 369 1055 391 sus-

315 411 475 454 pensionis
499 416 529 446 et
552 412 726 453 interdicti,
758 413 888 455 aliisque
912 411 1055 444 ecclesia-

316 466 401 499 sticis
426 468 585 501 sententiis
605 473 635 501 et
659 467 810 507 censuris,
832 478 849 499 a
866 467 934 500 iure
952 467 999 499 vel
1016 466 1055 498 ab

316 518 454 560 homine,
479 520 587 563 quavis
611 522 704 553 causa
729 519 815 559 latis,
841 529 895 552 seu
919 518 1054 559 inflictis,

316 582 438 606 necnon
461 573 500 606 ab
524 573 670 606 omnibus
694 572 839 617 peccatis,
865 572 1054 614 excessibus,

317 625 502 659 criminibus
526 632 556 660 et
580 626 711 667 delictis,
732 626 932 670 quantumvis
956 626 1056 668 gravi-

316 677 375 711 bus
389 684 419 711 et
435 679 627 720 enormibus,
640 679 733 712 etiam
746 679 836 712 nobis
849 684 880 712 et
893 678 963 712 Sedi
977 679 1056 722 Apo-

316 731 445 765 stolicae
469 732 561 764 etiam
586 731 618 764 in
642 731 754 764 litteris
778 732 827 765 die
851 732 972 765 Coenae
996 732 1057 765 Do-

317 784 393 817 mini
418 785 479 828 legi
496 785 594 818 solitis
619 785 783 826 contentis,
800 790 893 829 atque
910 786 986 820 alias
999 797 1057 830 per

316 849 530 882 quascumque
543 839 756 877 Romanorum
772 839 956 872 Pontificum
971 850 1057 884 prae-

316 891 518 925 decessorum
528 897 710 926 nostrorum
725 893 975 934 constitutiones,
984 904 1057 937 qua-

316 957 387 979 rum
405 951 529 979 tenores
546 947 762 990 praesentibus
782 947 892 980 haberi
913 948 1057 980 volumus

315 1010 374 1043 pro
388 1000 554 1044 expressis,
568 1000 865 1044 quomodocumque
880 1001 1074 1048 1‘eservatis,s

317 1053 348 1085 in
372 1053 441 1087 soro
473 1054 682 1088 conscientiae
708 1060 737 1087 et
761 1055 819 1087 hac
845 1054 911 1087 vice
936 1060 1055 1088 tantum

317 1106 479 1140 absolvere
503 1113 534 1140 et
557 1107 693 1140 liberare
718 1108 833 1140 valeat¹
846 1119 854 1147 3
875 1113 905 1140 et
929 1108 1075 1152 insuper:

320 1166 388 1194 rota
413 1171 630 1205 quaecumque
655 1161 831 1204 (religionis
857 1165 885 1195 et
907 1162 1057 1194 castitatis

319 1216 478 1259 exceptis)
505 1215 534 1247 in
566 1215 625 1247 alia
649 1215 700 1258 pia
725 1221 754 1248 et
778 1215 938 1248 salutifera
962 1226 1057 1259 opera

319 1273 529 1307 commutare,
548 1268 687 1300 iniuncta
708 1273 811 1301 tamen
828 1268 883 1308 eis,
901 1274 930 1301 et
948 1280 1057 1302 eorum

319 1321 464 1362 cuilibet,
490 1321 521 1353 in
545 1313 733 1365 supradictis
763 1321 909 1355 omnibus
934 1322 1058 1355 casibus

319 1374 510 1419 poenitentia
525 1375 663 1416 salutari,
677 1375 809 1419 aliisque
827 1376 966 1408 eiusdem
988 1387 1059 1409 ‹sou-

319 1428 438 1462 fessarii
463 1428 595 1462 arbitrio
620 1428 807 1472 infligendis.

363 1483 378 1526 ἓ
402 1482 431 1515 9.
457 1483 525 1516 Non
550 1482 741 1515 intendimus
765 1489 869 1516 autem
891 1495 948 1528 per
973 1496 1060 1528 lirae-

320 1541 422 1569 sentes
440 1536 487 1576 iis,
505 1536 559 1580 qui
576 1547 593 1568 a
611 1536 702 1569 nobis
721 1541 750 1569 et
774 1536 852 1569 Sede
880 1537 1058 1580 Apostolica
1075 1549 1076 1562 π

321 1589 367 1621 vel
393 1589 431 1621 ab
456 1589 560 1633 aliquo
585 1590 725 1633 praelato
751 1601 806 1623 seu
837 1590 939 1623 iudice
964 1591 1076 1623 eccle-¹

321 1643 445 1676 siastico
466 1643 739 1684 excommunicati,
760 1644 902 1687 suspensi
921 1649 950 1676 et
967 1644 1059 1677 inter·
1075 1645 1076 1660 ³

320 1696 404 1737 dicti,
429 1707 483 1729 seu
508 1697 583 1729 alias
608 1697 639 1729 in
663 1697 831 1730 sententias
857 1702 886 1729 et
911 1707 1076 1737 censuras

320 1750 466 1783 incidisse
490 1750 638 1783 declarati
663 1750 710 1782 vel
735 1749 859 1793 publice
884 1750 1076 1783 denuntiati*

320 1804 446 1845 fuerint,
459 1804 518 1837 nisi
535 1804 614 1837 infra
632 1807 756 1847 tempus
774 1803 953 1836 huiusmodi
975 1802 1076 1837 satis-²

321 1858 459 1898 fecerint,
473 1863 525 1891 aut
541 1869 613 1891 cum
629 1858 772 1901 partibus
788 1858 1058 1898 concordaverint,

320 1913 384 1945 ullo
410 1912 504 1945 modo
529 1911 695 1954 suffragari
719 1922 810 1955 posse
834 1915 886 1945 aut
910 1912 1036 1944 debere.
1075 1944 1076 1947 ,

365 1966 379 2009 ἓ
405 1965 456 1998 10.
484 1966 552 1998 Non
572 1965 767 1998 obstantibus
785 1965 1077 2006 constitutionibus}

321 2023 351 2050 et
375 2018 625 2051 ordinationibus
650 2018 847 2061 apostolicis,
874 2018 1058 2062 praesertim

321 2071 434 2115 quibus
459 2072 587 2104 facultas
611 2071 802 2112 absolvendi,
827 2072 859 2104 in
876 2072 969 2105 certis
988 2058 1078 2132 tunc}

320 2125 478 2169 expressis
510 2125 654 2165 casibus,
679 2125 720 2157 ita
744 2126 885 2159 Romano
917 2126 1077 2166 Pontifici]

321 2190 380 2222 pro
404 2183 546 2222 tempore
571 2178 714 2211 existenti
741 2184 929 2220 reservatur,
950 2184 983 2211 ut
1003 2185 1077 2227 neci

321 2232 415 2265 etiam
439 2232 557 2265 similes
581 2233 629 2265 vel
653 2232 820 2265 dissimiles
844 2232 987 2272 iubilaei,
1014 2233 1078 2274 iii-1>

322 2285 554 2328 dulgentiarum
563 2291 592 2319 et
606 2286 785 2319 facultatum
798 2286 979 2319 huiusmodi
991 2297 1061 2319 con·
1076 2282 1078 2313 ἶ

322 2339 488 2380 cessiones,
501 2339 560 2371 nisi
578 2339 616 2372 de
632 2339 693 2371 illis
712 2350 856 2383 expressa
877 2339 994 2372 mentio
1009 2344 1061 2371 aut

322 2392 466 2436 specialis
479 2392 640 2436 derogatio
654 2392 717 2434 siat,
730 2393 876 2437 cuiquam
895 2393 1059 2436 suffragari
1076 2383 1078 2426 ‘l

322 2450 446 2488 queant,
464 2455 585 2478 necnon
606 2446 715 2488 regula
732 2447 839 2480 nostra
856 2446 893 2478 de
911 2456 974 2479 non
991 2456 1061 2478 con·

322 2496 469 2529 cedendis
493 2496 694 2539 indulgentiis
718 2497 757 2529 ad
784 2497 892 2537 instar,
917 2508 952 2529 ac
977 2493 1078 2540 quo-i

324 2560 532 2593 rumcumque
549 2549 701 2583 Ordinum
726 2556 755 2583 et
780 2535 1079 2601 congregationum}

325 2603 388 2635 sive
408 2603 622 2636 institutorum
644 2604 837 2646 regularium
856 2605 1060 2647 (iuramento,
1077 2605 1079 2624 ³

363 2668 369 2692 t
391 2666 510 2694 Erronee
527 2666 590 2693 edit.
608 2666 686 2693 lllain.
705 2666 767 2702 legit
787 2667 900 2694 valeant
915 2667 950 2702 (u.
965 2668 1011 2699 T.).
1077 2663 1079 2700 l

1088 305 1326 339 confirmatione
1350 305 1536 350 apostolica,
1561 306 1607 338 vel
1632 306 1740 349 quavis
1767 306 1824 339 sir-

1089 359 1194 393 mitate
1219 360 1279 392 alia
1304 359 1476 402 roboratis)
1501 358 1623 391 statutis
1647 363 1677 392 et
1701 368 1829 392 consue-

1088 412 1257 454 tudinibus,
1282 413 1454 456 privilegiis
1478 423 1619 457 quoque,
1648 411 1775 445 indultis
1800 418 1829 445 et

1089 465 1199 498 litteris
1233 466 1434 508 apostolicis,
1459 466 1577 499 eisdem
1608 465 1772 499 ordinibus
1801 469 1831 499 et

1090 518 1386 561 congregationibus
1411 525 1505 564 atque
1530 520 1678 554 institutis
1701 530 1830 564 quomo-

1089 571 1206 604 dolibet
1230 572 1395 615 concessis,
1417 573 1600 616 approbatis
1617 579 1645 606 et
1665 573 1829 607 innovatis.

1088 625 1207 664 Quibus
1220 626 1368 658 omnibus
1382 631 1411 659 et
1422 626 1564 669 singulis,
1577 627 1697 660 etiamsi
1707 627 1745 661 de
1759 627 1830 668 illis,

1089 690 1264 723 eorumque
1289 680 1361 712 totis
1386 680 1550 713 tenoribus
1575 681 1735 724 specialis,
1761 691 1830 725 spe-

1090 731 1179 765 cifica
1202 737 1232 765 et
1256 732 1425 773 individua,
1450 742 1513 765 non
1537 738 1640 766 autem
1670 744 1727 777 per
1745 734 1831 766 clau-

1091 786 1174 819 sulas
1199 786 1362 829 generales
1379 786 1462 819 idem
1480 786 1696 830 imponantes,
1714 787 1832 820 mentio

1091 844 1143 872 aut
1160 839 1322 883 expressio
1338 839 1481 872 habenda
1498 840 1545 872 vel
1563 840 1691 884 quaevis
1708 840 1768 873 alia
1784 850 1833 873 ex-

1091 892 1206 936 quisita
1231 893 1332 926 forma
1348 893 1386 926 ad
1404 893 1465 927 hoc
1489 893 1640 926 servanda
1659 893 1749 934 soret,
1767 893 1834 926 illo-

1091 954 1163 976 rum
1181 948 1305 978 tenores
1321 945 1541 989 praesentibus
1557 955 1615 989 pro
1641 945 1833 978 sufficienter

1091 998 1246 1041 expressis
1263 1003 1293 1031 et
1312 998 1350 1030 ad
1374 998 1505 1031 verbum
1526 998 1652 1031 insertis
1670 998 1832 1039 habentes,

1073 1052 1126 1083 'ac
1150 1051 1286 1084 sormam
1316 1062 1426 1085 eorum
1456 1051 1602 1085 traditam
1627 1062 1686 1096 pro
1711 1053 1833 1084 servata

1091 1104 1251 1144 habentes,
1265 1105 1323 1137 hac
1340 1105 1407 1138 vice
1428 1105 1588 1138 dumtaxat
1607 1105 1785 1149 specialiter
1802 1110 1832 1138 et

1091 1167 1237 1201 expresse
1257 1158 1457 1201 derogamus,
1475 1158 1649 1202 ceterisque
1667 1158 1833 1192 contrariis

1091 1211 1356 1254 quibuscumque.

1137 1266 1151 1309 ξ
1175 1266 1226 1298 Μ.
1254 1266 1403 1299 Volumus
1428 1270 1542 1306 autem,
1564 1270 1597 1300 ut
1620 1266 1833 1309 praesentium

1092 1320 1308 1363 transumptis,
1331 1320 1423 1353 etiam
1439 1320 1610 1364 impressis,
1631 1331 1726 1353 manu
1742 1321 1833 1353 alicu-

1074 1366 1140 1413 {ius
1164 1374 1277 1406 notarii
1306 1374 1423 1417 publici
1448 1374 1646 1418 subscriptis,
1671 1379 1701 1407 et
1730 1374 1833 1417 sigillo

1092 1437 1245 1469 personae
1264 1426 1293 1458 in
1310 1426 1461 1469 dignitate
1485 1427 1697 1460 ecclesiastica
1723 1427 1834 1461 consti-

1094 1483 1175 1513 tutae
1194 1480 1332 1521 munitis,
1350 1480 1458 1513 eadem
1481 1491 1613 1524 prorsus
1630 1480 1708 1513 fides
1725 1481 1835 1514 habea-

1094 1538 1152 1570 tur,
1171 1544 1250 1577 quae
1270 1533 1345 1576 ipsis
1365 1534 1584 1577 praesentibus
1609 1534 1788 1575 haberetur,
1809 1535 1833 1567 si

1094 1588 1195 1619 forent.
1220 1587 1377 1619 exhibitae
1404 1587 1449 1620 vel
1475 1592 1627 1620 ostensae.

1138 1640 1247 1671 Datum
1264 1640 1390 1680 Romae,
1408 1640 1491 1683 apud
1509 1640 1536 1673 S.
1557 1641 1693 1680 Petrum,
1712 1640 1769 1673 sub
1787 1651 1837 1673 an-

1093 1693 1167 1725 nulo
1192 1692 1376 1732 piscatoris,
1398 1693 1448 1725 die
1472 1703 1527 1725 xxi
1557 1693 1664 1737 aprilis
1696 1703 1835 1732 iiiimxxv,

1093 1746 1292 1789 pontificatus
1316 1747 1415 1779 nostri
1443 1756 1524 1780 anno
1551 1756 1580 1779 11.

1129 1809 1189 1836 Dat.
1207 1808 1250 1836 die
1266 1809 1294 1836 ⁶21
1313 1809 1407 1845 aprilis
1429 1809 1506 1843 1625,
1529 1809 1624 1844 pontis.
1643 1818 1686 1836 an.
1703 1816 1732 1837 11.

1386 1934 1540 1967 CXXXIII.

1094 2005 1292 2049 Inquisitorc'
1315 2006 1546 2049 Porluqalliae
1565 2005 1705 2049 facultas
1729 2016 1837 2038 conce-

1139 2058 1232 2091 ditur
1266 2059 1308 2091 ad
1342 2059 1607 2102 quinquennium
1650 2058 1838 2091 absolvendi

1139 2113 1314 2156 neophytos
1328 2112 1469 2155 relapsos
1484 2112 1731 2155 provinciarum
1745 2116 1772 2144 et
1788 2112 1839 2144 in-

1138 2165 1290 2198 sularum
1308 2165 1611 2198 transmarinarum
1628 2166 1698 2208 φερέ
1718 2165 1837 2197 Portu-

1139 2218 1262 2262 (Jalliae
1286 2218 1503 2251 subiectarum
1515 2218 1533 2250 ¹,

1329 2290 1500 2318 Venerabili
1521 2290 1607 2317 fratri

1122 2334 1322 2366 ferdinando.
1345 2334 1484 2368 episcopo
1504 2334 1575 2361 olim
1595 2333 1811 2368 Pharaonensi,

1299 2380 1435 2406 Urbanus
1457 2381 1536 2414 Papa
1555 2380 1632 2407 vm.

1307 2434 1492 2461 Venerabilis
1512 2434 1616 2465 frater,

1132 2479 1261 2505 salutem
1278 2481 1308 2505 et.
1328 2479 1522 2511 apostolicam
1549 2479 1799 2506 benedictionem.

1140 2550 1234 2583 Sedes
1259 2550 1437 2593 Apostolica
1453 2549 1503 2593 pia
1521 2554 1631 2590 mater,
1657 2555 1836 2582 sanctorum

1098 2604 1314 2647 apostolorum
1329 2603 1394 2646 (qui
1413 2603 1577 2646 pastoralis
1590 2603 1684 2636 officii
1703 2603 1836 2636 sormam

1135 2668 1142 2691 l
1169 2665 1203 2691 Ex
1225 2668 1323 2700 regest.
1347 2665 1371 2691 in
1393 2665 1493 2692 Secret.
1512 2665 1587 2692 Brev.

1729 248 1793 282 817
1839 259 1890 285 Αη.
1907 259 1935 285 c.
1958 258 2026 285 1625

1879 1278 2034 1303 'si-:insumptis-

1849 1311 1889 1332 que
1897 1305 1953 1325 credi
1968 1304 2032 1325 iubet.

1881 2556 2001 2576 Exordium.
