2269 3235
97 246 150 273 An.
166 244 195 273 C.
214 244 283 272 1626

124 412 233 433 obstantia
243 410 280 432 tel·

98 441 174 461 luntur.

134 1635 287 1661 'transumptis-

104 1671 144 1691 que
160 1664 211 1684 fides
226 1662 286 1682 :iddi-

900 241 1044 267 URBANUS
1075 241 1132 266 vm
1156 242 1203 266 1‘1’.

294 291 388 325 etiam
411 291 450 324 ad
473 290 544 332 hoc,
562 291 587 324 si
603 301 683 335 opus
702 290 806 331 suerit,
831 290 946 323 auxilio
964 290 1031 323 bra-

295 344 357 377 chii
381 345 540 378 secularis.

340 397 354 441 §
378 396 407 431 8.
441 398 509 431 Non
534 398 733 431 obstantibus
756 396 854 429 felicis
878 395 1028 429 recorda-

295 450 388 483 tionis
413 450 562 484 Bonifacii
582 451 682 494 Papae
698 450 762 483 Vlll
783 448 1033 492 praedecessoris

294 503 394 537 nostri
418 504 456 537 de
479 505 551 545 una,
576 509 607 537 et
630 503 662 536 in
686 502 819 536 concilio
843 500 982 544 generali
1007 511 1034 532 e-

296 557 360 590 dita
393 557 431 590 de
462 557 582 590 duabus
615 556 727 596 dietis,
752 554 924 588 dummodo
952 554 1034 586 ultra

296 616 358 644 tres
382 610 480 644 dietas
496 610 607 654 aliquis
623 609 807 642 auctoritate
822 607 1034 652 praesentium

296 664 334 697 ad
358 664 508 697 iudicium
524 673 587 696 non
603 663 755 702 trahatur,
773 662 904 705 aliisque
921 660 1036 693 consti-

297 717 468 751 tutionibus
501 720 530 748 et
561 715 811 748 ordinationibus
836 712 1035 759 apostolicis,

296 781 417 805 necnon
440 769 513 803 dicti
537 769 702 814 hospitalis
719 769 827 812 <etiam
847 768 1035 809 iuramento,

297 823 533 858 confirmatione
550 823 732 866 apostolica,
750 823 797 855 vel
815 821 924 865 quavis
941 821 1037 854 sirmi-

296 882 357 909 tate
380 876 441 908 alia
458 875 629 919 roboratis)
645 875 766 908 statutis
790 880 821 908 et
840 873 1038 908 consuetudi-

295 930 398 972 nibus,
424 929 652 970 stabilimentis,
677 928 785 961 usibus
805 933 835 961 et
853 927 985 967 naturis,
1002 937 1037 960 ac

295 982 545 1016 ordinationibus
581 981 828 1026 capitularibus,
863 980 1038 1025 privilegiis

296 1046 431 1079 quoque,
457 1035 586 1068 indultis
610 1040 640 1068 et
663 1035 775 1068 litteris
799 1034 980 1078 apostolicis
1008 1033 1039 1066 in

297 1088 492 1121 contrarium
522 1088 770 1132 praemissorum
803 1086 1039 1131 quomodolibet

297 1142 464 1183 concessis,
493 1142 687 1175 confirmatis
718 1146 748 1174 et
776 1141 939 1174 innovatis.
968 1140 1039 1179 Qui-

297 1195 355 1228 bus
379 1195 526 1229 omnibus
547 1201 577 1228 et
600 1195 742 1239 singulis,
764 1195 891 1227 illorum
913 1199 1040 1227 tenores

297 1249 515 1292 praesentibus
538 1259 597 1293 pro
616 1249 708 1293 plene
732 1254 762 1282 et
786 1248 977 1281 sufficienter
993 1257 1042 1280 ex-

297 1303 431 1346 pressis,
456 1313 491 1336 ac
516 1302 554 1344 de
579 1302 676 1335 verbo
700 1302 738 1335 ad
759 1301 891 1334 verbum
916 1300 1041 1334 insertis

298 1356 465 1399 habentes,
491 1356 552 1389 illis
576 1356 652 1389 alias
685 1356 716 1388 in
742 1366 798 1388 suo
822 1355 938 1388 robore
968 1365 1042 1398 per-

299 1409 465 1449 mansuris,
486 1409 525 1441 ad
545 1409 794 1453 praemissorum
820 1408 966 1442 effectum
983 1408 1042 1440 hac

298 1462 365 1495 vice
382 1462 543 1495 dumtaxat
566 1462 743 1506 specialiter
764 1467 793 1495 et
818 1472 964 1505 expresse
988 1461 1042 1494 de-

299 1527 472 1560 rogamus,
508 1517 684 1561 ceterisque
722 1516 877 1550 contraris
907 1515 1039 1559 quibus-

301 1581 446 1614 cumque.

346 1624 361 1667 ἓ
385 1624 415 1657 9.
440 1623 591 1656 Volumus
621 1627 745 1665 autem,
770 1626 804 1656 ut
828 1622 1041 1666 praesentium

303 1677 518 1720 transumptis,
532 1677 625 1710 etiam
638 1676 810 1720 impressis,
820 1686 916 1708 manu
927 1674 1043 1708 notarii

302 1731 419 1775 publici
444 1731 638 1775 subscriptis,
657 1736 687 1764 et
707 1730 810 1773 sigillo
827 1729 958 1762 alicuius
976 1739 1044 1773 per-

303 1795 397 1819 sonae
414 1786 446 1818 in
462 1785 613 1828 dignitate
630 1784 842 1817 ecclesiastica
859 1783 1044 1816 constitutae

304 1838 443 1880 munitis,
468 1838 576 1871 eadem
600 1848 733 1882 prorsus
757 1837 835 1870 fides
854 1837 971 1880 ubique
991 1836 1044 1868 ha-

303 1891 425 1933 beatur,
450 1901 529 1935 quae
553 1891 770 1935 praesentibus
787 1890 863 1934 ipsis
879 1890 1045 1922 adhibere-

305 1949 367 1986 tur,
391 1944 417 1977 si
440 1945 543 1978 forent
563 1944 719 1978 exhibitae
735 1944 784 1977 vel
804 1949 955 1977 ostensae.

350 1998 462 2030 Datum
486 1998 619 2038 Romae,
644 1997 727 2041 apud
747 1997 776 2030 S.
802 1996 932 2030 Mariani
957 1996 1047 2028 Maio-

305 2061 383 2093 rem,
402 2051 459 2084 sub
484 2051 600 2084 annulo
632 2050 816 2091 piscatoris,
842 2050 892 2082 die
923 2059 967 2082 vn
998 2049 1048 2081 de-

306 2105 442 2138 cembris
466 2115 622 2147 iincxxvi,
647 2105 849 2149 pontificatus
874 2103 973 2137 nostri
997 2113 1047 2136 an-

307 2168 348 2191 no
373 2168 415 2192 1v.

342 2222 404 2250 Dat.
425 2221 468 2250 die
488 2223 502 2249 7
523 2222 676 2250 decembris
693 2222 774 2254 1626,
788 2221 881 2257 pontif.
903 2228 973 2249 anno
992 2226 1028 2247 lv.

603 2349 749 2383 ccxxiv.

311 2427 377 2460 Pro
401 2427 664 2470 confraternitate
683 2427 881 2460 Musicorum
900 2426 937 2458 in
957 2425 1050 2458 eccle-

355 2481 407 2514 sici
430 2482 687 2524 conyreqationis
706 2481 897 2513 clericorum
920 2479 1051 2522 regula-

356 2534 446 2567 rium
465 2534 497 2567 S.
517 2533 620 2567 Pauli
635 2534 795 2567 Decollati'
810 2533 848 2566 de
864 2532 945 2566 Urbe
965 2532 1051 2565 olicis

355 2587 532 2627 institutit,
559 2588 715 2620 revocatio
736 2586 990 2631 prohibitionis,
1014 2584 1052 2617 de

357 2651 424 2685 qua
450 2642 488 2674 in
520 2640 535 2684 ἓ
558 2650 611 2681 vi,
636 2651 673 2674 ac
696 2640 839 2682 indulti,
866 2639 904 2673 dc
928 2650 991 2683 quo
1015 2640 1052 2672 in

1710 230 1771 263 2307
1819 239 1869 265 An.
1886 239 1913 266 c.
1934 239 2001 265 1626

1108 290 1122 333 g
1139 299 1182 322 vu
1201 288 1448 324 Constitutionis
1471 287 1730 331 confirmator-iae
1754 289 1804 331 ip-

1108 343 1175 375 sius
1189 341 1207 374 ¹.

1267 413 1401 440 Urbanus
1423 414 1500 447 Papa
1520 413 1595 444 vlu,

1208 467 1244 495 ad
1262 468 1395 495 futuram
1415 468 1458 495 rei
1479 466 1658 495 memoriam.

1111 556 1327 589 Humanarum
1353 567 1459 589 rerum
1477 567 1512 589 ea
1532 560 1578 589 <est
1603 557 1719 587 incerta
1737 564 1807 586 con-

1067 609 1153 651 ditio,
1168 615 1202 642 ut
1219 610 1296 642 nihil
1313 614 1375 642 tam
1394 609 1566 652 prudenter
1580 609 1683 648 statui,
1698 613 1724 639 et
1745 611 1804 641 tam

1068 662 1198 707 provide
1223 662 1352 695 concedi
1382 662 1494 705 possit,
1527 662 1608 704 quod
1640 662 1806 701 interdum,

1068 716 1159 748 novis
1178 715 1353 749 rationibus
1370 720 1400 747 et
1416 715 1517 748 causis
1534 715 1739 757 exigentibus,
1755 715 1808 746 im-

1070 769 1264 809 mutandum,
1282 774 1375 812 atque
1393 768 1424 800 in
1448 768 1540 800 aliam
1560 768 1692 800 formam
1712 768 1809 799 omni-

1069 832 1110 856 no
1127 818 1334 865 redigendum
1353 832 1420 854 esse
1436 831 1500 854 non
1517 826 1676 865 appareat.

1115 876 1129 919 g
1150 875 1179 908 ’1.
1197 875 1280 908 Alias
1293 875 1458 918 siquidem,
1472 874 1752 918 supplicationibus
1770 874 1812 905 ‹li-
1907 884 2009 906 infimo.

1070 929 1224 962 lectorum
1235 929 1372 962 filiorum
1385 928 1566 961 officialium
1577 932 1606 960 et
1617 928 1809 960 confratrum
1828 911 1895 956 Jlssiji'a
1906 917 2009 969 ‹gl'lssl'sitss

1071 982 1336 1015 confraternitatis
1348 982 1539 1014 musicorum
1557 985 1812 1023 nuncupatorum
1827 966 1840 983 ¹¹
1854 971 1889 983 '¹¹¹³
1905 970 1914 989 ³
1930 968 1948 987 ‘⁸'

1072 1035 1109 1068 de
1120 1035 1203 1068 Urbe
1214 1034 1304 1068 nobis
1317 1034 1480 1067 humiliter
1496 1034 1650 1078 porrectis
1663 1033 1812 1072 inclinati,

1072 1088 1154 1121 inter
1174 1092 1293 1122 ceteras
1310 1088 1427 1131 gratias
1440 1087 1484 1120 eis
1501 1098 1518 1120 a
1533 1088 1625 1120 nobis
1640 1097 1812 1125 concessas,

1073 1141 1220 1174 omnibus
1237 1146 1267 1173 et
1284 1141 1416 1184 singulis
1440 1141 1605 1183 utriusque
1625 1151 1717 1173 sexus
1735 1140 1814 1172 chri-

1073 1194 1267 1236 stitidelibus,
1278 1200 1306 1227 et
1317 1194 1503 1238 praesertim
1518 1194 1674 1227 librorum
1687 1194 1815 1236 impres-

1074 1248 1198 1281 soribus
1216 1253 1246 1281 et
1261 1247 1452 1291 bibliopolis,
1471 1248 1528 1280 sub
1543 1247 1636 1280 certis
1652 1247 1760 1290 poenis
1778 1257 1815 1279 eo

1074 1301 1141 1345 ipso
1159 1302 1275 1346 absque
1299 1302 1363 1334 ulla
1379 1301 1590 1335 declaratione
1608 1300 1813 1341 incurrendis,

1073 1365 1113 1389 ne
1143 1355 1181 1388 de
1216 1360 1321 1388 cetero
1352 1355 1384 1387 in
1409 1355 1492 1388 Urbe
1513 1365 1728 1398 quascumque
1753 1360 1814 1386 tam

1075 1408 1231 1453 proprias,
1249 1419 1343 1453 quam
1367 1408 1484 1440 alienas
1510 1408 1675 1440 musicales
1693 1418 1817 1450 compo-

1076 1463 1203 1496 sitiones
1236 1467 1266 1495 et
1297 1466 1445 1495 moctetta
1477 1461 1614 1494 cuiusvis
1639 1461 1763 1504 generis
1788 1465 1817 1494 ct

1076 1516 1191 1560 speciei
1220 1516 1384 1549 existentia
1415 1521 1543 1548 eatenus
1576 1526 1632 1558 per
1660 1515 1818 1558 quoslibet

1077 1569 1152 1602 artis
1172 1570 1310 1603 musicae
1326 1569 1445 1612 peritos
1474 1568 1649 1611 composita
1666 1574 1693 1600 et
1713 1568 1749 1599 de
1771 1578 1818 1600 cc-

1078 1627 1146 1655 tero
1171 1622 1403 1666 componenda,
1428 1622 1492 1654 sive
1517 1621 1554 1653 ad
1579 1621 1678 1664 ipsam
1703 1621 1818 1653 L'rliem

1077 1675 1115 1708 ad
1140 1676 1287 1708 effectum
1320 1674 1538 1718 impressionis
1563 1673 1818 1713 transmittenda,

1077 1729 1194 1772 absque
1219 1728 1346 1772 speciali
1371 1732 1587 1761 correctorum
1617 1738 1671 1760 scu
1695 1727 1816 1760 reviso-

1078 1794 1149 1815 rum
1175 1783 1214 1815 ab
1234 1783 1302 1826 ipsa
1320 1781 1574 1815 confraternitate
1599 1781 1819 1824 deputatorum

1078 1835 1204 1869 licentia
1229 1836 1260 1868 in
1285 1835 1411 1879 scriptis
1428 1834 1605 1875 obtinenda,
1621 1844 1700 1877 quae
1718 1838 1819 1867 tamen

1079 1889 1177 1931 gratis
1199 1888 1328 1922 concedi
1346 1888 1484 1929 deberet,
1503 1887 1696 1931 iml‘irimerc,
1715 1892 1767 1918 aut
1783 1886 1820 1918 ab

1079 1941 1140 1976 alio
1168 1942 1217 1974 vel
1242 1942 1311 1974 aliis
1336 1942 1490 1985 impressa
1515 1940 1668 1981 vendere,
1690 1951 1744 1973 seu
1769 1950 1820 1972 ve-

1079 1996 1161 2028 nalia
1184 1995 1302 2028 habere
1319 1995 1367 2028 vel
1384 2005 1565 2039 proponere
1583 2004 1709 2037 quoquo
1726 1993 1821 2025 modo

1080 2049 1234 2082 auderent
1256 2060 1311 2082 seu
1328 2053 1564 2093 praesumerent
1579 2076 1585 2088 ,
1602 2047 1821 2081 interdixinms

1081 2108 1110 2136 et
1127 2102 1359 2146 prohibuimus.

1126 2157 1141 2199 ἓ
1165 2154 1195 2187 2.
1212 2155 1258 2187 Ad
1282 2156 1369 2196 haec,
1386 2159 1420 2189 ut
1439 2155 1477 2187 ad
1502 2155 1642 2198 publicas
1665 2154 1741 2186 artis
1758 2164 1822 2185 mu-

1082 2210 1165 2243 sicae
1194 2209 1377 2244 huiusmodi
1409 2209 1531 2241 scholas
1564 2208 1596 2240 in
1627 2207 1709 2240 (licta
1740 2207 1821 2239 L'rbe

1083 2264 1268 2308 aperiendas
1281 2262 1420 2307 imperiti
1434 2263 1610 2294 nullatenus
1622 2260 1823 2294 admitteren-

1083 2323 1143 2358 tur,
1161 2318 1261 2351 dictac
1279 2315 1536 2354 confraternitati,
1553 2314 1636 2357 quod
1657 2314 1695 2345 (lc
1719 2318 1823 2346 cetero

1083 2382 1192 2405 omnes
1227 2376 1257 2403 et
1288 2369 1413 2413 singuli,
1435 2369 1499 2401 sive
1523 2367 1629 2400 clerici
1655 2367 1718 2399 sive
1743 2366 1823 2405 laici,

1083 2425 1160 2457 artis
1185 2424 1323 2457 musicae
1347 2421 1528 2455 huiusmodi
1553 2421 1676 2453 scholas
1695 2420 1725 2452 in
1743 2420 1824 2452 dicta

1084 2478 1168 2512 Urbe
1191 2477 1325 2521 aperire,
1339 2477 1371 2508 in
1391 2476 1497 2518 eisque
1522 2474 1648 2518 publice
1671 2473 1824 2506 musicam

1085 2532 1198 2565 docere
1223 2531 1374 2571 volentes,
1394 2529 1551 2564 licentiam
1577 2528 1615 2561 ab
1641 2527 1758 2560 eisdem
1777 2527 1827 2559 dc-

1850 566 1969 586 limnlmm,

1901 2187 1903 2189 .
1917 2160 1969 2184 Quid
1987 2160 1997 2186 ᾗ
2011 2160 2021 2179 7

1837 2189 1985 2208 constituerat.

1122 2605 1132 2628 i
1152 2601 1376 2629 Constitutionem
1396 2599 1607 2627 confirmationis
1627 2598 1747 2626 eiusdem
1764 2606 1826 2624 con-

1084 2647 1260 2676 fraternitatis
1272 2645 1331 2673 vide
1341 2653 1423 2681 supra
1433 2652 1494 2680 pag.
1505 2644 1558 2672 243
1569 2643 1649 2671 huius
1662 2643 1726 2671 tomi
1737 2644 1824 2678 (am).
