2269 3235
143 259 192 286 Αιι.
213 258 242 285 C.
259 257 327 284 ¹624

171 1114 313 1137 Prooemium.

175 1645 271 1667 Ereetam
289 1645 332 1671 pri-

149 1672 196 1693 dem
217 1673 332 1701 confrater-

148 1701 237 1720 nitatem
244 1704 332 1720 musico-

149 1731 193 1747 I'um
200 1742 205 1749 ι

208 2178 335 2206 statutaque

153 2210 190 2231 pre
206 2211 232 2226 ea
247 2206 311 2231 edita,

213 2563 338 2585 Confirmat-i

154 2591 229 2616 petunt
256 2590 339 2612 confra-

156 2618 206 2639 ῑΙἛΞι

338 315 417 346 rem,
431 304 489 339 sub
506 305 622 338 annulo
634 304 812 345 piscatoris,
822 303 872 336 die
885 312 937 335 xix
952 313 1078 336 novem-

339 358 404 392 bris
418 368 570 399 nocxxw,
588 358 786 403 pontificatus
799 356 897 389 nostri
913 366 994 388 anno
1013 365 1044 388 11.

375 421 432 448 Dat.
450 421 494 448 dIe
511 421 542 448 19
557 419 714 447 novembris
732 418 808 452 1624,
826 418 922 453 pontis.
938 425 982 444 an.
1000 423 1028 443 11.

652 531 763 565 XCVII.

342 603 551 646 Confirmatio
575 601 852 645 confraternitatis
881 600 1079 633 Musicarum

384 657 441 690 sub
471 656 674 689 Visitationis
705 655 744 688 B.
773 655 909 693 Mariae,
934 654 966 688 S.
996 654 1076 687 Gre-

384 711 471 754 9oriz'
493 710 623 752 Papae,
655 719 692 741 ac
724 708 756 742 S.
786 708 945 742 Caeciliae
971 707 1077 747 tilido,

385 767 482 796 antea
505 763 542 795 in
567 762 697 795 ecclesia
723 761 992 805 Conqreqatiom's
1021 761 1081 794 cle-

385 816 528 848 ricorum
551 814 758 858 reqularium
779 815 810 848 S.
835 814 940 848 Paua
964 814 1078 848 Decol-

386 868 448 901 lati
471 868 509 901 de
535 868 618 902 Urbe
641 869 824 908 institutae,
847 879 921 901 cum
937 868 1082 901 indulto-

385 932 461 955 rum
484 933 521 955 ac
546 922 832 966 indtclqentiarum
852 923 1056 956 concessione.

549 994 686 1022 Urbanus
703 994 782 1028 Papa
798 993 877 1027 vm,

467 1040 503 1066 ad
522 1042 699 1073 perpetuam
718 1039 762 1066 rei
782 1038 963 1066 memoriam.

388 1100 514 1135 Pietatis
538 1106 569 1134 et
590 1101 778 1134 christianae
803 1100 964 1134 charitatis
988 1110 1084 1144 opera

343 1153 459 1198 ubique
484 1165 555 1188 cum
580 1154 679 1188 divini
705 1155 807 1188 cultus
824 1154 1019 1188 incremento
1037 1164 1086 1187 ex—

345 1207 446 1241 erceri
470 1208 640 1251 cupientes,
658 1207 706 1240 his
730 1213 909 1252 propterea,
929 1218 1009 1251 quac
1034 1207 1083 1251 pie

344 1266 374 1294 et
397 1261 529 1305 provide
546 1261 625 1295 facta
641 1261 736 1294 fuisse
757 1261 913 1302 dicuntur,
938 1261 1083 1301 libenter,

344 1325 415 1348 cum
433 1325 451 1347 a
466 1314 557 1348 nobis
573 1315 700 1358 petitur,
721 1315 885 1359 apostolici
903 1315 1085 1348 muniminis

344 1367 508 1401 adiicimus
520 1368 714 1409 firmitatem,
727 1368 905 1413 Christique
922 1368 1040 1409 fideles,
1052 1374 1083 1401 ut

344 1421 376 1453 in
399 1421 584 1454 eorumdem
613 1421 738 1466 piorum
773 1433 904 1466 operum
937 1422 1085 1455 exercitio

344 1474 446 1516 magis
471 1475 705 1515 confoveantur,
730 1475 888 1508 favoribus
920 1480 950 1508 et
977 1476 1086 1518 gratiis

344 1528 570 1572 prosequimur
594 1529 793 1573 opportunis,
817 1534 912 1573 prout
936 1529 1086 1573 conspici-

346 1592 416 1615 mus
440 1581 472 1614 in
495 1582 630 1616 Domino
655 1581 823 1616 salubriter
840 1583 996 1627 expedire.

391 1635 405 1679 ἓ
422 1635 450 1668 1.
469 1636 590 1679 Exponi
608 1636 763 1680 siquidem
780 1636 869 1669 nobis
886 1647 987 1680 nuper
1012 1636 1087 1670 fece-

346 1694 420 1721 runt
436 1688 540 1723 dilecti
554 1689 608 1722 tilii
626 1689 775 1723 officiales
789 1693 818 1724 et
831 1690 1004 1723 confratres
1017 1700 1088 1723 con-

346 1741 551 1776 fraternitatis
572 1743 763 1776 Musicorum
787 1748 1003 1787 nuncupatae,
1029 1744 1087 1776 sub

346 1795 537 1830 visitationis
561 1796 592 1829 B.
614 1797 728 1829 Mariae
744 1797 881 1839 Virginis
906 1808 941 1830 ac
966 1798 995 1830 S.
1016 1798 1088 1830 Gre-

347 1849 427 1893 gorii
452 1850 552 1894 Papae
582 1856 611 1884 et
643 1851 671 1884 S.
700 1851 851 1884 Caeciliae
883 1851 1088 1884 invocationi-

347 1902 417 1943 bus,
434 1903 518 1946 quod
535 1904 611 1936 alias
627 1904 865 1938 confraternitas
882 1905 1040 1948 praedicta
1058 1905 1088 1937 in

347 1956 376 1990 S.
395 1957 481 1990 Pauli
504 1957 698 1991 Clericorum
724 1959 927 2001 Regularium
952 1959 1087 2002 Congre-

348 2010 482 2053 gationis
512 2011 654 2045 eiusdem
683 2012 712 2046 S.
738 2013 824 2046 Pauli
855 2012 1003 2046 Decollati
1035 2024 1089 2045 scu

348 2064 409 2096 alia
433 2065 534 2098 almae
559 2066 652 2099 Urbis
677 2071 803 2099 nostrae
832 2067 963 2100 ccclesia
996 2077 1089 2100 cano-

348 2117 417 2152 nice
442 2124 546 2152 erecta
570 2124 600 2152 et
623 2119 764 2153 instituta
787 2121 861 2161 fuit;

394 2172 409 2215 ξ
431 2172 461 2206 2.
486 2174 539 2215 Ac,
560 2184 620 2218 pro
644 2174 740 2215 felici,
765 2176 983 2219 prosperaque
1008 2175 1091 2208 illius

351 2224 522 2260 directione
546 2232 575 2260 et
600 2227 766 2270 gubernio,
799 2229 949 2262 nonnulla
977 2234 1091 2262 statuta

351 2278 475 2311 condita
493 2280 637 2321 fuerint¹,
655 2281 771 2325 illaque
787 2292 805 2314 a
821 2282 936 2315 dilecto
952 2282 1018 2316 filio
1035 2293 1091 2316 no-

353 2335 418 2364 stro
442 2332 473 2364 in
493 2333 575 2367 dicta
592 2334 676 2367 Urbe
693 2335 811 2369 vicario
827 2335 858 2368 in
875 2336 1092 2380 spiritualibus

352 2385 491 2427 generali
514 2387 646 2429 probata
669 2388 806 2430 fuerunt,
831 2393 926 2433 prout
946 2390 977 2422 in
993 2389 1092 2434 publi-

352 2438 397 2471 cis
417 2438 552 2483 desuper
567 2442 715 2476 confectis
729 2443 893 2488 scripturis
910 2444 1033 2488 plenius
1050 2443 1093 2477 di-

352 2491 435 2524 citur
458 2493 621 2526 contineri.

398 2545 413 2588 ἓ
436 2544 465 2579 3.
490 2545 567 2579 Cum
584 2552 699 2590 autem,
717 2549 797 2583 sicut
814 2550 923 2584 eadem
940 2551 1092 2595 expositio

353 2598 574 2642 subiungebat,
590 2600 733 2635 firmiora
749 2603 810 2636 sint
824 2614 869 2645 ea,
884 2614 963 2647 quae
976 2614 994 2637 a
1013 2604 1093 2638 Sede

390 2664 401 2690 t
420 2662 603 2692 Cohaerenter
618 2664 754 2700 legeretur
766 2668 886 2700 fuerunt
907 2668 948 2702 (n.
959 2670 1007 2701 T.).

955 256 1096 279 URBANUS
1118 255 1173 278 VIII
1193 255 1240 278 PI'.

1096 699 1097 710 ,
1113 677 1263 717 quantum
1279 685 1349 706 cum
1363 674 1496 707 Donnno
1514 684 1690 717 possumus,
1704 684 1853 714 annuere,

1758 240 1823 276 243
1870 250 1917 276 An.
1935 250 1965 278 c.
1984 250 2051 277 εδει

1112 301 1292 345 Apostolica
1317 299 1532 345 approbantur
1556 303 1587 332 et
1610 298 1852 339 confirmantur,

1112 355 1300 398 cupiantque
1320 359 1488 398 propterea
1507 352 1657 387 officiales
1681 357 1712 385 ct
1729 352 1853 385 confra-

1095 428 1096 431 =
1113 413 1176 439 tres
1191 407 1353 451 praedicti,
1367 407 1557 440 erectionem
1572 411 1602 439 et
1616 405 1852 445 institutionem,

1113 465 1289 503 statutaque
1322 460 1482 504 praedicta
1515 459 1705 503 apostoticae
1737 458 1852 492 confir-

1113 513 1259 546 mationis
1284 513 1458 557 patrocinio
1483 513 1689 554 communiri,
1715 512 1855 556 aliasque

1113 566 1172 599 sibi
1199 577 1256 610 per
1272 577 1329 599 nos
1354 566 1528 609 indulgeri:

1158 621 1172 664 g
1196 620 1225 653 4.
1252 621 1332 659 Nos,
1357 630 1468 653 eorum
1495 620 1573 653 votis
1599 620 1629 652 in
1654 619 1853 663 praemissis,
1868 629 2054 678 melmun-atur·

1114 727 1247 770 illosque
1280 727 1467 770 specialibus
1500 727 1657 760 favoribus
1686 733 1715 759 ct
1745 727 1855 770 gratiis

1114 780 1263 824 prosequi
1294 781 1450 821 volentes,
1476 785 1506 813 ct
1536 790 1647 813 eorum
1680 780 1856 823 singulares

1116 844 1266 878 personas
1279 844 1296 866 a
1310 833 1473 876 quibusvis
1487 834 1856 875 excommunicationum,

1116 888 1357 931 suspensionum
1375 891 1403 921 et
1429 887 1595 927 interdicti,
1612 887 1742 931 aliisque
1761 888 1858 920 ecclc-

1117 942 1248 974 siasticis
1273 941 1451 982 sententiis,
1477 941 1618 974 censuris
1643 947 1674 974 et
1699 942 1820 985 poenis,
1840 952 1858 974 a

1117 995 1185 1027 iure
1210 995 1257 1027 vel
1282 995 1320 1027 ab
1342 995 1478 1036 homine,
1497 994 1605 1038 quavis
1629 995 1793 1028 occasione
1809 995 1858 1028 vel

1119 1050 1212 1082 causa
1237 1048 1316 1089 latis,
1334 1049 1359 1081 si
1380 1049 1494 1093 quibus
1511 1049 1749 1092 quomodolibet
1773 1048 1858 1082 inno-

1117 1102 1207 1135 datae
1232 1102 1384 1143 existunt,
1409 1102 1448 1135 ad
1473 1102 1616 1136 effectum
1645 1102 1858 1146 praesentium

1118 1155 1278 1188 dumtaxat
1298 1155 1565 1199 consequendum,
1583 1156 1696 1188 harum
1714 1156 1794 1189 serie
1807 1156 1859 1189 abn

1118 1210 1272 1242 solventes
1290 1215 1319 1242 et
1336 1209 1494 1242 absolutas
1514 1210 1581 1242 fore
1598 1215 1771 1250 censentes,
1785 1220 1858 1254 sup-

1118 1262 1341 1307 plicationibus
1366 1273 1476 1296 eorum
1501 1263 1628 1296 nomine
1652 1263 1743 1296 nobis
1764 1273 1859 1307 super

1118 1317 1178 1350 hoc
1202 1317 1364 1350 humiliter
1388 1317 1544 1362 porrectis
1565 1317 1714 1358 inclinati,
1732 1317 1860 1351 erectio-

1118 1381 1190 1403 nem
1208 1376 1238 1403 et
1257 1371 1483 1405 institutionem
1501 1371 1687 1415 praedictas,
1705 1377 1859 1414 quatenus

1119 1424 1268 1457 canonice
1291 1424 1389 1458 factae
1407 1425 1531 1465 fuerint,
1548 1431 1582 1458 ut
1599 1426 1785 1469 praefertur,
1802 1435 1860 1459 nec

1118 1487 1181 1510 non
1207 1481 1318 1512 statuta
1349 1478 1527 1521 praedicta,
1559 1478 1730 1512 dummodo
1755 1484 1860 1511 tamen

1120 1530 1202 1563 licita
1220 1531 1282 1564 sint
1294 1537 1324 1564 et
1341 1532 1482 1571 honesta,
1500 1532 1658 1575 sacrisque
1675 1532 1859 1573 canonibus,

1120 1590 1150 1618 et
1173 1585 1302 1618 Concilii
1327 1585 1500 1617 Tridentini
1521 1585 1666 1625 decretis,
1685 1596 1720 1618 ac
1745 1585 1860 1618 consti-

1120 1638 1293 1671 tutionibus
1324 1638 1506 1682 apostolicis
1536 1649 1600 1671 non
1632 1638 1860 1679 adversentur,

1121 1693 1291 1736 apostolica
1304 1692 1499 1732 auctoritate,
1515 1698 1623 1725 tenore
1637 1693 1861 1736 praesentium,

1121 1751 1275 1789 perpetuo
1296 1746 1508 1790 approbamus
1526 1752 1555 1779 et
1576 1747 1811 1788 confirmamus,
1830 1746 1862 1779 it-

1122 1800 1222 1843 lisque
1237 1800 1424 1833 inviolabilis
1439 1801 1628 1844 apostolicae
1645 1801 1802 1835 firmitatis
1815 1812 1862 1835 ro-

1121 1853 1182 1886 bur
1206 1853 1381 1893 adiicimus,
1399 1864 1434 1886 ac
1455 1864 1564 1887 omnes
1589 1859 1619 1887 et
1643 1854 1782 1897 singulos
1798 1860 1863 1887 tam

1123 1908 1200 1941 iuris
1225 1919 1319 1951 quam
1345 1909 1416 1941 sacti
1441 1909 1591 1950 desectus,
1616 1909 1641 1941 si
1657 1909 1710 1952 qui
1728 1909 1863 1952 desuper

1105 1986 1106 1994 t
1123 1961 1359 2005 quomodolibet
1394 1962 1641 2001 intervenerint,
1667 1962 1861 2005 supplemus.

1168 2015 1182 2058 ξ
1207 2015 1236 2048 5.
1262 2015 1450 2058 Eisdemque
1474 2015 1660 2047 officialibus
1684 2020 1714 2047 et
1739 2015 1863 2047 confra-

1124 2068 1234 2108 tribus,
1258 2074 1292 2101 ut
1316 2073 1430 2101 statuta
1454 2068 1635 2101 huiusmodi
1661 2078 1719 2111 pro
1744 2073 1863 2111 tempo-

1124 2133 1194 2155 rum
1219 2122 1378 2162 varietate,
1403 2126 1497 2165 prout
1522 2122 1566 2154 eis
1590 2122 1703 2155 melius
1727 2127 1757 2155 et
1774 2132 1865 2166 expe-

1124 2176 1211 2208 diens
1236 2175 1403 2215 videbitur,
1428 2181 1568 2216 mutare,
1593 2175 1738 2217 alterare,
1764 2175 1864 2208 corri-

1125 2240 1199 2272 gere
1224 2234 1253 2262 et
1278 2229 1309 2261 in
1329 2229 1441 2261 melius
1459 2230 1643 2269 reformare,
1661 2240 1697 2262 ac
1714 2229 1806 2262 etiarn
1828 2229 1866 2262 de

1125 2293 1206 2316 novo
1231 2283 1376 2325 condere,
1393 2283 1520 2327 praevia
1539 2288 1643 2316 tamen
1663 2282 1805 2316 eiusdem
1826 2283 1867 2315 vi-

1125 2337 1201 2370 carii
1226 2337 1457 2370 examinatione
1482 2341 1512 2369 et
1536 2336 1742 2380 probatione,
1767 2336 1867 2369 libere

1126 2395 1155 2423 et
1180 2390 1263 2424 licite
1287 2391 1424 2431 valeant,
1449 2390 1609 2423 licentiam
1634 2395 1664 2423 et
1687 2390 1866 2424 facultatem

1126 2444 1328 2478 concedimus
1352 2450 1382 2477 et
1406 2444 1615 2488 impertimur.

1171 2499 1185 2542 ἓ
1210 2498 1238 2531 6.
1264 2498 1439 2539 Praeterea,
1464 2503 1498 2531 ut
1521 2497 1671 2532 officiales
1695 2503 1726 2532 et
1742 2498 1865 2532 confra-
1898 2518 2065 2544 pmnmecquo-

1126 2557 1190 2585 tres
1213 2551 1367 2595 praedicti
1402 2551 1433 2584 in
1462 2551 1589 2595 piorum
1614 2562 1748 2596 operum
1777 2562 1866 2585 exer·
1880 2546 2066 2592 ffss⁰s¹iiiss¹ss“{1¹,¹ff2¹¹1{

1127 2605 1200 2638 citio
1224 2605 1325 2648 magis
1349 2605 1560 2638 accendantur
1576 2610 1606 2639 et
1630 2606 1865 2647 confoveantur,
1880 2598 2066 2650 ῗέᾔξᾞῖἷξῖζῗζξᾎῗῖ

1127 2658 1415 2702 nonnullorumque
1447 2664 1666 2704 compescatur
1697 2659 1866 2700 temeritas,
1881 2651 2065 2677 ¹¹¹¹¹³⁰⁰⁰¹¹'⁰⁵³²¹⁰'
