2269 3235
273 256 321 281 Λη.
337 256 363 282 (l.
390 254 455 281 1628

501 245 565 280 648

470 303 508 335 ab
536 302 775 341 eo‘eonstituti,
806 302 888 334 inter
916 306 1036 334 ceteras
1069 301 1209 335 eiusdem

474 356 633 389 servitutis
651 366 750 396 curas,
766 355 837 387 boni
857 355 1090 398 patrisfamilias
1110 366 1211 388 exem-

470 410 532 453 plo,
551 409 781 453 provideamus,
804 413 837 439 ut
861 418 922 439 non
948 408 1044 440 modo
1069 408 1210 441 ecclesia-

471 474 539 495 rum
558 462 696 495 omnium
717 466 746 494 et
764 472 971 505 personarum
989 462 1033 494 eis
1051 462 1080 494 in
1098 461 1210 495 divinis

471 515 713 548 deservientium
740 514 936 547 indemnitati
963 514 1077 557 iugiter
1103 525 1211 548 consu-

471 569 562 610 latur,
584 578 690 600 rerum
713 567 805 599 etiam
832 578 975 600 camerae
995 573 1121 601 nostrae
1141 579 1211 612 apo-

471 622 597 654 stolicae
623 621 690 653 iura
715 626 797 653 sarta
822 624 963 664 tectaque
989 621 1074 653 omni
1099 621 1211 654 sollici-

472 675 577 707 tudine
602 680 854 718 praeservantur,
876 681 904 708 ct
930 676 1210 720 unicuique,qt10d

471 739 561 761 suum
588 734 643 769 est,
662 730 761 772 aequa
787 729 873 761 lance
892 729 1061 763 tribuatur:
1081 739 1115 762 ea
1135 740 1210 762 vero

470 782 562 814 nobis
573 787 615 822 ut,
625 782 754 815 sublatis
764 782 996 825 impedimentis
1006 783 1209 825 quibuslibet,

472 835 591 867 facilius
628 835 795 868 succedere
828 836 969 876 valeant,
996 836 1209 868 Romanorum

472 888 658 921 Pontificum
701 888 981 932 praedecessorum
1028 894 1209 921 nostrorum

472 942 710 975 constitutiones
735 942 870 985 desuper
903 941 1000 974 editas
1025 946 1054 976 et
1079 942 1211 975 libenter

472 996 666 1035 innovamus,
681 1001 720 1035 et,
735 995 759 1027 si
776 994 852 1038 qua⁴
868 1005 962 1038 super
976 995 1046 1036 illis,
1064 1006 1099 1028 ac
1117 996 1209 1028 etiarn

472 1060 489 1082 a
514 1049 604 1082 nobis
628 1051 664 1081 ea
689 1048 726 1081 de
752 1059 785 1080 re
811 1048 962 1082 emanatis
986 1049 1121 1091 regulis,
1147 1049 1211 1082 sive

472 1102 583 1135 litteris
603 1102 794 1146 apostolicis,
812 1101 908 1134 dubia
926 1101 1002 1134 oriri
1026 1107 1210 1144 noscuntur,

471 1161 670 1200 opportunae
687 1155 907 1188 declarationis
921 1155 1095 1189 ministerio
1112 1166 1212 1189 remo-

472 1220 589 1251 vemus,
608 1213 641 1243 ut
660 1209 760 1243 etiam·
779 1209 837 1242 hac
862 1209 982 1242 ratione
1007 1214 1146 1242 nostram
1167 1209 1210 1241 ei-

472 1262 543 1295 dem
566 1263 721 1295 Ecclesiae
747 1267 870 1295 sanctae
896 1272 1038 1306 operam,
1059 1267 1210 1306 quantum

473 1317 564 1350 nobis
588 1328 626 1349 ex
657 1317 719 1350 alto
751 1316 955 1357 conceditur,
981 1326 1044 1349 non
1069 1316 1211 1349 inutilem

473 1372 632 1405 faciamus.

517 1426 531 1469 g
548 1425 577 1457 st.
595 1424 678 1458 Alias
695 1424 860 1468 siquidem,
877 1434 934 1467 per
951 1423 1076 1467 regulas
1094 1424 1213 1456 cancel-

436 1471 457 1509 ῗ-ῗζ
473 1479 568 1511 lariae
597 1478 787 1522 apostolicae
816 1488 873 1521 per
901 1488 958 1511 nos
983 1478 1014 1509 ln
1040 1477 1211 1510 erastinum

366 1552 374 1563 2
410 1550 420 1563 e
432 1524 457 1563 ⁴0¹3
473 1532 695 1576 assumptionis
705 1537 831 1565 nostrae
843 1531 881 1563 ad
896 1531 1009 1564 summi
1022 1531 1213 1574 apostolatus

321 1555 324 1562 l

274 1570 368 1590 timorum
404 1572 457 1591 ultra

274 1602 359 1617 aunum.

473 1586 593 1630 apicem
614 1586 722 1626 editas,
743 1585 848 1618 onmia
866 1590 895 1618 et
913 1585 1036 1628 singula
1052 1585 1213 1618 facultates

474 1647 504 1674 et
520 1641 649 1681 indulta,
664 1640 694 1672 in
712 1642 746 1672 ea
763 1645 850 1683 parte
868 1639 899 1671 in
912 1649 973 1682 qua
988 1638 1122 1671 necdum
1141 1649 1213 1671 vere

474 1700 503 1727 et
514 1695 641 1727 realiter
654 1704 745 1727 suum
760 1698 848 1726 erant.
863 1693 973 1725 sortita
987 1692 1143 1733 effectum,
1157 1702 1214 1736 per

474 1758 691 1792 quoscumque
716 1748 875 1780 Romanos
900 1746 1066 1779 Pontifices
1086 1746 1214 1790 praede-

473 1812 614 1835 cessores
637 1806 762 1834 nostros
783 1801 822 1833 ad
838 1801 976 1833 savorem
994 1810 1214 1844 quarumcum-

472 1866 533 1900 que
552 1865 760 1899 personarum
782 1864 939 1894 concessa,
956 1854 1072 1897 quibus
1097 1853 1141 1885 eis
1165 1855 1212 1887 vel

471 1920 580 1943 eorum
607 1909 736 1952 singulis
761 1908 825 1941 ullo
850 1907 944 1941 modo
975 1913 1005 1940 et
1037 1918 1073 1940 ex
1105 1909 1213 1951 quavis

472 1965 565 1996 causa
585 1963 632 1995 vel
650 1966 811 2005 praetextu
829 1961 1070 2005 permittebatur
1094 1961 1213 1994 fructus

473 2022 575 2050 certos
600 2017 647 2048 vel
673 2016 819 2055 incertos,
844 2015 930 2055 iura,
955 2014 1160 2048 obventiones
1184 2020 1212 2048 et

473 2071 685 2103 emolumenta
702 2079 920 2113 quaecumque
934 2068 1146 2111 quorumlibet
1163 2069 1213 2101 be-

472 2123 657 2156 neficiorum
675 2133 731 2166 per
749 2132 802 2155 eos
819 2122 1020 2155 obtentorum
1038 2121 1213 2165 anticipatis

474 2176 681 2210 solutionibus
695 2176 777 2209 ultra
792 2186 891 2208 unum
908 2185 1025 2207 annum
1043 2175 1166 2208 elocare
1185 2181 1213 2208 et

474 2230 652 2273 arrendare,
672 2241 707 2263 ac
727 2230 765 2262 ad
786 2230 909 2262 firmam
936 2230 983 2262 vel
1006 2240 1141 2262 annuam
1168 2240 1214 2262 re-

474 2284 674 2328 sponsionem
700 2284 882 2325 concedere,
901 2294 956 2316 seu
981 2294 1044 2324 eos,
1062 2288 1092 2316 et
1116 2293 1151 2316 ea
1175 2283 1213 2316 ad

474 2340 612 2372 savorem
630 2336 902 2383 quarumcumque
915 2348 1121 2382 personarum
1140 2337 1215 2371 obli-

476 2403 549 2436 gare
563 2393 611 2425 vet
628 2393 850 2436 hypotliecare,
868 2391 899 2424 in
913 2392 1048 2425 solutum
1063 2391 1147 2432 dare,
1162 2396 1215 2424 aut

476 2447 513 2478 de*
538 2446 582 2478 cis
607 2445 844 2489 quomodolibet
873 2451 903 2478 et
928 2455 962 2478 ex
985 2445 1094 2488 quavis
1119 2447 1214 2478 eausa

477 2499 642 2542 disponere
666 2510 724 2543 pro
750 2505 890 2543 tempore
915 2499 953 2532 ad
980 2499 1074 2531 vitam
1095 2499 1210 2532 benefi-

478 2553 642 2592 ‹iatorum‚
660 2557 689 2584 ct
706 2552 743 2585 ad
764 2557 887 2596 tempus
904 2563 966 2596 quo
986 2552 1139 2585 beneficia
1155 2552 1214 2585 liu-

478 2605 612 2639 iusmodi
649 2606 855 2639 obtinuissent
888 2606 1017 2640 minime
1052 2607 1215 2649 restricta,

514 2668 524 2694 1
543 2667 613 2694 Edit.
630 2667 708 2694 illam.
725 2667 791 2703 legit
805 2676 875 2703 quae
890 2670 929 2703 (n.
946 2669 995 2702 T.).

1053 255 1235 279 DULLARlUM
1256 255 1408 279 ROMANUM

2002 258 2051 286 An.
2065 258 2093 286 G.
2117 259 2183 287 ¹628

1244 311 1302 335 nec
1318 307 1484 343 coarctata,
1502 302 1582 336 inter
1599 303 1659 336 alia
1676 305 1901 348 revocavimus,
1919 315 1983 339 cas-

1245 355 1382 387 savimus
1407 360 1436 388 et
1461 356 1709 396 annullavimus;
1844 385 1848 388 .

1289 409 1303 451 ξ
1323 408 1352 441 2.
1367 408 1409 441 Ac
1426 408 1549 449 deinde,
1563 419 1618 452 per
1631 413 1755 442 nostras
1768 409 1826 442 sub
1842 410 1982 454 plumbo,
2049 425 2181 447 Facultatum

1245 461 1302 494 sub
1312 461 1416 495 datum
1429 462 1546 495 Romae
1557 462 1638 506 apud
1647 462 1675 495 S.
1684 462 1811 495 Mariam
1824 463 1983 506 Maiorem,
1998 452 2184 505 Eisssspisslssfffludi

1245 525 1326 548 anno
1358 515 1583 548 lncarnationis
1611 516 1792 549 Dominicae
1816 527 1957 551 Mncxxtv
1973 545 1980 558 ‚

1245 578 1277 601 xt
1287 567 1294 584 ¹
1306 568 1454 601 kalendas
1467 569 1657 611 novembris,
1672 569 1871 613 pontificatus
1884 571 1985 604 nostri

1245 632 1326 655 anno
1344 632 1365 655 11
1390 622 1548 666 expeditas
1572 621 1710 655 litteras²
1728 622 1828 666 (licet,
1846 628 1917 667 post
1936 634 1986 668 ge-

1246 675 1383 707 neralem
1401 675 1574 717 gratiarum
1588 679 1617 708 et
1639 675 1832 708 indultorum
1847 676 1878 708 in
1897 687 1985 720 prae-

1246 727 1396 760 iudicium
1413 738 1555 761 camerae
1570 731 1598 762 et
1611 728 1698 761 Sedis
1718 729 1916 772 Apostolicae
1928 740 1986 774 per

1245 780 1371 813 eosdem
1385 781 1654 825 -praedecessores
1671 786 1795 816 nostros
1815 783 1987 826 quomodo-

1246 834 1321 866 libet
1346 845 1570 867 concessorum
1595 835 1837 877 revocationem,
1858 836 1986 869 faculta-

1246 893 1291 920 tes
1314 888 1462 928 tcstandi‚
1488 892 1518 921 et
1541 888 1580 921 ab
1605 888 1751 923 intestato
1782 890 1985 931 succedendi,

1245 942 1406 985 quibusvis
1429 942 1522 975 etiam
1542 953 1599 986 per
1623 952 1680 976 nos
1705 953 1879 985 concessas,
1895 954 1985 977 exce-

1245 995 1410 1039 perimus),

1289 1049 1304 1092 {
1328 1048 1357 1081 3.
1383 1048 1594 1082 Nihilominus
1614 1048 1728 1082 mentis
1752 1053 1782 1081 et
1805 1048 1986 1083 intentionis

1245 1107 1371 1135 nostrae
1394 1102 1489 1135 fuisse
1506 1105 1536 1136 et
1552 1112 1619 1135 esse
1639 1102 1877 1145 declaravimus,
1894 1114 1986 1147 prae-

1245 1156 1345 1189 dictae
1370 1156 1498 1198 regulae
1523 1155 1727 1188 cancellariae
1752 1166 1846 1199 super
1863 1166 1988 1190 revoca-

1246 1209 1327 1243 tione
1352 1209 1547 1243 indultorum
1567 1209 1828 1253 superviventiae,
1849 1215 1883 1242 ut
1900 1221 1988 1254 prae-

1245 1264 1344 1296 fertur
1369 1273 1426 1307 per
1442 1273 1499 1296 nos
1516 1263 1626 1304 editae,
1650 1263 1828 1296 nullatenus
1846 1274 1904 1307 per
1918 1274 1987 1297 eas-

1246 1317 1317 1349 dem
1331 1316 1451 1349 litteras
1463 1322 1587 1350 nostras
1601 1317 1828 1361 praeiudicare,
1846 1317 1987 1361 quinimo

1246 1370 1389 1403 eamdem
1416 1371 1579 1413 regulam,
1613 1370 1716 1414 quoad
1749 1370 1853 1404 omnia
1878 1370 1909 1403 in
1933 1371 1987 1404 illa

1247 1423 1495 1467 comprehensa,
1520 1434 1555 1457 ac
1580 1434 1689 1457 omnes
1717 1429 1747 1457 et
1774 1434 1988 1468 quascumque

1247 1488 1407 1521 personas,
1431 1477 1540 1521 quavis
1565 1477 1714 1520 dignitate
1736 1477 1828 1510 etiam
1849 1477 1990 1510 cardina-

1247 1532 1327 1564 latus
1351 1531 1515 1574 sulgentes,
1541 1531 1807 1571 confirmavimus,
1826 1536 1864 1572 et,
1879 1535 1988 1574 quate-

1247 1595 1305 1617 nus
1318 1595 1398 1628 opus
1412 1589 1505 1625 esset,
1515 1584 1731 1618 innovavimus
1741 1590 1771 1617 et
1782 1585 1989 1626 extendimus,

1247 1649 1283 1671 ac
1306 1638 1382 1671 alias
1406 1644 1500 1682 prout
1524 1638 1556 1671 in
1580 1638 1671 1671 dictis
1696 1638 1829 1679 litteris,
1854 1649 1989 1682 quarum

1248 1696 1371 1726 tenores
1394 1692 1613 1736 praesentibus
1629 1703 1687 1735 pro
1701 1692 1858 1736 expressis
1878 1692 1989 1726 haberi

1248 1746 1402 1787 volumus,
1428 1745 1551 1790 plenius
1577 1745 1764 1778 continetur.

1291 1800 1306 1843 ξ
1329 1799 1358 1832 4.
1383 1800 1460 1833 Cum
1484 1803 1598 1839 autem,
1616 1799 1696 1831 sicut
1716 1798 1905 1842 accepimus,
1930 1809 1988 1843 pro

1246 1853 1396 1886 interesse
1413 1863 1632 1886 successorum
1650 1852 1681 1884 in
1701 1852 1862 1885 beneficiis
1888 1853 1987 1886 eccle-

1247 1907 1425 1948 siasticis,et
1435 1917 1489 1940 seu
1499 1906 1692 1950 respectivae
1701 1916 1843 1939 camerae
1852 1912 1988 1948 nostrae,

1246 1971 1263 1993 a
1287 1961 1448 1993 nonnullis
1472 1960 1502 1992 in
1528 1960 1659 1993 dubium
1684 1960 1826 1993 revocari
1843 1961 1990 2004 contigis-

1247 2019 1303 2055 set,
1330 2024 1369 2046 an
1393 2014 1504 2056 regula
1528 2017 1635 2047 nostra
1652 2013 1811 2057 praedicta
1828 2014 1989 2047 facultate-s

1247 2068 1285 2100 ab
1311 2067 1428 2101 eisdem
1453 2067 1750 2112 praedecessoribus
1774 2067 1890 2100 nostris
1915 2078 1991 2111 quo-

1247 2122 1420 2156 modolibet
1441 2132 1606 2154 concessas
1623 2126 1652 2153 et
1671 2126 1830 2154 emanatas
1845 2121 1988 2164 testandi,

1247 2175 1349 2219 quoad
1367 2175 1571 2208 ecclesiarum
1583 2179 1613 2207 et
1627 2174 1852 2207 beneficiorum
1870 2174 1991 2208 fructus

1248 2229 1416 2269 inexactos,
1442 2233 1614 2269 revocaret,
1640 2228 1671 2260 in
1696 2227 1802 2260 eadem
1828 2228 1921 2271 plena
1940 2238 1991 2261 ca-

1248 2284 1336 2315 mera
1346 2282 1454 2315 nostra
1466 2281 1637 2325 apostolica
1656 2281 1713 2314 sub
1725 2281 1774 2314 die
1788 2291 1844 2313 x111
1858 2281 1992 2314 ianuarii

1248 2346 1377 2370 MDCxxv
1395 2336 1569 2369 resolutum
1589 2335 1657 2375 suit,
1670 2335 1830 2368 facultates
1848 2335 1991 2377 testandi,

1249 2391 1279 2423 in
1303 2392 1339 2423 ea
1372 2395 1462 2434 parte
1494 2390 1525 2422 in
1556 2399 1616 2433 qua
1646 2388 1829 2421 conceditur
1862 2389 1991 2422 facultas

1248 2444 1435 2488 disponendi
1459 2443 1497 2476 de
1521 2443 1678 2476 fructibus
1695 2453 1757 2475 non
1782 2443 1909 2484 exactis,
1934 2453 1991 2487 per

1250 2499 1442 2543 praedictam
1473 2498 1615 2540 regulam
1646 2502 1787 2530 nostram
1812 2508 1881 2531 esse
1906 2508 1993 2531 revo-

1249 2558 1354 2594 catas,
1387 2557 1418 2585 et
1453 2562 1548 2595 super
1582 2551 1775 2584 resolutione
1810 2551 1992 2585 huiusmodi

2050 1063 2101 1084 Sine
2116 1065 2186 1084 tamen

2001 1090 2133 1116 praeiudicio
2149 1096 2186 1111 re-

2002 1116 2064 1141 gulae
2079 1117 2186 1137 cancelta-

2002 1149 2046 1163 riae
2062 1145 2135 1163 contra
2150 1149 2187 1164 su-

2001 1170 2151 1196 pei-viventius.

2044 1810 2111 1834 Quam
2125 1809 2189 1830 etiam

2003 1836 2082 1857 fructus
2119 1842 2189 1857 inexa-

2004 1866 2048 1883 etos
2092 1868 2190 1889 compi-e-

2003 1889 2097 1910 bendere
2120 1890 2189 1911 decla-

2005 1920 2072 1937 ratum
2087 1916 2133 1938 suu.

1286 2626 1295 2651 1
1316 2623 1469 2659 Legendum
1484 2629 1519 2649 ΧΗ
1536 2624 1572 2658 (n.
1585 2624 1632 2655 T.).

1284 2669 1300 2696 2
1321 2669 1392 2702 Quas
1413 2667 1472 2695 vide
1491 2675 1550 2704 sup.
1572 2676 1598 2704 p.
1615 2667 1677 2701 2⁴22,
1693 2667 1707 2703 ἓ
1721 2668 1766 2703 24,
1783 2675 1809 2704 p.
1826 2666 1878 2695 230
1892 2666 1991 2702 (ΕΗΒ).
