2269 3235
327 196 349 221 ο

227 251 273 278 An.
292 251 320 277 e.
344 250 409 278 tes-27
456 241 521 274 ott

424 302 568 332 namenta
582 298 795 337 ecelesiarum,
813 295 1038 328 beneficiorum
1053 301 1080 327 et
1092 295 1164 328 alio-

424 362 494 384 rum
521 351 784 394 supi-:uli‹·,101·nni‚
809 349 913 380 divino
931 348 1026 380 cultui
1053 348 1161 390 ‹lirata⁷

424 415 458 437 cx
485 407 575 436 eausa
601 403 753 446 pignoris,
779 403 823 433 wt
842 402 918 434 alias
935 402 1098 435 occasione
1116 413 1180 449 so-¹

424 458 550 490 lutionis
580 467 722 489 summae
755 456 949 497 lmiusmodi,
986 452 1181 489 nullatenus'

423 511 603 553 capiamur,
628 509 860 550 distrabantur,
886 510 931 541 vel
957 515 1161 553 occupentur,

423 574 523 606 neque
537 568 704 606 propterea
717 562 797 595 bona
812 562 934 595 stabilia
948 563 1162 603 ecelesiarum,

424 615 712 655 monasteriorum,
741 615 937 658 prioratuum
968 621 997 648 et
1028 616 1161 648 aliorum

423 668 649 701 beneficiorum
675 668 908 711 praedictorum
934 669 997 701 ullo
1023 669 1117 701 modo
1135 679 1164 701 a-

423 722 588 761 lienentur,
603 722 738 765 exceptis
756 727 858 755 tamen
876 722 921 763 iis,
941 732 1020 767 quae
1044 722 1162 754 dudum

423 775 460 808 de
486 775 610 807 licentia
637 775 724 807 Sedis
748 775 944 818 Apostolieae
969 786 1039 807 cum
1070 780 1162 818 pacto

422 839 476 861 seu
501 829 645 862 facultate
671 828 723 860 illa
747 828 921 861 redimendi
953 828 1087 860 alienata
1112 839 1162 861 re-

424 881 598 925 periuntur,
620 881 716 925 qnae¹
739 881 763 913 si
789 881 819 913 in
846 886 1001 921 eventum,
1019 881 1050 913 in
1068 892 1161 926 quem

423 934 627 973 redimantur,
646 935 706 975 illa,
728 945 787 977 pro
812 934 1029 977 praesentibus
1053 944 1162 966 neees-

423 988 565 1020 sitatibus
590 987 807 1028 sublevandis,
832 988 946 1019 iterum
975 998 1045 1019 eum
1071 992 1162 1030 pacto

423 1045 452 1073 et
467 1041 612 1073 facultate
634 1034 807 1073 redimeffli
826 1040 982 1072 similibus
1000 1039 1163 1084 quibusvis

422 1093 564 1136 personis
589 1094 752 1126 meliorem
779 1093 991 1126 conditionem
1022 1093 1173 1126 offerem-

423 1147 504 1179 tibus
528 1147 657 1179 alienari
681 1158 773 1191 posse
798 1147 1017 1187 conecdimus3

467 1201 481 1243 ξ
505 1199 534 1232 8.
560 1201 595 1233 Et
613 1200 740 1244 pariter,
756 1201 840 1245 quod
854 1201 1066 1244 praesentium
1082 1206 1164 1234 tran-

423 1253 564 1297 sumptis,
582 1254 684 1296 sigillo
705 1254 836 1287 alieuius
861 1255 989 1298 praelati
1016 1255 1164 1287 ecclesia-

423 1307 490 1340 stici
516 1313 546 1340 et
569 1308 686 1351 publici
711 1308 825 1340 notarii
849 1308 1080 1352 subscriptione
1098 1320 1165 1341 mu-

261 1215 321 1234 Fulrs‘
338 1214 376 1233 dan
385 1213 406 1233 la

225 1244 337 1266 trausuirpt
344 1247 367 1261 is.

423 1361 505 1401 uitis,
531 1361 638 1394 eadem
664 1372 796 1405 prorsus
812 1361 890 1393 sides
904 1362 934 1394 in
951 1362 1067 1395 iudicio
1081 1362 1165 1394 adlii-
1180 1377 1181 1386 π

425 1414 536 1447 beatur
562 1420 589 1447 et
616 1420 703 1447 extra
728 1415 815 1454 illud,
841 1415 1013 1458 quaeipsis
1030 1415 1181 1457 ονὶζςὶηει-Ἰ

423 1468 506 1500 libus
530 1468 642 1502 litteris
667 1468 881 1509 adhiberetur,
907 1468 931 1501 si
956 1469 1057 1502 forent
1082 1469 1165 1501 exhi-

423 1521 505 1554 bitae
528 1522 576 1554 vel
601 1527 752 1555 ostensae.

467 1575 577 1608 Datum
600 1576 733 1615 Romae,
761 1576 844 1619 apud
869 1576 897 1609 S.
919 1576 1047 1609 Mariam
1073 1576 1165 1609 Maio-

426 1640 503 1669 rem,
516 1629 572 1661 sub
590 1630 705 1662 annulo
717 1630 894 1669 piscatoris,
908 1629 957 1662 die
974 1640 1017 1662 ΧΠ
1035 1640 1163 1662 novem—

424 1682 490 1714 bris
514 1692 678 1721 amcxxvn,
698 1683 899 1726 pontificatus
916 1683 1014 1715 nostri
1036 1693 1118 1715 anno
1135 1693 1164 1715 v.

462 1744 519 1771 Dat.
536 1744 579 1772 die
598 1745 628 1771 1⁶2
642 1745 796 1772 novembris
811 1745 889 1780 1627,
905 1745 999 1781 pontif.
1017 1754 1086 1773 auno
1102 1753 1128 1773 v.

731 1870 860 1903 CCLXX.

428 1941 636 1984 Confirmatio
646 1946 671 1974 et
684 1941 850 1974 innovatio
859 1941 1100 1974 constitutionis
1108 1941 1167 1974 Pii
1183 1942 1184 1949 ¹

470 1995 581 2038 Papae
602 1995 629 2027 V
647 1999 759 2027 contra
777 1995 987 2035 monetarios,
1008 1994 1167 2027 ciusdem-

471 2058 532 2091 que
547 2048 589 2080 acl
605 2059 826 2091 quascumque.
842 2059 996 2092 personas
1015 2049 1163 2081 ecclesia-

471 2102 578 2141 sticas,
603 2102 762 2147 seculi-‘tres
782 2112 817 2134 ae
841 2103 995 2145 ew'usquc
1018 2101 1164 2142 Ordinis,

471 2164 594 2187 necnon
614 2155 710 2187 etiam
733 2154 946 2194 illililiarzcm,
970 2154 1166 2198 reyzclares‘i
1183 2160 1185 2170 ¹

634 2226 770 2253 Urbanus
790 2226 960 2259 Episcopus,

600 2278 707 2298 servus
739 2278 891 2298 servorum
912 2271 963 2297 Dei
980 2292 987 2304 ,

553 2317 588 2341 ad
607 2318 781 2348 perpetuam
801 2317 847 2342 rei
866 2315 1045 2342 memoriam

259 2381 399 2404 Prooemium·
476 2376 508 2408 ln
534 2379 682 2420 suprema
708 2377 855 2420 pastorali
884 2377 1022 2421 specula,
1048 2375 1168 2409 meritis

431 2429 501 2462 licet
528 2430 711 2473 imparibus,
733 2442 749 2463 a
772 2431 905 2464 Domino
930 2430 1110 2473 constituti,
1136 2435 1169 2463 ut

470 2521 476 2545 t
497 2520 619 2552 Sequens
634 2520 750 2555 syntaxis
764 2519 921 2556 imperfecta
936 2520 972 2555 (n.
988 2520 1037 2555 T.).

469 2567 483 2589 2
498 2564 537 2589 1¹³1}
555 2564 570 2588 Υ
586 2564 819 2600 (ἶοῃειίιιιιίοηειιι,
836 2575 904 2601 quae
920 2567 963 2593 lile
981 2566 1124 2593 innovatur
1140 2574 1170 2593 ae

432 2608 593 2642 exter-ditur,
613 2609 670 2635 ride
687 2613 750 2637 tom.
767 2617 811 2643 vn,
828 2620 888 2647 pag.
904 2611 966 2646 861,
984 2611 1096 2646 eiusque
1117 2611 1169 2637 ini-

433 2652 498 2679 tium
518 2657 557 2679 est
579 2653 647 2680 Cum
669 2654 710 2682 >tit
731 2655 834 2690 warjis.

999 247 1176 272 mummium
1201 248 1218 271 n
1224 247 1354 272 OMANUM

1941 250 1990 278 An.
2010 249 2040 278 G.
2063 249 2130 278 ¹627

1197 295 1288 327 noxia
1305 295 1344 327 al)
1368 295 1434 328 eius
1451 305 1548 337 grege
1567 300 1709 328 arcentes
1732 296 1872 330 eiusdem
1890 307 1935 331 sa-

1197 349 1287 382 lutari
1320 349 1464 391 regimini
1499 348 1749 392 prospicianms,
1777 359 1840 383 non
1869 351 1935 384 sine

1197 412 1311 443 maeno
1329 402 1422 434 ani-mi
1445 412 1591 434 moerore
1611 402 1752 435 videmus
1773 413 1810 436 eo
1837 404 1936 436 nostri

1196 456 1348 499 temporis
1373 455 1551 499 iniquitates
1583 465 1650 488 esse
1674 466 1879 499 progressas,
1904 460 1938 490 ut

1197 508 1243 549 iis,
1262 509 1376 553 quibus
1392 519 1470 542 onus
1495 509 1691 541 incumberet
1715 519 1823 553 pacem
1848 519 1938 542 evan-

1196 562 1348 605 gelizandi
1373 568 1404 595 et
1433 562 1583 596 charitate
1615 561 1795 606 proximum
1827 572 1936 606 prose-

1196 616 1332 659 quendi,
1363 626 1437 649 suae
1468 616 1640 649 vocationis
1672 615 1894 658 immemores,
1919 626 1937 649 a

1197 668 1401 712 cupiditatum
1428 670 1546 703 vortice
1576 669 1717 713 abrepti,
1743 668 1937 702 adulterinae

1197 728 1341 755 monetae
1365 723 1485 756 crimen
1509 728 1709 767 perpetrare,
1735 722 1800 755 sive
1823 732 1936 766 perpe-

1197 775 1353 809 trantibus
1367 787 1457 820 opem
1472 782 1644 820 praestare,
1657 786 1721 809 non
1738 775 1936 816 erubescant,

1196 838 1254 861 nee
1287 829 1501 862 reformident.
1526 829 1627 868 Quare
1656 828 1936 873 praedecessorum

1197 887 1379 914 nostrorum
1409 882 1650 916 constitutiones
1677 883 1812 926 desuper
1840 882 1938 915 editas

1198 935 1390 975 innovantes,
1412 936 1614 968 extendentes
1632 939 1662 969 et
1673 936 1871 979 ampliantes,
1884 935 1940 968 hu-

1197 988 1331 1021 iusmodi
1350 988 1547 1032 perditorum
1573 989 1749 1030 hominum,
1770 999 1849 1032 quos
1866 998 1940 1021 suae

1197 1041 1436 1074 existimationis
1458 1041 1667 1075 consideratio
1692 1041 1723 1073 in
1748 1041 1852 1075 officio
1876 1051 1939 1074 non

1184 1095 1352 1136 continet,
1382 1094 1538 1138 condigna
1568 1105 1742 1139 poenarum
1775 1094 1939 1128 severitate

1197 1148 1382 1182 temerarios
1406 1153 1436 1182 et
1459 1148 1597 1182 nefarios
1625 1157 1731 1182 ausus‘
1748 1148 1939 1181 intendimus

1198 1203 1356 1235 coercere.

1242 1256 1310 1299 §¹l.
1335 1256 1411 1290 Cum
1443 1247 1549 1300 itaque
1580 1256 1679 1290 felicis
1710 1256 1939 1290 recordationis

1198 1309 1270 1342 Pius
1295 1308 1378 1352 Papa
1402 1309 1426 1342 V
1449 1309 1683 1354 praedeeessor,
1714 1315 1821 1344 noster
1844 1314 1940 1342 atten-

1198 1361 1292 1402 dens,
1318 1362 1418 1405 quod,
1443 1362 1516 1395 licet
1539 1368 1738 1396 monetarum
1769 1373 1938 1396 aurearum

1199 1416 1380 1448 tonsoribus
1406 1416 1444 1449 de
1468 1416 1537 1449 iure
1561 1417 1662 1449 ultimi
1692 1416 1835 1460 supplicii
1859 1421 1941 1449 esset

1199 1469 1315 1501 inflicta
1339 1479 1459 1512 poena,
1483 1475 1649 1512 argenteas
1672 1473 1776 1503 tamen
1799 1474 1941 1503 monetas

1200 1522 1400 1556 tondentibus
1432 1524 1506 1556 satis
1539 1523 1643 1557 minor
1674 1528 1741 1557 erat
1772 1523 1941 1567 imposita,

1200 1586 1309 1608 omnes
1335 1586 1398 1617 eos,
1423 1576 1476 1620 qui
1502 1582 1666 1619 argenteas
1690 1576 1870 1618 tonderent,
1894 1576 1943 1609 ul-

1182 1629 1267 1661 timi
1293 1630 1457 1672 supplicii,
1489 1635 1520 1662 et
1552 1630 1662 1662 eadem
1687 1640 1748 1673 qua
1772 1640 1942 1663 aurearum

1200 1688 1344 1715 tonsores
1360 1685 1490 1716 eatenus
1514 1683 1615 1726 puniti
1633 1683 1757 1716 fuerant
1773 1688 1803 1716 et
1819 1683 1857 1716 de
1873 1683 1942 1716 iure

1200 1736 1305 1779 puniri
1330 1736 1453 1777 debent,
1472 1739 1572 1780 poena
1593 1736 1771 1780 puniendos
1795 1747 1862 1770 esse
1879 1740 1940 1769 sta-

1202 1789 1303 1829 tuerit,
1320 1794 1415 1832 prout
1432 1789 1465 1821 in
1479 1789 1591 1822 cedula
1609 1789 1833 1833 Motusproprii
1847 1798 1942 1821 manu

1201 1842 1339 1875 eiusdem
1354 1842 1398 1874 Pii
1416 1842 1671 1886 praedecessoris
1685 1843 1864 1887 subscripta
1880 1842 1943 1886 ple-

1200 1895 1272 1928 nius
1291 1896 1489 1929 continetur:

1245 1950 1259 1993 ξ
1284 1950 1313 1983 2,
1339 1951 1418 1991 Nos,
1444 1956 1532 1984 motu
1556 1951 1706 1995 proprio,
1730 1962 1766 1984 ae
1795 1962 1833 1984 ex
1857 1953 1942 1984 certa

1201 2003 1340 2045 seientia,
1354 2006 1505 2048 meraqne
1524 2004 1751 2038 deliberatione
1767 2005 1892 2048 nostris⁷
1907 2015 1943 2038 ae

1183 2058 1238 2089 de
1263 2058 1451 2103 apostolicae
1476 2058 1638 2102 potestatis
1666 2058 1870 2102 plenitudine,
1884 2058 1943 2091 hae

1183 2113 1309 2155 ³nostra
1340 2117 1493 2156 perpetuo
1530 2112 1664 2144 valitura
1695 2111 1942 2152 constitutione,

1202 2169 1375 2205 statutum,
1400 2165 1593 2197 voluntatem
1626 2171 1656 2198 et
1682 2165 1866 2198 mandatum
1897 2164 1942 2197 Pii

1201 2219 1455 2262 praedecessoris
1487 2218 1636 2262 praefati,
1661 2223 1770 2252 tenore
1793 2228 1942 2262 praesen-

1202 2272 1291 2314 tium,
1311 2271 1534 2316 approbamus,
1555 2272 1780 2305 confirmamus
1798 2277 1828 2305 et
1851 2271 1942 2305 inno-

1202 2336 1326 2365 vamus3

1248 2379 1262 2422 g
1286 2378 1316 2412 3.
1335 2379 1377 2411 Ac
1402 2378 1439 2411 ad
1464 2389 1572 2412 omnes
1589 2383 1619 2412 et
1639 2378 1777 2421 singulas
1793 2389 1944 2423 personas
1963 2385 2060 2433 ‚gigig
2071 2390 2144 2432 ἓξὲξ

1203 2432 1429 2465 ecclesiasticas
1459 2432 1551 2465 etiam
1577 2432 1813 2475 quomodolibet
1838 2443 1943 2466 exem·
1957 2418 2092 2492 :siigs‘gigffngrg
2103 2427 2145 2459 ita·

1203 2490 1281 2529 pias,
1297 2491 1358 2518 tam
1377 2486 1535 2519 seculares
1551 2496 1644 2529 quam
1657 2485 1794 2518 cuiusvis
1807 2484 1942 2527 Ordinis,
2091 2481 2097 2486 ¹

1205 2539 1469 2583 congregationis,
1484 2539 1640 2573 societatis
1654 2545 1683 2572 et
1694 2539 1836 2582 instituti,
1851 2539 1945 2573 etiam

1204 2593 1241 2625 de
1266 2593 1451 2627 necessitate
1476 2592 1683 2636 exprimendi,
1708 2603 1830 2627 necnon
1855 2593 1951 2636 mili-7

1185 2646 1319 2687 iliarum
1345 2657 1637 2691 <piarumcumque,
1662 2647 1756 2681 etiam
1781 2646 1945 2691 hospitalis

1996 1265 2046 1286 Pius
2060 1264 2078 1285 V
2094 1265 2138 1286 edi-

1954 1293 1985 1314 ὀὴ
2001 1291 2139 1313 Consutqu:

1954 1325 1990 1340 nes
2005 1321 2079 1339 contra
2094 1324 2138 1339 mu-

1954 1346 2046 1366 neiat-ios
2057 1345 2138 1366 indica-

1955 1377 1996 1394 tam
2011 1373 2031 1393 in
2046 1373 2096 1393 nota
2110 1371 2138 1392 at

1954 1400 2067 1421 rubricam.

1976 1959 2027 1980 Eam
2041 1958 2142 1980 Urbanus

1957 1986 2061 2013 approbat
2075 1988 2098 2007 et
2110 1986 2141 2007 tn-

1957 2016 2027 2034 navah
