2269 3235
246 257 295 284 Am
311 257 338 285 C.
358 256 425 284 1020

470 247 534 281 458

444 306 530 339 ribus
553 303 751 347 regularibus
777 302 941 341 subiecti&
965 306 994 334 et
1018 301 1042 334 si
1068 301 1185 345 episco-

446 370 504 403 pus
529 358 711 392 eorumdem
736 360 876 390 rectores
900 356 1092 399 compellere
1115 365 1185 399 pos-

445 412 493 453 sit,
523 421 562 444 ne
586 411 726 444 habitum
752 409 886 442 novitiae
909 409 993 451 dent,
1013 408 1072 441 nisi
1096 408 1185 452 prius

444 465 625 508 episcopum
650 463 816 496 certiorem
842 461 970 504 saciant,
1002 466 1035 496 ut
1064 462 1184 505 puellae

446 519 634 552 voluntatem
659 517 823 561 explorare
847 517 963 549 valcat:

488 571 602 611 Tertio,
627 582 698 604 cum
726 571 808 603 idem
838 570 1006 604 concilium
1031 580 1098 614 cap.
1121 579 1185 603 xxn

446 625 491 657 Dc
510 624 729 667 Requlctribus
749 623 889 656 eiusdem
907 623 1064 665 sessionis,
1081 623 1186 656 (lecer-

445 682 506 717 nat,
525 677 609 720 quod
622 676 830 710 observentur
843 681 872 710 ct
885 676 1086 720 exequutioni
1100 686 1187 709 man-

445 730 558 762 dentur
571 730 676 763 onmia
689 730 720 762 in
732 730 989 774 praecedentibus
1002 729 1110 772 viginti
1124 739 1186 762 uno

445 783 602 827 capitibus
626 783 761 825 decreta,
789 788 819 816 ct
846 784 928 816 inter
955 783 1014 815 alia
1042 794 1105 816 non
1131 783 1187 816 ob-

446 837 557 870 stantia
581 847 729 881 praesens
749 837 876 876 existat,
894 836 1054 869 videlicet:
1079 837 1188 880 Atque

446 892 545 924 eliam
560 890 848 924 consuctudinibus
864 890 910 922 rel
920 890 1188 933 praescriptioni-

446 944 503 977 bus
520 944 618 976 etiam
632 943 945 976 immemorabilibus
961 947 1031 982 etc„
1048 952 1087 975 an
1101 952 1189 986 prae-

446 997 528 1029 dicta
541 996 653 1029 verba:
667 996 774 1039 Atque
790 995 888 1028 etiam
901 995 1188 1028 consuctudinibus

446 1054 516 1090 etc„
537 1049 670 1082 debeant
693 1048 834 1090 intelligi,
856 1047 949 1080 etiam
966 1047 1004 1080 de
1024 1052 1189 1080 consuetu-

446 1103 571 1136 dinibus
588 1107 660 1146 post
673 1101 842 1135 concilium
860 1101 1057 1142 introductis,
1072 1101 1188 1134 sciente

447 1157 494 1190 vel
511 1157 675 1199 ignorante
688 1155 847 1199 episcopo,
862 1154 965 1187 taliter
981 1154 1066 1198 quod
1086 1154 1187 1187 eidem

446 1209 596 1254 episcopo
614 1209 645 1241 in
660 1209 802 1242 futurum
824 1207 1055 1252 praeiudicium
1073 1207 1189 1241 inferre

445 1268 619 1308 nequeant:
931 1287 939 1293 .

490 1317 623 1358 Quarto,
648 1326 721 1350 cum
748 1316 867 1349 dictum
896 1320 989 1359 caput
1016 1324 1085 1349 xxn
1109 1315 1190 1348 inter

447 1371 507 1405 alia
531 1370 689 1404 contineat
713 1369 875 1413 sequentia
899 1369 1004 1411 verba⁷
1029 1369 1188 1402 videlicet:

447 1425 615 1468 Praecipit
649 1423 798 1456 omnibus
823 1422 979 1467 episcopis
1011 1423 1047 1455 in
1077 1433 1190 1455 motta-

447 1479 554 1511 stcriis
578 1477 643 1511 sibi
666 1476 827 1517 subiectis,
851 1477 931 1509 etin
948 1475 1096 1509 ommibus
1113 1476 1191 1509 aliis

408 1524 435 1567 ⁸.
449 1532 484 1565 in
509 1531 730 1575 superioribus
756 1530 889 1562 decretis
908 1529 1092 1572 specialiter
1112 1540 1191 1562 com-

323 2186 439 2211 Responsio]

265 2213 434 2241 Congrrgalionis

258 2239 336 2260 Conciti
342 2246 353 2263 ι,

448 1586 568 1625 missis,
589 1589 659 1625 etc„
679 1588 715 1617 ut
735 1583 847 1616 statim
866 1583 1016 1627 praefata
1033 1593 1192 1626 exequan-

451 1644 523 1681 tur,
551 1649 590 1671 an
620 1638 652 1671 in
686 1637 777 1671 dictis
811 1637 905 1670 rebus
935 1637 1129 1679 regularium
1162 1642 1191 1670 et

450 1692 634 1726 monialium
649 1718 656 1732 ‚
681 1691 713 1724 in
737 1690 853 1734 quibus
877 1690 938 1733 ipsi
962 1690 1111 1734 episcopo
1134 1690 1191 1722 tri-

450 1747 558 1780 buitur
582 1744 767 1785 iurisdictio‚
792 1744 961 1788 episcopus
985 1743 1085 1776 dictos
1101 1753 1192 1786 regu-

451 1801 533 1833 lares
549 1809 662 1841 cogere
681 1802 711 1831 et
727 1798 918 1841 compellere
934 1797 1034 1841 possit
1050 1797 1107 1830 sub
1125 1808 1194 1830 cen-

452 1853 544 1893 suris,
568 1852 699 1896 aliisque
719 1851 866 1884 remediis
883 1850 1079 1894 opportunis,
1098 1855 1194 1894 prout

453 1907 491 1940 de
515 1906 602 1939 iure:

496 1959 618 2001 Quinto,
640 1969 679 1992 an
699 1968 716 1991 a
735 1957 903 2002 praedictis
923 1957 1075 1998 censuris,
1095 1957 1128 1991 in
1147 1967 1195 1990 re-

452 2014 577 2058 gulares
609 2018 639 2046 et
670 2012 821 2045 moniales
845 2011 884 2044 ab
909 2011 1082 2045 Ordinariis
1114 2011 1193 2054 latis⁷

452 2068 571 2112 possint
595 2067 655 2111 ipsi
680 2066 842 2109 regulares
862 2071 892 2099 et
919 2065 1071 2099 moniales
1091 2076 1108 2098 a
1132 2065 1195 2099 suis

454 2120 670 2166 superioribus
694 2120 829 2153 absolvi:

499 2175 559 2218 §2
586 2174 683 2207 Iidem
715 2173 889 2206 cardinales
914 2172 952 2205 ad
976 2172 1114 2216 primum
1139 2172 1195 2206 du-

455 2228 580 2262 biorum
604 2226 806 2269 huiusmodi,
839 2227 871 2259 in
895 2227 1059 2270 regulares
1086 2237 1195 2260 curam

455 2282 631 2315 animarum
656 2291 864 2325 personarum
895 2280 1084 2313 secularium
1112 2290 1197 2313 exer-

456 2340 570 2375 centes,
592 2335 623 2368 in
647 2335 696 2367 liis
720 2344 800 2378 quae
817 2334 934 2367 dictam
959 2343 1067 2366 curam
1092 2338 1122 2366 et
1147 2344 1195 2366 sa-

456 2394 690 2422 cramentorum
722 2387 1026 2421 administrationem
1058 2397 1193 2420 concer-

457 2446 549 2480 nunt,
579 2442 764 2485 episcopum
796 2441 907 2473 eadem
936 2439 1122 2473 auctoritate
1150 2440 1195 2474 uti

458 2506 557 2539 posse,
583 2506 642 2539 qua
667 2495 698 2527 in
722 2495 877 2539 parochos
895 2494 1068 2534 seculares;
1093 2494 1197 2538 proin-

460 2552 560 2591 deque
595 2550 757 2592 regulares
788 2549 872 2593 ipsos
898 2549 928 2581 in
953 2549 1196 2589 emolumentis,

462 2609 493 2635 ut
505 2603 701 2647 proponitur,
713 2602 852 2645 legitime
866 2602 1078 2647 percipiendis
1094 2602 1198 2647 prohi-

460 2657 534 2690 bere
558 2666 660 2700 posse,
684 2666 723 2690 ne
747 2656 896 2690 excedant
921 2661 1022 2690 laxam
1048 2655 1086 2689 ab
1115 2656 1196 2701 epis-

1018 252 1196 277 BULLARIUM
1220 251 1374 276 ROMANUM

1217 310 1297 345 copo
1312 300 1560 345 praescriptam:
1579 300 1617 333 ad
1635 300 1874 342 secundum‚1ta
1886 310 1955 335 esse

1217 354 1470 399 intelligendum:
1496 354 1534 387 ad
1551 354 1689 395 tertium,
1714 354 1758 387 lta
1777 364 1844 388 esse
1870 354 1956 388 intel-

1218 409 1358 452 ligenda:
1373 408 1412 440 ad
1425 411 1582 451 quartum,
1593 407 1625 440 in
1639 406 1796 450 omnibus,
1809 407 1956 452 episcopo

1218 462 1395 506 specialiter
1419 460 1595 495 commissis
1608 460 1640 493 in
1656 459 1791 493 decretis
1808 460 1957 494 sessionis

1219 515 1397 559 praedictae
1419 515 1465 548 Dc
1482 512 1707 557 Ποῃαίανὶὺῖιε,
1735 512 1830 545 licere
1855 512 1957 546 eidem

1219 568 1366 612 episcopo
1391 568 1430 601 ad
1453 568 1580 601 illorum
1600 565 1817 600 executionem
1836 567 1958 609 regula-

1218 632 1268 654 res
1293 621 1484 665 compellere
1509 620 1602 653 etiam
1629 618 1739 663 poenis
1764 623 1794 652 et
1817 619 1958 652 censuris

1219 673 1452 708 ecclesiasticis:
1478 673 1516 707 ad
1540 674 1696 717 quintum,
1719 682 1782 706 non
1801 682 1894 716 posse
1909 673 1960 706 ab·

1219 728 1297 761 solvi
1314 738 1331 760 a
1351 727 1415 760 suis
1435 727 1663 771 superioribus,
1681 725 1915 770 responderunt
1931 731 1961 758 et

1220 781 1437 823 decreverunt,
1455 784 1484 815 et
1503 780 1589 822 alias,
1606 784 1700 824 prout
1720 779 1752 812 in
1776 778 1959 812 eorumdem

1220 834 1426 867 cardinalium
1444 834 1571 867 decreto
1588 833 1723 878 desuper
1740 835 1883 866 emanato
1900 833 1961 876 ple-

1220 888 1290 920 nius
1314 887 1429 920 dicitur
1453 887 1616 920 contineri.

1265 942 1280 984 ξ
1303 940 1333 974 3.
1358 941 1434 974 Cum
1451 944 1566 981 autem,
1584 940 1665 974 sicut
1681 940 1791 973 eadem
1807 939 1961 984 expositio

1221 994 1441 1037 subiungebat,
1466 994 1567 1027 dictus
1592 993 1851 1036 archiepiscopus
1866 993 1962 1036 pluri-

1222 1058 1307 1080 mum
1341 1046 1466 1091 cupiat,
1495 1046 1657 1079 decretum
1688 1056 1743 1078 seu
1773 1055 1962 1088 responsum

1222 1101 1412 1142 huiusmodi,
1426 1111 1484 1144 pro
1497 1100 1581 1132 illius
1598 1099 1734 1132 firmiori
1751 1098 1962 1140 subsistentia,

1222 1154 1412 1197 apostolicae
1436 1158 1562 1186 nostrae
1578 1151 1828 1185 confirmationis
1848 1152 1964 1185 robore

1222 1205 1430 1246 eommuniri;
1455 1206 1526 1239 ideo
1549 1205 1640 1239 nobis
1664 1205 1826 1238 humiliter
1845 1205 1964 1249 suppli-

1223 1261 1287 1294 cari
1311 1261 1404 1301 secit,
1429 1264 1463 1293 ut
1487 1260 1554 1293 eius
1587 1259 1752 1293 desideriis
1782 1259 1964 1293 huiusmodi

1223 1325 1362 1348 annuere
1386 1314 1425 1348 de
1448 1313 1641 1357 benignitate
1664 1313 1836 1358 apostolica
1856 1313 1964 1356 digna-

1223 1378 1340 1402 remur.

1268 1422 1283 1466 ἓ
1299 1422 1328 1455 4.
1350 1422 1413 1455 Nos
1428 1421 1535 1465 igitur,
1553 1421 1671 1454 dictum
1689 1420 1965 1465 archiepiscopum

1224 1476 1414 1520 specialibus
1439 1475 1599 1509 favoribus
1624 1480 1653 1508 et
1676 1475 1786 1518 gratiis
1817 1475 1967 1519 prosequi

1225 1530 1372 1571 volentes,
1396 1529 1578 1562 huiusmodi
1603 1527 1888 1572 supplicationibus
1914 1528 1964 1560 in-

1225 1583 1340 1624 clinati⁷
1365 1582 1526 1616 decretum
1550 1592 1604 1615 seu
1628 1591 1820 1626 responsum
1846 1581 1969 1625 praedi-

1225 1641 1309 1669 ctum
1334 1636 1508 1680 apostolica
1533 1635 1730 1676 auctoritate,
1752 1640 1860 1668 tenore
1881 1645 1970 1679 prae-

1226 1689 1381 1730 sentium,
1414 1689 1628 1733 approbamus
1662 1693 1692 1721 et
1722 1688 1968 1730 confirmamus,

1225 1743 1332 1786 illique
1367 1742 1557 1775 inviolabilis
1589 1742 1778 1786 apostolicae
1812 1742 1969 1775 firmitatis

1225 1797 1325 1830 robur
1339 1796 1514 1838 adimimus,
1536 1806 1572 1829 ac
1586 1806 1695 1829 omnes
1709 1800 1738 1828 et
1751 1795 1892 1838 singulos
1905 1800 1969 1829 tam

1227 1850 1304 1884 iuris
1328 1860 1423 1894 quam
1447 1850 1518 1883 sacti
1543 1849 1692 1890 defectus,
1711 1849 1807 1892 siqui
1835 1849 1970 1893 desuper

1227 1903 1464 1948 quomodolibet
1488 1903 1734 1943 intervenerunt,
1752 1902 1945 1946 supplemus.

1272 1958 1286 2001 g
1317 1956 1346 1989 5.
1379 1957 1606 1997 Decernentes,
1631 1956 1793 1989 decretum
1818 1966 1873 1989 seu
1904 1966 1969 1989 res·

1228 2020 1365 2055 pensum
1404 2009 1585 2043 huiusmodi
1627 2019 1750 2043 necnon
1788 2013 1970 2054 praesentes

1228 2064 1347 2098 litteras
1372 2063 1482 2105 valida,
1507 2063 1600 2096 firma
1624 2068 1654 2096 et
1677 2063 1814 2097 efficacia
1838 2063 1970 2097 existere

1229 2122 1259 2153 et
1282 2119 1358 2159 sore,
1377 2128 1513 2162 suosque
1537 2117 1695 2162 plenarios
1720 2122 1750 2150 et
1772 2117 1914 2160 integros
1930 2118 1972 2150 es-

1229 2172 1328 2205 sectus
1353 2171 1460 2205 sortiri
1480 2176 1510 2203 et
1527 2171 1679 2211 obtinere,
1696 2181 1732 2203 ac
1752 2170 1790 2203 ab
1814 2170 1971 2211 omnibus

1229 2236 1308 2269 quos
1333 2224 1409 2257 illud
1435 2224 1608 2264 concernit,
1636 2234 1692 2257 seu
1712 2228 1881 2257 concernet
1898 2235 1972 2267 quo-

1230 2278 1401 2312 modolibet
1425 2278 1457 2310 in
1480 2278 1641 2318 futurum,
1667 2277 1888 2311 inviolabiliter
1916 2278 1972 2311 ob-

1230 2332 1369 2373 servari3
1395 2332 1502 2375 sicque
1527 2331 1559 2364 in
1582 2331 1766 2375 praemissis
1795 2342 1853 2376 per
1877 2342 1970 2376 quos-

1230 2396 1365 2429 cumque
1394 2385 1513 2419 iudices
1537 2385 1714 2419 ordinarios
1739 2390 1769 2418 et
1792 2385 1971 2429 delegatos,

1230 2440 1325 2474 etiam
1350 2450 1517 2473 causarum
1541 2439 1647 2483 palatii
1672 2439 1836 2483 apostolici
1856 2439 1974 2473 audito-

1230 2505 1291 2535 res,
1306 2493 1438 2527 iudicari
1455 2498 1484 2526 et
1505 2493 1629 2526 definiri
1648 2492 1773 2536 debere,
1792 2503 1827 2526 ac
1847 2493 1973 2526 irritum

1231 2553 1260 2581 et
1284 2547 1385 2588 inane,
1410 2546 1436 2580 si
1461 2557 1550 2580 secus
1575 2557 1671 2591 super
1696 2547 1745 2580 liis
1769 2557 1787 2580 a
1803 2556 1972 2591 quoquam,

1230 2601 1339 2646 quavis
1352 2600 1547 2642 auctoritate,
1564 2600 1697 2634 scienter
1714 2601 1762 2634 vel
1779 2600 1971 2644 ignoranter,

1231 2655 1397 2700 contigerit
1423 2654 1576 2689 attentari.

1960 254 2010 280 An.
2032 253 2062 282 C.
2084 253 2153 282 1626

2002 956 2067 979 Quam
2079 956 2160 975 archie-

1976 988 2076 1007 piscopus
2108 983 2161 1007 petit

1977 1009 2104 1029 coufirniarr

2053 1432 2164 1454 coufirmat

1982 1460 2084 1481 Pontifex.

2012 1967 2134 1989 Clausulae.
