2269 3235
178 258 269 287 amc.
292 258 359 287 1624
405 248 470 282 ⁶212

190 1067 257 1088 Causa
267 1066 355 1088 decreti.

182 1655 308 1681 Superiores
317 1660 357 1675 non

174 1684 279 1702 reservant
318 1681 357 1701 nisi

174 1715 235 1729 rasus
253 1708 358 1728 iusi-ascri-

174 1738 227 1760 ptus.

203 2029 268 2049 Cusus
292 2033 358 2048 reser-

177 2056 246 2076 vande

374 306 509 340 iusmodi
533 305 635 339 facere
660 305 772 338 valeat:
790 303 1022 347 declaravitque
1042 314 1115 348 poe-

372 370 444 393 nam
470 359 652 403 privationis
673 358 757 391 vocis
777 357 896 391 activae
913 363 944 390 et
960 357 1113 401 passivae,

373 412 669 447 contrat'aeientibus
683 411 843 451 inflictam,
856 410 1016 444 Sanctitati
1033 410 1113 444 Suae

373 471 563 499 reservatam
578 475 662 498 esse:
678 464 842 498 interdicta
856 464 985 498 omnino
1002 474 1113 497 eorum

372 518 589 563 superioribus
618 518 769 561 singulis,
794 518 888 551 etiam
914 517 1053 561 generali
1077 528 1113 550 ac

371 573 559 617 protectori,
584 572 729 606 facultate
757 572 842 605 illam
867 571 1052 606 moderandi
1076 582 1112 605 ac

372 626 541 659 relaxandi.

415 681 528 715 Datum
552 681 681 724 Romae,
706 681 761 714 die·
781 690 800 714 x
825 681 930 714 martii
955 690 1038 714 unct.

588 787 688 818 Aliud
708 787 889 818 decretum.

370 865 474 909 Super
501 875 634 898 casuum
658 864 873 897 reservatione
897 863 937 895 ab
962 862 1112 894 omnibus

415 918 635 962 Reyularium
673 917 903 960 Superioribus
942 916 1112 948 observan-

415 972 494 1005 dum
507 971 525 1004 ¹.

415 1055 636 1089 Sanctissimus
661 1054 813 1087 Dominus
830 1058 946 1093 noster,
964 1052 1016 1096 qui
1034 1052 1113 1084 iam-

370 1108 492 1153 pridem
523 1112 668 1141 accurate
696 1107 883 1151 perpendit,
915 1117 950 1139 ac
979 1116 1014 1138 re
1044 1105 1113 1149 ipsa

370 1161 539 1205 comperit,
565 1161 650 1205 quod
674 1159 846 1193 reservatio
870 1159 1025 1192 facultatis
1050 1158 1109 1190 ab-

370 1215 510 1248 solvendi
535 1214 701 1257 religiosos
726 1214 923 1258 poenitentes
941 1223 959 1245 a
976 1212 1112 1256 peccatis

370 1268 558 1313 quibusdam
583 1268 799 1311 gravioribus,
824 1267 884 1300 nisi
909 1265 1113 1310 superiores²

370 1322 540 1356 admodum
554 1322 726 1366 prudenter
739 1332 776 1354 ac
790 1320 953 1354 moderate
965 1320 1018 1352 illa
1027 1324 1114 1353 utan-

370 1380 430 1417 tur,
456 1376 624 1409 nonnullos
649 1375 851 1415 infirmiores,
877 1373 931 1417 qui
955 1373 1113 1406 interdum

370 1430 529 1473 superiori
545 1440 602 1462 suo
615 1428 826 1463 conscientiae
839 1426 979 1460 maculas
991 1426 1115 1469 detege-

370 1494 405 1517 re
421 1484 600 1524 formidant,
617 1483 775 1516 adducere
794 1486 901 1526 posset
918 1481 950 1514 in
967 1486 1113 1514 aeternae

371 1538 580 1571 damnationis
604 1537 792 1581 periculum,
818 1541 848 1570 et
873 1535 1045 1580 spiritualis
1068 1545 1115 1568 re-

372 1592 468 1624 medii
492 1591 765 1636 desperationem;

417 1646 432 1689 ξ
456 1645 485 1678 ’1.
511 1645 594 1685 Ideo,
619 1650 653 1677 ut
677 1644 750 1677 huic
774 1644 857 1676 malo
881 1642 1033 1676 Sanctitas
1053 1643 1115 1676 Sua

373 1704 551 1743 opportune
575 1698 784 1742 prospiceret,
803 1697 953 1738 decrevit,
970 1702 1004 1730 ut
1020 1707 1114 1730 nemo

373 1764 410 1786 ex
434 1752 629 1795 regularium
662 1751 878 1796 superioribus
910 1756 1113 1794 peccatorum

374 1806 586 1840 absolutiones
618 1806 677 1838 sibi
709 1810 869 1845 reservet,
906 1805 1044 1848 exceptis
1077 1804 1115 1836 iis

372 1871 452 1904 quae
477 1864 662 1903 sequuntur,
680 1864 733 1892 aut
752 1859 908 1898 omnibus,
926 1863 980 1890 aut
1003 1868 1113 1891 eorum

372 1913 502 1957 aliquot,
527 1918 621 1957 prout
645 1912 842 1945 subditorum
868 1911 994 1945 utilitati
1015 1922 1112 1954 expe-

373 1967 441 1999 dire
465 1966 638 2010 prudenter
662 1966 693 1998 in
717 1965 851 1998 Domino
876 1964 1091 1998 iudicaverint.

418 2021 447 2053 1.
471 2020 637 2061 Veneficia,
663 2019 900 2059 incantationes,
919 2018 1099 2060 sortilegi33

418 2074 447 2107 2.
473 2074 636 2117 Apostasia
664 2084 681 2105 a
712 2072 887 2116 religione,
912 2072 976 2104 sive
1009 2071 1116 2104 habitu

375 2127 514 2167 dimisso,
532 2127 597 2160 sive
622 2131 755 2166 retento,
772 2125 898 2169 quando
916 2135 953 2158 eo
969 2134 1117 2168 pervene-

374 2182 425 2222 rit,
441 2187 476 2214 ut
491 2187 579 2214 extra
602 2185 688 2225 septa
708 2181 891 2214 monasterii
913 2191 969 2213 seu
987 2190 1118 2213 conven-

375 2241 424 2270 tus
455 2236 508 2270 siat
537 2235 693 2278 egressio;
719 2236 878 2268 Nocturna
902 2244 937 2266 ac
962 2234 1077 2266 furtiva
1101 2243 1117 2265 e

376 2290 567 2323 monasterio
592 2300 647 2322 seu
671 2294 827 2322 conventu
851 2287 1001 2330 egressio,
1025 2286 1117 2319 etiam

376 2354 438 2376 non
462 2344 567 2376 animo
584 2342 779 2387 apostatandi
799 2343 897 2381 sacta3

419 2394 449 2428 3.
471 2394 652 2439 Proprietas
669 2399 778 2427 contra
792 2397 898 2427 votum
914 2392 1119 2437 paupertatis,

377 2459 455 2493 quae
473 2449 512 2481 sit
536 2453 701 2492 peccatum
728 2448 877 2487 mortale;
904 2448 1120 2480 lui-amentum

378 2503 489 2535 salsum
514 2503 546 2535 in
569 2502 685 2536 iudicio
710 2501 850 2546 regulari
874 2511 929 2535 seu
953 2500 1105 2543 legitim03

412 2584 425 2609 1
445 2582 518 2610 Istud
535 2591 643 2619 quoque
658 2582 751 2610 deerat
764 2583 806 2618 (n.
822 2583 872 2615 T.).

412 2628 428 2654 Ξ
445 2629 606 2663 Perperam,
623 2632 652 2655 ut
673 2632 748 2663 puto,
765 2628 900 2655 editiones
915 2634 1011 2654 omnes
1028 2625 1124 2661 legunt

378 2673 574 2709 superioribus
591 2674 629 2708 (a.
645 2672 693 2707 r.).

952 255 1131 280 BULLARIUM
1156 254 1309 280 ROMANUM

1191 303 1222 337 4.
1251 302 1445 342 Procuratio,
1470 300 1632 343 auxilium,
1649 312 1704 335 seu
1719 302 1887 336 consilium

1147 357 1186 389 ad
1217 357 1362 390 abortum
1399 353 1578 388 faciendum
1612 358 1684 399 post
1714 355 1885 390 animatum

1147 411 1275 451 foetum,
1296 410 1389 444 etiam
1414 409 1527 442 effectu
1551 418 1615 441 non
1638 414 1790 452 sequut0;

1192 463 1221 497 5.
1247 462 1434 496 Falsificatio
1455 472 1567 495 manus
1584 466 1637 494 aut
1655 461 1750 504 sigilli
1774 461 1888 495 officia-

1147 517 1225 550 lium
1250 516 1431 551 monasterii
1456 521 1509 549 aut
1539 520 1730 555 conventus;
1755 514 1887 548 Furtum

1146 571 1184 604 de
1209 571 1303 604 rebus
1328 569 1511 603 monasterii
1528 579 1584 602 seu
1607 572 1780 602 conventus
1797 567 1829 600 in
1849 570 1886 601 ea

1146 625 1328 668 quantitate,
1345 634 1424 667 quae
1444 623 1483 656 sit
1499 627 1662 667 peccatum
1680 621 1829 662 mortale;

1191 670 1220 711 6}
1234 678 1352 721 Lapsus
1369 677 1473 711 carnis
1490 676 1684 710 voluntarius
1704 684 1800 720 opere
1817 684 1890 708 con-

1146 734 1335 770 summatus;

1192 784 1220 817 7.
1245 784 1385 824 Occasio,
1409 789 1462 816 aut
1486 783 1680 825 vulneratio,
1704 792 1760 815 seu
1784 780 1888 825 gravis

1146 837 1308 880 percussio
1333 837 1560 880 cuiuscumque
1578 846 1749 880 personae;

1191 890 1220 922 8.
1246 890 1435 923 Malitiosum
1460 889 1736 933 impedimentum,
1761 892 1814 922 aut
1838 898 1890 921 re-

1148 943 1291 983 tardatio,
1308 948 1361 975 aut
1374 942 1506 986 aperitio
1520 943 1697 975 litterarum
1713 953 1731 974 a
1750 941 1890 986 superio-

1148 995 1235 1028 ribus
1259 995 1298 1027 ad
1323 995 1498 1036 inferiores,
1516 1000 1546 1028 et
1558 995 1597 1028 ab
1622 994 1826 1028 inferioribus
1850 994 1889 1027 ad

1147 1049 1328 1092 superiores
1341 1059 1348 1087 ·,

1191 1102 1220 1135 9.
1246 1102 1277 1135 Si
1301 1101 1386 1146 quod
1419 1101 1504 1134 aliud
1535 1105 1700 1145 praeterea
1727 1105 1890 1145 peccatum

1147 1166 1242 1199 grave
1259 1166 1317 1200 pro
1333 1155 1496 1199 religionis
1513 1154 1750 1188 conservatione
1763 1159 1816 1187 aut
1832 1164 1890 1198 pro

1148 1209 1357 1243 conscientiae
1381 1209 1518 1253 puritate
1550 1207 1776 1241 reservandum
1805 1207 1891 1240 vide-

1147 1263 1249 1306 bitur,
1275 1263 1305 1296 id
1330 1273 1393 1296 non
1417 1262 1508 1295 aliter
1532 1262 1596 1302 fiat,
1616 1272 1711 1305 quam
1735 1259 1891 1304 generalis

1148 1317 1276 1362 capituli
1300 1317 1332 1349 in
1357 1320 1422 1350 toto
1446 1315 1562 1349 Ordine
1577 1342 1584 1356 ‚
1609 1319 1662 1349 aut
1689 1313 1891 1358 provincialis

1148 1371 1179 1403 in
1202 1370 1376 1415 provincia,
1394 1370 1518 1402 matura
1542 1368 1736 1402 discussione
1762 1372 1792 1401 et
1815 1377 1891 1401 con—

1149 1434 1251 1458 sensu.

1193 1479 1207 1522 ἓ
1239 1477 1268 1510 2.
1294 1478 1364 1512 Non
1394 1476 1487 1510 liceat
1516 1475 1733 1520 superioribus
1764 1474 1891 1518 regula-

1148 1532 1232 1565 rium
1250 1530 1461 1565 consessiones
1477 1530 1675 1563 subditorum
1695 1527 1815 1568 audire,
1831 1526 1892 1560 nisi

1148 1585 1274 1629 quando
1298 1587 1464 1628 peccatum
1484 1582 1612 1627 aliquod
1628 1586 1824 1615 reservatum
1841 1580 1893 1613 ad-

1150 1638 1311 1680 miserint,
1336 1642 1389 1671 aut
1421 1636 1548 1681 ipsimet
1577 1635 1694 1669 subditi
1719 1639 1832 1679 sponte
1855 1644 1891 1666 ac.

1149 1692 1278 1737 proprio
1295 1696 1383 1725 motu
1400 1691 1431 1723 id
1448 1691 1486 1723 ab
1504 1690 1541 1723 iis
1558 1689 1713 1733 petierint.

1193 1748 1208 1790 ξ
1231 1746 1261 1779 3.
1280 1745 1467 1789 Superiores
1482 1745 1513 1777 in
1531 1744 1662 1786 singulis
1679 1743 1827 1776 domibus
1843 1741 1892 1775 de-

1149 1805 1260 1843 putent
1283 1800 1372 1841 duos,
1391 1804 1454 1842 tres
1479 1804 1531 1830 aut
1555 1798 1661 1841 plures
1685 1796 1892 1830 confessarios

1149 1865 1207 1897 pro
1221 1853 1420 1886 subditorum
1434 1862 1568 1884 numero
1582 1850 1693 1883 maiori
1707 1850 1752 1882 vel
1766 1849 1891 1891 minori,

1149 1907 1233 1951 iique
1258 1907 1319 1939 sint
1338 1906 1443 1946 docti,
1471 1905 1641 1949 prudentes
1675 1915 1710 1937 ac
1741 1903 1894 1936 charitate

1150 1961 1293 2005 praediti,
1317 1961 1370 2004 qui
1394 1971 1411 1992 a
1435 1970 1498 1992 non
1523 1958 1691 2002 reservatis
1715 1968 1769 1991 eos
1793 1957 1893 1991 absol-

1150 2020 1231 2055 vant,
1250 2019 1280 2047 et
1297 2013 1410 2057 quibus
1427 2013 1520 2055 etiam
1546 2017 1779 2045 reservatorum
1801 2010 1894 2043 abso-

1150 2069 1228 2102 lutio
1246 2068 1472 2107 committatur,
1490 2066 1616 2110 quando
1641 2076 1731 2098 casus
1751 2074 1895 2098 occurre-

1151 2122 1200 2162 rit,
1222 2122 1253 2154 in
1278 2133 1340 2165 quo
1365 2132 1433 2154 eam
1459 2121 1577 2153 debere
1601 2118 1755 2152 committi
1779 2118 1845 2162 ipse
1862 2117 1894 2150 in

1151 2175 1263 2220 primis
1281 2175 1490 2208 confessarius
1507 2173 1699 2207 iudicaverit.

1197 2230 1211 2272 g
1235 2229 1264 2261 4.
1289 2229 1363 2261 Tam
1389 2227 1570 2271 superiores
1590 2237 1650 2270 pro
1671 2230 1811 2269 tempore
1836 2224 1895 2258 exi-

1153 2288 1278 2322 stentes,
1304 2292 1398 2325 quam
1424 2280 1616 2319 confessarii,
1630 2279 1683 2323 qui
1700 2279 1739 2312 ad
1756 2277 1896 2322 superio-

1153 2336 1253 2370 ritatis
1278 2336 1412 2379 gradum
1442 2335 1559 2367 suerint
1586 2333 1742 2378 promoti,
1767 2335 1895 2365 caveant

1154 2390 1392 2433 diligentissime
1408 2399 1447 2421 ne
1463 2391 1500 2421 ea
1518 2388 1637 2428 notitia,
1655 2397 1749 2431 quam
1763 2386 1802 2419 de
1819 2386 1896 2419 alio-

1154 2454 1226 2477 rum
1245 2443 1382 2487 peccatis
1395 2443 1426 2475 in
1444 2441 1640 2475 consessione
1652 2440 1840 2480 habuerunt,
1858 2438 1896 2472 ad

1156 2497 1345 2531 exteriorem
1362 2496 1625 2540 gubernationem
1638 2497 1774 2528 utantur.

1200 2553 1215 2596 ἓ
1239 2551 1268 2585 5.
1294 2551 1415 2585 Licebit
1435 2556 1539 2583 tamen
1563 2548 1780 2593 superioribus
1796 2547 1897 2580 deter-

1158 2606 1278 2639 minare
1288 2604 1495 2650 poenitentias
1507 2614 1619 2647 graves
1632 2601 1819 2647 quibusdam
1829 2610 1898 2644 pec-

1159 2660 1245 2702 catis,
1267 2659 1361 2693 etiam
1384 2669 1447 2693 non
1471 2657 1648 2699 reservatis,
1667 2667 1683 2689 a
1701 2653 1897 2690 confessariis

1901 255 1952 283 An.
1964 254 1994 283 C.
2018 254 2087 284 ¹62⁴

1932 1487 1976 1507 Non
1993 1486 2032 1513 ipsi
2043 1486 2091 1507 sub·

1907 1514 1997 1534 ditonum
2010 1514 2091 1533 confes-

1906 1541 1976 1561 sinnes
1989 1539 2083 1561 audiant.

1930 1754 1972 1775 Sed
1982 1755 2035 1775 alios
2044 1760 2092 1775 eon-

1908 1782 2005 1829 ἷῖἰῖθπίοε
2025 1781 2092 1807 dapu-

1952 2233 2095 2256 Confessionis

1910 2264 2023 2283 secretum.

1941 2554 2096 2576 Poenitenuae.

2241 24 2248 39 A
