2269 3235
185 265 233 293 An.
252 265 279 291 c.
301 264 367 292 1024
414 255 479 288 ‘tat

384 311 530 345 scientiae
555 310 609 344 Dei
634 309 764 342 altitudo
793 307 960 341 humilitati
987 311 1124 347 nostrae,

385 365 478 398 nullis
513 364 585 397 licet
621 361 863 405 suffragantibus
901 359 1045 400 meritis,
1070 369 1126 403 per

385 418 607 451 aluimlantiam
633 415 775 449 caelestis
801 413 1035 447 misericordiae
1058 424 1125 446 ere-

386 471 473 512 didit,
496 470 611 512 iugiter
636 479 693 501 nos
717 468 875 509 admonet,
896 471 928 501 ut
953 467 1034 500 inter
1052 467 1127 499 mul-

388 525 507 568 tiplices
522 550 529 563 ‚
554 522 820 566 gravissimasque
844 521 1035 566 apostolicae
1061 531 1127 553 ser-

388 577 493 610 vitutis
514 587 624 617 curas,
650 586 718 609 eam
743 575 895 620 peculiari
920 574 1127 609 sollicitudine

389 631 638 674 amplectamur,
666 639 727 673 qua
764 629 927 673 privilegia
959 628 1019 672 piis
1045 628 1127 660 cliri-

389 683 569 716 stilidelium
596 681 895 726 congregationibus
923 681 953 714 in
985 680 1129 714 militanti

390 737 528 770 Ecclesia
546 736 583 769 ad
601 736 697 769 divini
718 735 854 769 nominis
876 735 1000 767 laudem
1021 739 1052 767 et
1068 735 1131 778 glo-

390 790 481 832 riam,
510 794 696 833 sanctaeque
721 789 793 822 fidei
819 788 991 822 catholicae
1016 787 1130 821 exalta-

391 845 507 878 tionem
533 843 700 877 salubriter
724 842 889 882 institutis,
910 852 926 873 a
951 841 1030 875 Sede
1053 841 1132 884 Apo-

392 898 501 932 stolica
526 907 673 930 concessa
693 906 756 929 non
776 896 877 928 solum
896 900 1131 936 conserventur,

392 962 501 985 verum
526 951 618 985 etiam
645 948 909 992 congregationes
934 947 1019 991 ipsae
1044 947 1133 979 novis

392 1005 430 1037 ab
447 1005 558 1037 eadem
583 1003 661 1036 Sede
687 1002 797 1045 gratiis
822 1007 914 1044 atque
940 1000 1068 1033 indultis
1084 1000 1134 1033 de-

393 1062 552 1096 corentur,
570 1060 675 1099 prout,
693 1065 800 1087 rerum
818 1057 849 1088 et
865 1059 1044 1097 temporum
1062 1063 1135 1097 qua-

393 1110 530 1143 litatibus
555 1108 657 1141 debite
682 1107 842 1152 pensatis,
867 1107 1079 1151 conspicimus
1104 1106 1135 1138 in

394 1164 527 1197 Domino
552 1161 720 1195 salubriter
744 1160 901 1205 expedire.

439 1217 454 1260 ξ
482 1217 507 1249 l.
533 1216 611 1249 llinc
636 1220 682 1248 est
701 1214 785 1258 quod
802 1224 869 1254 nos,
892 1213 929 1246 ad
946 1213 1060 1246 uberes
1076 1213 1137 1246 sru-

395 1276 485 1311 ctus,
514 1280 592 1314 quos
622 1269 726 1302 dilecti
753 1268 807 1301 tilii
834 1268 979 1301 monachi
1005 1268 1138 1310 Congre-

396 1323 529 1365 gationis
538 1322 783 1356 Caelestinorum
796 1321 920 1354 Ordinis
930 1321 958 1354 S.
968 1321 1137 1361 Benedicti,

397 1377 443 1409 vel
461 1377 499 1409 ab
520 1376 616 1421 ipsius
637 1375 896 1419 Congregationis
913 1374 1088 1418 primordio
1106 1374 1137 1406 in

397 1431 506 1464 eadem
539 1429 676 1463 Ecclesia
709 1439 824 1471 magno
849 1439 920 1461 cum
947 1428 1138 1472 reipublicae

397 1484 585 1517 christianae
599 1482 754 1526 spirituali
772 1481 940 1515 commodo
958 1482 1139 1521 attulerunt,

398 1542 427 1573 ct
451 1539 482 1570 in
506 1538 573 1570 dies
609 1537 765 1576 afferunt,
790 1542 937 1580 paternae
968 1535 1140 1578 dirigentes

398 1591 658 1625 considerationis
683 1590 851 1631 intuitum,
877 1595 905 1622 et
931 1594 1045 1622 attente
1070 1599 1142 1633 pro-

398 1643 598 1689 spicientes¹‚
627 1643 711 1689 quod
743 1643 951 1686 Congregatio
982 1643 1141 1686 praedicta

398 1708 460 1732 una
485 1709 521 1731 ex
547 1697 712 1731 duodecim
739 1696 859 1737 extitit,
884 1706 964 1740 quae
989 1707 1061 1729 cum
1094 1707 1143 1729 ca-

399 1753 487 1784 mera
511 1750 683 1795 apostolica
707 1755 851 1794 tempore
875 1749 973 1782 felicis
994 1749 1141 1782 recorda-

400 1805 494 1838 tionis
519 1805 563 1838 I’ii
593 1805 694 1848 Papae
720 1804 741 1837 V
766 1803 1019 1848 praedecessoris
1043 1803 1141 1837 nostri

401 1859 439 1891 de
457 1858 597 1891 subsidio
622 1857 782 1890 ordinario
807 1857 1057 1898 concordarunt,
1074 1866 1144 1889 nec-

401 1923 464 1946 non
488 1912 660 1946 monachos
688 1911 865 1956 praedictos
889 1911 1076 1955 specialibus
1100 1911 1140 1943 sa-

403 1966 530 1999 voribus
555 1970 584 1998 et
608 1965 717 2008 gratiis
745 1965 894 2009 prosequi
926 1965 1086 2005 volentes,
1115 1968 1145 1999 et

403 2030 512 2052 eorum
547 2019 723 2061 singulares
759 2028 910 2062 personas
942 2028 958 2050 a
983 2017 1144 2061 quibusvis

404 2072 748 2112 excommunicationis,
765 2071 979 2115 suspensionis
999 2076 1029 2104 et
1053 2072 1146 2104 inter-

404 2127 477 2160 dicti
492 2154 499 2167 ,
531 2127 662 2170 aliisque
701 2125 920 2159 ecclesiasticis
963 2125 1144 2165 sententiis,

384 2181 546 2214 ‘censuris
567 2186 597 2213 et
613 2179 732 2224 poenis,
749 2190 766 2211 a
784 2179 852 2211 iure
873 2179 920 2211 vel
945 2178 983 2211 ab
1006 2178 1145 2219 homine,

406 2235 514 2278 quavis
538 2234 703 2266 occasione
727 2233 774 2265 vel
800 2234 894 2265 causa
918 2232 1006 2274 latis,
1030 2232 1055 2264 si
1080 2232 1146 2275 qui-

405 2289 465 2323 bus
489 2287 725 2331 quomodolibet
752 2286 917 2320 innodatae
941 2286 1088 2325 existunt,
1108 2286 1146 2318 ad

407 2342 551 2376 effectum
584 2340 798 2385 praesentium
835 2340 996 2372 dumtaxat
1031 2349 1143 2372 conse-

408 2396 566 2439 quendum
592 2395 705 2427 liarum
731 2393 810 2426 serie
831 2393 1027 2426 absolventes
1051 2397 1081 2425 et
1098 2393 1150 2425 ab-

209 2460 323 2506 rmtfmtmu
339 2458 392 2478 ‹³³2-
409 2452 525 2482 solutas
546 2449 612 2481 sore
637 2452 816 2489 censentes,
836 2452 923 2480 motu
940 2446 1069 2490 proprio
1086 2456 1149 2479 non

276 2487 391 2508 (nummula-

211 2540 253 2558 1-
280 2546 283 2558 1
309 2546 312 2558 Ι
368 2518 393 2557 2³,ss
409 2504 445 2536 ad
472 2503 591 2536 abbatis
617 2513 669 2535 seu
695 2501 910 2546 procuratoris
935 2501 1147 2544 generalium,

210 2546 394 2603 n'ssfss'issjnwile-
410 2564 463 2591 aut
490 2558 624 2591 aliorum
651 2566 923 2601 quorumcumque
948 2555 1149 2600 superiorum

211 2599 253 2641 ίμὶιιΐ.
277 2591 394 2613 concedun-

233 1231 321 1251 Attentis
336 1231 379 1251 evi-

194 1258 233 1279 mis
266 1257 377 1277 monartio·

196 1290 240 1304 rum
291 1284 378 1304 huius-ro

201 1311 373 1336 (tungri-gationis

196 1340 286 1362 merum

210 2516 300 2533 tionum.

448 2673 459 2700 1
477 2672 547 2699 Edit.
564 2672 642 2700 Maia.
658 2671 721 2708 legit
733 2671 927 2707 prospiciente
942 2670 983 2706 (n.
1001 2671 1047 2705 τ.),

978 259 1154 282 tilJLLMntin
1181 258 1333 281 numanum

1158 306 1205 338 vel
1224 304 1452 338 monachorum
1470 303 1610 337 eiusdem
1627 304 1895 348 Congregationis‚

1159 363 1211 393 aut
1231 358 1359 392 alterius
1376 368 1434 402 pro
1455 357 1498 390 eis
1515 357 1606 390 nobis
1630 358 1753 391 oblatae
1776 358 1897 402 petitio-

1159 413 1207 446 nis
1232 412 1410 446 instantiam
1426 438 1433 452 ,
1461 411 1514 444 sed
1540 421 1576 444 ex
1601 412 1686 444 certa
1710 411 1838 445 scientia
1862 422 1898 445 ac

1161 468 1284 500 matura
1308 465 1533 499 deliberatione
1557 464 1684 505 nostris,
1704 464 1806 508 deque
1829 475 1900 509 apo-

1161 520 1290 553 stolicae
1316 518 1477 563 potestatis
1503 517 1715 562 plenitudine,
1741 517 1847 551 omnia
1869 522 1900 551 et.

1162 573 1284 617 singula
1307 572 1483 617 privilegia,
1505 570 1751 615 praerogativas,
1768 570 1900 611 favores,

1163 626 1334 667 facultates,
1351 625 1588 665 declarationes,
1605 624 1776 665 libertateS,
1792 623 1903 657 immu-

1163 679 1284 719 nitates,
1309 678 1534 723 exemptiones,
1554 676 1816 722 praeeminentias
1829 703 1837 718 ,
1860 676 1904 709 in-

1164 732 1263 773 dulta,
1288 731 1427 776 aliasque
1459 730 1599 774 gratias,
1631 735 1694 763 tam
1725 728 1904 774 spirituales

1165 797 1258 830 quam
1276 785 1474 830 temporales,
1493 784 1631 818 cuiusvis
1648 783 1772 827 generis
1791 787 1822 815 et
1838 792 1905 827 spe-

1166 840 1223 873 ciei
1260 839 1448 880 existentes,
1472 843 1536 872 tam
1569 837 1743 872 Cassinensi
1774 835 1904 871 Ordini¹

1166 892 1195 925 S.
1222 891 1389 931 Benedicti,
1406 902 1500 935 quam
1525 891 1687 935 quibusvis
1706 890 1775 923 aliis
1798 899 1906 923 mona-

1168 946 1301 978 chorum
1315 944 1622 987 congregationibus,
1633 954 1807 988 eorumque
1820 953 1907 988 supe-

1168 999 1316 1038 rioribus,
1330 998 1593 1042 praesidentibus,
1611 998 1785 1039 abbatibus,
1802 1008 1908 1031 mona-

1169 1052 1246 1093 chis,
1259 1052 1392 1096 aliisque
1406 1051 1607 1095 regularibus
1620 1051 1773 1096 personis,
1786 1061 1908 1085 necnon

1169 1105 1320 1146 ecclesiis,
1338 1104 1537 1138 monasteriis
1554 1109 1585 1138 et
1609 1105 1686 1138 locis
1710 1104 1909 1148 regularibus

1171 1160 1432 1205 quibuscumque,
1449 1163 1512 1191 tam
1531 1158 1709 1203 specialiter
1723 1162 1754 1193 et
1771 1158 1911 1192 nomina-

1171 1213 1237 1252 tim,
1255 1222 1348 1256 quam
1366 1211 1397 1244 in
1414 1221 1530 1254 genere
1548 1216 1579 1244 et
1595 1221 1652 1256 per
1668 1211 1752 1245 viam
1774 1221 1911 1245 eommu-

1170 1265 1336 1298 nicationis
1362 1265 1409 1297 vel
1434 1265 1635 1306 extensionis,
1660 1270 1713 1298 aut
1737 1265 1812 1298 alias
1837 1274 1912 1309 quo-

1173 1319 1354 1360 modolibet,
1372 1329 1430 1363 per
1453 1319 1611 1352 Romanos
1636 1318 1802 1352 Pontifices
1825 1329 1912 1363 prae—

1173 1373 1354 1406 decessores
1370 1376 1504 1414 nostros,
1519 1383 1574 1406 seu
1591 1382 1648 1406 nos
1665 1377 1695 1405 et
1706 1372 1818 1406 Sedem
1834 1374 1913 1417 Apo—

1173 1426 1332 1466 stolicam,
1352 1436 1527 1470 eorumque
1551 1430 1581 1458 et
1604 1430 1730 1459 nostros
1753 1425 1792 1459 de
1815 1426 1913 1459 latere

1174 1476 1294 1523 legatos
1318 1484 1348 1512 et
1371 1479 1498 1513 nuntios
1522 1479 1688 1513 sufficienti
1704 1479 1742 1513 ad
1759 1479 1790 1513 id
1809 1484 1914 1513 aucto—

1175 1532 1265 1565 ritate
1291 1532 1452 1573 suffultos,
1480 1542 1638 1574 concessa,
1662 1538 1692 1565 et
1715 1533 1747 1565 in
1770 1533 1913 1566 futurum

1174 1597 1232 1630 per
1256 1597 1454 1620 successores
1477 1591 1603 1620 nostros
1630 1591 1683 1619 aut
1707 1586 1784 1620 alios
1807 1590 1915 1621 aucto-

1175 1641 1298 1674 ritatem
1323 1641 1474 1673 habentes
1498 1640 1719 1682 concedenda,
1747 1645 1777 1673 et
1801 1640 1915 1684 quibus

1176 1694 1260 1738 ipsae
1284 1694 1556 1737 congregationeS,
1581 1704 1757 1738 eorumque
1777 1694 1915 1735 abbates,

1177 1751 1206 1781 et
1230 1747 1281 1779 alii
1306 1757 1507 1791 quocumque
1532 1747 1660 1780 nomine
1679 1747 1849 1791 nuncupati
1870 1757 1917 1780 su-

1177 1801 1319 1844 periores
1336 1806 1366 1833 et
1383 1801 1540 1841 monachi,
1561 1806 1746 1845 ceteraeque
1762 1811 1917 1845 personae

1178 1855 1363 1897 regulares,
1388 1854 1426 1887 de
1450 1854 1540 1895 iure,
1565 1865 1645 1896 usu,
1671 1854 1916 1897 consuetudine,

1177 1908 1354 1952 privilegio,
1379 1914 1432 1940 aut
1457 1908 1660 1941 concessione
1684 1907 1867 1952 apostolica,
1887 1908 1918 1941 in

1178 1972 1294 2004 genere
1319 1961 1367 1994 vel
1392 1962 1423 1995 in
1448 1961 1561 2006 specie,
1579 1972 1614 1995 ac
1639 1967 1701 1995 tarn
1727 1962 1917 1995 coniunctim

1178 2026 1272 2059 quam
1309 2015 1454 2056 divisim,
1484 2026 1538 2048 seu
1573 2016 1649 2049 alias
1683 2015 1919 2060 quomodolibet

1180 2074 1321 2109 utuntur,
1344 2069 1502 2110 fruuntur,
1518 2069 1684 2113 potiuntur
1708 2074 1738 2102 et
1761 2069 1917 2112 gaudent,

1179 2133 1214 2156 ac
1239 2123 1294 2161 uti,
1314 2123 1386 2163 srui,
1407 2123 1502 2167 potiri
1527 2128 1557 2156 et
1581 2123 1718 2167 gaudere
1742 2128 1874 2167 possunt
1889 2128 1920 2156 et

1180 2182 1327 2220 poterunt
1352 2176 1588 2220 quomodolibet
1608 2177 1639 2209 in
1663 2177 1814 2217 futurum,
1831 2176 1920 2210 dum-

1181 2230 1276 2263 modo
1300 2234 1404 2262 tamen
1430 2229 1491 2262 sint
1515 2229 1545 2261 in
1566 2240 1635 2271 usu,
1653 2234 1683 2262 et
1706 2239 1769 2263 non
1794 2230 1855 2263 sint
1875 2240 1920 2263 re-

1182 2289 1290 2317 vocata
1315 2288 1368 2316 aut
1397 2283 1455 2316 sub
1484 2283 1643 2327 aliquibus
1666 2284 1920 2317 revocationibus

1182 2337 1420 2381 comprehensa,
1438 2347 1473 2370 ac
1489 2337 1586 2370 sacris
1603 2337 1775 2370 canonibus
1798 2343 1829 2370 et
1847 2338 1922 2371 Con-

1182 2391 1243 2425 cilii
1268 2391 1440 2424 Tridentini
1466 2391 1600 2424 decretis
1617 2401 1680 2424 non
1704 2391 1920 2433 adversentur,

1181 2445 1421 2489 Congregationi
1447 2445 1692 2478 Caelestinorum
1721 2445 1908 2490 praedictae,

1182 2499 1328 2543 illiusque
1353 2498 1514 2542 generali,
1542 2509 1578 2532 ae
1609 2498 1721 2532 ceteris
1746 2499 1920 2540 abbatibus,

1181 2553 1342 2598 prioribus
1355 2557 1385 2587 et
1401 2553 1469 2586 aliis
1486 2563 1687 2598 quocumque
1701 2553 1828 2587 nomine
1843 2562 1922 2587 nun-

1221 2671 1228 2696 t
1249 2668 1339 2697 Potius
1353 2668 1498 2705 legendum
1515 2668 1635 2697 Ordinis
1657 2669 1694 2705 (a.
1714 2667 1761 2703 τ.).

1915 256 1964 284 An.
1979 257 2008 284 G.
2027 256 2097 284 1624
