2269 3235
223 296 272 325 An.
290 295 320 324 C.
335 293 407 323 1624

249 465 369 487 Exordium.

253 1158 333 1180 Causae
344 1158 409 1184 impo-

226 1185 289 1206 nendi
299 1185 408 1206 decimam.

263 1799 363 1820 Decimae
378 1799 416 1820 im-

232 1829 310 1853 positio
332 1826 359 1846 ad
381 1832 416 1847 an·

232 1859 280 1875 num
295 1855 382 1874 tantum.

451 284 515 320 186

634 343 770 372 Urbanus
786 343 866 378 Papa
879 339 958 377 ἮῘῙ,

563 387 599 416 ad
621 387 753 415 futuram
772 386 817 415 rei
836 386 1017 415 memoriam.

466 449 622 483 Militantis
642 448 791 482 ecclesiae
808 448 966 492 regimini,
979 448 1164 493 disponente

422 504 566 544 Domino,
592 502 816 547 praesidentes,
841 503 922 536 inter
946 513 1058 546 graves
1083 503 1165 536 solli-

423 556 593 596 citudines,
619 555 734 600 quibus
757 566 816 600 pro
840 555 1006 600 pastoralis
1023 555 1116 589 officii
1135 560 1166 589 et

422 608 612 654 apostolicae
636 608 795 643 servitutis
812 608 916 642 debito
934 608 1080 642 continue
1096 619 1166 653 pre-

424 663 550 703 mimur,
560 673 596 696 ea
610 673 734 706 semper
747 666 794 697 cst
810 663 990 707 praecipua,
1003 673 1060 707 per
1070 673 1164 707 quam

423 716 652 751 catholicorum
677 716 760 750 vires
784 717 822 750 ad
846 716 984 750 hostium
1007 727 1099 750 verae
1123 717 1162 750 fi-

423 770 473 804 dei
493 770 656 804 conatibus
677 769 884 803 resistendum
905 770 1013 813 augeri
1030 770 1165 814 possint;

424 830 455 858 et
476 828 644 869 propterea
669 823 954 857 ecclesiasticorum
984 823 1165 867 praesulum

424 882 495 911 vota
518 877 551 910 in
575 876 605 910 id
631 876 788 911 tendentia
807 876 846 908 ad
871 875 1077 910 exauditionis
1098 886 1167 918 gra-

424 931 500 964 tiam
516 931 650 963 libenter
665 929 871 970 admittimus,
889 934 994 972 pr0ut‚
1011 939 1119 961 rerum
1137 933 1167 961 et

423 989 603 1028 temporum
636 982 838 1026 qualitatibus
871 981 975 1014 debite
1007 981 1166 1025 pensatis,

424 1036 635 1081 conspicimus
659 1036 691 1068 in
715 1035 849 1068 Domino
879 1034 1047 1067 salubriter
1073 1045 1166 1078 expe-

423 1090 500 1123 dire.

468 1143 483 1187 §
506 1143 536 1176 t.
561 1143 638 1176 Cum
662 1142 776 1186 itaque,
797 1141 877 1175 sicut
901 1142 1094 1186 accepimus,
1120 1152 1168 1175 ve-

423 1197 573 1231 nerabilis
597 1197 693 1229 frater
716 1197 751 1229 N.
777 1196 945 1240 episcopus
968 1196 1167 1240 Eystetensis‚

425 1262 496 1285 cum
520 1250 632 1284 ceteris
656 1249 855 1294 principibus
879 1254 907 1283 et
924 1249 1089 1282 ordinibus
1107 1252 1167 1283 tam

425 1304 644 1339 ecclesiasticis
652 1314 746 1348 quam
757 1303 951 1337 secularibus
962 1303 993 1335 in
1002 1302 1169 1336 Germania

425 1359 466 1393 ob
494 1359 569 1392 inibi
601 1358 774 1391 concitatos
799 1368 856 1401 per
885 1357 1014 1390 humani
1043 1357 1169 1400 generis

426 1413 549 1447 hostem
567 1417 672 1445 motus
695 1416 726 1444 et
749 1410 921 1443 catholicae
938 1410 1101 1452 religionis
1117 1410 1169 1443 de-

427 1467 600 1500 fensionem
633 1465 890 1505 confoederatus,
924 1465 1031 1507 gravia
1059 1464 1170 1497 exinde

428 1530 637 1565 expensarum
662 1529 759 1552 onera
776 1519 927 1551 hactenus
945 1518 1127 1551 sustinuerit
1141 1523 1169 1551 et

427 1574 579 1607 sustineat
602 1573 639 1606 ad
664 1582 823 1617 praesens,
847 1572 888 1605 ita
905 1577 949 1612 ut,
968 1571 1028 1604 nisi
1052 1571 1091 1604 de
1114 1571 1171 1604 ali-

428 1637 491 1671 quo
515 1626 656 1659 subsidio
680 1626 724 1658 illi
749 1630 926 1669 opportune
951 1625 1171 1668 prospiciatur,

428 1680 602 1714 verendum
627 1680 686 1720 sit,
715 1689 754 1712 ne
778 1679 871 1713 tantis
895 1679 1044 1712 oneribus
1068 1678 1172 1723 impar

430 1735 631 1769 succumbat:

476 1790 490 1833 ᾖ
507 1788 536 1822 2.
555 1788 610 1821 His
630 1787 726 1831 igitur
747 1792 777 1820 et
800 1785 869 1819 aliis
885 1785 1079 1830 gravissimis
1104 1797 1173 1820 cau-

432 1843 483 1885 sis⁷
508 1842 547 1875 ad
571 1842 625 1875 Dei
650 1841 794 1885 gloriam,
820 1846 1008 1884 sanctaeque
1030 1840 1096 1873 eius
1120 1841 1174 1874 Ec-

432 1897 545 1930 clesiae
569 1895 781 1929 defensionem
806 1900 836 1928 et
857 1894 1080 1928 exaltationem
1105 1905 1174 1939 per-

430 1949 610 1989 tinentibus,
619 1948 753 1989 adducti,
761 1948 1041 1993 supplicationibus
1047 1948 1174 1981 nomine

432 2001 571 2036 eiusdem
597 2003 631 2036 N.
657 2002 799 2046 episcopi
823 2002 913 2036 nobis
930 2001 1090 2035 humiliter
1105 2013 1174 2046 por-

432 2056 527 2090 rectis
544 2055 692 2097 inclinati,
704 2055 742 2089 de
755 2056 890 2088 tributae
904 2055 994 2089 nobis
1012 2066 1029 2088 a
1042 2056 1174 2089 Domino

433 2110 623 2155 apostolicae
647 2109 810 2154 potestatis
834 2109 1037 2153 plenitudine,
1066 2114 1174 2144 tenore

433 2164 657 2209 praesentium,
667 2163 833 2196 indicimus
843 2168 871 2196 et
881 2163 1073 2207 imponimus
1080 2173 1173 2195 unam

434 2218 531 2252 semel
556 2227 614 2262 per
638 2227 753 2250 annum
783 2216 942 2259 integrum
974 2216 1005 2249 in
1033 2218 1095 2249 una
1127 2216 1175 2249 vel

434 2272 578 2317 pluribus
592 2270 801 2304 solutionibus
817 2270 952 2303 arbitrio
970 2270 1175 2304 collectorum

433 2326 514 2358 infra
527 2325 750 2369 deputatorum
768 2323 1007 2368 persolvendam
1021 2323 1174 2367 integram

434 2379 598 2418 decimam,
623 2378 654 2409 in
678 2377 855 2421 praedictos
879 2377 1039 2410 dumtaxat
1060 2381 1090 2409 et
1113 2387 1176 2410 non

434 2433 464 2465 iu
489 2432 567 2465 alios
591 2442 666 2464 usus
684 2430 885 2474 erogandam,
903 2430 1044 2464 omnium
1059 2436 1089 2463 et
1101 2441 1177 2475 quo-

436 2496 643 2529 rumcumque
672 2486 832 2518 fruetuum
847 2511 854 2525 ,
880 2484 1058 2518 reddituum
1074 2512 1081 2525 ,
1106 2495 1178 2528 pro-

436 2544 583 2572 xeutuum
600 2565 607 2579 ,
631 2538 766 2579 iurium,
791 2538 1030 2579 obventionum,
1056 2538 1176 2571 emolu-

436 2595 615 2626 mentorum
640 2602 675 2624 ac
699 2591 958 2625 distributionum
974 2591 1173 2635 quotidiana-

436 2655 507 2678 rum
533 2644 674 2678 omnium
699 2645 902 2678 ecclesiarum
927 2644 1176 2687 collegiatarum,

436 2697 684 2743 parochialium,
708 2707 831 2731 necnon
854 2697 1121 2732 monasteriorum
1146 2703 1176 2731 et

994 292 1175 319 numanum
1198 292 1353 319 Romnum

1947 295 2001 324 An.
2018 295 2048 325 C.
2066 294 2134 325 ¹624

1196 347 1416 383 conventuum,
1436 351 1472 375 ac
1495 340 1590 375 etiam
1607 350 1787 376 mensarum
1803 342 1938 377 abbatia-

1197 396 1284 438 lium,
1294 396 1525 441 capitularium,
1536 400 1598 429 tam
1612 395 1741 429 maioris
1749 396 1938 442 Eystetensis

1197 459 1291 493 quam
1304 459 1576 494 quarumcumque
1589 448 1827 492 collegiatarum
1843 452 1939 485 eccle-

1198 502 1325 544 siarum,
1334 513 1456 537 necnon
1465 502 1728 543 conventualium,
1742 503 1938 547 prioratuum

1199 567 1325 601 quoque
1338 584 1345 598 ,
1371 557 1661 601 praepositurarum
1674 583 1681 596 ,
1706 557 1938 601 praeceptoria-

1199 620 1281 651 rum,
1299 610 1540 644 canonicatuum
1566 614 1596 642 ct
1618 608 1881 653 praebendarum,
1897 610 1941 643 di-

1199 663 1364 706 gnitatum,
1373 668 1611 708 personatuum,
1622 663 1940 705 administrationum,
2211 662 2223 677 “

1199 721 1230 749 et
1249 716 1405 758 fabricae,
1429 722 1460 750 et
1483 716 1675 758 officiorum,
1700 721 1942 761 ceterorumque

1200 769 1426 803 beneficiorum
1452 769 1749 811 ecclesiasticorum,
1774 780 1845 803 cum
1865 771 1943 803 cura

1200 828 1230 855 et
1254 823 1320 856 sine
1340 825 1426 865 cura,
1445 822 1644 864 secularium,
1668 833 1704 858 ac
1724 822 1753 855 S.
1775 822 1942 864 Benedicti,

1200 876 1229 909 S.
1254 876 1438 918 Augustini,
1462 876 1691 917 cluniacensis,
1715 876 1943 918 Cisterciensis,

1201 929 1539 970 Praemonstratensis,
1565 934 1596 962 et
1615 929 1640 962 si
1665 929 1762 974 quae¹
1782 929 1867 963 bona
1889 929 1944 963 im-

1201 981 1339 1023 mobilia,
1364 982 1505 1016 redditus
1529 987 1642 1023 certos,
1660 993 1697 1015 ex
1713 983 1878 1026 privilegio
1895 983 1943 1016 vel

1201 1035 1287 1075 alias,
1301 1035 1473 1079 possident,
1483 1035 1735 1076 Mendicantium,
1748 1046 1784 1068 ac
1796 1046 1944 1080 quorum-

1201 1099 1337 1133 cumque
1360 1089 1496 1122 aliorum
1520 1088 1672 1123 Ordinum
1697 1089 1834 1123 cuiusvis
1852 1100 1944 1124 sexus

1201 1152 1323 1176 necnon
1343 1142 1628 1186 Congregationum
1650 1142 1844 1186 regularium

1247 1195 1305 1239 §3
1332 1196 1386 1239 (lis
1411 1196 1571 1230 dumtaxat
1595 1196 1744 1240 exceptis,
1761 1206 1841 1240 quae
1858 1206 1875 1229 a
1891 1206 1944 1229 ve·
2011 1209 2051 1234 Qut
2074 1208 2143 1236 excipi

1202 1249 1395 1283 nerabilibus
1419 1249 1569 1282 fratribus
1588 1250 1705 1283 nostris
1724 1250 1754 1283 S.
1775 1250 1809 1283 R.
1827 1250 1859 1283 E.
1878 1260 1944 1283 car·
1959 1235 2051 1284 {¹3³3}ssss
2065 1236 2143 1292 ffffii'c'il

1202 1303 1359 1336 dinalibus
1379 1303 1560 1336 obtinentur
1585 1313 1640 1336 seu
1657 1303 1885 1348 percipiuntur,
1898 1314 1944 1346 ac,
1959 1290 2128 1311 ¹¹¹³⁹⁵⁰¹¹¹²¹⁰¹¹⁸'

1203 1357 1306 1401 quoad
1330 1357 1484 1390 beneficia
1503 1362 1622 1397 curata,
1639 1357 1686 1397 iis,
1700 1367 1836 1401 quorum
1850 1358 1945 1391 annui

1204 1410 1344 1444 redditus
1362 1421 1516 1444 summam
1534 1410 1742 1455 quadraginta
1758 1410 1945 1445 ducatorum

1204 1464 1271 1497 auri
1297 1463 1335 1497 de
1360 1465 1486 1497 camera
1510 1473 1573 1497 non
1597 1463 1782 1508 excedunt),
1807 1469 1836 1497 et
1859 1475 1947 1508 prae-

1204 1523 1290 1551 terea
1314 1518 1517 1562 hospitalium
1535 1517 1628 1551 etiam
1648 1528 1825 1562 pauperum
1842 1518 1947 1563 hospi-

1205 1572 1355 1605 talitatem
1380 1582 1443 1604 non
1467 1572 1681 1605 exercentium
1696 1598 1704 1613 ‚
1731 1582 1786 1605 seu
1809 1572 1893 1606 bona
1916 1576 1947 1605 et

1204 1625 1346 1659 redditus
1369 1625 1452 1658 ultra
1480 1635 1556 1658 usus
1588 1625 1789 1658 intirmorum
1813 1629 1843 1659 et
1867 1625 1946 1666 alia,

1204 1690 1263 1723 pro
1287 1678 1402 1723 quibus
1419 1679 1559 1712 instituta
1574 1684 1656 1719 sunt,
1673 1679 1724 1723 pia
1741 1678 1845 1712 officia
1863 1689 1949 1712 exer-

1205 1732 1303 1766 cenda
1337 1732 1585 1777 possidentium,
1616 1742 1738 1765 necnon
1770 1732 1802 1765 B.
1834 1732 1949 1765 Mariae

1205 1786 1460 1827 Teutonicorum,
1475 1785 1504 1819 S.
1519 1785 1635 1828 Lazari,
1649 1785 1769 1830 Templi
1783 1785 1949 1826 Dominici,

1206 1851 1253 1881 ac,
1269 1840 1373 1884 quoad
1392 1840 1474 1880 illos,
1491 1839 1545 1884 qui
1562 1840 1723 1873 communi
1742 1839 1889 1874 thesauro
1902 1839 1951 1872 sui

1207 1893 1372 1937 hospitalis
1396 1903 1492 1926 onera
1517 1893 1607 1926 solita
1630 1903 1694 1926 non
1726 1892 1950 1934 contribuunt,

1207 1947 1301 1981 etiam
1326 1946 1354 1980 S.
1381 1947 1505 1980 loannis
1530 1946 1807 1991 Hierosolymitani
1827 1951 1857 1979 et
1880 1946 1952 1980 alia-

1207 2011 1279 2034 rum
1304 2000 1487 2034 militiarum
1512 2000 1544 2033 in
1569 2000 1703 2041 civitate,
1728 1999 1875 2040 dioecesi,
1899 2010 1951 2044 pa-

1207 2054 1268 2087 tria
1290 2060 1320 2087 et
1343 2054 1460 2088 ditione
1480 2054 1652 2099 Eystetensi
1673 2053 1845 2087 secundum
1864 2063 1949 2086 com-

1209 2118 1336 2140 munem
1346 2108 1594 2141 aestimationem
1605 2108 1764 2141 fructuum
1776 2107 1947 2140 etaliorum

1208 2161 1451 2206 praedictorum.

1252 2215 1267 2258 ἓ
1299 2214 1328 2247 Ji.
1361 2215 1403 2248 Ac
1434 2214 1579 2248 similiter
1610 2214 1764 2257 integram
1795 2214 1949 2248 decimam
1986 2225 2149 2256 ammaum

1208 2269 1350 2302 omnium
1374 2269 1562 2313 pensionum
1587 2279 1682 2313 super
1706 2269 1886 2313 praemissis
1907 2257 2149 2305 as-Zerfflssffl‘”⁵

1210 2323 1403 2366 signatarum
1428 2327 1458 2355 et
1482 2322 1753 2366 assignandarum,
1772 2323 1870 2356 semel
1887 2328 1951 2356 tan-

1210 2381 1286 2417 tum,
1311 2382 1344 2409 ut
1367 2376 1486 2409 dictum
1504 2381 1559 2418 est,
1577 2376 1813 2421 percipiendam
1835 2381 1865 2409 et
1888 2377 1951 2409 exi-

1209 2429 1343 2473 gendam
1357 2440 1374 2462 a
1387 2428 1639 2473 quibuscumque
1656 2430 1854 2474 1uimatibus,
1866 2440 1952 2474 prac-

1210 2483 1319 2528 positis
1336 2510 1344 2524 ,
1376 2483 1500 2516 decanis
1518 2510 1525 2524 ,
1562 2484 1705 2528 capitulis
1719 2511 1727 2525 ‚
1763 2483 1921 2517 canonicis
1942 2510 1949 2524 ‚

1210 2537 1395 2577 rectoribus,
1419 2537 1623 2579 beneficiatis,
1641 2537 1816 2578 abbatibus,
1840 2536 1951 2581 priori-

1209 2591 1278 2632 bus,
1289 2590 1574 2632 commendatariis,
1587 2590 1763 2632 abbatissis,
1780 2590 1950 2635 priorissis‚

1245 2709 1255 2735 1
1275 2707 1433 2744 Legendum
1449 2711 1475 2736 et
1489 2707 1532 2736 hic
1547 2707 1617 2737 soret
1631 2707 1658 2736 si
1673 2716 1730 2743 qua
1745 2708 1782 2742 (a.
1794 2708 1843 2741 T.).
