2269 3235
120 215 170 240 An.
187 213 215 240 C.
235 213 301 241 162AE

185 861 238 883 XVI.

154 887 183 907 De
199 889 246 909 luco
262 890 303 911 ele-

119 914 201 939 ctionis,
217 917 302 942 quando

119 945 180 970 pater
199 944 302 969 generalis

118 970 173 991 diem
182 970 261 991 claudit
270 976 303 992 ex-

116 1002 140 1018 ra
155 997 248 1018 Romam.

180 1610 243 1632 xvn.

146 1636 190 1661 Quo
210 1640 303 1664 tempore

119 1663 212 1684 ‹lt-beant
228 1670 303 1685 conxe-

119 1690 163 1711 uire
179 1691 289 1712 electores.

173 2093 246 2114 xviii.

146 2118 210 2140 Cuius
224 2120 264 2140 erit
275 2119 303 2139 in-

119 2146 191 2167 dicere
222 2149 303 2172 tempus

120 2175 141 2193 et
159 2173 214 2193 diem
234 2179 258 2193 ac
275 2173 304 2193 10-

119 2205 165 2220 cum
177 2200 294 2220 electionis.

926 213 1068 239 uanANUS

317 266 410 294 erunt
426 261 595 301 electores,
614 266 643 294 et
660 272 731 294 cum
750 262 811 294 sint
828 261 920 294 ambo
934 262 1057 295 italicae

316 314 514 358 provinciae,
539 325 619 359 quae
647 315 818 348 deberent¹
837 314 955 357 eligere
972 325 1058 348 com-

317 367 438 408 missos,
463 378 526 401 non
551 368 667 411 eligent
690 378 748 412 pro
769 368 827 400 hac
847 367 931 407 vice,
950 367 975 399 si
993 367 1060 401 Gal-

317 421 365 453 lus
384 420 488 462 suerit,
505 427 535 454 et
555 427 643 465 pater
659 421 815 464 generalis
832 420 923 454 obeat
940 420 971 452 in
988 431 1059 453 con-

318 478 411 507 ventu
435 474 655 508 Sanctissimae
687 473 867 513 Trinitatis,
897 478 1058 506 corrector

318 532 348 560 et
379 527 500 561 zelosus
529 528 673 562 similiter
703 532 795 562 erunt
826 527 1003 568 electores,
1029 532 1059 560 et

318 590 355 613 ex
388 581 487 615 Gallia
524 591 587 615 non
623 580 786 614 mittentur
821 580 1003 620 commissi;
1033 580 1057 613 si

318 633 495 678 Hispanus,
520 639 594 668 tune
619 644 701 667 unus
726 638 845 667 tantum
871 634 1059 667 commissus

319 687 421 720 veniet
440 698 475 720 ex
492 687 654 732 Hispania,
673 697 786 731 nempe
806 686 832 720 is
848 687 902 731 qui
925 687 1060 730 eligetur

318 740 357 772 ab
385 740 554 784 antiquiori
589 740 754 784 provincia
782 751 818 774 ex
858 740 997 781 duabus,
1026 746 1060 773 ut

318 804 415 838 supra
438 793 557 826 dictum
582 798 637 827 est.

361 847 401 880 At
435 847 460 879 si
496 846 686 890 eontigerit,
721 852 842 891 patrem
878 851 1059 894 generalem

318 899 406 933 obire
430 905 519 933 extra
538 900 680 941 Romam,
700 906 735 933 ut
758 907 843 945 puta,
861 903 936 937 dum
957 904 1061 937 visitat

317 953 506 998 provincias,
523 954 711 987 conveniant
728 965 836 989 omnes
853 957 1006 991 electores
1023 958 1061 990 ad

318 1013 506 1041 conventum
524 1008 774 1042 commodiorem
791 1021 850 1053 pro
867 1011 1059 1045 nationibus:

317 1061 454 1106 exempli
478 1062 590 1105 gratia,
609 1062 633 1095 si
651 1062 781 1097 decedat
799 1069 890 1107 pater
905 1065 1061 1107 generalis

317 1115 350 1149 in
374 1116 470 1157 ltalia,
488 1126 597 1150 omnes
615 1116 767 1150 electores
787 1117 913 1150 veniant
930 1118 968 1150 ad
985 1127 1060 1152 cot*

318 1172 444 1203 ventum
475 1169 680 1210 lanuensem,
705 1170 759 1213 qui
785 1175 831 1203 est
861 1170 892 1203 in
925 1171 1061 1205 confinio

319 1222 434 1263 Italiae,
455 1222 572 1256 Galliae
598 1227 628 1255 et
652 1222 836 1267 Hispaniae,
861 1224 887 1256 si
912 1224 944 1256 in
963 1224 1060 1258 Gallia

319 1276 509 1317 decesserit,
534 1275 645 1309 electio
669 1275 723 1309 siet
747 1276 778 1308 in
803 1281 958 1311 conventu
982 1277 1060 1311 Mas-

318 1328 447 1370 siliensi,
472 1329 526 1372 qui
550 1334 596 1362 est
620 1328 753 1362 vicinior
776 1329 845 1363 aliis
869 1330 1060 1371 nationibus,

318 1382 342 1414 si
367 1381 399 1414 in
424 1381 582 1426 Hispania,
608 1382 794 1415 conveniant
818 1382 856 1416 ad
876 1383 1060 1418 electionem

318 1434 350 1468 in
366 1439 522 1469 conventu
538 1435 801 1470 Barchinonensi:
816 1441 847 1470 et
863 1436 923 1470 hoc
937 1447 1062 1482 semper

318 1493 461 1522 servetur
490 1499 550 1533 pro
579 1489 691 1532 regula
714 1489 747 1522 in
771 1490 918 1524 omnibus
945 1490 1060 1524 futuris

319 1542 524 1576 electionibus
548 1542 656 1576 vicarii
680 1544 845 1586 generalis.

363 1596 440 1635 Quia
463 1606 538 1629 vero
563 1596 647 1630 Ordo
671 1596 759 1630 valde
782 1602 929 1631 extensus
954 1603 1010 1638 est,
1031 1603 1062 1631 et

319 1654 445 1693 oportet
465 1649 592 1694 aliquod
608 1650 761 1694 temporis
788 1650 922 1694 spatium
943 1650 982 1684 ad
1000 1651 1061 1684 hoc

319 1707 352 1738 ut
371 1714 456 1738 mors
475 1703 574 1748 patris
594 1704 750 1747 generalis
772 1704 827 1738 toti
844 1703 953 1737 Ordini
975 1704 1062 1738 inno-

319 1763 425 1798 tescat,
442 1757 569 1791 dabitur
593 1758 729 1802 spatium
746 1758 884 1803 quinque
904 1759 1061 1794 mensium

318 1824 335 1845 a
359 1812 409 1846 die
440 1812 544 1846 obitus
573 1812 671 1856 patris
703 1813 860 1856 generalis
891 1824 990 1859 usque
1022 1816 1061 1849 ad

318 1866 400 1899 diem
421 1866 597 1900 electionis:
619 1866 775 1900 sufficient
794 1867 877 1900 enim
895 1868 957 1902 duo
977 1879 1061 1902 men-

319 1930 368 1953 ses
392 1919 430 1953 ad
457 1920 680 1953 notificandam
697 1924 831 1955 mortem
862 1922 916 1956 toti
941 1922 1060 1963 Ordini,

319 1979 349 2008 ct
372 1973 530 2018 reliquum
559 1973 597 2007 ad
621 1974 682 2008 hoc
705 1980 739 2007 ut
763 1975 916 2009 electores
952 1987 1061 2010 conve-

318 2027 404 2060 niant
429 2027 467 2061 ad
491 2028 597 2061 locum
621 2027 792 2061 electionis.
897 2066 900 2067 ⁷

363 2081 522 2126 Spectabit
544 2081 582 2114 ad
606 2085 728 2126 patrem
753 2082 907 2126 collegam
932 2093 1062 2126 genera-

319 2136 392 2177 lem,
412 2135 465 2180 qui
490 2135 521 2168 in
546 2135 690 2169 manibus
711 2135 841 2170 habebit
865 2136 966 2180 sigilla
990 2138 1062 2171 reli-

318 2189 438 2233 gionis,
463 2189 574 2224 eodem
599 2195 760 2234 tempore,
784 2201 847 2234 quo
873 2190 1061 2234 significabit

320 2248 452 2277 mortem
478 2244 654 2288 generalis,
680 2244 774 2276 simul
798 2244 892 2277 etiam
922 2244 1060 2278 indicere

320 2302 443 2341 tempus
454 2302 484 2330 et
496 2297 590 2337 diem,
605 2308 640 2330 ae
654 2298 759 2331 locum
775 2308 870 2342 supra
880 2297 910 2331 in
928 2308 995 2342 cap.
1007 2308 1061 2332 XVI
1076 2318 1078 2348 f

319 2349 560 2384 determinatum
578 2351 701 2384 suturae
717 2351 889 2393 electionis,
912 2351 954 2384 ita
976 2352 1059 2396 quod
1076 2351 1077 2396 ζ

319 2413 445 2448 semper
469 2403 530 2437 sint
549 2405 686 2449 quinque
705 2414 828 2438 menses
847 2405 962 2448 integri
978 2405 1059 2439 inter

319 2457 439 2491 obitum
471 2462 502 2491 et
531 2458 615 2491 diem
643 2459 819 2499 electionis;
850 2459 1058 2504 provinciales
1076 2502 1077 2506 Ἰ

319 2522 394 2546 vero
418 2517 448 2545 et
467 2512 637 2553 commissi,
652 2513 708 2546 sub
725 2513 834 2558 poenis
854 2513 965 2547 iisdem
980 2524 1059 2558 quae

357 2584 367 2610 1
385 2583 428 2610 Sic
447 2582 512 2611 edit.
533 2592 636 2617 omnes,
655 2588 682 2611 at
702 2585 838 2612 videretur
858 2585 944 2621 potius
963 2586 1058 2620 legen-

320 2627 386 2655 dum
401 2627 523 2662 deberet,
536 2631 562 2656 et
578 2632 673 2664 postea
687 2628 770 2664 elissec
786 2638 834 2664 pro
844 2629 950 2664 eliyenc
961 2630 997 2665 [u.
1010 2630 1056 2665 T.).

481 2764 498 2778 Ὀ

1092 213 1147 237 vm
1173 215 1220 237 rr.
1736 206 1800 239 1159
1847 216 1894 242 An.
1916 215 1943 242 C.
1963 215 2032 243 1624

1091 267 1162 294 sunt
1175 259 1323 295 statutae¹
1339 264 1447 295 eontra
1461 262 1581 306 eosqui
1598 271 1660 295 non
1678 262 1833 296 intersunt

1092 315 1236 359 capitulis
1261 315 1471 358 generalibuS,
1488 315 1547 348 sint
1571 315 1700 359 obligati
1717 321 1832 349 statuto

1092 373 1233 411 tempore
1258 373 1439 412 praesentes
1463 378 1532 401 esse
1557 368 1586 401 in
1612 369 1692 409 loco,
1716 369 1746 401 in
1771 380 1833 412 quo

1092 420 1161 452 sieri
1186 421 1279 453 debet
1295 421 1405 455 electio
1425 422 1522 454 futuri
1540 421 1646 455 vicarii
1667 422 1832 465 generalis:

1093 472 1117 504 si
1142 473 1195 516 qui
1224 484 1297 506 vero
1323 475 1438 507 suerint
1462 475 1616 515 absentes,
1637 475 1743 518 elapso
1760 479 1834 508 tem-

1092 536 1168 570 pore
1193 527 1370 570 praefinito,
1388 528 1536 562 continuo
1560 533 1741 573 praesentes
1760 539 1834 572 pro-

1093 578 1205 611 cedant
1229 579 1267 612 ad
1291 580 1488 621 electionem,
1506 582 1641 626 amplius
1661 592 1724 616 non
1740 592 1834 627 expe-

1094 631 1216 665 ctando.

1137 685 1268 724 Quande
1292 696 1403 719 omnes
1433 686 1585 721 electores
1613 688 1833 730 convenerint,
1913 703 1966 724 xix.
2002 730 2004 732 v

1093 739 1286 783 praesidebit
1310 739 1340 772 in
1363 740 1499 784 capitulo
1523 746 1612 785 pater
1636 742 1757 785 collega
1781 753 1834 786 ge·
1850 729 2035 786 caiisun‘ffiiime'ii‘ff

1093 793 1219 834 neralis,
1237 793 1286 826 cui
1304 794 1472 827 commissa
1498 799 1569 827 sunt
1586 794 1687 837 sigilla
1701 795 1834 837 Ordinis,
1850 784 1927 804 ΜΝ

1094 847 1213 890 absque
1231 847 1337 891 aliquo
1358 852 1505 892 respectu
1521 848 1772 892 provincialium.

1139 900 1253 934 Omnes
1267 901 1420 935 electores
1438 903 1482 935 sic
1504 902 1670 936 coadunati
1687 908 1837 947 poterunt
1913 916 1963 945 ax.

1095 964 1131 986 ex
1157 959 1223 988 toto
1249 954 1364 988 Ordine
1386 954 1503 998 eligere
1520 955 1551 988 in
1571 955 1722 989 vicarium
1746 942 2036 999 g·ene-ta‘{⁰0¹1³.¹2²l¹¹}„⁹5}1

1094 1008 1193 1040 ralem
1224 1018 1317 1052 quem
1335 1008 1436 1051 magis
1452 1008 1601 1042 idoneum
1619 1009 1836 1051 iudicaverint,
1852 1002 1932 1044 mm„
1949 1002 2036 1022 ‘³⁰⁰⁸‘ae

1095 1061 1189 1094 etiam
1214 1072 1249 1095 ex
1275 1073 1409 1106 corpore
1435 1063 1576 1107 ipsorum
1601 1063 1785 1105 electorum,
1811 1064 1836 1097 si

1095 1114 1149 1158 qui
1172 1115 1254 1148 inter
1278 1115 1362 1159 ipsos
1386 1116 1486 1159 magis
1507 1127 1647 1161 capaces,
1664 1122 1694 1150 et
1713 1117 1751 1150 ad
1775 1117 1837 1150 hoc

1095 1167 1233 1201 officium
1258 1168 1358 1212 magis
1378 1169 1482 1202 idonei
1505 1169 1716 1214 reperiuntur.

1139 1220 1195 1259 Qui
1220 1231 1295 1255 vero
1316 1222 1434 1255 electus
1452 1222 1546 1256 fuerit
1562 1223 1594 1255 in
1617 1223 1770 1256 vicarium
1787 1233 1837 1267 ge-
1915 1234 1968 1256 xxi.

1094 1274 1254 1316 neralem‚
1279 1275 1383 1308 statim
1408 1276 1556 1319 fungetur
1584 1276 1688 1310 officio
1713 1287 1769 1310 suo
1793 1288 1837 1310 se·
1852 1261 2036 1318 ,gerng‘gffjssfg

1095 1328 1232 1361 cundum
1249 1329 1438 1372 exigentiam
1455 1330 1657 1373 negotiorum
1673 1330 1759 1363 iuxta
1777 1331 1838 1375 pri·
1853 1317 1923 1336 “mih

1095 1381 1208 1426 vilegia
1233 1382 1373 1416 eiusdem
1407 1382 1551 1425 Ordinis,
1577 1384 1655 1417 sicut
1686 1384 1837 1418 hactenus

1094 1435 1210 1468 factum
1234 1440 1289 1469 est.
1770 1427 1776 1434 ²

1139 1488 1249 1522 Statim
1269 1494 1363 1533 atque
1380 1489 1460 1522 sacta
1483 1489 1578 1523 suerit
1601 1490 1712 1524 electio
1729 1490 1837 1525 vicarii
1912 1502 1974 1524 xxii.

1095 1542 1270 1584 generalis,
1296 1541 1451 1576 curabunt
1474 1548 1580 1586 patres
1605 1543 1780 1585 electores,
1805 1549 1838 1577 ut
1854 1528 2039 1585 iimi'eeflessss't'ii‘iiig

1095 1594 1276 1628 notificetur
1296 1605 1353 1638 per
1377 1605 1487 1629 omnes
1506 1595 1685 1640 provincias
1702 1595 1837 1638 Ordinis,
1853 1588 1927 1631 1¹.¹s⁰.²¹¹¹¹
1951 1587 2037 1608 gener*

1095 1653 1126 1681 et
1150 1649 1221 1683 ideo
1245 1649 1369 1683 mittent
1393 1649 1431 1682 ad
1456 1660 1565 1684 omnes
1583 1655 1688 1695 patres
1712 1651 1838 1695 provin-

1096 1703 1189 1736 ciales
1213 1703 1409 1738 authenticas
1433 1704 1553 1738 litteras
1578 1704 1739 1738 electionis
1764 1714 1782 1737 a
1806 1715 1837 1737 se

1095 1758 1203 1790 factae.

1140 1811 1259 1845 Iustum
1285 1815 1341 1853 est,
1366 1817 1400 1845 ut
1422 1816 1528 1856 patres
1552 1812 1690 1855 collegae
1711 1821 1839 1856 genera·
1871 1849 1886 1867 Π
1905 1822 1985 1852 ,xxiii

1095 1864 1133 1898 lis
1150 1865 1384 1898 conveniantad
1395 1866 1500 1899 locum
1515 1865 1677 1899 electionis
1694 1866 1838 1910 expensis
1854 1850 2038 1915 ςΠῑξῗὲῖῗῗεξχῗιῖἓῖ

1095 1929 1224 1952 suarum
1245 1919 1418 1963 respective
1442 1919 1621 1953 nationum:
1640 1924 1746 1963 patres
1763 1930 1838 1953 vero
1854 1902 1979 1951 ὲῗῑᾎῗέὧῗά
1995 1903 2036 1923 Μ’

1094 1972 1304 2016 provinciales
1321 1977 1350 2006 et
1369 1972 1530 2006 commissi
1548 1972 1692 2017 expensis
1709 1983 1837 2007 suarum

1094 2026 1342 2070 provinciarum,
1360 2026 1452 2060 sicuti
1472 2026 1507 2060 fit
1524 2026 1555 2060 in
1579 2026 1723 2071 capitulis
1748 2037 1839 2071 gene-

1094 2080 1226 2113 ralibus.

1139 2133 1169 2167 Si
1193 2138 1283 2179 pater
1307 2134 1462 2178 generalis
1479 2133 1571 2167 obeat
1589 2139 1661 2178 post
1679 2135 1837 2180 expletum
1892 2144 2038 2196 Qffiiffid'n-

1094 2188 1335 2233 quadriennium
1361 2188 1408 2222 sui
1432 2188 1543 2229 officii,
1569 2192 1643 2222 tunc
1674 2189 1694 2222 ii
1723 2189 1839 2234 eligent
1854 2199 1902 2252 233¹
1919 2185 2039 2250 pigtcssas223

1095 2243 1246 2276 vicarium
1267 2243 1458 2286 generalem,
1475 2242 1529 2287 qui
1548 2242 1630 2276 tam²
1649 2242 1724 2276 olim
1744 2243 1839 2288 depu-
1854 2252 1939 2299 ιςιὶιιιὲειιὲῑὲι
1971 2251 2038 2299 effigi

1094 2297 1149 2330 tati
1174 2297 1302 2331 fuerunt
1318 2307 1336 2330 a
1352 2297 1489 2341 capitulo
1506 2296 1645 2340 generali
1666 2297 1837 2339 Paulitano,
1853 2312 1908 2326 mum
1933 2307 1980 2331 post
2004 2311 2038 2325 ex·

1095 2351 1210 2396 quibus
1234 2350 1445 2394 adiungentur
1469 2354 1558 2395 pater
1574 2350 1776 2394 provincialis
1793 2350 1838 2383 vi-
1853 2334 1970 2406 &iiiiii'iltutn
1979 2337 2039 2400 ξ’ἶῗιῖ

1096 2405 1224 2438 cinioris
1248 2404 1429 2449 provinciae
1448 2415 1520 2438 cum
1538 2404 1602 2437 suis
1618 2404 1760 2448 patribus
1777 2405 1839 2438 col-
1854 2391 1952 2412 “mem
1963 2391 1975 2406 ⁰
1990 2400 1994 2405 ’

1094 2458 1172 2501 legis
1186 2484 1193 2498 ,
1221 2462 1257 2491 ut
1287 2458 1387 2491 maior
1418 2458 1457 2491 sit
1487 2462 1632 2492 votorum
1665 2468 1815 2492 numerus
1832 2470 1837 2491 2

1094 2512 1119 2544 si
1145 2522 1219 2545 vero
1242 2511 1337 2544 suerit
1364 2511 1571 2555 discrepantia
1585 2538 1592 2552 ,
1617 2521 1770 2556 quaenam
1800 2512 1840 2545 sit

1133 2586 1142 2610 1
1157 2583 1228 2610 Edit.
1240 2582 1318 2609 Main.
1329 2586 1357 2609 et
1367 2582 1434 2609 aliae
1445 2582 1509 2610 edit.
1521 2582 1623 2610 habent
1632 2585 1742 2611 statuta
1749 2583 1837 2618 (R.T-).

1132 2628 1148 2655 2
1164 2627 1267 2657 Forsan
1282 2628 1426 2663 legendum
1442 2628 1504 2656 iam
1519 2635 1569 2664 pro
1586 2630 1646 2656 {am
1664 2628 1699 2664 (a.
1717 2629 1766 2663 12).
