2269 3235
249 254 297 279 Λι..
319 253 347 279 c.
367 251 434 280 16⁶2ss
480 241 521 275 [12

284 1267 379 1293 Vtilitatis
394 1269 440 1286 tan-

257 1295 303 1315 dem
312 1300 349 1320 per
357 1294 440 1314 univer-

257 1328 301 1341 sum
312 1322 384 1341 orbem
395 1320 439 1339 eius

257 1348 364 1368 miraculis
373 1363 377 1368 .
394 1346 440 1366 rhi-

258 1375 326 1399 lippus
335 1374 360 1394 tlt
369 1373 443 1398 Hispa-

257 1406 339 1421 niarum
355 1405 389 1419 rex
413 1405 441 1419 in-

259 1429 300 1446 stat
319 1432 356 1451 pro
379 1431 441 1445 cano·

258 1453 377 1474 nizzitisine,
404 1457 441 1477 pro

259 1485 300 1506 qua
310 1480 386 1499 Paulus
398 1479 411 1497 V
423 1480 440 1497 et

259 1505 373 1531 Gregorius
406 1504 441 1525 XV

259 1533 360 1552 miracuta
371 1534 391 1551 et
401 1532 442 1551 alia

259 1558 380 1579 necessaria
395 1564 443 1578 exa-

259 1584 358 1605 minanda
407 1584 443 1605 dc-

260 1611 391 1632 mandarunt.

445 304 503 333 rat.
529 297 655 332 Medicis
682 297 787 340 itaque
811 296 849 328 dc
873 295 940 328 eius
964 294 1026 327 vita
1051 292 1189 326 diffiden-

447 353 541 393 tibus,
567 361 636 384 cum
661 349 698 382 ad
724 347 981 381 intercessionem
1007 345 1114 379 famuli
1134 345 1188 378 Dei

447 404 604 438 Francisci
630 413 723 446 aeger
748 400 960 444 confugisset,
985 399 1095 432 eadem
1116 398 1190 431 ima-

447 459 520 502 gine
544 468 659 501 corpus
684 466 773 488 suum
799 455 831 487 in
862 454 996 487 sormam
1025 452 1128 486 erucis
1153 452 1190 484 si-

448 515 613 554 gnaverat,
631 514 661 541 et
680 518 803 552 aquam,
820 507 852 540 in
877 517 937 551 qua
954 506 1063 539 eadem
1088 515 1190 538 mersa

448 565 559 604 suerat,
577 562 731 595 ebiberat:
751 561 905 604 talemque
925 559 1048 592 divinae
1067 558 1191 592 virtutis

449 620 588 650 senserat.
612 615 768 655 effectum,
790 619 825 646 ut
849 613 930 646 intra
954 611 1049 645 tridui
1070 615 1192 655 tempus

451 670 489 702 ab
513 668 658 702 omnibus
688 666 808 700 morbis
840 665 1006 699 incolumis
1036 665 1191 707 integram

452 727 663 766 consequutus
687 721 795 753 suisset
819 719 992 753 sanitatem.

496 775 708 809 Eiusdemmct
734 773 821 807 Servi
852 773 906 806 Dei
938 772 1083 815 imaginis
1107 782 1194 816 prae-

452 834 571 863 sentem
597 833 767 871 agnoverat
798 827 944 860 virtutem
974 826 1070 859 Maria
1101 825 1192 858 Diaz:

453 886 571 926 septem
596 881 709 915 etenim
733 880 821 913 annis
845 879 1027 913 caecitatem
1051 889 1087 911 ac
1106 888 1194 922 para-

453 937 544 981 lysim
568 945 729 979 perpessa,
751 934 875 976 signum
901 933 1003 965 crucis
1027 931 1196 964 debilitatis

453 989 604 1022 memhris
621 988 840 1031 impresserat,
855 995 952 1028 caque
967 984 1108 1016 eiusdem
1122 983 1197 1015 ima-

453 1042 535 1086 ginis
560 1040 762 1073 immersione
792 1040 872 1082 aqua
903 1037 1095 1071 sanctificata
1118 1037 1197 1069 lave-

453 1100 522 1128 rat:
546 1093 680 1127 necdum
712 1098 834 1136 septem
858 1091 1086 1135 praeterierant
1110 1090 1196 1130 dies,

454 1159 525 1182 eum
551 1147 716 1181 oculorum
742 1147 859 1184 lumen,
879 1156 914 1177 ac
933 1145 1029 1178 totius
1053 1144 1198 1188 eorporis

454 1201 580 1235 caelesti
600 1201 682 1233 dono
700 1202 863 1242 acceperat
880 1197 1138 1231 incolumitatem.

500 1255 515 1298 ἓ
539 1253 567 1287 5.
593 1252 734 1295 llincque
759 1251 875 1284 sactum
900 1255 977 1289 erat,
997 1255 1040 1290 ut,
1057 1260 1129 1282 eum
1153 1253 1199 1282 tot

456 1307 610 1350 tantisque
628 1306 725 1349 signis
742 1305 873 1338 Servum
892 1313 982 1336 suum
1000 1303 1199 1346 omnipotens

457 1362 538 1394 Deus
551 1360 582 1392 in
596 1359 726 1391 brachio
744 1358 867 1390 excelso
884 1356 1080 1398 clarificaret,
1098 1361 1127 1388 et
1143 1366 1199 1400 per

457 1414 640 1446 universum
661 1412 721 1444 iam
740 1415 896 1445 terrarum
918 1410 1027 1443 orbem
1044 1413 1090 1443 tot
1109 1409 1200 1442 mira-

457 1467 567 1499 bilium
591 1465 758 1509 praeconia
783 1465 886 1506 longe,
902 1464 1025 1507 lateque
1044 1462 1199 1495 diffunde-

458 1524 577 1561 rentur,
591 1530 626 1551 ac
640 1523 810 1562 propterea
824 1527 886 1550 11011
900 1517 1001 1549 50111111
1016 1516 1200 1548 christifide-

458 1573 534 1605 lium
548 1582 623 1615 erga
640 1572 743 1615 ipsum
753 1570 877 1603 devotio
895 1579 1009 1612 magna
1026 1569 1201 1612 susciperet

459 1627 669 1665 incrementa,
694 1624 746 1657 sed
776 1624 948 1656 multorum
973 1623 1065 1656 etiam
1090 1622 1200 1655 infide-

459 1680 535 1713 lium
561 1678 656 1712 corda
686 1677 724 1710 ad
756 1676 1010 1720 cognoscendum
1043 1676 1141 1708 Deum
1163 1680 1201 1708 et

460 1732 627 1766 Dominum
651 1736 796 1764 nostrum
821 1730 923 1763 lesum
947 1729 1104 1763 Christum
1129 1728 1200 1761 illu-

461 1787 673 1825 minarentur,
690 1785 821 1817 loannes
838 1783 1013 1816 Lusitaniae
1034 1783 1097 1816 Rex
1113 1792 1202 1826 prae-

461 1840 573 1880 dictus,
587 1839 653 1871 zelo
670 1837 845 1871 devotionis
861 1845 1021 1876 accensus,
1036 1835 1201 1876 institerat,

461 1898 536 1926 uta
568 1891 699 1925 diversis
728 1891 872 1924 locorum
903 1888 1077 1922 Ordinariis
1108 1898 1202 1932 super

462 1947 528 1980 eius
547 1946 707 1979 sanctitate
733 1950 763 1978 et
787 1943 947 1977 miraculis
966 1953 1132 1987 processus
1152 1942 1203 1975 sie-

461 2005 540 2034 rent.
570 1999 627 2039 Qui
659 2009 731 2031 cum
763 1998 930 2041 diligenter
962 2006 1078 2029 munus
1110 2006 1202 2029 suum

463 2054 681 2098 explevissent,
698 2063 733 2086 ac
749 2051 992 2096 procedentibus
1011 2050 1203 2094 temporibus

462 2108 567 2142 omnia
584 2111 651 2141 acta
669 2107 706 2139 ad
723 2107 802 2139 hauc
818 2105 962 2138 Sanctam
979 2104 1090 2138 Sedem
1108 2109 1204 2136 trans-

464 2162 558 2195 missa
577 2161 720 2202 fuissent,
738 2159 922 2193 recolendae
942 2158 1114 2191 memoriae
1130 2158 1205 2190 Pau-

464 2216 511 2247 lus
525 2216 607 2256 rapa
616 2214 649 2253 V,
661 2214 752 2246 0113111
767 2212 989 2256 praedecessor
1002 2216 1118 2251 noster,
1132 2216 1205 2244 111110

466 2279 551 2309 suus,
570 2269 699 2301 instante
720 2277 777 2310 pro
794 2266 880 2299 Servi
901 2265 954 2298 Dei
971 2265 1206 2298 canonizatione

468 2322 559 2354 etiam
578 2322 680 2354 clarae
697 2319 867 2353 memoriae
882 2319 1025 2363 Philippo
1044 2318 1083 2351 III
1101 2318 1208 2362 Hispa-

467 2377 590 2407 uiarum
620 2380 695 2417 rege
720 2373 873 2406 catholico
889 2399 896 2413 ‚
921 2371 1081 2415 deputavit
1105 2372 1207 2404 bonae

469 2427 639 2461 111011101130
670 2427 832 2460 Horatium
864 2427 1109 2466 Laneellottum,
1134 2430 1208 2458 tune

470 2482 565 2515 Rotae
589 2481 783 2521 auditorem,
808 2491 907 2524 eoque
933 2479 971 2512 ad
1001 2479 1208 2512 cardinalatus

470 2536 622 2568 honorem
644 2535 826 2574 sublimato,
851 2534 997 2566 dilectum
1023 2533 1122 2566 lilium
1147 2534 1208 2566 Ma-

471 2589 605 2631 gistrum
630 2588 775 2619 loauneui
801 2587 968 2630 Baptistam
990 2587 1156 2620 Coecimim
1178 2597 1209 2617 e-

473 2641 591 2675 iusdem
610 2642 704 2674 lictae
728 2641 892 2680 decanum,
917 2646 946 2674 et
971 2641 1086 2684 pariter
1111 2641 1211 2674 bonae

1027 245 1206 270 nULLAntUM
1231 243 1383 268 ROMANUM

1221 291 1393 326 memoriae
1430 290 1633 323 Franciscum
1669 289 1855 331 Sacratum,
1887 294 1961 322 tunc

1222 345 1492 389 archiepiscopum
1510 343 1747 383 Damascenum‚
1764 346 1795 374 et
1809 341 1961 383 auditoris

1222 399 1318 432 Rotae
1335 398 1610 436 locumtenentem‚
1635 405 1671 428 ac
1694 394 1806 428 deinde
1829 394 1858 428 S.
1875 395 1910 428 R.
1927 395 1960 428 E.

1223 451 1423 485 cardinalem:
1437 451 1491 494 qui
1505 455 1535 483 et
1547 449 1692 493 antiquos
1708 457 1876 492 processus
1892 458 1962 481 exa-

1224 506 1389 546 minarent,
1406 509 1437 537 ct
1459 514 1557 537 novos
1582 501 1766 536 auctoritate
1790 501 1962 545 apostolica

1224 558 1398 599 faciendos,
1422 562 1578 602 quatenus
1608 556 1683 601 ipsis
1708 554 1885 596 videretur,
1910 554 1963 588 de-

1224 614 1406 652 cernerent,
1419 616 1513 654 atque
1529 609 1636 644 omnia
1648 609 1749 642 eidem
1762 608 1859 641 Paulo
1876 618 1965 652 prae-

1225 665 1382 699 decessori
1398 666 1460 698 una
1477 673 1548 696 cum
1567 673 1676 696 eorum
1694 661 1848 695 sententia
1872 661 1966 694 reser-

1225 724 1303 752 rent.
1317 719 1374 758 Oui
1391 718 1511 751 litteras
1526 716 1755 750 remissoriales
1772 715 1810 749 ad
1824 715 1965 749 diversos

1226 772 1391 816 praelatOS‚
1416 771 1446 803 in
1470 769 1707 814 Hispaniarum,
1731 768 1907 802 Lusitaniae
1931 778 1967 802 ac

1227 825 1385 858 Indiarum
1404 823 1511 867 regnis
1531 823 1726 865 constitutos,
1747 822 1965 855 decreverant:

1227 882 1319 921 atque
1344 877 1403 921 ipsi
1428 876 1555 910 interim
1584 876 1616 908 in
1641 876 1728 909 curia
1752 885 1850 909 novos
1874 879 1968 908 testes

1228 930 1452 962 examinarant.
1485 929 1626 972 Cumque
1660 920 1813 972 praedicti
1849 928 1969 962 iudices

1229 981 1371 1025 partibus
1387 981 1451 1013 suis
1474 981 1629 1024 perfuncti
1646 986 1759 1022 essent,
1784 981 1902 1015 eisdem
1919 991 1969 1014 au-

1229 1035 1383 1068 ditoribus
1406 1044 1573 1078 processus
1597 1043 1615 1066 a
1634 1043 1667 1066 se
1686 1034 1845 1068 confectos
1869 1038 1969 1069 trans-

1230 1088 1393 1122 miserunt.
1410 1087 1484 1129 Qui,
1502 1086 1649 1120 omnibus
1673 1088 1796 1120 summa
1819 1098 1891 1121 cum
1907 1099 1971 1122 ma-

1231 1141 1357 1176 turitate
1380 1151 1438 1185 per
1461 1140 1635 1185 plurimum
1659 1139 1813 1184 temporis
1837 1140 1971 1184 spatium

1232 1196 1279 1238 (ut
1302 1194 1419 1237 negotii
1437 1193 1573 1237 gravitas
1588 1193 1779 1237 postulabat)
1797 1193 1973 1227 considera-

1232 1248 1270 1282 tis
1283 1259 1318 1282 ac
1331 1247 1506 1292 perpensis,
1517 1246 1618 1279 eidem
1628 1246 1724 1280 Paulo
1734 1246 1971 1290 praedecessori

1232 1302 1415 1341 retulerant,
1432 1300 1517 1333 iuxta
1535 1299 1759 1333 canonicarum
1776 1300 1972 1334 sanctionum

1232 1354 1358 1387 decreta
1382 1352 1505 1386 abunde
1530 1357 1674 1385 constare
1699 1352 1738 1385 de
1762 1352 1843 1385 vitae
1862 1353 1974 1386 sancti-

1233 1406 1360 1448 monia,
1388 1417 1424 1439 ac
1456 1406 1578 1439 eximiis
1610 1405 1778 1439 virtutibus
1809 1406 1891 1439 servi
1919 1406 1972 1439 Dei

1233 1461 1409 1501 Francisci3
1434 1461 1536 1505 deque
1561 1460 1733 1501 miraculis,
1752 1471 1832 1504 quae
1856 1465 1918 1495 tam
1937 1471 1974 1495 eo

1233 1515 1365 1555 vivente,
1390 1524 1483 1558 quam
1508 1519 1579 1558 post
1604 1514 1726 1547 felicem
1752 1514 1819 1547 eius
1842 1514 1974 1556 obitum,

1234 1569 1300 1602 eius
1317 1568 1435 1603 meritis
1453 1573 1483 1601 et
1504 1567 1792 1609 intercessionibus,
1810 1568 1891 1602 Deus
1912 1579 1976 1602 om-

1232 1623 1377 1667 nipotens
1401 1623 1526 1667 operari
1550 1622 1696 1665 dignatus
1720 1626 1803 1656 erat:
1829 1622 1975 1666 dignum-

1234 1686 1294 1720 que.
1307 1676 1417 1717 videri,
1431 1676 1455 1709 si
1473 1676 1574 1709 eidem
1588 1676 1736 1719 placeret,
1750 1680 1785 1708 ut
1803 1676 1835 1709 in
1852 1676 1976 1711 Sancto-

1234 1740 1305 1762 rum
1321 1729 1542 1762 Consessorum
1563 1729 1706 1772 catalogo
1731 1728 1974 1763 adscriberetur.

1234 1783 1373 1826 Cumque
1398 1783 1523 1816 interim
1543 1782 1724 1826 praedictus
1748 1782 1863 1816 Paulus
1886 1793 1976 1827 prae-

1235 1836 1380 1870 decessor
1397 1836 1601 1870 humanitatis
1614 1836 1753 1870 debitum
1766 1837 1976 1881 persolvisset,

1235 1893 1265 1920 et
1288 1887 1467 1931 praedictus
1492 1888 1664 1931 Gregorius
1688 1887 1915 1932 praedeeessor
1939 1888 1978 1921 ad

1236 1941 1315 1974 sacri
1332 1941 1524 1985 apostolatus
1544 1941 1665 1985 apicem
1685 1941 1790 1974 divina
1814 1941 1979 1985 providen-

1236 1994 1277 2026 tia
1301 1999 1480 2038 assumptus
1503 1994 1628 2034 suisset;
1653 2004 1689 2027 ae
1712 2004 1771 2038 pro
1795 1998 1883 2038 parte
1908 1995 1978 2027 clia-

1237 2048 1352 2080 rissimi
1382 2048 1414 2080 in
1441 2048 1565 2082 Christo
1589 2048 1646 2081 sitii
1669 2048 1787 2089 nostri,
1810 2052 1886 2081 tunc
1910 2048 1955 2081 sui
1970 2076 1977 2089 ‚

1239 2101 1373 2146 Philippi
1398 2101 1437 2134 ΙΙΙ
1462 2101 1683 2146 Hispaniarum
1715 2101 1800 2145 regis
1831 2101 1978 2135 catholici

1240 2155 1389 2188 instanter
1420 2156 1590 2199 requisitus
1621 2160 1719 2196 esset,
1750 2161 1785 2188 ut
1814 2156 1977 2200 negotium

1239 2208 1419 2242 huiusmodi
1433 2218 1632 2252 promovere,
1646 2219 1682 2241 ac
1695 2208 1733 2241 ad
1747 2208 1897 2243 ulteriora
1909 2220 1980 2253 pro-

1240 2262 1351 2295 cedere
1365 2262 1564 2305 dignaretur3
1579 2262 1826 2307 accederentque
1844 2263 1980 2297 aliorum

1240 2315 1430 2360 principum,
1455 2327 1491 2349 ac
1514 2317 1740 2361 praelatorum,
1757 2320 1788 2351 et
1810 2317 1906 2350 totius
1930 2318 1979 2350 In-

1241 2371 1309 2403 diae
1334 2370 1408 2403 clcri
1430 2370 1511 2403 idem
1537 2371 1720 2415 suppliciter
1744 2370 1980 2414 exposcentium

1241 2434 1367 2468 preces;
1381 2424 1558 2467 praedictus
1571 2424 1743 2467 Gregorius
1756 2424 1981 2469 praedecessor

1243 2483 1275 2510 ut
1293 2478 1323 2510 in
1341 2488 1374 2510 re
1393 2482 1453 2510 tam
1480 2478 1566 2521 gravi
1585 2481 1631 2519 ea,
1647 2489 1709 2523 qua
1725 2478 1865 2520 decebat,
1883 2483 1981 2511 matu—

1243 2532 1333 2565 ritate
1346 2532 1602 2576 progrederetur,
1616 2532 1850 2577 praedictorum
1863 2532 1982 2565 audito-

1244 2597 1313 2619 rum
1328 2585 1511 2619 relationem
1527 2586 1564 2617 ad
1578 2592 1701 2619 sanetae
1710 2587 1869 2620 Romanae
1879 2585 1982 2619 Eccle-

1245 2640 1306 2671 siae
1331 2639 1515 2677 cardinales,
1533 2639 1630 2673 sacris
1654 2640 1766 2675 ritibus
1790 2639 1981 2684 praefectos,

1975 240 2022 267 An.
2045 241 2071 267 C.
2091 239 2158 268 1623
