2269 3235
254 260 302 287 An.
319 259 346 287 c
367 260 432 287 ¹627
479 250 542 285 53ss

277 324 305 343 Pa
296 328 347 349 pan
357 323 393 342 ahs
393 322 440 368 ‘pulu-

255 352 306 370 Ιιιιιιι
308 356 390 369 uiuunt

256 383 291 402 per
282 376 307 396 -ι1

255 410 291 449 Ἱιιι
358 409 438 422 ι-ιιι,ι,

295 432 356 449 1.,ιϊ11·

255 456 395 482 promiscum.

278 1763 392 1783 Comaru<
403 1762 448 1788 qui-

264 1790 394 1816 buscumque
413 1789 448 1809 de-

264 1820 331 1843 rogat.

473 307 570 352 §04
573 307 797 345 boemianus,
810 308 1073 349 acprotestantes,
1088 313 1194 347 quam-

397 383 420 395 ι-ι
424 360 590 404 swuuiqm
617 359 863 399 absolutiomm,
888 357 983 390 (tiam
1011 357 1194 390 solemnitci

399 412 439 449 ιἰζιιι
455 426 512 458 per
536 424 592 447 nos
617 412 800 452 saciemluu,
819 423 866 455 ιιι-ι
859 410 996 444 widictos
1016 420 1194 443 excommu-

453 468 573 500 nicatos
598 466 654 499 sub
682 465 902 509 praesentibus
926 464 1193 508 comprehensos,

454 521 513 553 nisi
538 520 627 564 prius
651 530 667 551 a
694 518 884 562 praemissis,
903 528 975 551 cum
992 527 1067 550 vero
1084 527 1195 561 propo-

454 573 513 605 sito
531 572 662 606 ulterius
679 571 794 604 similia
812 581 876 604 non
900 570 1127 611 committendi,
1145 569 1195 603 de-

454 626 600 665 stiterint,
626 635 660 658 ac
686 624 802 668 (quoad
830 635 901 665 eos,
928 624 981 668 qui
1013 628 1122 657 contra
1147 633 1195 657 ec-

454 679 658 711 clesiasticam
684 678 878 720 libertatem,
905 683 938 710 ut
962 676 1194 721 praemittitur,

455 738 569 765 statuta
593 732 736 775 fecerint)
761 731 820 764 nisi
845 731 932 775 prius
956 734 1086 770 statuta,
1111 729 1195 763 ordi-

454 786 614 826 nationes,
640 785 893 824 constitutiones,
919 783 1141 828 pragmaticas,
1166 787 1196 816 et

456 840 580 873 decreta
608 838 787 872 huiusmodi
819 838 944 882 publice
968 836 1195 878 revocaverint,

456 899 485 927 et
502 904 538 927 ex
555 893 703 926 archiviis
721 903 777 925 seu
796 891 1025 935 capitularibus
1041 890 1129 932 locis,
1144 894 1197 922 aut

456 948 555 990 libris,
574 948 605 980 in
621 947 734 991 quibus
751 946 896 978 adnotata
913 944 1124 988 reperiuntur,
1142 943 1196 977 de-

456 1002 514 1034 leri
535 1005 563 1035 et
588 1000 714 1039 cassari,
731 1010 767 1033 ac
784 1009 841 1032 nos
861 998 898 1031 de
923 997 1125 1031 revocatione
1142 997 1197 1030 hu-

457 1054 593 1087 iusmodi
617 1053 768 1086 certiores
793 1052 933 1093 fecerint,
955 1062 1008 1084 eos
1032 1061 1096 1084 non
1116 1061 1197 1084 com-

458 1107 665 1152 prehendere,
686 1117 742 1139 nec
758 1106 803 1138 eis
816 1106 906 1138 aliter
929 1104 1106 1147 suffragari,
1122 1103 1197 1148 quin

457 1161 551 1194 etiam
577 1171 634 1204 per
659 1159 839 1193 huiusmodi
872 1158 1120 1198 absolutionem,
1145 1162 1198 1190 aut

457 1224 674 1260 quoscumque
688 1213 765 1246 alios
779 1217 865 1247 actus
886 1211 1072 1254 contrarios,
1090 1211 1198 1245 tacitos

458 1268 506 1301 vel
531 1278 706 1311 expressos,
724 1277 759 1299 ac
783 1266 877 1299 etiam
895 1276 951 1309 per
967 1265 1149 1309 patientiam
1170 1270 1199 1297 et

458 1321 655 1356 tolerantiam
674 1326 824 1361 nostram,
843 1320 891 1353 vel
912 1329 1131 1352 successorum
1147 1329 1200 1352 no-

458 1381 597 1409 strorum
611 1381 865 1419 quantocumque
879 1379 1022 1418 tempore
1037 1373 1199 1406 continua-

458 1435 539 1473 tam,
565 1430 597 1462 in
621 1429 801 1474 praemissis
826 1428 974 1461 omnibus
999 1433 1029 1461 et
1053 1427 1200 1471 singulis,

459 1495 494 1518 ae
519 1484 769 1528 quibuscumque
794 1482 915 1515 iuribus
940 1481 1027 1515 Sedis
1047 1481 1202 1525 Apostoli-

460 1549 525 1579 eae,
546 1549 581 1571 ac
599 1543 722 1571 sanetae
740 1538 898 1569 Romanae
920 1535 1087 1574 Ecclesiae,
1104 1534 1201 1567 unde-

461 1602 596 1635 cumque
628 1596 657 1623 et
687 1590 949 1634 quandocumque
981 1588 1130 1632 quaesitis
1154 1589 1201 1621 vel

461 1644 658 1688 quaerendis,
679 1644 857 1676 nullatenus
882 1642 1091 1686 praeiudicari
1111 1652 1202 1685 posse

463 1704 516 1731 aut.
540 1698 665 1730 debere.

508 1751 522 1794 ξ
546 1750 598 1783 25.
623 1751 691 1783 Non
720 1749 915 1782 obstantibus
942 1747 1129 1792 privilegiis,
1155 1747 1202 1780 in-

464 1803 642 1847 dulgentiis,
667 1803 805 1844 indultis,
826 1808 856 1835 et
884 1802 995 1835 litteris
1023 1800 1202 1845 apostolicis

464 1857 663 1901 generalibus
673 1856 720 1889 vel
732 1855 928 1899 specialibus,
942 1854 1141 1899 supradictis,
1156 1854 1204 1886 vel

464 1922 574 1944 eorum
599 1910 709 1951 alicui,
730 1920 785 1942 seu
817 1909 972 1952 aliquibus
997 1908 1075 1949 aliis,
1105 1907 1206 1941 cuius-

443 1978 446 1981 ·
464 1975 598 2009 cumque
616 1963 745 2004 ordinis,
764 1968 859 1995 status
881 1962 927 1995 vel
946 1961 1142 1995 conditionis.
1160 1961 1206 1993 di-

465 2018 591 2062 Onitatis
609 2022 636 2050 et
652 2016 916 2061 praeeminentiae
933 2015 1059 2055 suerint,
1074 2015 1205 2055 etiamsi,

464 2078 498 2105 ut
514 2083 562 2116 pi
554 2077 735 2107 ‘temittitui
760 2069 943 2114 pontificali,
953 2069 1135 2127 imperiali,
1155 2079 1206 2101 re-

465 2127 537 2170 gali,
562 2136 617 2158 seu
636 2125 744 2169 quavis
769 2123 982 2157 ecclesiastica
998 2129 1028 2156 et
1036 2111 1219 2172 mundana

465 2180 681 2224 praelulgeant
706 2178 872 2221 dignitate,
894 2177 941 2209 vel
958 2187 1069 2209 eoium
1090 2176 1207 2219 legnis,

466 2233 646 2278 provinciis,
673 2232 851 2265 civitatibus
875 2242 931 2264 seu
955 2231 1031 2264 locis
1051 2241 1069 2263 a
1088 2230 1209 2275 praedi-

468 2289 517 2321 cta
535 2287 621 2328 Sede,
637 2298 672 2319 ex
687 2285 795 2330 quavis
815 2287 920 2325 causa,
942 2285 1035 2318 etiam
1052 2294 1110 2329 per
1126 2284 1208 2317 viam

469 2344 666 2380 contractus,
695 2345 748 2371 aut
783 2338 1065 2378 remunerationis,
1090 2342 1120 2370 et
1150 2337 1208 2370 sub

469 2394 577 2439 quavis
602 2394 662 2426 alia
686 2394 788 2427 forma
809 2399 839 2425 et
863 2396 981 2433 tenore,
1002 2403 1037 2425 ac
1055 2402 1127 2425 cun]
1144 2392 1209 2436 qui-

469 2448 574 2481 busvis
587 2447 744 2489 clausulis,
762 2447 854 2481 etiam
869 2445 1143 2489 derogatoriarum
1161 2445 1210 2479 dc-

471 2502 649 2545 rogatoriis,
666 2501 832 2542 concessis,
853 2500 945 2535 etiam
968 2499 1209 2541 continentibus,

472 2556 554 2599 quoa}
579 2554 855 2595 excommunicari,
880 2553 1137 2587 anathematizari
1162 2553 1210 2586 vel

474 2608 615 2641 interdici
640 2619 702 2641 non
726 2608 847 2652 possint
870 2619 926 2652 per
945 2608 1065 2641 litteras
1089 2610 1212 2651 aposto-

473 2672 525 2695 cas
548 2672 611 2696 non
639 2662 786 2696 facientes
818 2662 944 2708 plenam
969 2666 999 2696 et
1031 2671 1211 2707 expressam

1026 254 1204 279 BULLARIUM
1228 253 1382 279 ROMANUM

1969 251 2018 280 An.
2037 251 2068 280 G.
2088 251 2156 280 ¹627

1227 312 1262 335 ac
1287 301 1326 335 de
1355 300 1454 335 verbo
1483 300 1521 334 ad
1544 300 1677 334 verbum
1707 299 1750 335 de'
1773 299 1961 346 privilegiis,

1228 355 1430 399 indulgentiis
1455 360 1485 388 et
1509 354 1638 388 indultis
1662 354 1853 395 huiusmodi,
1870 365 1905 388 ac
1924 354 1963 387 dc

1227 409 1400 450 ordinibus,
1426 408 1513 448 locis,
1533 407 1715 441 nominibus
1739 407 1886 451 propriis,
1910 417 1962 441 co-

1228 462 1428 505 gnominibus
1453 466 1483 495 et
1507 461 1710 505 dignitatibus
1735 471 1845 494 eorum
1870 471 1961 493 men-

1229 516 1362 559 tionem,
1392 525 1515 548 necnon
1545 514 1839 556 consuetudinibus,
1872 514 1965 547 etiam

1229 568 1553 610 immemorabilibus,
1578 578 1613 601 ac
1642 566 1965 612 praescriptionibus,

1228 627 1517 667 quantumcumque
1541 621 1742 664 longissimis,
1761 626 1791 654 et
1814 620 1882 653 aliis
1903 620 1968 664 qui-

1228 676 1364 709 buslibet
1382 675 1598 717 observantiis,
1616 674 1741 719 scriptis
1754 674 1802 707 vel
1815 684 1880 707 non
1895 673 1968 707 scri-

1228 729 1298 773 ptis,
1320 739 1377 773 per
1397 739 1476 772 quae
1493 733 1603 762 contra
1626 728 1684 761 hos
1700 731 1825 761 nostros
1844 737 1969 770 proces-

1229 793 1282 816 sus
1306 794 1342 816 ae
1366 782 1552 824 sententias,
1576 782 1745 826 quominus
1769 780 1968 814 includantur

1230 837 1261 869 in
1286 837 1340 879 eis,
1366 847 1398 870 se
1422 836 1531 869 iuvare
1553 837 1675 869 valeant
1698 836 1747 868 rel
1771 834 1862 868 tueri.

1226 923 1234 926 .
1273 890 1357 929 Quae
1381 889 1506 931 omnia,
1536 889 1640 933 quoad
1668 889 1744 929 hoc,
1769 899 1880 922 eorum
1904 898 1968 921 om-

1229 944 1316 976 nium
1337 948 1473 984 tenores,
1497 952 1533 975 ac
1550 942 1576 975 si
1595 942 1635 974 ad
1657 942 1800 983 verbum,
1824 941 1902 974 nihil
1920 952 1970 985 pe-

1230 997 1313 1030 nitus
1337 992 1471 1038 omisso,
1497 995 1729 1036 insererentur,
1752 995 1970 1039 praesentibus

1230 1061 1288 1095 pro
1313 1049 1470 1094 expressis
1496 1049 1656 1091 habentes,
1681 1048 1806 1092 penitus
1830 1047 1971 1081 tollimus

1231 1109 1261 1137 et
1281 1103 1408 1138 omnino
1428 1113 1630 1136 revocamus:
1657 1101 1834 1146 ceterisque
1851 1107 1971 1135 contra-

1232 1158 1287 1191 riis
1311 1158 1575 1202 quibuscumque.

1277 1212 1291 1255 g
1315 1210 1367 1244 ⁹26.
1386 1212 1424 1244 Ut
1440 1221 1514 1244 vero
1531 1213 1711 1254 praesentes
1730 1208 1830 1243 nostri
1847 1218 1973 1253 proces-

1233 1276 1285 1299 sus
1302 1265 1340 1298 ad
1356 1264 1513 1309 publicam
1532 1263 1674 1297 omnium
1690 1262 1834 1296 notitiam
1851 1262 1972 1296 facilius

1233 1318 1586 1362 deducamini—„chartas
1605 1328 1659 1350 seu
1676 1317 1885 1359 membranas,
1902 1327 1972 1360 pro-

1234 1384 1340 1406 cessus
1365 1372 1448 1416 ipsos
1473 1371 1678 1412 continentes,
1700 1371 1798 1403 valvis
1823 1371 1973 1403 ecclesiae

1234 1427 1262 1459 S.
1280 1425 1404 1459 loannis
1428 1424 1645 1458 Lateranensis
1669 1428 1699 1456 et
1721 1423 1868 1456 basilicae
1885 1423 1974 1456 Prin-

1235 1480 1312 1525 cipis
1341 1480 1566 1524 Apostolorum
1590 1478 1628 1511 de
1658 1477 1741 1511 Urbe
1770 1477 1907 1521 appendi
1930 1478 1976 1510 sa-

1235 1535 1363 1575 cicmus,
1388 1539 1423 1566 ut
1446 1533 1478 1574 ii,
1500 1543 1579 1577 quos
1602 1542 1769 1576 processus
1794 1531 1976 1564 huiusmodi

1236 1591 1439 1627 concernunt,
1460 1586 1545 1630 quod
1571 1585 1609 1618 ad
1635 1585 1720 1629 ipsos
1744 1594 1808 1618 non
1830 1594 1978 1628 pervene-

1236 1641 1308 1681 rint,
1326 1644 1379 1674 aut
1395 1639 1480 1683 quod
1504 1639 1591 1682 ipsos
1615 1637 1840 1681 ignoraverint,
1857 1637 1977 1670 nullam

1237 1694 1358 1738 possint
1393 1693 1625 1726 excusationem
1665 1690 1890 1735 praetendere,
1925 1696 1979 1724 aut

1237 1747 1446 1791 ignorantiam
1470 1746 1618 1789 allegare,
1637 1756 1709 1778 eum
1728 1755 1792 1778 non
1810 1744 1848 1777 sit
1872 1744 1979 1777 verisi-

1238 1802 1319 1844 mile,
1339 1801 1371 1834 id
1394 1810 1560 1833 remanere
1584 1799 1791 1842 incognitum,
1813 1797 1897 1842 quod
1914 1803 1979 1831 tam

1237 1859 1380 1900 patenter
1404 1853 1551 1887 omnibus
1574 1852 1764 1896 publicatur.

1283 1909 1297 1953 g
1314 1908 1365 1942 27.
1383 1908 1525 1951 Insuper,
1538 1912 1571 1940 ut
1584 1916 1753 1950 processus
1770 1905 1829 1950 ipsi
1847 1911 1877 1940 et
1892 1916 1981 1950 prae-

1239 1967 1342 1995 sentes
1366 1961 1498 2002 litterae,
1519 1971 1555 1993 ae
1579 1959 1685 1993 omnia
1702 1964 1732 1992 et
1748 1959 1871 2003 singula
1887 1959 1919 1992 in
1936 1959 1980 1993 eis

1240 2020 1394 2057 contenta,
1410 2025 1447 2047 eo
1460 2014 1536 2047 fiant
1549 2013 1683 2054 notiora,
1700 2013 1806 2057 quoin
1821 2012 1982 2057 plerisque

1241 2069 1418 2103 civitatibus
1435 2073 1465 2101 et
1485 2067 1562 2101 locis
1586 2066 1704 2100 suerint
1728 2066 1896 2110 publicata,
1913 2066 1982 2099 uni-

1241 2123 1339 2156 versis
1357 2127 1386 2155 et
1408 2121 1540 2165 singulis
1565 2120 1763 2165 patriarchis,
1781 2120 1980 2164 primatibus,

1241 2176 1500 2220 archiepiscopis,
1525 2174 1681 2218 episcopis
1706 2179 1737 2206 et
1760 2174 1905 2207 locorum
1930 2173 1983 2207 Or—

1242 2230 1372 2263 diuariis
1397 2234 1427 2262 et
1452 2229 1610 2273 praelatis,
1636 2227 1771 2261 ubilibet
1787 2227 1982 2270 constitutis,

1242 2294 1298 2328 per
1315 2284 1391 2317 haec
1416 2283 1533 2326 scripta
1557 2281 1794 2322 committimus,
1816 2280 1901 2316 etin
1926 2281 1985 2314 vir-

1244 2344 1308 2371 tute
1332 2342 1457 2370 sanctae
1481 2335 1665 2370 obedientae
1689 2335 1829 2369 districte
1854 2334 1982 2379 praeci-

1242 2391 1357 2435 piendo
1371 2389 1567 2430 mandamus,
1580 2394 1681 2433 utper
1694 2389 1793 2432 se,vel
1803 2399 1861 2433 per
1877 2388 1984 2430 alium,

1244 2456 1299 2479 seu
1323 2444 1418 2485 alios,
1442 2448 1623 2488 praesentes
1652 2442 1794 2483 litteras,
1818 2445 1985 2486 postquam

1244 2509 1296 2532 eas
1315 2497 1502 2542 receperint,
1528 2507 1583 2530 seu
1607 2506 1717 2529 earum
1740 2495 1910 2529 habuerint
1932 2506 1986 2529 no-

1244 2552 1361 2593 titiam,
1386 2551 1483 2585 semel
1506 2550 1539 2583 in
1562 2560 1665 2591 anno,
1690 2554 1761 2591 aut,
1787 2549 1813 2582 si
1837 2549 1986 2594 expedire

1244 2604 1393 2647 viderint,
1425 2602 1518 2636 etiam
1545 2601 1664 2646 pluries
1689 2601 1721 2634 in
1745 2601 1886 2635 ecclesiis
1910 2599 1984 2644 suis,

1245 2658 1321 2692 dum
1344 2657 1376 2692 in
1400 2657 1446 2692 eis
1475 2656 1576 2691 maior
1605 2655 1714 2702 populi
1747 2653 1915 2689 multitudo
1947 2653 1986 2688 ad

2017 1219 2171 1241 Publicationis

1987 1246 2094 1294 {xus'b'rbu
2121 1246 2172 1268 effe-

2038 1912 2180 1939 Praeceptum

1996 1940 2059 1961 eliam
2075 1939 2125 1960 alibi
2141 1945 2180 1965 pu-

1995 1966 2088 1987 btucandi
2125 1966 2180 1986 banc

1996 1993 2179 2015 Constitutionem.
