2269 3235
119 219 168 246 An.
183 218 213 246 C.
236 217 302 245 1628

146 387 255 408 Clausulae
267 386 302 407 de-

120 417 248 440 rogatorum.

162 2412 281 2434 Publicatio
297 2413 316 2432 in

132 2439 189 2460 Urbe
207 2442 227 2459 et
247 2446 266 2459 m
287 2439 316 2459 in-

131 2467 177 2487 sula
188 2466 316 2487 Melevitana

131 2498 202 2514 omues
219 2492 306 2519 obligat.

920 213 1064 237 URBANUS
1088 211 1144 235 VIII
1169 211 1216 235 Pr.

316 264 424 309 quavis
441 263 635 305 auctoritate,
653 263 786 296 scienter
800 262 848 295 vel
862 261 1053 304 ignoranter,

317 317 483 360 eontigerit
508 317 661 351 attentari.

362 372 376 415 g
400 371 452 404 1¹1.
469 372 536 405 Non
558 370 752 404 obstantibus
765 367 926 413 quibusvis
940 366 1054 400 consti-

318 425 490 458 tutionibus
514 429 544 457 et
575 423 824 457 ordinationibus
857 419 1054 465 apostolicis,

317 489 438 512 necnon
463 478 537 511 dicti
561 477 724 522 hospitalis
741 475 848 520 (etiam
867 475 1054 513 iuramento,

318 532 557 565 confirmatione
573 530 756 575 apostolica,
770 529 817 561 vel
835 527 950 571 quavis
960 526 1057 558 firmi-

319 591 379 618 tate
394 585 454 617 alia
467 585 637 628 roboratis)
648 583 769 617 statutis
783 586 813 615 et
826 579 1057 614 consuetudini-

317 639 386 680 bus,
398 639 490 673 etiam
504 636 817 677 immemorabilibus,
829 632 1056 672 stabilimentis,

318 693 428 725 usibus
453 699 482 726 et
505 691 643 731 naturis,
667 701 702 723 ac
727 687 976 722 ordinationibus
1000 696 1052 719 ea⁴

318 746 518 790 pilularibus,
537 743 710 789 privilegiis
728 752 866 786 quoque,
883 740 1010 774 indultis
1027 744 1057 772 et

319 799 430 831 litteris
450 797 639 841 apostolicis,
658 796 758 830 eidem
784 794 940 839 hospitali,
957 793 1056 826 illius—

319 861 379 894 que
403 861 518 894 magno
544 842 706 893 magistro,
724 848 890 883 conventui
908 852 938 881 et
957 847 1058 880 fratri-

317 904 395 946 bus,
421 915 457 937 ac
487 904 650 948 quibusvis
679 903 747 936 aliis
775 902 938 947 personis,
964 901 1056 935 etiam

319 959 584 1002 particularibus,
617 968 739 992 necnon
771 955 1058 1001 dispensationibus

319 1023 414 1056 super
431 1012 593 1056 quibusvis
607 1012 789 1051 defectibus,
805 1021 841 1044 ac
855 1010 912 1043 suh
932 1009 1059 1054 quibus-

320 1075 456 1109 cumque
481 1065 644 1098 tenoribus
664 1075 700 1097 ae
720 1064 838 1104 formis,
853 1068 883 1096 et
904 1073 976 1096 cum
995 1062 1060 1105 qui-

319 1118 428 1151 busvis
452 1118 726 1161 derogatoriarurn
744 1115 963 1159 derogatoriis,
977 1115 1060 1148 aliis-

320 1183 380 1215 que
401 1172 629 1205 efficacioribus
647 1176 677 1204 et
693 1171 828 1204 insolitis
849 1169 1006 1211 clausulis,
1025 1180 1060 1201 ae

319 1225 517 1259 irritantibus
534 1230 563 1258 et
583 1225 652 1258 aliis
669 1224 813 1263 decretis,
831 1223 862 1256 in
880 1233 995 1266 genere
1013 1223 1060 1255 vel

320 1276 351 1309 in
376 1276 493 1320 specie,
520 1277 612 1310 etiarn
642 1281 747 1316 motu,
772 1275 901 1308 scientia
927 1278 956 1308 et
977 1278 1062 1318 pote-

320 1330 407 1363 statis
438 1329 633 1373 plenitudine
667 1329 837 1370 similibus,
871 1339 906 1361 ac
930 1328 1005 1360 alias
1029 1327 1060 1360 in

320 1384 514 1416 contrarium
539 1383 777 1427 quomodolibet
800 1382 966 1421 concessis,
992 1392 1063 1415 con-

320 1437 454 1470 firmatis
478 1443 508 1470 et
539 1436 711 1477 innovatis,
741 1446 818 1479 quas
848 1436 886 1468 ad
916 1435 1061 1468 effectum

321 1491 568 1535 praemissorum
585 1490 700 1523 nemini
720 1489 886 1532 suffragari
901 1499 991 1532 posse
1008 1488 1061 1521 de-

323 1545 491 1578 cernimus.
525 1544 643 1583 Quibus
678 1543 824 1576 omnibus
854 1546 883 1576 et
914 1542 1061 1584 singulis,

323 1598 444 1631 etiamsi
461 1608 518 1641 pro
537 1598 663 1630 illorum
678 1596 844 1629 sufficienti
859 1596 1062 1638 derogatione

322 1651 361 1683 de
374 1651 445 1691 illis,
460 1660 633 1693 eorumque
646 1649 719 1683 totis
732 1649 894 1682 tenoribus
908 1648 1063 1692 specialis,

323 1704 483 1748 specifica,
519 1714 668 1747 expressa
693 1708 723 1735 et
752 1701 928 1743 individua,
958 1712 993 1734 ae
1025 1701 1062 1733 de

323 1757 418 1790 verbo
443 1757 482 1789 ad
505 1756 654 1796 verbum,
678 1766 741 1788 non
766 1760 869 1788 autem
895 1765 952 1798 per
978 1754 1063 1786 clau-

317 1812 407 1844 sulas
424 1812 588 1854 generales
606 1811 688 1843 idem
708 1810 924 1853 importantes,
935 1808 1063 1848 mentio,

325 1876 380 1898 seu
404 1865 532 1909 quaevis
555 1864 615 1897 alia
640 1863 800 1908 expressio
825 1862 987 1903 habenda,
1012 1867 1065 1895 aut

325 1919 429 1962 aliqua
452 1918 512 1951 alia
536 1918 689 1962 exquisita
720 1918 822 1951 forma
846 1916 887 1949 ad·
909 1917 969 1949 hoe
998 1926 1064 1948 ser-

326 1972 424 2005 vanda
438 1972 528 2012 soret,
542 1972 668 2004 illorum
682 1971 824 2004 omnium
839 1976 964 2003 tenores
978 1980 1066 2013 prae-

327 2026 466 2059 sentibus
483 2036 540 2069 pro
554 2026 646 2069 plene
660 2029 689 2058 et
702 2024 894 2057 sufficienter
909 2024 1066 2067 expressis

327 2079 486 2119 habentes,
501 2079 538 2111 ad
552 2079 697 2112 effectum
710 2077 922 2122 praesentium
935 2081 1067 2117 tantum,

327 2133 389 2166 illis
409 2133 484 2165 alias
502 2132 533 2164 in
548 2143 604 2165 suo
625 2132 743 2165 robore
760 2130 986 2175 permansuris,
1006 2141 1068 2163 mo-

330 2189 377 2227 tu,
403 2186 550 2228 scientia,
576 2185 820 2225 deliberatione,
846 2195 881 2218 ac
906 2184 1069 2228 potestatis

330 2239 525 2284 plenitudine
543 2239 672 2283 paribus
689 2239 866 2283 specialiter
879 2243 909 2271 et
922 2248 1069 2282 expresse

331 2293 530 2335 derogamus,
555 2303 591 2326 ae
615 2292 800 2336 derogatum
826 2302 893 2325 esse
913 2292 1069 2332 volumus,

332 2347 507 2390 ceterisque
531 2346 696 2380 contrariis
720 2346 980 2390 quibuscumque.

377 2401 391 2444 ἓ
415 2400 466 2433 12.
488 2401 526 2434 Ut
542 2405 644 2433 autem
662 2400 875 2444 praesentium
893 2399 1071 2442 ignorantia

331 2455 461 2498 allegari
481 2460 534 2488 aut
557 2454 718 2499 praetendi
741 2455 826 2487 nullo
852 2453 946 2487 modo
963 2453 1070 2497 possit,

331 2507 487 2543 volumus‘
499 2514 680 2553 praesentes
704 2519 760 2542 seu
784 2518 892 2541 earum
918 2512 1072 2540 transum-

331 2568 420 2607 ptum
445 2562 483 2595 ad
507 2562 610 2595 valvas
637 2562 787 2595 ecclesiae
812 2562 840 2594 S.
866 2560 990 2594 loannis
1015 2561 1072 2593 La-

332 2616 504 2650 teranensis
521 2621 551 2649 et
575 2615 722 2649 basilicae
743 2614 896 2659 Principis
914 2614 1073 2659 apostolo-

1729 197 1791 229 677
1839 205 1886 232 An.
1905 204 1933 231 e.
1955 203 2023 230 1698

1088 270 1158 292 rum
1174 267 1295 291 necnon
1313 258 1344 290 in
1361 256 1426 290 acie
1440 255 1540 299 campi
1555 255 1666 287 Florae
1680 254 1717 285 de
1735 254 1824 295 [ji-be,

1089 323 1176 345 more
1201 312 1302 352 solito,
1328 310 1438 343 deinde
1458 320 1514 353 per
1532 308 1708 341 baereticae
1729 306 1827 350 pravi-

1089 366 1158 398 tatis
1191 365 1409 409 inquisitorem
1443 363 1472 395 in
1508 362 1608 395 insula
1646 360 1826 394 Melevitana

1089 419 1288 459 residentem,
1303 429 1357 451 seu
1371 418 1409 449 ab
1423 428 1460 449 eo
1475 415 1700 460 deputandum,
1715 414 1744 446 in
1759 423 1829 445 con-

1090 476 1182 504 ventu
1198 472 1338 514 praefato
1353 469 1507 514 publicari
1522 475 1614 512 alque
1628 467 1722 509 afligi,
1738 467 1830 510 ipsas-

1089 535 1150 568 que
1175 529 1364 568 praesentes,
1388 523 1431 556 sic
1456 523 1640 567 publicatas,
1667 531 1776 555 omnes
1802 524 1830 553 ct

1090 578 1251 621 singulos,
1282 577 1320 609 ad
1351 588 1430 620 quos
1465 581 1583 619 spectat
1615 580 1645 607 et
1677 573 1829 618 spectabit

1089 631 1327 674 quomodolibet
1352 630 1382 662 in
1409 630 1563 670 luturum,
1590 629 1673 661 illico
1698 633 1830 666 arctare,

1091 684 1214 717 afficere
1239 689 1269 716 et
1299 683 1455 725 obligare,
1489 681 1619 725 perinde
1651 692 1686 713 ac
1711 680 1735 713 si
1762 680 1830 712 uni-

1091 737 1203 781 cuique
1227 736 1434 780 personaliter
1452 735 1610 767 intimatae
1631 739 1660 766 et
1680 743 1828 778 praesen-

1092 795 1171 825 tatae
1196 791 1344 830 fuissent;

1135 845 1149 888 g
1181 844 1233 878 13.
1269 844 1420 888 Quodque
1456 853 1564 876 earum
1604 840 2030 896 t¹‘³n⁵¹¹mP¹iS⁷„-.T[‡·³,¹,',·f‘,‘'‘¹‡l,*¹,',*

1092 899 1185 932 etiam
1220 899 1399 943 impressis,
1429 907 1525 930 manu
1556 895 1687 928 alicuius
1718 893 1830 926 notarii
1848 886 1900 923 alt„
2026 887 2029 889 ’

1092 952 1209 996 publici
1234 951 1431 995 subscriptis,
1457 955 1487 983 et
1512 949 1615 992 sigillo
1640 947 1746 989 magni
1771 957 1833 979 ma-

1092 1006 1192 1049 gistri,
1206 1011 1259 1038 aut
1280 1005 1411 1038 alieuius
1428 1003 1501 1037 dicti
1519 1002 1682 1046 hospitalis
1702 1010 1833 1043 magnae

1093 1059 1205 1100 crucis,
1231 1064 1284 1091 aut
1303 1058 1430 1092 alterius
1454 1067 1607 1102 personae
1632 1055 1663 1088 in
1684 1055 1834 1098 dignitate

1093 1111 1305 1145 ecclesiastica
1338 1111 1525 1144 constitutae
1555 1108 1699 1150 munitis,
1726 1107 1834 1139 eadem

1093 1175 1224 1209 prorsus
1248 1164 1325 1197 fides
1345 1164 1377 1196 in
1397 1163 1514 1196 iudicio
1532 1168 1562 1195 et
1579 1167 1666 1194 extra
1692 1160 1837 1193 adhibea-

1095 1223 1155 1259 tur,
1181 1228 1260 1261 quae
1285 1217 1360 1261 ipsis
1378 1215 1596 1261 praesentibus
1620 1214 1835 1253 adhiberetur,

1095 1271 1120 1304 si
1143 1272 1246 1304 forent
1270 1270 1427 1313 exhibitae
1451 1269 1499 1302 vel
1524 1274 1677 1301 ostensae.

1138 1325 1250 1358 Datum
1274 1325 1401 1364 Romae,
1420 1322 1501 1366 apud
1530 1322 1557 1355 S.
1584 1321 1713 1354 Mariam
1742 1319 1837 1353 Maio-

1095 1389 1177 1421 rem,
1204 1379 1261 1411 sub
1279 1378 1393 1411 annulo
1421 1375 1603 1415 piscatoris,
1625 1374 1675 1407 die
1693 1385 1756 1408 xxx
1772 1373 1837 1405 iulii

1096 1443 1273 1473 MDCXXVHI,
1294 1432 1495 1477 pontificatus
1516 1429 1615 1463 nostri
1640 1439 1721 1461 anno
1747 1438 1775 1459 v.

1132 1495 1190 1522 Dat.
1211 1495 1254 1522 die
1274 1494 1308 1522 30
1327 1493 1383 1521 iulii
1402 1493 1480 1527 1628,
1497 1492 1593 1528 pontif.
1610 1497 1681 1519 anno
1700 1500 1721 1516 v.

1388 1636 1545 1670 CCXCVII.

1099 1717 1308 1760 Confirmatio
1330 1717 1464 1749 meionis
1484 1715 1752 1759 Conyreqcztionis
1771 1725 1840 1757 pre-

1141 1771 1342 1815 sbyterorum
1368 1769 1514 1804 Oratorii
1537 1770 1576 1802 B.
1597 1767 1740 1802 Μανίαθ1
1761 1768 1842 1801 Gra-

1144 1826 1267 1858 tiarum
1291 1825 1327 1857 in
1351 1823 1520 1867 provincia
1544 1823 1738 1855 Provinciae
1763 1822 1842 1856 Con-

1143 1877 1328 1921 9re9atz‘om'
1346 1876 1492 1910 Oratora'z'
1509 1876 1548 1909 D.
1569 1875 1609 1909 N.
1626 1875 1700 1909 Iesu
1719 1875 1843 1909 Christi

1143 1932 1180 1964 in
1205 1941 1302 1975 regno
1326 1929 1519 1963 Franciaffl.

1305 2012 1440 2038 Urbanus
1460 2011 1539 2044 Papa
1558 2010 1637 2043 vm,

1244 2057 1279 2084 ad
1299 2057 1432 2084 futuram
1451 2056 1496 2083 rei
1517 2055 1699 2083 memoriam.

1903 2138 2042 2164 Congrogauo

1146 2129 1161 2173 ἓ
1185 2129 1214 2161 ·1.
1240 2128 1361 2172 Exponi
1378 2127 1467 2161 nobis
1483 2137 1584 2170 nuper
1604 2127 1744 2159 fecerunt
1760 2136 1844 2169 pres·
1990 2163 1993 2164 ⁷

1101 2183 1202 2228 bvleri
1218 2182 1476 2225 Congregationis
1493 2181 1628 2214 Oratorii
1653 2180 1712 2213 loci
1734 2180 1842 2212 sscatae
1858 2165 2044 2220 &iiiimxiii-‘51⁶3

1103 2237 1216 2270 Mariae
1237 2237 1417 2270 Gratiarum
1437 2234 1674 2268 Foroiubiensis
1692 2233 1843 2266 dioecesis
1859 2222 1903 2266 {31¹3}
1920 2218 2044 2273 fiilia-„3325

1103 2291 1134 2323 in
1150 2290 1312 2334 provincia
1329 2289 1519 2330 Provinciae,
1538 2287 1621 2332 quod
1640 2286 1844 2329 congregatio
1860 2276 1929 2319 iffi?
1947 2271 2044 2292 ianm*

1103 2344 1263 2389 praedieta
1287 2343 1326 2376 ad
1350 2343 1448 2376 instar
1465 2340 1719 2384 congregationis
1740 2340 1845 2373 Orato-

1104 2398 1142 2430 rii
1160 2398 1270 2431 Beatae
1293 2397 1406 2430 Mariae
1432 2396 1462 2428 in
1487 2395 1645 2428 Yallicella
1666 2394 1704 2428 de
1728 2393 1810 2427 Urbe
1829 2404 1846 2425 a

1105 2450 1202 2484 felicis
1231 2449 1460 2483 reeordationis
1492 2449 1649 2482 Clemente
1675 2448 1756 2491 Papa
1781 2446 1844 2479 VIII

1141 2534 1152 2559 1
1172 2531 1316 2566 Perperam
1331 2530 1396 2557 edit.
1413 2529 1492 2557 lllain.
1509 2529 1535 2556 in
1552 2528 1661 2556 rubrica
1676 2528 1740 2563 legit
1759 2528 1847 2555 bonae

1106 2577 1265 2605 memoriae
1279 2576 1318 2610 (R.
1333 2577 1381 2609 T.).

1140 2621 1156 2647 2
1176 2621 1213 2648 Ex
1234 2620 1341 2656 Regest.
1362 2620 1390 2647 in
1410 2619 1511 2647 Secret.
1533 2618 1609 2646 Brev.
