2269 3235
229 255 279 282 Λιι,
301 256 330 283 c.
349 255 416 283 1624
460 247 524 281 Qut]

256 424 396 445 Prooemium.

275 1276 409 1297 ltevocantur

225 1303 324 1323 licentiae
338 1308 409 1323 omnes

225 1336 237 1348 a
272 1329 408 1349 Pontificibus

225 1356 288 1376 «latae
314 1356 408 1381 erigendi

225 1385 347 1405 contentus,
361 1386 408 1404 etin,

224 1415 269 1428 sine
279 1410 362 1429 licentia
371 1411 408 1429 Or-

225 1435 360 1456 dinariorum.

632 306 767 334 Urbanus
788 307 866 341 Papa
886 307 962 340 vm,

547 352 582 378 ad
603 355 775 385 perpetuam
796 351 840 379 rei
860 351 1040 380 memoriam.

471 412 630 445 Romanus
656 413 806 453 Pontifex,
833 414 882 445 eui
907 414 1048 447 Salvator
1064 420 1094 448 et
1110 415 1166 448 Do-

427 465 530 497 minus
558 469 682 506 noster,
712 466 765 509 qui
795 467 933 500 ebaritas
958 473 1004 500 est
1029 473 1058 501 et
1085 468 1165 502 Deus

426 517 521 560 pacis,
547 517 730 550 universalis
752 519 908 552 Ecclesiae
931 520 1062 553 credidit
1084 522 1165 565 prin-

426 571 574 615 cipatum,
600 582 635 603 ea
661 571 827 615 interdum,
854 584 933 616 quac
958 575 1051 608 certis
1071 575 1163 608 etiam

426 624 630 658 rationalibus
655 625 694 658 de
718 626 819 659 causis
844 638 859 659 a
885 627 963 660 Sede
982 629 1164 672 Apostolica

425 688 574 711 concessa
599 683 680 720 sunt,
706 679 773 723 ipsa
798 680 929 714 subinde
946 692 1051 715 rerum
1078 693 1166 726 expe-

425 731 539 765 rientia
563 733 721 775 suadente,
746 740 776 767 et
800 735 973 768 maioribus
998 747 1033 769 ex
1052 737 1163 780 causis,

425 785 538 828 quibus
562 788 748 830 praesertim
773 799 980 832 personarum
1004 790 1061 823 sub
1077 791 1164 823 suavi

425 839 587 883 religionis
600 840 675 884 iugo
688 842 848 875 Altissimo
865 843 1081 877 famulantium
1095 844 1164 887 paci

426 897 455 924 ct
479 893 575 936 quieti
597 895 781 935 consulitur,
802 895 971 939 litibusque
991 907 1026 929 ac
1044 902 1166 930 contro-

425 945 534 978 versiis
559 947 640 979 inter
665 957 718 979 eos
742 948 867 980 obviam
891 948 963 989 itur,
988 954 1115 982 revocat
1137 953 1165 984 et

426 999 578 1039 immutat,
594 1000 624 1032 in
641 1000 751 1044 hisque
767 1002 933 1044 pastoralis
948 1002 1165 1036 sollicitudinis

425 1056 454 1086 et
476 1052 692 1095 providentiae
717 1064 789 1087 suae
815 1055 952 1087 studium
978 1055 1173 1100 interponit,

424 1110 533 1150 prout,
559 1116 666 1139 rerum
698 1112 728 1140 ct
759 1113 937 1152 temporum
963 1110 1165 1153 qualitatibus

424 1159 527 1192 debite
551 1161 700 1204 pensatis,
725 1162 877 1206 conspicit
902 1163 932 1195 in
957 1163 1089 1197 Domino
1116 1175 1163 1196 sa—

424 1212 559 1246 lubriter
583 1213 738 1257 expedire.

468 1267 483 1310 g
506 1266 536 1299 sl.
561 1267 637 1301 Cum
664 1267 779 1311 itaque,
804 1269 884 1301 sicut
908 1268 1000 1302 nobis
1019 1270 1163 1307 innotuit,

425 1321 603 1364 complures
627 1321 770 1354 licentiae
795 1322 859 1354 sive
879 1322 1040 1355 facultates
1057 1333 1074 1355 a
1091 1334 1164 1355 non-

425 1373 519 1406 nullis
544 1374 692 1407 Romanis
717 1375 920 1408 Pontificibus
946 1376 1165 1419 praedecesso-

424 1426 511 1459 ribus
526 1427 642 1461 nostris
658 1438 714 1471 per
730 1427 872 1461 diversos
889 1427 1051 1470 Ordinum,
1069 1430 1163 1462 etiam

424 1480 684 1522 Mendicantium,
710 1482 990 1525 congregationum
1005 1510 1012 1523 ‚
1037 1483 1164 1517 socicta-

423 1540 489 1567 tum
514 1539 544 1567 et
571 1535 704 1569 aliorum
730 1537 923 1580 regularium
949 1537 1163 1572 institutorum

424 1588 612 1632 superiores,
639 1599 692 1621 seu
717 1590 794 1622 alios
814 1600 924 1623 eorum
942 1591 1080 1632 nomine,
1097 1591 1164 1624 ubi-

424 1652 483 1683 que
502 1641 645 1675 locorum
662 1643 862 1684 monasteria,
879 1643 999 1684 domos,
1020 1644 1163 1687 collegia,

424 1684 594 1728 conventus
619 1702 647 1728 et
672 1696 732 1728 alia
762 1697 831 1729 loca
863 1696 1019 1740 regularia
1052 1698 1163 1741 quovis

423 1749 549 1782 nomine
572 1755 762 1794 nuncupata,
787 1752 909 1783 servata
933 1751 1094 1784 dumtaxat
1119 1762 1165 1784 sa-

424 1813 551 1836 crorum
582 1813 735 1836 canonum
769 1807 799 1838 et
832 1804 960 1837 Concilii
992 1805 1164 1838 Tridentini

424 1856 623 1890 decretorum
650 1857 770 1897 forma,
796 1857 834 1890 de
859 1858 925 1891 sola
950 1857 1108 1891 Ordinarii
1132 1859 1166 1891 li-

424 1911 534 1953 centia,
548 1922 603 1945 seu
616 1911 710 1944 etiam
723 1911 829 1944 forsan
840 1921 903 1945 non
917 1914 1037 1945 servata
1051 1913 1164 1954 forma,

423 1971 452 1998 ct
477 1965 594 2009 absque
624 1965 751 1998 licentia
775 1965 976 2007 huiusmodi,
1002 1972 1032 1999 et
1056 1973 1164 2000 contra

423 2019 549 2052 decreta
566 2030 583 2051 a
599 2019 677 2052 Sede
701 2019 881 2063 Apostolica
903 2031 999 2064 super
1016 2022 1166 2064 praemis-

423 2073 465 2106 sis
490 2073 571 2106 edita
594 2073 754 2115 fundandi,
773 2073 914 2116 erigendi
935 2079 965 2106 et
985 2074 1163 2108 instituendi

424 2127 613 2171 importunis
632 2127 788 2171 precibus,
806 2137 861 2160 seu
877 2127 970 2160 etiam
988 2133 1074 2161 motu
1094 2139 1166 2172 pro-

423 2181 502 2225 prio,
516 2182 563 2214 vel
583 2181 658 2214 alias
675 2181 819 2214 obtentae
835 2186 866 2214 et
883 2179 1164 2215 extortaeffuerint:

425 2235 541 2268 idcirco
564 2245 633 2272 nos,
659 2245 768 2268 omnes
790 2240 819 2267 et
844 2245 1058 2279 quascumque
1074 2235 1166 2269 licen-

426 2289 482 2322 tias
506 2299 541 2322 ac
566 2289 727 2322 facultates
757 2289 959 2331 huiusmodi,
984 2289 1165 2334 litterasque

395 2366 397 2368 -
424 2344 579 2387 desuper,
599 2347 662 2374 tam
688 2342 745 2375 sub
769 2342 901 2386 plumbo
933 2352 1026 2387 quam
1052 2343 1083 2375 in
1112 2343 1166 2375 hu-

426 2396 559 2429 iusmodi
578 2396 679 2429 forma
699 2395 816 2435 Brevis,
837 2396 974 2439 desuper
995 2396 1164 2439 expeditas,

425 2460 598 2494 earumque
622 2455 747 2483 tenores
772 2449 865 2482 etiam
890 2449 1029 2483 veriores
1049 2455 1079 2482 et
1095 2450 1165 2483 data

426 2503 652 2547 praesentibus,
677 2514 713 2536 ac
737 2503 762 2536 si
787 2503 932 2547 specifice
959 2508 987 2537 et
1006 2504 1164 2547 sigillatim

426 2558 679 2602 exprimerentur
703 2563 733 2590 et
757 2558 981 2599 insererentur,
998 2569 1057 2602 pro
1073 2559 1165 2602 plene

427 2616 456 2643 et
480 2610 671 2643 sufficienter
695 2612 851 2655 expressis
868 2617 904 2648 et,
921 2611 958 2644 ad
975 2611 1106 2644 verbum
1125 2612 1167 2645 in-

427 2663 517 2696 sertis
541 2663 702 2705 habentes,
727 2664 816 2697 iustis
841 2664 879 2697 de
904 2664 1006 2698 causis
1026 2665 1164 2699 animum

1007 259 1185 284 nutantum
1210 259 1363 285 ROMANUM

1199 314 1343 342 nostrum
1369 308 1579 350 moventibus,
1604 314 1690 345 motu
1713 313 1854 357 proprie,
1875 323 1938 348 non

1199 362 1238 394 ad
1262 363 1394 395 alicuius
1425 362 1516 395 nobis
1541 373 1635 407 super
1659 363 1719 398 hoc
1743 365 1866 400 oblatae
1889 377 1940 411 pe-

1200 415 1315 448 titionis
1340 415 1538 455 instantiam,
1563 415 1616 449 sed
1641 426 1677 449 cx
1701 420 1787 452 certa
1811 419 1939 454 seientia

1199 479 1233 501 ac
1259 470 1381 501 matura
1412 469 1638 503 deliberatione
1668 471 1806 513 nostris,
1838 472 1939 516 deque

1198 521 1388 566 apostolicae
1408 522 1570 566 potestatis
1595 523 1806 567 plenitudine,
1830 534 1939 559 omnes

1199 582 1228 609 et
1251 587 1465 620 quascumque
1490 577 1630 610 licentias
1655 583 1684 610 et
1707 578 1869 612 facultates
1885 579 1939 612 hu-

1198 621 1358 671 iusmodi,
1381 630 1562 674 litterasque
1596 630 1752 675 desuper,
1780 635 1842 665 tam
1879 632 1937 665 sub

1199 683 1330 726 plumbo
1362 693 1456 726 quam
1488 682 1520 716 in
1557 683 1665 716 eadem
1699 684 1801 717 forma
1829 684 1937 719 Brevis

1198 735 1388 778 huiusmodi,
1404 736 1574 780 expeditas,
1588 737 1755 781 omniaque
1769 742 1799 770 et
1816 737 1937 781 singula

1199 789 1229 821 in
1255 789 1299 822 cis
1316 789 1551 833 quomodolibet
1569 795 1715 823 contenta
1732 795 1762 823 et
1778 801 1938 835 expressa,

1199 841 1292 874 etiam
1328 842 1432 885 quoad
1463 843 1655 885 erectiones,
1679 843 1879 877 fundationes
1910 850 1940 880 et

1199 895 1409 928 institutiones
1426 897 1703 940 monasteriorum,
1721 898 1938 942 collegiorum,

1199 947 1379 988 domorum,
1404 954 1613 982 conventuum
1638 954 1668 983 et
1691 951 1826 984 aliorum
1849 962 1940 995 regu-

1199 1001 1312 1033 larium
1337 1002 1480 1035 locorum
1510 1003 1715 1044 huiusmodi,
1739 1015 1819 1048 quae
1847 1016 1938 1039 suum

1199 1054 1338 1087 nondum
1371 1055 1499 1088 sortitae
1531 1059 1602 1090 sunt
1633 1056 1799 1099 effectum,
1830 1064 1938 1092 tenore

1199 1109 1425 1152 praesentium,
1450 1115 1602 1154 perpetuo
1626 1120 1821 1152 revocamus,
1843 1122 1940 1145 cassa-

1199 1172 1278 1203 mus,
1304 1162 1495 1205 abrogamus
1520 1168 1550 1196 et
1574 1164 1783 1205 annullamus,
1808 1164 1939 1198 viribus—

1198 1226 1259 1259 que
1284 1221 1313 1248 et,
1337 1215 1449 1250 effectu
1473 1226 1605 1260 prorsus
1629 1227 1827 1251 evacuamus.

1243 1270 1257 1312 ξ
1281 1268 1310 1302 2.
1338 1270 1502 1304 Praeterea
1526 1270 1689 1312 Ordinum,
1713 1271 1807 1304 etiam
1827 1271 1939 1305 Mendi-

1198 1323 1346 1364 cantium,
1375 1324 1666 1366 congregationum,
1699 1324 1883 1358 societatum
1909 1330 1939 1358 et

1197 1377 1331 1410 aliorum
1349 1377 1564 1411 institutorum
1582 1378 1777 1422 regularium
1795 1381 1939 1424 superio—

1198 1430 1306 1471 ribus,
1339 1441 1540 1475 quocumque
1571 1432 1698 1465 nomine
1730 1433 1938 1477 nuncupatis,

1198 1484 1373 1527 ceterisque
1398 1485 1553 1528 personis,
1578 1485 1615 1518 ad
1640 1496 1719 1529 quos
1744 1491 1883 1530 spectat,
1908 1487 1938 1519 in

1198 1538 1332 1572 virtutae
1358 1542 1482 1571 sanctae
1508 1538 1714 1580 obedientiae,
1738 1549 1775 1572 ae
1799 1539 1857 1572 sub
1879 1540 1940 1584 pri-

1198 1592 1330 1625 vationis
1355 1592 1440 1625 vocis
1465 1593 1585 1626 activae
1611 1598 1641 1625 et
1656 1593 1799 1637 passivae
1816 1604 1939 1628 necnon

1198 1645 1376 1678 officiorum
1391 1656 1676 1690 quorumcumque,
1690 1656 1726 1679 ae
1736 1646 1939 1680 inhabilitatis

1198 1698 1237 1731 ad
1261 1698 1313 1731 illa
1334 1709 1389 1731 seu
1406 1698 1467 1730 alia
1487 1698 1519 1730 in
1536 1698 1678 1732 futurum
1695 1699 1883 1741 obtinendis,
1903 1710 1938 1733 ac

1198 1751 1291 1785 etiam
1324 1751 1659 1785 excommunicationis
1689 1752 1759 1796 ipso
1787 1753 1869 1786 sacto
1893 1753 1939 1786 in-

1198 1804 1361 1838 currendis
1384 1805 1494 1849 poenis
1517 1805 1735 1838 interdicimus
1749 1811 1779 1839 et
1794 1806 1938 1850 prohibe-

1198 1869 1278 1900 mus,
1302 1869 1341 1891 ne
1366 1858 1643 1902 licentiarumjseu
1666 1859 1859 1901 facultatum,
1882 1871 1940 1904 per

1198 1923 1264 1953 nos,
1282 1918 1315 1945 ut
1332 1913 1522 1956 praefertur,
1542 1918 1762 1946 revocatarum
1782 1918 1812 1946 et
1832 1914 1940 1947 annul-

1198 1966 1351 2006 latarum,
1383 1966 1446 1998 sive
1477 1965 1539 1998 alio
1570 1965 1681 2009 quovis
1704 1971 1869 2010 praetextu
1892 1967 1940 2000 vel

1199 2021 1301 2059 causa,
1315 2019 1408 2051 etiam
1426 2019 1627 2062 quantumvis
1638 2019 1847 2064 privilegiata,
1860 2030 1939 2053 nova

1199 2073 1401 2114 monasteria,
1419 2073 1562 2116 collegia,
1580 2073 1701 2115 domos,
1723 2079 1894 2107 conventus
1910 2079 1938 2107 et

1199 2127 1258 2159 alia
1282 2128 1349 2160 loca
1370 2127 1530 2171 regularia
1548 2127 1739 2168 huiusmodi,
1759 2127 1817 2160 nisi
1835 2127 1873 2160 de
1891 2138 1940 2160 ex-

1198 2182 1306 2224 pressa
1332 2180 1571 2214 Ordinariorum
1596 2180 1732 2221 licentia,
1758 2191 1793 2213 ac
1818 2183 1939 2214 servata

1200 2235 1230 2266 in
1254 2234 1401 2267 omnibus
1426 2239 1456 2266 et
1471 2245 1528 2278 per
1549 2234 1655 2267 omnia
1674 2244 1836 2267 sacrorum
1851 2245 1940 2269 cano-

1198 2298 1274 2320 num
1285 2292 1314 2320 et
1327 2287 1456 2321 Concilii
1464 2287 1647 2328 Tridentini,
1659 2298 1780 2321 necnon
1791 2288 1942 2321 constitu-

1200 2342 1291 2375 tionis
1318 2341 1414 2375 selicis
1439 2341 1666 2375 recordationis
1683 2342 1851 2375 Clementis
1864 2342 1940 2383 VIII,

1198 2406 1277 2439 quae
1303 2396 1410 2439 incipit
1430 2395 1592 2436 Quoniam
1609 2395 1653 2428 ad
1670 2396 1868 2437 institutam,
1883 2396 1940 2428 sub

1199 2449 1306 2482 datum
1331 2449 1448 2482 Romae
1477 2449 1559 2492 apud
1583 2449 1612 2481 S.
1639 2450 1777 2482 Marcum
1803 2450 1861 2482 sub
1885 2459 1939 2482 an-

1199 2503 1274 2536 nulo
1298 2502 1464 2536 Piscatoris
1489 2502 1538 2535 dic
1562 2512 1639 2535 xxm
1670 2502 1738 2535 iulii
1768 2512 1879 2545 necui,
1904 2513 1940 2535 ac

1200 2557 1399 2590 decretorum
1423 2556 1461 2589 dc
1482 2556 1629 2590 mandato
1647 2556 1786 2590 eiusdem
1804 2556 1940 2590 Clemen-

1200 2611 1238 2644 tis
1263 2621 1298 2644 ac
1323 2616 1447 2644 sanetae
1464 2611 1635 2644 memoriae
1655 2610 1799 2654 Gregorii
1816 2610 1867 2643 XV
1884 2610 1941 2643 Ro-

1200 2675 1366 2698 manorum
1391 2664 1577 2698 Pontificum
1595 2664 1876 2710 praedeeessorum
1891 2663 1941 2696 de-

1951 266 2002 293 Αιι.
2022 266 2050 293 C.
2069 266 2135 294 162⁴

1979 1285 2050 1312 lisque
2066 1291 2138 1312 quem-

1953 1312 2006 1332 lihet
2025 1313 2054 1333 uti
2076 1318 2138 1338 posse

1954 1341 2040 1359 caietut·
2049 1345 2088 1359 non
2097 1345 2139 1359 ser·

1954 1368 2002 1385 vata
2012 1365 2076 1386 forma
2086 1365 2139 1387 Con-

1954 1392 2086 1412 stitutiouum
2114 1398 2139 1412 a·

1954 1419 2111 1444 posiottcarum.
