<?xml version="1.0" encoding="UTF-8"?>
<!DOCTYPE html PUBLIC "-//W3C//DTD XHTML 1.0 Transitional//EN"
    "http://www.w3.org/TR/xhtml1/DTD/xhtml1-transitional.dtd">
<html xmlns="http://www.w3.org/1999/xhtml" xml:lang="en" lang="en">
 <head>
  <title>
</title>
<meta http-equiv="Content-Type" content="text/html;charset=utf-8" />
  <meta name='ocr-system' content='tesseract 3.04.00' />
  <meta name='ocr-capabilities' content='ocr_page ocr_carea ocr_par ocr_line ocrx_word'/>
</head>
<body>
  <div class='ocr_page' id='page_1' title='image "./bullarumdiplomat13cath_0315.png"; bbox 0 0 2269 3235; ppageno 0'>
   <div class='ocr_carea' id='block_1_1' title="bbox 130 256 312 284">
    <p class='ocr_par' dir='ltr' id='par_1_1' title="bbox 130 256 312 284">
     <span class='ocr_line' id='line_1_1' title="bbox 130 256 312 284; baseline 0 0"><span class='ocrx_word' id='word_1_1' title='bbox 130 257 179 284; x_wconf 69' lang='lat' dir='ltr'>An.</span> <span class='ocrx_word' id='word_1_2' title='bbox 195 257 225 284; x_wconf 86' lang='lat' dir='ltr'>C.</span> <span class='ocrx_word' id='word_1_3' title='bbox 244 256 312 284; x_wconf 72' lang='lat'>1625</span> 
     </span>
    </p>
   </div>
   <div class='ocr_carea' id='block_1_2' title="bbox 127 320 311 401">
    <p class='ocr_par' dir='ltr' id='par_1_2' title="bbox 127 320 311 401">
     <span class='ocr_line' id='line_1_2' title="bbox 155 320 311 342; baseline -0.013 0"><span class='ocrx_word' id='word_1_4' title='bbox 155 320 252 342; x_wconf 76' lang='lat' dir='ltr'>Urbanus</span> <span class='ocrx_word' id='word_1_5' title='bbox 262 325 311 340; x_wconf 86' lang='lat' dir='ltr'>con-</span> 
     </span>
     <span class='ocr_line' id='line_1_3' title="bbox 128 345 311 372; baseline -0.016 -3"><span class='ocrx_word' id='word_1_6' title='bbox 128 348 184 371; x_wconf 73' lang='lat' dir='ltr'>sulit.</span> <span class='ocrx_word' id='word_1_7' title='bbox 194 346 264 369; x_wconf 84' lang='lat' dir='ltr'>modo.</span> <span class='ocrx_word' id='word_1_8' title='bbox 275 345 311 372; x_wconf 84' lang='lat' dir='ltr'>qui</span> 
     </span>
     <span class='ocr_line' id='line_1_4' title="bbox 127 373 290 401; baseline -0.012 -6"><span class='ocrx_word' id='word_1_9' title='bbox 127 373 290 401; x_wconf 58' lang='lat' dir='ltr'>praesentatum</span> 
     </span>
    </p>
   </div>
   <div class='ocr_carea' id='block_1_3' title="bbox 936 257 1229 282">
    <p class='ocr_par' dir='ltr' id='par_1_3' title="bbox 936 257 1229 282">
     <span class='ocr_line' id='line_1_5' title="bbox 936 257 1229 282; baseline 0.003 -1"><span class='ocrx_word' id='word_1_10' title='bbox 936 257 1077 282; x_wconf 73' lang='lat' dir='ltr'><strong>URBANUS</strong></span> <span class='ocrx_word' id='word_1_11' title='bbox 1102 257 1157 282; x_wconf 88' lang='lat' dir='ltr'>VIII</span> <span class='ocrx_word' id='word_1_12' title='bbox 1182 258 1229 282; x_wconf 80' lang='lat'>1‘1‘.</span> 
     </span>
    </p>
   </div>
   <div class='ocr_carea' id='block_1_4' title="bbox 325 304 1067 454">
    <p class='ocr_par' dir='ltr' id='par_1_4' title="bbox 325 304 1067 454">
     <span class='ocr_line' id='line_1_6' title="bbox 369 304 1065 350; baseline 0.001 -13"><span class='ocrx_word' id='word_1_13' title='bbox 369 305 385 348; x_wconf 66' lang='grc' dir='ltr'><strong>ἓ</strong></span> <span class='ocrx_word' id='word_1_14' title='bbox 409 304 439 337; x_wconf 67' lang='grc'>9..</span> <span class='ocrx_word' id='word_1_15' title='bbox 464 305 543 345; x_wconf 75' lang='lat' dir='ltr'>Nos,</span> <span class='ocrx_word' id='word_1_16' title='bbox 572 315 630 349; x_wconf 88' lang='lat' dir='ltr'>pro</span> <span class='ocrx_word' id='word_1_17' title='bbox 654 305 819 350; x_wconf 86' lang='lat' dir='ltr'>pastoralis</span> <span class='ocrx_word' id='word_1_18' title='bbox 847 305 941 339; x_wconf 82' lang='lat' dir='ltr'>otticii</span> <span class='ocrx_word' id='word_1_19' title='bbox 967 305 1065 338; x_wconf 80' lang='lat' dir='ltr'>nostri</span> 
     </span>
     <span class='ocr_line' id='line_1_7' title="bbox 325 357 1066 403; baseline 0 -13"><span class='ocrx_word' id='word_1_20' title='bbox 325 357 443 399; x_wconf 88' lang='lat' dir='ltr'>debito,</span> <span class='ocrx_word' id='word_1_21' title='bbox 467 360 661 403; x_wconf 75' lang='lat' dir='ltr'>paternaque</span> <span class='ocrx_word' id='word_1_22' title='bbox 679 358 841 399; x_wconf 88' lang='lat' dir='ltr'>charitate,</span> <span class='ocrx_word' id='word_1_23' title='bbox 860 358 985 391; x_wconf 84' lang='lat' dir='ltr'>illorum</span> <span class='ocrx_word' id='word_1_24' title='bbox 1003 368 1066 391; x_wconf 89' lang='lat' dir='ltr'>om-</span> 
     </span>
     <span class='ocr_line' id='line_1_8' title="bbox 325 410 1067 454; baseline 0.001 -11"><span class='ocrx_word' id='word_1_25' title='bbox 325 410 412 444; x_wconf 89' lang='lat' dir='ltr'>nium</span> <span class='ocrx_word' id='word_1_26' title='bbox 437 411 612 445; x_wconf 88' lang='lat' dir='ltr'>animarum</span> <span class='ocrx_word' id='word_1_27' title='bbox 631 411 731 451; x_wconf 88' lang='lat' dir='ltr'>saluti,</span> <span class='ocrx_word' id='word_1_28' title='bbox 753 416 902 454; x_wconf 89' lang='lat' dir='ltr'>quantum</span> <span class='ocrx_word' id='word_1_29' title='bbox 921 421 992 443; x_wconf 84' lang='lat' dir='ltr'>cuni</span> <span class='ocrx_word' id='word_1_30' title='bbox 1010 411 1067 444; x_wconf 93' lang='lat' dir='ltr'>Do-</span> 
     </span>
    </p>
   </div>
   <div class='ocr_carea' id='block_1_5' title="bbox 326 462 1086 518">
    <p class='ocr_par' dir='ltr' id='par_1_5' title="bbox 326 462 1086 518">
     <span class='ocr_line' id='line_1_9' title="bbox 326 462 1086 518; baseline 0.001 -23"><span class='ocrx_word' id='word_1_31' title='bbox 326 462 412 496; x_wconf 91' lang='lat' dir='ltr'>mino</span> <span class='ocrx_word' id='word_1_32' title='bbox 435 474 614 508; x_wconf 90' lang='lat' dir='ltr'>possumus,</span> <span class='ocrx_word' id='word_1_33' title='bbox 631 463 814 508; x_wconf 79' lang='lat' dir='ltr'>prospicere</span> <span class='ocrx_word' id='word_1_34' title='bbox 834 464 986 504; x_wconf 81' lang='lat' dir='ltr'>volentes,</span> <span class='ocrx_word' id='word_1_35' title='bbox 1003 474 1067 496; x_wconf 92' lang='lat' dir='ltr'>om-</span> <span class='ocrx_word' id='word_1_36' title='bbox 1083 482 1086 518; x_wconf 58' lang='lat'>3</span> 
     </span>
    </p>
   </div>
   <div class='ocr_carea' id='block_1_6' title="bbox 325 516 1066 616">
    <p class='ocr_par' dir='ltr' id='par_1_6' title="bbox 325 516 1066 616">
     <span class='ocr_line' id='line_1_10' title="bbox 326 516 1066 561; baseline -0.001 -11"><span class='ocrx_word' id='word_1_37' title='bbox 326 516 418 550; x_wconf 90' lang='lat' dir='ltr'>nibus</span> <span class='ocrx_word' id='word_1_38' title='bbox 436 522 466 550; x_wconf 90' lang='lat' dir='ltr'>ct</span> <span class='ocrx_word' id='word_1_39' title='bbox 483 517 612 561; x_wconf 82' lang='lat' dir='ltr'>singulis</span> <span class='ocrx_word' id='word_1_40' title='bbox 629 516 928 557; x_wconf 87' lang='lat' dir='ltr'>sanctimonialibus,</span> <span class='ocrx_word' id='word_1_41' title='bbox 945 526 1066 550; x_wconf 82' lang='lat' dir='ltr'>necnon</span> 
     </span>
     <span class='ocr_line' id='line_1_11' title="bbox 325 570 1066 616; baseline -0.001 -13"><span class='ocrx_word' id='word_1_42' title='bbox 325 571 540 612; x_wconf 75' lang='lat' dir='ltr'>anachoretis,</span> <span class='ocrx_word' id='word_1_43' title='bbox 571 577 664 616; x_wconf 85' lang='lat' dir='ltr'>atque</span> <span class='ocrx_word' id='word_1_44' title='bbox 698 570 837 603; x_wconf 83' lang='lat' dir='ltr'>eremitis</span> <span class='ocrx_word' id='word_1_45' title='bbox 868 570 1066 611; x_wconf 89' lang='lat' dir='ltr'>huiusmodi,</span> 
     </span>
    </p>
   </div>
   <div class='ocr_carea' id='block_1_7' title="bbox 1082 303 1842 614">
    <p class='ocr_par' dir='ltr' id='par_1_7' title="bbox 1082 303 1842 614">
     <span class='ocr_line' id='line_1_12' title="bbox 1082 303 1839 350; baseline -0.001 -12"><span class='ocrx_word' id='word_1_46' title='bbox 1082 305 1176 347; x_wconf 64' lang='lat' dir='ltr'>bus,</span> <span class='ocrx_word' id='word_1_47' title='bbox 1201 306 1293 339; x_wconf 87' lang='lat' dir='ltr'>etiam</span> <span class='ocrx_word' id='word_1_48' title='bbox 1323 305 1521 350; x_wconf 81' lang='lat' dir='ltr'>Apostolieae</span> <span class='ocrx_word' id='word_1_49' title='bbox 1552 303 1622 338; x_wconf 87' lang='lat' dir='ltr'>Sedi</span> <span class='ocrx_word' id='word_1_50' title='bbox 1654 304 1839 345; x_wconf 73' lang='lat' dir='ltr'>reservatis,</span> 
     </span>
     <span class='ocr_line' id='line_1_13' title="bbox 1101 357 1839 399; baseline -0.003 -8"><span class='ocrx_word' id='word_1_51' title='bbox 1101 359 1192 392; x_wconf 86' lang='lat' dir='ltr'>ctiam</span> <span class='ocrx_word' id='word_1_52' title='bbox 1218 359 1249 392; x_wconf 92' lang='lat' dir='ltr'>in</span> <span class='ocrx_word' id='word_1_53' title='bbox 1274 359 1361 393; x_wconf 78' lang='lat' dir='ltr'>Bulla</span> <span class='ocrx_word' id='word_1_54' title='bbox 1386 359 1505 393; x_wconf 85' lang='lat' dir='ltr'>Coenae</span> <span class='ocrx_word' id='word_1_55' title='bbox 1530 358 1652 392; x_wconf 87' lang='lat' dir='ltr'>Domini</span> <span class='ocrx_word' id='word_1_56' title='bbox 1677 357 1839 399; x_wconf 85' lang='lat' dir='ltr'>contentis,</span> 
     </span>
     <span class='ocr_line' id='line_1_14' title="bbox 1102 411 1840 457; baseline 0 -13"><span class='ocrx_word' id='word_1_57' title='bbox 1102 412 1239 446; x_wconf 79' lang='lat' dir='ltr'>iniuncta</span> <span class='ocrx_word' id='word_1_58' title='bbox 1256 413 1300 446; x_wconf 86' lang='lat' dir='ltr'>eis</span> <span class='ocrx_word' id='word_1_59' title='bbox 1318 413 1508 457; x_wconf 73' lang='lat' dir='ltr'>poenitentia</span> <span class='ocrx_word' id='word_1_60' title='bbox 1522 411 1660 452; x_wconf 89' lang='lat' dir='ltr'>salutari,</span> <span class='ocrx_word' id='word_1_61' title='bbox 1679 411 1840 445; x_wconf 80' lang='lat' dir='ltr'>absolvere</span> 
     </span>
     <span class='ocr_line' id='line_1_15' title="bbox 1101 465 1842 509; baseline 0 -12"><span class='ocrx_word' id='word_1_62' title='bbox 1101 465 1231 509; x_wconf 81' lang='lat' dir='ltr'>possint,</span> <span class='ocrx_word' id='word_1_63' title='bbox 1256 465 1373 508; x_wconf 77' lang='lat' dir='ltr'>eligere</span> <span class='ocrx_word' id='word_1_64' title='bbox 1398 467 1536 507; x_wconf 82' lang='lat' dir='ltr'>valeant,</span> <span class='ocrx_word' id='word_1_65' title='bbox 1562 465 1745 500; x_wconf 90' lang='lat' dir='ltr'>auctoritate</span> <span class='ocrx_word' id='word_1_66' title='bbox 1769 475 1842 509; x_wconf 88' lang='lat' dir='ltr'>apo-</span> 
     </span>
     <span class='ocr_line' id='line_1_16' title="bbox 1101 517 1841 562; baseline 0.001 -13"><span class='ocrx_word' id='word_1_67' title='bbox 1101 517 1228 558; x_wconf 77' lang='lat' dir='ltr'>stolica,</span> <span class='ocrx_word' id='word_1_68' title='bbox 1253 523 1361 551; x_wconf 89' lang='lat' dir='ltr'>tenore</span> <span class='ocrx_word' id='word_1_69' title='bbox 1385 519 1613 562; x_wconf 79' lang='lat' dir='ltr'>praesentium,</span> <span class='ocrx_word' id='word_1_70' title='bbox 1639 518 1841 553; x_wconf 82' lang='lat' dir='ltr'>concedimus</span> 
     </span>
     <span class='ocr_line' id='line_1_17' title="bbox 1084 572 1356 614; baseline 0.007 -11"><span class='ocrx_word' id='word_1_71' title='bbox 1084 587 1085 600; x_wconf 62' lang='lat' dir='ltr'>i</span> <span class='ocrx_word' id='word_1_72' title='bbox 1102 576 1131 604; x_wconf 90' lang='lat' dir='ltr'>ct</span> <span class='ocrx_word' id='word_1_73' title='bbox 1149 572 1356 614; x_wconf 75' lang='lat' dir='ltr'>indulgemus,</span> 
     </span>
    </p>
   </div>
   <div class='ocr_carea' id='block_1_8' title="bbox 1746 246 2036 283">
    <p class='ocr_par' dir='ltr' id='par_1_8' title="bbox 1746 246 2036 283">
     <span class='ocr_line' id='line_1_18' title="bbox 1746 246 2036 283; baseline 0.007 -4"><span class='ocrx_word' id='word_1_74' title='bbox 1746 246 1809 280; x_wconf 70' lang='lat'>279</span> <span class='ocrx_word' id='word_1_75' title='bbox 1856 256 1944 283; x_wconf 60' lang='lat' dir='ltr'>mc</span> <span class='ocrx_word' id='word_1_76' title='bbox 1969 255 2036 282; x_wconf 73' lang='lat'>1625</span> 
     </span>
    </p>
   </div>
   <div class='ocr_carea' id='block_1_9' title="bbox 325 624 1843 1151">
    <p class='ocr_par' dir='ltr' id='par_1_9' title="bbox 325 624 1842 776">
     <span class='ocr_line' id='line_1_19' title="bbox 325 624 1842 670; baseline 0.001 -12"><span class='ocrx_word' id='word_1_77' title='bbox 325 634 447 658; x_wconf 87' lang='lat' dir='ltr'>necnon</span> <span class='ocrx_word' id='word_1_78' title='bbox 478 624 642 668; x_wconf 88' lang='lat' dir='ltr'>utriusque</span> <span class='ocrx_word' id='word_1_79' title='bbox 674 634 766 657; x_wconf 78' lang='lat' dir='ltr'>sexus</span> <span class='ocrx_word' id='word_1_80' title='bbox 789 624 1085 670; x_wconf 43' lang='lat' dir='ltr'>christifidelibus„</span> <span class='ocrx_word' id='word_1_81' title='bbox 1145 625 1160 668; x_wconf 65' lang='lat' dir='ltr'>g</span> <span class='ocrx_word' id='word_1_82' title='bbox 1184 624 1214 657; x_wconf 69' lang='grc'>4.</span> <span class='ocrx_word' id='word_1_83' title='bbox 1240 625 1307 658; x_wconf 88' lang='lat' dir='ltr'>Non</span> <span class='ocrx_word' id='word_1_84' title='bbox 1337 624 1534 658; x_wconf 72' lang='lat' dir='ltr'>obstantibus</span> <span class='ocrx_word' id='word_1_85' title='bbox 1567 626 1842 660; x_wconf 73' lang='lat' dir='ltr'>constitutionibus</span> 
     </span>
     <span class='ocr_line' id='line_1_20' title="bbox 326 671 1842 723; baseline 0.001 -12"><span class='ocrx_word' id='word_1_86' title='bbox 326 682 388 711; x_wconf 82' lang='lat' dir='ltr'>tam</span> <span class='ocrx_word' id='word_1_87' title='bbox 413 678 597 718; x_wconf 74' lang='lat' dir='ltr'>carceratis,</span> <span class='ocrx_word' id='word_1_88' title='bbox 621 688 715 722; x_wconf 89' lang='lat' dir='ltr'>quam</span> <span class='ocrx_word' id='word_1_89' title='bbox 740 677 874 711; x_wconf 88' lang='lat' dir='ltr'>infirmis</span> <span class='ocrx_word' id='word_1_90' title='bbox 898 677 1067 722; x_wconf 85' lang='lat' dir='ltr'>praedictis</span> <span class='ocrx_word' id='word_1_91' title='bbox 1083 671 1085 710; x_wconf 70' lang='grc' dir='ltr'>ἒ</span> <span class='ocrx_word' id='word_1_92' title='bbox 1102 682 1131 710; x_wconf 89' lang='lat' dir='ltr'>et</span> <span class='ocrx_word' id='word_1_93' title='bbox 1155 677 1406 711; x_wconf 80' lang='lat' dir='ltr'>ordinationibus</span> <span class='ocrx_word' id='word_1_94' title='bbox 1435 678 1615 722; x_wconf 75' lang='lat' dir='ltr'>apostolicis</span> <span class='ocrx_word' id='word_1_95' title='bbox 1630 706 1637 720; x_wconf 86' lang='lat'>,</span> <span class='ocrx_word' id='word_1_96' title='bbox 1667 679 1842 723; x_wconf 86' lang='lat' dir='ltr'>ceterisque</span> 
     </span>
     <span class='ocr_line' id='line_1_21' title="bbox 327 723 1546 776; baseline -0.001 -11"><span class='ocrx_word' id='word_1_97' title='bbox 327 736 462 772; x_wconf 83' lang='lat' dir='ltr'>tanturn,</span> <span class='ocrx_word' id='word_1_98' title='bbox 478 736 508 766; x_wconf 86' lang='lat' dir='ltr'>et</span> <span class='ocrx_word' id='word_1_99' title='bbox 527 731 580 776; x_wconf 88' lang='lat' dir='ltr'>qui</span> <span class='ocrx_word' id='word_1_100' title='bbox 598 732 683 773; x_wconf 80' lang='lat' dir='ltr'>alias,</span> <span class='ocrx_word' id='word_1_101' title='bbox 704 731 935 776; x_wconf 83' lang='lat' dir='ltr'>impedimentis</span> <span class='ocrx_word' id='word_1_102' title='bbox 955 733 1067 776; x_wconf 82' lang='lat' dir='ltr'>longae</span> <span class='ocrx_word' id='word_1_103' title='bbox 1083 723 1085 763; x_wconf 65' lang='grc' dir='ltr'>ἶ</span> <span class='ocrx_word' id='word_1_104' title='bbox 1102 731 1268 765; x_wconf 80' lang='lat' dir='ltr'>contrariis</span> <span class='ocrx_word' id='word_1_105' title='bbox 1285 731 1546 776; x_wconf 86' lang='lat' dir='ltr'>quibuscumque.</span> 
     </span>
    </p>

    <p class='ocr_par' dir='ltr' id='par_1_10' title="bbox 325 785 1843 1151">
     <span class='ocr_line' id='line_1_22' title="bbox 326 785 1841 830; baseline 0 -11"><span class='ocrx_word' id='word_1_106' title='bbox 326 785 558 825; x_wconf 85' lang='lat' dir='ltr'>carcerationis‚</span> <span class='ocrx_word' id='word_1_107' title='bbox 572 795 607 819; x_wconf 89' lang='lat' dir='ltr'>ac</span> <span class='ocrx_word' id='word_1_108' title='bbox 623 785 788 819; x_wconf 82' lang='lat' dir='ltr'>diuturnae</span> <span class='ocrx_word' id='word_1_109' title='bbox 802 785 992 820; x_wconf 88' lang='lat' dir='ltr'>infirmitatis</span> <span class='ocrx_word' id='word_1_110' title='bbox 1005 796 1067 819; x_wconf 89' lang='lat' dir='ltr'>ces-</span> <span class='ocrx_word' id='word_1_111' title='bbox 1146 785 1161 829; x_wconf 57' lang='grc' dir='ltr'>ᾖ</span> <span class='ocrx_word' id='word_1_112' title='bbox 1180 785 1209 818; x_wconf 82' lang='grc'>5.</span> <span class='ocrx_word' id='word_1_113' title='bbox 1227 785 1378 819; x_wconf 80' lang='lat' dir='ltr'>Volumus</span> <span class='ocrx_word' id='word_1_114' title='bbox 1398 790 1513 827; x_wconf 87' lang='lat' dir='ltr'>autem,</span> <span class='ocrx_word' id='word_1_115' title='bbox 1528 786 1613 830; x_wconf 88' lang='lat' dir='ltr'>quod</span> <span class='ocrx_word' id='word_1_116' title='bbox 1630 786 1841 830; x_wconf 87' lang='lat' dir='ltr'>praesentium</span> 
     </span>
     <span class='ocr_line' id='line_1_23' title="bbox 326 837 1841 885; baseline 0.001 -14"><span class='ocrx_word' id='word_1_117' title='bbox 326 838 474 879; x_wconf 88' lang='lat' dir='ltr'>santibus,</span> <span class='ocrx_word' id='word_1_118' title='bbox 491 837 529 871; x_wconf 91' lang='lat' dir='ltr'>ad</span> <span class='ocrx_word' id='word_1_119' title='bbox 554 838 634 872; x_wconf 80' lang='lat' dir='ltr'>hanc</span> <span class='ocrx_word' id='word_1_120' title='bbox 651 839 765 872; x_wconf 83' lang='lat' dir='ltr'>almam</span> <span class='ocrx_word' id='word_1_121' title='bbox 781 839 908 880; x_wconf 87' lang='lat' dir='ltr'>Urbem,</span> <span class='ocrx_word' id='word_1_122' title='bbox 924 850 982 884; x_wconf 91' lang='lat' dir='ltr'>pro</span> <span class='ocrx_word' id='word_1_123' title='bbox 999 840 1064 873; x_wconf 82' lang='lat' dir='ltr'>the·</span> <span class='ocrx_word' id='word_1_124' title='bbox 1084 863 1085 879; x_wconf 31' lang='lat' dir='ltr'>i</span> <span class='ocrx_word' id='word_1_125' title='bbox 1102 839 1278 873; x_wconf 87' lang='lat' dir='ltr'>litterarum</span> <span class='ocrx_word' id='word_1_126' title='bbox 1303 839 1527 884; x_wconf 78' lang='lat' dir='ltr'>transumptis,</span> <span class='ocrx_word' id='word_1_127' title='bbox 1553 839 1651 879; x_wconf 51' lang='lat' dir='ltr'>etiam,</span> <span class='ocrx_word' id='word_1_128' title='bbox 1671 839 1841 885; x_wconf 81' lang='lat' dir='ltr'>impressis,</span> 
     </span>
     <span class='ocr_line' id='line_1_24' title="bbox 326 881 1840 940; baseline 0.001 -16"><span class='ocrx_word' id='word_1_129' title='bbox 326 891 426 925; x_wconf 84' lang='lat' dir='ltr'>sauris</span> <span class='ocrx_word' id='word_1_130' title='bbox 443 891 658 936; x_wconf 83' lang='lat' dir='ltr'>spiritualibus</span> <span class='ocrx_word' id='word_1_131' title='bbox 675 892 854 926; x_wconf 88' lang='lat' dir='ltr'>huiusmodi</span> <span class='ocrx_word' id='word_1_132' title='bbox 872 903 1067 938; x_wconf 88' lang='lat' dir='ltr'>consequen·</span> <span class='ocrx_word' id='word_1_133' title='bbox 1084 881 1086 940; x_wconf 44' lang='grc' dir='ltr'>ζ</span> <span class='ocrx_word' id='word_1_134' title='bbox 1102 903 1196 926; x_wconf 87' lang='lat' dir='ltr'>manu</span> <span class='ocrx_word' id='word_1_135' title='bbox 1214 893 1346 926; x_wconf 89' lang='lat' dir='ltr'>alicuius</span> <span class='ocrx_word' id='word_1_136' title='bbox 1365 893 1479 927; x_wconf 91' lang='lat' dir='ltr'>notarii</span> <span class='ocrx_word' id='word_1_137' title='bbox 1504 892 1621 937; x_wconf 84' lang='lat' dir='ltr'>publici</span> <span class='ocrx_word' id='word_1_138' title='bbox 1646 893 1840 938; x_wconf 75' lang='lat' dir='ltr'>subscriptis,</span> 
     </span>
     <span class='ocr_line' id='line_1_25' title="bbox 325 944 1842 991; baseline 0.001 -13"><span class='ocrx_word' id='word_1_139' title='bbox 325 944 393 988; x_wconf 89' lang='lat' dir='ltr'>dis,</span> <span class='ocrx_word' id='word_1_140' title='bbox 418 945 542 979; x_wconf 85' lang='lat' dir='ltr'>venturi</span> <span class='ocrx_word' id='word_1_141' title='bbox 566 946 716 987; x_wconf 81' lang='lat' dir='ltr'>fuissent,</span> <span class='ocrx_word' id='word_1_142' title='bbox 741 956 813 980; x_wconf 91' lang='lat' dir='ltr'>vere</span> <span class='ocrx_word' id='word_1_143' title='bbox 836 947 1068 991; x_wconf 87' lang='lat' dir='ltr'>poenitentibus</span> <span class='ocrx_word' id='word_1_144' title='bbox 1084 944 1086 985; x_wconf 67' lang='grc' dir='ltr'>Ξ</span> <span class='ocrx_word' id='word_1_145' title='bbox 1103 951 1133 979; x_wconf 92' lang='lat' dir='ltr'>et</span> <span class='ocrx_word' id='word_1_146' title='bbox 1157 947 1260 990; x_wconf 79' lang='lat' dir='ltr'>sigillo</span> <span class='ocrx_word' id='word_1_147' title='bbox 1291 946 1423 980; x_wconf 86' lang='lat' dir='ltr'>alicuius</span> <span class='ocrx_word' id='word_1_148' title='bbox 1452 956 1607 991; x_wconf 79' lang='lat' dir='ltr'>personae</span> <span class='ocrx_word' id='word_1_149' title='bbox 1636 946 1668 979; x_wconf 91' lang='lat' dir='ltr'>in</span> <span class='ocrx_word' id='word_1_150' title='bbox 1693 946 1842 990; x_wconf 80' lang='lat' dir='ltr'>dignitate</span> 
     </span>
     <span class='ocr_line' id='line_1_26' title="bbox 325 987 1841 1044; baseline 0 -11"><span class='ocrx_word' id='word_1_151' title='bbox 325 1002 355 1033; x_wconf 86' lang='lat' dir='ltr'>et</span> <span class='ocrx_word' id='word_1_152' title='bbox 379 999 538 1041; x_wconf 80' lang='lat' dir='ltr'>confessis,</span> <span class='ocrx_word' id='word_1_153' title='bbox 563 1000 647 1044; x_wconf 90' lang='lat' dir='ltr'>quod</span> <span class='ocrx_word' id='word_1_154' title='bbox 672 1000 703 1033; x_wconf 90' lang='lat' dir='ltr'>in</span> <span class='ocrx_word' id='word_1_155' title='bbox 728 1001 821 1042; x_wconf 89' lang='lat' dir='ltr'>locis,</span> <span class='ocrx_word' id='word_1_156' title='bbox 846 1001 898 1034; x_wconf 90' lang='lat' dir='ltr'>ubi</span> <span class='ocrx_word' id='word_1_157' title='bbox 924 1012 976 1035; x_wconf 90' lang='lat' dir='ltr'>eos</span> <span class='ocrx_word' id='word_1_158' title='bbox 1001 1012 1068 1035; x_wconf 88' lang='lat' dir='ltr'>esse</span> <span class='ocrx_word' id='word_1_159' title='bbox 1084 987 1086 1020; x_wconf 57' lang='lat' dir='ltr'>i</span> <span class='ocrx_word' id='word_1_160' title='bbox 1103 1000 1312 1033; x_wconf 76' lang='lat' dir='ltr'>ecclesiastica</span> <span class='ocrx_word' id='word_1_161' title='bbox 1339 1001 1524 1034; x_wconf 85' lang='lat' dir='ltr'>constitutae</span> <span class='ocrx_word' id='word_1_162' title='bbox 1558 999 1709 1041; x_wconf 85' lang='lat' dir='ltr'>munitis,</span> <span class='ocrx_word' id='word_1_163' title='bbox 1734 1000 1841 1033; x_wconf 84' lang='lat' dir='ltr'>eadem</span> 
     </span>
     <span class='ocr_line' id='line_1_27' title="bbox 326 1040 1843 1099; baseline 0.001 -13"><span class='ocrx_word' id='word_1_164' title='bbox 326 1052 504 1096; x_wconf 81' lang='lat' dir='ltr'>contigerit,</span> <span class='ocrx_word' id='word_1_165' title='bbox 523 1053 574 1098; x_wconf 91' lang='lat' dir='ltr'>pia</span> <span class='ocrx_word' id='word_1_166' title='bbox 593 1053 782 1087; x_wconf 82' lang='lat' dir='ltr'>christianae</span> <span class='ocrx_word' id='word_1_167' title='bbox 806 1054 930 1098; x_wconf 85' lang='lat' dir='ltr'>pietatis</span> <span class='ocrx_word' id='word_1_168' title='bbox 950 1061 981 1087; x_wconf 90' lang='lat' dir='ltr'>et</span> <span class='ocrx_word' id='word_1_169' title='bbox 997 1055 1068 1088; x_wconf 85' lang='lat' dir='ltr'>eha-</span> <span class='ocrx_word' id='word_1_170' title='bbox 1084 1040 1086 1077; x_wconf 63' lang='lat' dir='ltr'>i</span> <span class='ocrx_word' id='word_1_171' title='bbox 1104 1065 1235 1098; x_wconf 89' lang='lat' dir='ltr'>prorsus</span> <span class='ocrx_word' id='word_1_172' title='bbox 1252 1054 1329 1087; x_wconf 84' lang='lat' dir='ltr'>fides</span> <span class='ocrx_word' id='word_1_173' title='bbox 1346 1054 1543 1095; x_wconf 83' lang='lat' dir='ltr'>adhibeatur,</span> <span class='ocrx_word' id='word_1_174' title='bbox 1560 1064 1640 1098; x_wconf 88' lang='lat' dir='ltr'>quae</span> <span class='ocrx_word' id='word_1_175' title='bbox 1664 1054 1741 1099; x_wconf 91' lang='lat' dir='ltr'>ipsis</span> <span class='ocrx_word' id='word_1_176' title='bbox 1757 1064 1843 1098; x_wconf 86' lang='lat' dir='ltr'>prae-</span> 
     </span>
     <span class='ocr_line' id='line_1_28' title="bbox 326 1099 1842 1151; baseline 0.002 -13"><span class='ocrx_word' id='word_1_177' title='bbox 326 1105 426 1139; x_wconf 87' lang='lat' dir='ltr'>ritatis</span> <span class='ocrx_word' id='word_1_178' title='bbox 450 1116 557 1150; x_wconf 89' lang='lat' dir='ltr'>opera,</span> <span class='ocrx_word' id='word_1_179' title='bbox 574 1106 659 1140; x_wconf 83' lang='lat' dir='ltr'>iuxta</span> <span class='ocrx_word' id='word_1_180' title='bbox 683 1107 817 1141; x_wconf 83' lang='lat' dir='ltr'>formam</span> <span class='ocrx_word' id='word_1_181' title='bbox 835 1108 874 1141; x_wconf 90' lang='lat' dir='ltr'>ab</span> <span class='ocrx_word' id='word_1_182' title='bbox 893 1107 1068 1141; x_wconf 87' lang='lat' dir='ltr'>Ordinariis</span> <span class='ocrx_word' id='word_1_183' title='bbox 1084 1099 1087 1127; x_wconf 66' lang='lat'>²</span> <span class='ocrx_word' id='word_1_184' title='bbox 1103 1108 1242 1142; x_wconf 85' lang='lat' dir='ltr'>sentibus</span> <span class='ocrx_word' id='word_1_185' title='bbox 1266 1108 1487 1151; x_wconf 83' lang='lat' dir='ltr'>adhiberetur,</span> <span class='ocrx_word' id='word_1_186' title='bbox 1513 1109 1537 1141; x_wconf 92' lang='lat' dir='ltr'>si</span> <span class='ocrx_word' id='word_1_187' title='bbox 1563 1109 1665 1142; x_wconf 80' lang='lat' dir='ltr'>forent</span> <span class='ocrx_word' id='word_1_188' title='bbox 1687 1108 1842 1141; x_wconf 78' lang='lat' dir='ltr'>exhibitae</span> 
     </span>
    </p>
   </div>
   <div class='ocr_carea' id='block_1_10' title="bbox 1082 323 1087 921">
    <p class='ocr_par' dir='ltr' id='par_1_11' title="bbox 1082 323 1087 921">
     <span class='ocr_line' id='line_1_29' title="bbox 1082 323 1087 921; baseline 0 0"><span class='ocrx_word' id='word_1_189' title='bbox 1082 323 1087 921; x_wconf 95' lang='lat' dir='ltr'> </span> 
     </span>
    </p>
   </div>
   <div class='ocr_carea' id='block_1_11' title="bbox 1857 638 2040 691">
    <p class='ocr_par' dir='ltr' id='par_1_12' title="bbox 1857 638 2040 691">
     <span class='ocr_line' id='line_1_30' title="bbox 1883 638 2040 660; baseline 0 -1"><span class='ocrx_word' id='word_1_190' title='bbox 1883 638 1993 660; x_wconf 75' lang='lat' dir='ltr'>Contraria</span> <span class='ocrx_word' id='word_1_191' title='bbox 2005 639 2040 659; x_wconf 77' lang='lat' dir='ltr'>de·</span> 
     </span>
     <span class='ocr_line' id='line_1_31' title="bbox 1857 668 1923 691; baseline 0 -5"><span class='ocrx_word' id='word_1_192' title='bbox 1857 668 1923 691; x_wconf 62' lang='lat' dir='ltr'>regal,</span> 
     </span>
    </p>
   </div>
   <div class='ocr_carea' id='block_1_12' title="bbox 1857 800 2040 880">
    <p class='ocr_par' dir='ltr' id='par_1_13' title="bbox 1857 800 2040 880">
     <span class='ocr_line' id='line_1_32' title="bbox 1872 800 2039 829; baseline -0.012 -8"><span class='ocrx_word' id='word_1_193' title='bbox 1872 800 1981 829; x_wconf 68' lang='lat' dir='ltr'>Huiusquo</span> <span class='ocrx_word' id='word_1_194' title='bbox 1992 805 2039 820; x_wconf 84' lang='lat' dir='ltr'>con-</span> 
     </span>
     <span class='ocr_line' id='line_1_33' title="bbox 1857 832 2040 847; baseline -0.005 0"><span class='ocrx_word' id='word_1_195' title='bbox 1857 832 1958 847; x_wconf 66' lang='lat' dir='ltr'>cessionis</span> <span class='ocrx_word' id='word_1_196' title='bbox 1973 832 2040 847; x_wconf 76' lang='lat' dir='ltr'>exem-</span> 
     </span>
     <span class='ocr_line' id='line_1_34' title="bbox 1857 853 2039 880; baseline -0.011 -6"><span class='ocrx_word' id='word_1_197' title='bbox 1857 854 1896 880; x_wconf 76' lang='lat' dir='ltr'>plis</span> <span class='ocrx_word' id='word_1_198' title='bbox 1907 853 1964 874; x_wconf 77' lang='lat' dir='ltr'>credi</span> <span class='ocrx_word' id='word_1_199' title='bbox 1975 853 2039 873; x_wconf 73' lang='lat' dir='ltr'>iubet.</span> 
     </span>
    </p>
   </div>
   <div class='ocr_carea' id='block_1_13' title="bbox 325 1159 1069 1419">
    <p class='ocr_par' dir='ltr' id='par_1_14' title="bbox 325 1159 1069 1419">
     <span class='ocr_line' id='line_1_35' title="bbox 325 1159 1069 1201; baseline 0.001 -8"><span class='ocrx_word' id='word_1_200' title='bbox 325 1159 480 1201; x_wconf 88' lang='lat' dir='ltr'>locorum,</span> <span class='ocrx_word' id='word_1_201' title='bbox 497 1170 552 1193; x_wconf 89' lang='lat' dir='ltr'>seu</span> <span class='ocrx_word' id='word_1_202' title='bbox 577 1160 861 1194; x_wconf 86' lang='lat' dir='ltr'>sanctimonialium</span> <span class='ocrx_word' id='word_1_203' title='bbox 885 1166 916 1194; x_wconf 87' lang='lat' dir='ltr'>et</span> <span class='ocrx_word' id='word_1_204' title='bbox 935 1161 1069 1194; x_wconf 88' lang='lat' dir='ltr'>anacho-</span> 
     </span>
     <span class='ocr_line' id='line_1_36' title="bbox 326 1213 1068 1259; baseline 0.001 -13"><span class='ocrx_word' id='word_1_205' title='bbox 326 1218 477 1254; x_wconf 85' lang='lat' dir='ltr'>retarum,</span> <span class='ocrx_word' id='word_1_206' title='bbox 493 1213 760 1258; x_wconf 87' lang='lat' dir='ltr'>eremitarumque</span> <span class='ocrx_word' id='word_1_207' title='bbox 777 1214 958 1248; x_wconf 85' lang='lat' dir='ltr'>huiusmodi</span> <span class='ocrx_word' id='word_1_208' title='bbox 979 1225 1068 1259; x_wconf 89' lang='lat' dir='ltr'>supe-</span> 
     </span>
     <span class='ocr_line' id='line_1_37' title="bbox 326 1266 1067 1312; baseline 0.001 -11"><span class='ocrx_word' id='word_1_209' title='bbox 326 1266 475 1308; x_wconf 86' lang='lat' dir='ltr'>rioribus,</span> <span class='ocrx_word' id='word_1_210' title='bbox 485 1267 532 1300; x_wconf 90' lang='lat' dir='ltr'>vel</span> <span class='ocrx_word' id='word_1_211' title='bbox 542 1266 580 1300; x_wconf 91' lang='lat' dir='ltr'>de</span> <span class='ocrx_word' id='word_1_212' title='bbox 590 1277 700 1301; x_wconf 87' lang='lat' dir='ltr'>eorum</span> <span class='ocrx_word' id='word_1_213' title='bbox 714 1267 870 1309; x_wconf 86' lang='lat' dir='ltr'>mandato,</span> <span class='ocrx_word' id='word_1_214' title='bbox 884 1278 902 1301; x_wconf 89' lang='lat' dir='ltr'>a</span> <span class='ocrx_word' id='word_1_215' title='bbox 914 1268 1067 1312; x_wconf 87' lang='lat' dir='ltr'>prudente</span> 
     </span>
     <span class='ocr_line' id='line_1_38' title="bbox 327 1320 1067 1362; baseline 0.003 -8"><span class='ocrx_word' id='word_1_216' title='bbox 327 1320 527 1362; x_wconf 82' lang='lat' dir='ltr'>confessario,</span> <span class='ocrx_word' id='word_1_217' title='bbox 552 1321 584 1353; x_wconf 92' lang='lat' dir='ltr'>in</span> <span class='ocrx_word' id='word_1_218' title='bbox 606 1321 688 1355; x_wconf 77' lang='lat' dir='ltr'>alma</span> <span class='ocrx_word' id='word_1_219' title='bbox 714 1332 788 1355; x_wconf 86' lang='lat' dir='ltr'>vero</span> <span class='ocrx_word' id='word_1_220' title='bbox 812 1321 895 1355; x_wconf 91' lang='lat' dir='ltr'>Urbe</span> <span class='ocrx_word' id='word_1_221' title='bbox 920 1332 937 1354; x_wconf 87' lang='lat' dir='ltr'>a</span> <span class='ocrx_word' id='word_1_222' title='bbox 953 1322 1067 1356; x_wconf 86' lang='lat' dir='ltr'>dilecto</span> 
     </span>
     <span class='ocr_line' id='line_1_39' title="bbox 327 1374 1067 1419; baseline 0.003 -11"><span class='ocrx_word' id='word_1_223' title='bbox 327 1375 392 1408; x_wconf 85' lang='lat' dir='ltr'>filio</span> <span class='ocrx_word' id='word_1_224' title='bbox 415 1379 523 1408; x_wconf 85' lang='lat' dir='ltr'>nostro</span> <span class='ocrx_word' id='word_1_225' title='bbox 540 1374 667 1416; x_wconf 87' lang='lat' dir='ltr'>vicario,</span> <span class='ocrx_word' id='word_1_226' title='bbox 684 1385 739 1408; x_wconf 88' lang='lat' dir='ltr'>seu</span> <span class='ocrx_word' id='word_1_227' title='bbox 763 1375 830 1408; x_wconf 89' lang='lat' dir='ltr'>eius</span> <span class='ocrx_word' id='word_1_228' title='bbox 854 1375 1067 1419; x_wconf 81' lang='lat' dir='ltr'>vicesgerente</span> 
     </span>
    </p>
   </div>
   <div class='ocr_carea' id='block_1_14' title="bbox 1101 1163 1843 1366">
    <p class='ocr_par' dir='ltr' id='par_1_15' title="bbox 1102 1163 1327 1196">
     <span class='ocr_line' id='line_1_40' title="bbox 1102 1163 1327 1196; baseline 0 -1"><span class='ocrx_word' id='word_1_229' title='bbox 1102 1163 1151 1196; x_wconf 89' lang='lat' dir='ltr'>vel</span> <span class='ocrx_word' id='word_1_230' title='bbox 1175 1168 1327 1196; x_wconf 86' lang='lat' dir='ltr'>ostensae.</span> 
     </span>
    </p>

    <p class='ocr_par' dir='ltr' id='par_1_16' title="bbox 1101 1213 1843 1366">
     <span class='ocr_line' id='line_1_41' title="bbox 1146 1213 1843 1259; baseline 0 -12"><span class='ocrx_word' id='word_1_231' title='bbox 1146 1214 1258 1247; x_wconf 85' lang='lat' dir='ltr'>Datum</span> <span class='ocrx_word' id='word_1_232' title='bbox 1272 1215 1400 1255; x_wconf 84' lang='lat' dir='ltr'>Romae,</span> <span class='ocrx_word' id='word_1_233' title='bbox 1414 1214 1499 1259; x_wconf 90' lang='lat' dir='ltr'>apud</span> <span class='ocrx_word' id='word_1_234' title='bbox 1516 1214 1545 1248; x_wconf 90' lang='lat' dir='ltr'>S.</span> <span class='ocrx_word' id='word_1_235' title='bbox 1562 1214 1700 1255; x_wconf 88' lang='lat' dir='ltr'>Petrum,</span> <span class='ocrx_word' id='word_1_236' title='bbox 1718 1213 1776 1247; x_wconf 88' lang='lat' dir='ltr'>sub</span> <span class='ocrx_word' id='word_1_237' title='bbox 1793 1224 1843 1247; x_wconf 89' lang='lat' dir='ltr'>an-</span> 
     </span>
     <span class='ocr_line' id='line_1_42' title="bbox 1101 1267 1841 1309; baseline 0.004 -10"><span class='ocrx_word' id='word_1_238' title='bbox 1101 1267 1177 1302; x_wconf 88' lang='lat' dir='ltr'>nulo</span> <span class='ocrx_word' id='word_1_239' title='bbox 1193 1267 1432 1309; x_wconf 78' lang='lat' dir='ltr'>Piscatoris‚-die</span> <span class='ocrx_word' id='word_1_240' title='bbox 1440 1278 1541 1302; x_wconf 80' lang='lat' dir='ltr'>xxviii</span> <span class='ocrx_word' id='word_1_241' title='bbox 1554 1268 1687 1301; x_wconf 85' lang='lat' dir='ltr'>ianuarii</span> <span class='ocrx_word' id='word_1_242' title='bbox 1701 1277 1841 1302; x_wconf 71' lang='lat' dir='ltr'>mcxxv.</span> 
     </span>
     <span class='ocr_line' id='line_1_43' title="bbox 1103 1321 1591 1366; baseline 0 -11"><span class='ocrx_word' id='word_1_243' title='bbox 1103 1321 1306 1366; x_wconf 82' lang='lat' dir='ltr'>pontificatus</span> <span class='ocrx_word' id='word_1_244' title='bbox 1330 1322 1428 1356; x_wconf 90' lang='lat' dir='ltr'>nostri</span> <span class='ocrx_word' id='word_1_245' title='bbox 1453 1332 1535 1356; x_wconf 87' lang='lat' dir='ltr'>anno</span> <span class='ocrx_word' id='word_1_246' title='bbox 1560 1332 1591 1356; x_wconf 87' lang='lat'>11.</span> 
     </span>
    </p>
   </div>
   <div class='ocr_carea' id='block_1_15' title="bbox 1138 1384 1774 1421">
    <p class='ocr_par' dir='ltr' id='par_1_17' title="bbox 1138 1384 1774 1421">
     <span class='ocr_line' id='line_1_44' title="bbox 1138 1384 1774 1421; baseline 0 -9"><span class='ocrx_word' id='word_1_247' title='bbox 1138 1384 1196 1413; x_wconf 82' lang='lat' dir='ltr'>Dat.</span> <span class='ocrx_word' id='word_1_248' title='bbox 1214 1385 1258 1413; x_wconf 87' lang='lat' dir='ltr'>die</span> <span class='ocrx_word' id='word_1_249' title='bbox 1273 1385 1307 1413; x_wconf 84' lang='lat'>28</span> <span class='ocrx_word' id='word_1_250' title='bbox 1322 1384 1437 1413; x_wconf 85' lang='lat' dir='ltr'>ianuarii</span> <span class='ocrx_word' id='word_1_251' title='bbox 1452 1385 1530 1419; x_wconf 75' lang='lat'>1625,</span> <span class='ocrx_word' id='word_1_252' title='bbox 1547 1384 1641 1421; x_wconf 73' lang='lat' dir='ltr'>pontif.</span> <span class='ocrx_word' id='word_1_253' title='bbox 1661 1393 1730 1413; x_wconf 86' lang='lat' dir='ltr'>anno</span> <span class='ocrx_word' id='word_1_254' title='bbox 1746 1392 1774 1412; x_wconf 88' lang='lat' dir='ltr'>n.</span> 
     </span>
    </p>
   </div>
   <div class='ocr_carea' id='block_1_16' title="bbox 327 1428 1086 1848">
    <p class='ocr_par' dir='ltr' id='par_1_18' title="bbox 327 1428 1085 1686">
     <span class='ocr_line' id='line_1_45' title="bbox 327 1428 1067 1473; baseline 0.003 -12"><span class='ocrx_word' id='word_1_255' title='bbox 327 1433 457 1469; x_wconf 86' lang='lat' dir='ltr'>tantum,</span> <span class='ocrx_word' id='word_1_256' title='bbox 469 1428 723 1473; x_wconf 88' lang='lat' dir='ltr'>praescribenda,</span> <span class='ocrx_word' id='word_1_257' title='bbox 735 1439 794 1473; x_wconf 89' lang='lat' dir='ltr'>pro</span> <span class='ocrx_word' id='word_1_258' title='bbox 807 1429 974 1464; x_wconf 87' lang='lat' dir='ltr'>cuiuslibet</span> <span class='ocrx_word' id='word_1_259' title='bbox 986 1435 1067 1463; x_wconf 87' lang='lat' dir='ltr'>statu</span> 
     </span>
     <span class='ocr_line' id='line_1_46' title="bbox 327 1481 1067 1527; baseline 0.003 -12"><span class='ocrx_word' id='word_1_260' title='bbox 327 1487 357 1515; x_wconf 88' lang='lat' dir='ltr'>et</span> <span class='ocrx_word' id='word_1_261' title='bbox 381 1481 569 1524; x_wconf 85' lang='lat' dir='ltr'>conditione,</span> <span class='ocrx_word' id='word_1_262' title='bbox 586 1492 622 1515; x_wconf 91' lang='lat' dir='ltr'>ac</span> <span class='ocrx_word' id='word_1_263' title='bbox 638 1482 699 1515; x_wconf 91' lang='lat' dir='ltr'>loci</span> <span class='ocrx_word' id='word_1_264' title='bbox 725 1486 754 1517; x_wconf 88' lang='lat' dir='ltr'>et</span> <span class='ocrx_word' id='word_1_265' title='bbox 777 1483 929 1527; x_wconf 85' lang='lat' dir='ltr'>temporis</span> <span class='ocrx_word' id='word_1_266' title='bbox 946 1483 1067 1517; x_wconf 84' lang='lat' dir='ltr'>ratione</span> 
     </span>
     <span class='ocr_line' id='line_1_47' title="bbox 327 1535 1067 1578; baseline 0.003 -10"><span class='ocrx_word' id='word_1_267' title='bbox 327 1535 443 1576; x_wconf 82' lang='lat' dir='ltr'>habita,</span> <span class='ocrx_word' id='word_1_268' title='bbox 457 1536 641 1578; x_wconf 81' lang='lat' dir='ltr'>exercendo,</span> <span class='ocrx_word' id='word_1_269' title='bbox 655 1541 685 1569; x_wconf 89' lang='lat' dir='ltr'>et</span> <span class='ocrx_word' id='word_1_270' title='bbox 703 1536 763 1569; x_wconf 89' lang='lat' dir='ltr'>alia</span> <span class='ocrx_word' id='word_1_271' title='bbox 778 1536 895 1570; x_wconf 87' lang='lat' dir='ltr'>nostris</span> <span class='ocrx_word' id='word_1_272' title='bbox 912 1537 943 1570; x_wconf 92' lang='lat' dir='ltr'>in</span> <span class='ocrx_word' id='word_1_273' title='bbox 956 1537 1067 1571; x_wconf 86' lang='lat' dir='ltr'>litteris</span> 
     </span>
     <span class='ocr_line' id='line_1_48' title="bbox 327 1588 1085 1638; baseline 0.003 -17"><span class='ocrx_word' id='word_1_274' title='bbox 327 1588 506 1622; x_wconf 87' lang='lat' dir='ltr'>indictionis</span> <span class='ocrx_word' id='word_1_275' title='bbox 538 1589 610 1622; x_wconf 91' lang='lat' dir='ltr'>anni</span> <span class='ocrx_word' id='word_1_276' title='bbox 641 1589 767 1622; x_wconf 88' lang='lat' dir='ltr'>iubilaei</span> <span class='ocrx_word' id='word_1_277' title='bbox 800 1595 945 1623; x_wconf 89' lang='lat' dir='ltr'>contenta</span> <span class='ocrx_word' id='word_1_278' title='bbox 968 1590 1067 1623; x_wconf 88' lang='lat' dir='ltr'>adim·</span> <span class='ocrx_word' id='word_1_279' title='bbox 1084 1626 1085 1638; x_wconf 15' lang='grc' dir='ltr'>ἵ</span> 
     </span>
     <span class='ocr_line' id='line_1_49' title="bbox 327 1642 1068 1686; baseline 0.003 -11"><span class='ocrx_word' id='word_1_280' title='bbox 327 1642 451 1686; x_wconf 89' lang='lat' dir='ltr'>plendo,</span> <span class='ocrx_word' id='word_1_281' title='bbox 468 1653 576 1675; x_wconf 88' lang='lat' dir='ltr'>omnes</span> <span class='ocrx_word' id='word_1_282' title='bbox 600 1647 630 1675; x_wconf 89' lang='lat' dir='ltr'>et</span> <span class='ocrx_word' id='word_1_283' title='bbox 655 1643 793 1685; x_wconf 82' lang='lat' dir='ltr'>singulas</span> <span class='ocrx_word' id='word_1_284' title='bbox 811 1643 1022 1686; x_wconf 78' lang='lat' dir='ltr'>indulgentias</span> <span class='ocrx_word' id='word_1_285' title='bbox 1039 1649 1068 1677; x_wconf 85' lang='lat' dir='ltr'>et</span> 
     </span>
    </p>

    <p class='ocr_par' dir='ltr' id='par_1_19' title="bbox 327 1695 1086 1848">
     <span class='ocr_line' id='line_1_50' title="bbox 327 1695 1067 1741; baseline 0.004 -13"><span class='ocrx_word' id='word_1_286' title='bbox 327 1700 527 1740; x_wconf 86' lang='lat' dir='ltr'>peccatorum</span> <span class='ocrx_word' id='word_1_287' title='bbox 562 1695 777 1739; x_wconf 83' lang='lat' dir='ltr'>remissiones,</span> <span class='ocrx_word' id='word_1_288' title='bbox 804 1696 898 1730; x_wconf 83' lang='lat' dir='ltr'>etiam</span> <span class='ocrx_word' id='word_1_289' title='bbox 923 1697 1067 1741; x_wconf 88' lang='lat' dir='ltr'>plenissi-</span> 
     </span>
     <span class='ocr_line' id='line_1_51' title="bbox 328 1750 1086 1794; baseline 0.004 -13"><span class='ocrx_word' id='word_1_290' title='bbox 328 1759 421 1792; x_wconf 85' lang='lat' dir='ltr'>mam,</span> <span class='ocrx_word' id='word_1_291' title='bbox 435 1754 667 1793; x_wconf 87' lang='lat' dir='ltr'>consequantur</span> <span class='ocrx_word' id='word_1_292' title='bbox 681 1754 711 1783; x_wconf 88' lang='lat' dir='ltr'>et</span> <span class='ocrx_word' id='word_1_293' title='bbox 726 1760 837 1783; x_wconf 91' lang='lat' dir='ltr'>eorum</span> <span class='ocrx_word' id='word_1_294' title='bbox 854 1750 985 1794; x_wconf 83' lang='lat' dir='ltr'>quilibet</span> <span class='ocrx_word' id='word_1_295' title='bbox 999 1762 1069 1784; x_wconf 89' lang='lat' dir='ltr'>con·</span> <span class='ocrx_word' id='word_1_296' title='bbox 1084 1754 1086 1775; x_wconf 60' lang='lat' dir='ltr'>l</span> 
     </span>
     <span class='ocr_line' id='line_1_52' title="bbox 328 1805 1086 1848; baseline 0.003 -13"><span class='ocrx_word' id='word_1_297' title='bbox 328 1808 486 1847; x_wconf 86' lang='lat' dir='ltr'>sequatur,</span> <span class='ocrx_word' id='word_1_298' title='bbox 499 1813 578 1847; x_wconf 85' lang='lat' dir='ltr'>quas</span> <span class='ocrx_word' id='word_1_299' title='bbox 591 1807 859 1847; x_wconf 88' lang='lat' dir='ltr'>consequerentur</span> <span class='ocrx_word' id='word_1_300' title='bbox 873 1809 903 1837; x_wconf 91' lang='lat' dir='ltr'>et</span> <span class='ocrx_word' id='word_1_301' title='bbox 919 1805 1068 1848; x_wconf 85' lang='lat' dir='ltr'>consequi</span> <span class='ocrx_word' id='word_1_302' title='bbox 1084 1816 1086 1826; x_wconf 61' lang='lat'><strong>¹</strong></span> 
     </span>
    </p>
   </div>
   <div class='ocr_carea' id='block_1_17' title="bbox 328 1853 1845 1928">
    <p class='ocr_par' dir='ltr' id='par_1_20' title="bbox 328 1853 1845 1928">
     <span class='ocr_line' id='line_1_53' title="bbox 328 1853 1845 1903; baseline 0.001 -13"><span class='ocrx_word' id='word_1_303' title='bbox 328 1861 466 1901; x_wconf 86' lang='lat' dir='ltr'>possent,</span> <span class='ocrx_word' id='word_1_304' title='bbox 479 1856 505 1889; x_wconf 94' lang='lat' dir='ltr'>si</span> <span class='ocrx_word' id='word_1_305' title='bbox 529 1857 560 1889; x_wconf 92' lang='lat' dir='ltr'>in</span> <span class='ocrx_word' id='word_1_306' title='bbox 576 1857 637 1890; x_wconf 86' lang='lat' dir='ltr'>hoe</span> <span class='ocrx_word' id='word_1_307' title='bbox 654 1857 811 1901; x_wconf 87' lang='lat' dir='ltr'>praesenti</span> <span class='ocrx_word' id='word_1_308' title='bbox 829 1867 911 1891; x_wconf 88' lang='lat' dir='ltr'>anno</span> <span class='ocrx_word' id='word_1_309' title='bbox 932 1857 1068 1899; x_wconf 86' lang='lat' dir='ltr'>iubilaei,</span> <span class='ocrx_word' id='word_1_310' title='bbox 1085 1853 1087 1876; x_wconf 58' lang='lat'>¹&gt;</span> <span class='ocrx_word' id='word_1_311' title='bbox 1230 1885 1235 1891; x_wconf 87' lang='lat'><strong><em>.</em></strong></span> <span class='ocrx_word' id='word_1_312' title='bbox 1393 1886 1398 1891; x_wconf 74' lang='grc'><strong>.</strong></span> <span class='ocrx_word' id='word_1_313' title='bbox 1600 1886 1606 1891; x_wconf 96' lang='grc'><em>.</em></span> <span class='ocrx_word' id='word_1_314' title='bbox 1834 1886 1845 1903; x_wconf 11' lang='grc' dir='ltr'>Ἰ.</span> 
     </span>
     <span class='ocr_line' id='line_1_54' title="bbox 1146 1884 1845 1928; baseline 0.001 -11"><span class='ocrx_word' id='word_1_315' title='bbox 1146 1889 1334 1928; x_wconf 70' lang='lat' dir='ltr'>qratzarum</span> <span class='ocrx_word' id='word_1_316' title='bbox 1364 1884 1468 1918; x_wconf 66' lang='lat' dir='ltr'>dietae</span> <span class='ocrx_word' id='word_1_317' title='bbox 1496 1885 1644 1919; x_wconf 67' lang='lat' dir='ltr'>ecelesiae</span> <span class='ocrx_word' id='word_1_318' title='bbox 1674 1886 1705 1920; x_wconf 88' lang='lat' dir='ltr'>S.</span> <span class='ocrx_word' id='word_1_319' title='bbox 1741 1885 1845 1919; x_wconf 68' lang='lat' dir='ltr'>Paule</span> 
     </span>
    </p>
   </div>
   <div class='ocr_carea' id='block_1_18' title="bbox 328 1909 1845 2024">
    <p class='ocr_par' dir='ltr' id='par_1_21' title="bbox 328 1909 1845 2024">
     <span class='ocr_line' id='line_1_55' title="bbox 328 1909 1648 1955; baseline 0.001 -12"><span class='ocrx_word' id='word_1_320' title='bbox 328 1909 438 1944; x_wconf 87' lang='lat' dir='ltr'>diebus</span> <span class='ocrx_word' id='word_1_321' title='bbox 462 1909 501 1943; x_wconf 87' lang='lat' dir='ltr'>ad</span> <span class='ocrx_word' id='word_1_322' title='bbox 517 1909 548 1943; x_wconf 91' lang='lat' dir='ltr'>id</span> <span class='ocrx_word' id='word_1_323' title='bbox 566 1910 696 1952; x_wconf 86' lang='lat' dir='ltr'>statutis,</span> <span class='ocrx_word' id='word_1_324' title='bbox 714 1916 849 1954; x_wconf 90' lang='lat' dir='ltr'>quatuor</span> <span class='ocrx_word' id='word_1_325' title='bbox 866 1911 904 1944; x_wconf 90' lang='lat' dir='ltr'>ad</span> <span class='ocrx_word' id='word_1_326' title='bbox 928 1911 959 1944; x_wconf 90' lang='lat' dir='ltr'>id</span> <span class='ocrx_word' id='word_1_327' title='bbox 976 1911 1069 1955; x_wconf 83' lang='lat' dir='ltr'>depu-</span> <span class='ocrx_word' id='word_1_328' title='bbox 1307 1948 1313 1955; x_wconf 46' lang='grc'><strong>,</strong></span> <span class='ocrx_word' id='word_1_329' title='bbox 1432 1949 1438 1955; x_wconf 68' lang='lat'><strong><em>‚</em></strong></span> <span class='ocrx_word' id='word_1_330' title='bbox 1642 1939 1648 1944; x_wconf 94' lang='lat'>.</span> 
     </span>
     <span class='ocr_line' id='line_1_56' title="bbox 329 1943 1845 2024; baseline -0.003 -28"><span class='ocrx_word' id='word_1_331' title='bbox 329 1969 407 1997; x_wconf 88' lang='lat' dir='ltr'>tatas</span> <span class='ocrx_word' id='word_1_332' title='bbox 425 1963 568 1997; x_wconf 76' lang='lat' dir='ltr'>basilicas</span> <span class='ocrx_word' id='word_1_333' title='bbox 585 1967 614 1998; x_wconf 84' lang='lat' dir='ltr'>et</span> <span class='ocrx_word' id='word_1_334' title='bbox 637 1963 785 1997; x_wconf 87' lang='lat' dir='ltr'>eeclesias</span> <span class='ocrx_word' id='word_1_335' title='bbox 809 1964 908 1997; x_wconf 88' lang='lat' dir='ltr'>almae</span> <span class='ocrx_word' id='word_1_336' title='bbox 929 1965 1023 1997; x_wconf 81' lang='lat' dir='ltr'>Urbis</span> <span class='ocrx_word' id='word_1_337' title='bbox 1040 1954 1087 1998; x_wconf 74' lang='lat' dir='ltr'>eti</span> <span class='ocrx_word' id='word_1_338' title='bbox 1148 1948 1372 2024; x_wconf 53' lang='grc' dir='ltr'>Ξῖἑῑῗρεεαηιή</span> <span class='ocrx_word' id='word_1_339' title='bbox 1398 1949 1431 1982; x_wconf 56' lang='grc' dir='ltr'>Ρ]</span> <span class='ocrx_word' id='word_1_340' title='bbox 1440 1948 1457 1971; x_wconf 82' lang='lat'>⁰</span> <span class='ocrx_word' id='word_1_341' title='bbox 1483 1943 1647 1981; x_wconf 55' lang='lat' dir='ltr'>praesem‘</span> <span class='ocrx_word' id='word_1_342' title='bbox 1664 1949 1751 1972; x_wconf 68' lang='lat' dir='ltr'>‘mm&#39;</span> <span class='ocrx_word' id='word_1_343' title='bbox 1770 1950 1845 1972; x_wconf 67' lang='lat'>&#39;⁹⁰⁷²&#39;</span> 
     </span>
    </p>
   </div>
   <div class='ocr_carea' id='block_1_19' title="bbox 328 2017 1845 2712">
    <p class='ocr_par' dir='ltr' id='par_1_22' title="bbox 328 2017 1843 2226">
     <span class='ocr_line' id='line_1_57' title="bbox 328 2017 1069 2062; baseline 0.001 -11"><span class='ocrx_word' id='word_1_344' title='bbox 328 2022 415 2052; x_wconf 86' lang='lat' dir='ltr'>extra</span> <span class='ocrx_word' id='word_1_345' title='bbox 436 2017 520 2050; x_wconf 88' lang='lat' dir='ltr'>illius</span> <span class='ocrx_word' id='word_1_346' title='bbox 544 2028 662 2059; x_wconf 90' lang='lat' dir='ltr'>muros,</span> <span class='ocrx_word' id='word_1_347' title='bbox 688 2028 746 2061; x_wconf 88' lang='lat' dir='ltr'>pro</span> <span class='ocrx_word' id='word_1_348' title='bbox 771 2017 884 2062; x_wconf 89' lang='lat' dir='ltr'>quibus</span> <span class='ocrx_word' id='word_1_349' title='bbox 909 2017 1069 2052; x_wconf 84' lang='lat' dir='ltr'>visitandis</span> 
     </span>
     <span class='ocr_line' id='line_1_58' title="bbox 329 2071 1070 2115; baseline 0 -11"><span class='ocrx_word' id='word_1_350' title='bbox 329 2071 498 2104; x_wconf 88' lang='lat' dir='ltr'>iubilaeum</span> <span class='ocrx_word' id='word_1_351' title='bbox 516 2076 546 2104; x_wconf 91' lang='lat' dir='ltr'>et</span> <span class='ocrx_word' id='word_1_352' title='bbox 566 2071 777 2114; x_wconf 78' lang='lat' dir='ltr'>indulgentiae</span> <span class='ocrx_word' id='word_1_353' title='bbox 800 2071 978 2115; x_wconf 87' lang='lat' dir='ltr'>praedictae</span> <span class='ocrx_word' id='word_1_354' title='bbox 998 2082 1070 2105; x_wconf 90' lang='lat' dir='ltr'>con-</span> 
     </span>
     <span class='ocr_line' id='line_1_59' title="bbox 329 2125 1070 2170; baseline 0.001 -11"><span class='ocrx_word' id='word_1_355' title='bbox 329 2135 433 2159; x_wconf 85' lang='lat' dir='ltr'>cessae</span> <span class='ocrx_word' id='word_1_356' title='bbox 456 2130 539 2167; x_wconf 91' lang='lat' dir='ltr'>sunt,</span> <span class='ocrx_word' id='word_1_357' title='bbox 556 2125 765 2170; x_wconf 87' lang='lat' dir='ltr'>personaliter</span> <span class='ocrx_word' id='word_1_358' title='bbox 790 2125 952 2159; x_wconf 85' lang='lat' dir='ltr'>visitarent</span> <span class='ocrx_word' id='word_1_359' title='bbox 972 2131 1003 2159; x_wconf 86' lang='lat' dir='ltr'>et</span> <span class='ocrx_word' id='word_1_360' title='bbox 1019 2136 1070 2160; x_wconf 91' lang='lat' dir='ltr'>eo-</span> 
     </span>
     <span class='ocr_line' id='line_1_60' title="bbox 329 2179 1843 2226; baseline 0.002 -14"><span class='ocrx_word' id='word_1_361' title='bbox 329 2190 399 2212; x_wconf 86' lang='lat' dir='ltr'>rum</span> <span class='ocrx_word' id='word_1_362' title='bbox 416 2179 547 2224; x_wconf 88' lang='lat' dir='ltr'>quilibet</span> <span class='ocrx_word' id='word_1_363' title='bbox 564 2179 712 2212; x_wconf 86' lang='lat' dir='ltr'>visitaret.</span> <span class='ocrx_word' id='word_1_364' title='bbox 1148 2180 1279 2213; x_wconf 88' lang='lat' dir='ltr'>Paterna</span> <span class='ocrx_word' id='word_1_365' title='bbox 1311 2179 1461 2214; x_wconf 89' lang='lat' dir='ltr'>dominici</span> <span class='ocrx_word' id='word_1_366' title='bbox 1493 2181 1599 2225; x_wconf 77' lang='lat' dir='ltr'>gregis</span> <span class='ocrx_word' id='word_1_367' title='bbox 1629 2191 1720 2223; x_wconf 90' lang='lat' dir='ltr'>cura,</span> <span class='ocrx_word' id='word_1_368' title='bbox 1749 2192 1843 2226; x_wconf 88' lang='lat' dir='ltr'>quam</span> 
     </span>
    </p>

    <p class='ocr_par' dir='ltr' id='par_1_23' title="bbox 329 2228 1845 2712">
     <span class='ocr_line' id='line_1_61' title="bbox 380 2228 1844 2281; baseline 0.003 -16"><span class='ocrx_word' id='word_1_369' title='bbox 380 2233 396 2277; x_wconf 64' lang='grc' dir='ltr'>ξ</span> <span class='ocrx_word' id='word_1_370' title='bbox 425 2232 454 2266; x_wconf 82' lang='lat'>3.</span> <span class='ocrx_word' id='word_1_371' title='bbox 484 2233 674 2277; x_wconf 88' lang='lat' dir='ltr'>Eisdemque</span> <span class='ocrx_word' id='word_1_372' title='bbox 709 2233 1000 2267; x_wconf 85' lang='lat' dir='ltr'>sanctimonialibus</span> <span class='ocrx_word' id='word_1_373' title='bbox 1040 2240 1069 2267; x_wconf 87' lang='lat' dir='ltr'>et</span> <span class='ocrx_word' id='word_1_374' title='bbox 1085 2228 1087 2281; x_wconf 57' lang='grc' dir='ltr'><em>ζ</em></span> <span class='ocrx_word' id='word_1_375' title='bbox 1104 2234 1393 2268; x_wconf 87' lang='lat' dir='ltr'>misericordiarum</span> <span class='ocrx_word' id='word_1_376' title='bbox 1435 2240 1524 2280; x_wconf 85' lang='lat' dir='ltr'>pater</span> <span class='ocrx_word' id='word_1_377' title='bbox 1559 2239 1588 2270; x_wconf 89' lang='lat' dir='ltr'>et</span> <span class='ocrx_word' id='word_1_378' title='bbox 1623 2236 1844 2270; x_wconf 86' lang='lat' dir='ltr'>consolationis</span> 
     </span>
     <span class='ocr_line' id='line_1_62' title="bbox 330 2285 1840 2335; baseline 0.003 -17"><span class='ocrx_word' id='word_1_379' title='bbox 330 2285 586 2319; x_wconf 83' lang='lat' dir='ltr'>christifidelibus</span> <span class='ocrx_word' id='word_1_380' title='bbox 603 2286 760 2331; x_wconf 89' lang='lat' dir='ltr'>impeditis</span> <span class='ocrx_word' id='word_1_381' title='bbox 775 2287 967 2329; x_wconf 80' lang='lat' dir='ltr'>huiusmodi,</span> <span class='ocrx_word' id='word_1_382' title='bbox 981 2293 1012 2320; x_wconf 86' lang='lat' dir='ltr'>ut</span> <span class='ocrx_word' id='word_1_383' title='bbox 1031 2288 1068 2320; x_wconf 88' lang='lat' dir='ltr'>ad</span> <span class='ocrx_word' id='word_1_384' title='bbox 1085 2291 1086 2335; x_wconf 72' lang='lat'><em>]</em></span> <span class='ocrx_word' id='word_1_385' title='bbox 1102 2288 1184 2321; x_wconf 89' lang='lat' dir='ltr'>Deus</span> <span class='ocrx_word' id='word_1_386' title='bbox 1208 2287 1377 2321; x_wconf 87' lang='lat' dir='ltr'>humilitati</span> <span class='ocrx_word' id='word_1_387' title='bbox 1402 2294 1538 2330; x_wconf 87' lang='lat' dir='ltr'>nostrae,</span> <span class='ocrx_word' id='word_1_388' title='bbox 1562 2289 1650 2323; x_wconf 91' lang='lat' dir='ltr'>nullo</span> <span class='ocrx_word' id='word_1_389' title='bbox 1674 2289 1747 2323; x_wconf 90' lang='lat' dir='ltr'>licet</span> <span class='ocrx_word' id='word_1_390' title='bbox 1771 2300 1840 2323; x_wconf 86' lang='lat' dir='ltr'>me—</span> 
     </span>
     <span class='ocr_line' id='line_1_63' title="bbox 331 2338 1844 2388; baseline 0.004 -16"><span class='ocrx_word' id='word_1_391' title='bbox 331 2339 475 2373; x_wconf 74' lang='lat' dir='ltr'>effectum</span> <span class='ocrx_word' id='word_1_392' title='bbox 510 2340 722 2384; x_wconf 87' lang='lat' dir='ltr'>praesentium</span> <span class='ocrx_word' id='word_1_393' title='bbox 755 2340 962 2375; x_wconf 81' lang='lat' dir='ltr'>confessarios</span> <span class='ocrx_word' id='word_1_394' title='bbox 990 2352 1065 2385; x_wconf 86' lang='lat' dir='ltr'>pre-</span> <span class='ocrx_word' id='word_1_395' title='bbox 1085 2338 1086 2345; x_wconf 51' lang='lat'>¹</span> <span class='ocrx_word' id='word_1_396' title='bbox 1103 2341 1237 2375; x_wconf 86' lang='lat' dir='ltr'>ritorum</span> <span class='ocrx_word' id='word_1_397' title='bbox 1255 2342 1417 2386; x_wconf 76' lang='lat' dir='ltr'>suffragio,</span> <span class='ocrx_word' id='word_1_398' title='bbox 1427 2343 1594 2384; x_wconf 88' lang='lat' dir='ltr'>commisit,</span> <span class='ocrx_word' id='word_1_399' title='bbox 1609 2353 1626 2376; x_wconf 90' lang='lat' dir='ltr'>a</span> <span class='ocrx_word' id='word_1_400' title='bbox 1639 2343 1729 2377; x_wconf 89' lang='lat' dir='ltr'>nobis</span> <span class='ocrx_word' id='word_1_401' title='bbox 1738 2349 1844 2388; x_wconf 88' lang='lat' dir='ltr'>postu-</span> 
     </span>
     <span class='ocr_line' id='line_1_64' title="bbox 331 2393 1844 2442; baseline 0.004 -16"><span class='ocrx_word' id='word_1_402' title='bbox 331 2393 474 2438; x_wconf 75' lang='lat' dir='ltr'>sbyteros</span> <span class='ocrx_word' id='word_1_403' title='bbox 497 2394 672 2435; x_wconf 85' lang='lat' dir='ltr'>seculares,</span> <span class='ocrx_word' id='word_1_404' title='bbox 698 2394 745 2427; x_wconf 77' lang='lat' dir='ltr'>vel</span> <span class='ocrx_word' id='word_1_405' title='bbox 778 2394 914 2427; x_wconf 87' lang='lat' dir='ltr'>cuiusvis</span> <span class='ocrx_word' id='word_1_406' title='bbox 944 2395 1068 2428; x_wconf 87' lang='lat' dir='ltr'>Ordinis</span> <span class='ocrx_word' id='word_1_407' title='bbox 1103 2396 1154 2436; x_wconf 84' lang='lat' dir='ltr'>lat,</span> <span class='ocrx_word' id='word_1_408' title='bbox 1172 2400 1205 2428; x_wconf 88' lang='lat' dir='ltr'>ut</span> <span class='ocrx_word' id='word_1_409' title='bbox 1221 2396 1338 2440; x_wconf 90' lang='lat' dir='ltr'>apertis</span> <span class='ocrx_word' id='word_1_410' title='bbox 1361 2396 1571 2430; x_wconf 87' lang='lat' dir='ltr'>abundantius</span> <span class='ocrx_word' id='word_1_411' title='bbox 1587 2398 1745 2442; x_wconf 86' lang='lat' dir='ltr'>praesenti</span> <span class='ocrx_word' id='word_1_412' title='bbox 1763 2408 1844 2432; x_wconf 89' lang='lat' dir='ltr'>anno</span> 
     </span>
     <span class='ocr_line' id='line_1_65' title="bbox 330 2447 1844 2496; baseline 0.005 -17"><span class='ocrx_word' id='word_1_413' title='bbox 330 2447 502 2491; x_wconf 78' lang='lat' dir='ltr'>regulareS,</span> <span class='ocrx_word' id='word_1_414' title='bbox 526 2448 566 2480; x_wconf 87' lang='lat' dir='ltr'>ab</span> <span class='ocrx_word' id='word_1_415' title='bbox 591 2448 708 2482; x_wconf 85' lang='lat' dir='ltr'>eisdem</span> <span class='ocrx_word' id='word_1_416' title='bbox 727 2448 900 2482; x_wconf 86' lang='lat' dir='ltr'>Ordinariis</span> <span class='ocrx_word' id='word_1_417' title='bbox 924 2450 1068 2483; x_wconf 87' lang='lat' dir='ltr'>locorum</span> <span class='ocrx_word' id='word_1_418' title='bbox 1085 2448 1086 2491; x_wconf 77' lang='lat' dir='ltr'><strong>j</strong></span> <span class='ocrx_word' id='word_1_419' title='bbox 1103 2449 1229 2482; x_wconf 90' lang='lat' dir='ltr'>iubilaei</span> <span class='ocrx_word' id='word_1_420' title='bbox 1249 2450 1405 2484; x_wconf 86' lang='lat' dir='ltr'>Ecclesiae</span> <span class='ocrx_word' id='word_1_421' title='bbox 1431 2450 1587 2484; x_wconf 87' lang='lat' dir='ltr'>thesauris</span> <span class='ocrx_word' id='word_1_422' title='bbox 1611 2451 1844 2496; x_wconf 76' lang='lat' dir='ltr'>provideamus,</span> 
     </span>
     <span class='ocr_line' id='line_1_66' title="bbox 329 2498 1844 2550; baseline 0.003 -16"><span class='ocrx_word' id='word_1_423' title='bbox 329 2501 367 2534; x_wconf 89' lang='lat' dir='ltr'>ad</span> <span class='ocrx_word' id='word_1_424' title='bbox 387 2501 418 2534; x_wconf 93' lang='lat' dir='ltr'>id</span> <span class='ocrx_word' id='word_1_425' title='bbox 441 2501 600 2545; x_wconf 89' lang='lat' dir='ltr'>probatos,</span> <span class='ocrx_word' id='word_1_426' title='bbox 620 2502 673 2546; x_wconf 86' lang='lat' dir='ltr'>qui</span> <span class='ocrx_word' id='word_1_427' title='bbox 693 2503 940 2537; x_wconf 81' lang='lat' dir='ltr'>confessionibus</span> <span class='ocrx_word' id='word_1_428' title='bbox 958 2514 1067 2537; x_wconf 89' lang='lat' dir='ltr'>eorum</span> <span class='ocrx_word' id='word_1_429' title='bbox 1085 2498 1086 2503; x_wconf 41' lang='lat'>¹</span> <span class='ocrx_word' id='word_1_430' title='bbox 1101 2514 1164 2547; x_wconf 88' lang='lat' dir='ltr'>quo</span> <span class='ocrx_word' id='word_1_431' title='bbox 1188 2514 1263 2547; x_wconf 79' lang='lat' dir='ltr'>grex</span> <span class='ocrx_word' id='word_1_432' title='bbox 1289 2504 1355 2548; x_wconf 86' lang='lat' dir='ltr'>ipse</span> <span class='ocrx_word' id='word_1_433' title='bbox 1387 2504 1551 2538; x_wconf 87' lang='lat' dir='ltr'>thesauros</span> <span class='ocrx_word' id='word_1_434' title='bbox 1582 2505 1762 2539; x_wconf 87' lang='lat' dir='ltr'>huiusmodi</span> <span class='ocrx_word' id='word_1_435' title='bbox 1788 2517 1844 2550; x_wconf 85' lang='lat' dir='ltr'>per</span> 
     </span>
     <span class='ocr_line' id='line_1_67' title="bbox 330 2554 1845 2610; baseline 0.003 -22"><span class='ocrx_word' id='word_1_436' title='bbox 330 2554 496 2598; x_wconf 84' lang='lat' dir='ltr'>diligenter</span> <span class='ocrx_word' id='word_1_437' title='bbox 515 2555 629 2588; x_wconf 88' lang='lat' dir='ltr'>auditis</span> <span class='ocrx_word' id='word_1_438' title='bbox 645 2567 698 2589; x_wconf 90' lang='lat' dir='ltr'>eos</span> <span class='ocrx_word' id='word_1_439' title='bbox 714 2562 744 2589; x_wconf 86' lang='lat' dir='ltr'>et</span> <span class='ocrx_word' id='word_1_440' title='bbox 760 2567 870 2590; x_wconf 88' lang='lat' dir='ltr'>eorum</span> <span class='ocrx_word' id='word_1_441' title='bbox 895 2558 1068 2601; x_wconf 86' lang='lat' dir='ltr'>quemlibet</span> <span class='ocrx_word' id='word_1_442' title='bbox 1084 2579 1086 2610; x_wconf 55' lang='lat' dir='ltr'>i</span> <span class='ocrx_word' id='word_1_443' title='bbox 1102 2556 1323 2589; x_wconf 84' lang='lat' dir='ltr'>abundantiam</span> <span class='ocrx_word' id='word_1_444' title='bbox 1338 2557 1461 2590; x_wconf 86' lang='lat' dir='ltr'>divinae</span> <span class='ocrx_word' id='word_1_445' title='bbox 1471 2558 1589 2601; x_wconf 78' lang='lat' dir='ltr'>gratiae</span> <span class='ocrx_word' id='word_1_446' title='bbox 1599 2559 1766 2592; x_wconf 84' lang='lat' dir='ltr'>salubriter</span> <span class='ocrx_word' id='word_1_447' title='bbox 1775 2570 1845 2593; x_wconf 92' lang='lat' dir='ltr'>con-</span> 
     </span>
     <span class='ocr_line' id='line_1_68' title="bbox 330 2608 1844 2667; baseline 0.005 -16"><span class='ocrx_word' id='word_1_448' title='bbox 330 2619 347 2641; x_wconf 72' lang='lat'><strong>3</strong></span> <span class='ocrx_word' id='word_1_449' title='bbox 364 2608 529 2666; x_wconf 53' lang='lat' dir='ltr'>finib¹¹SViS</span> <span class='ocrx_word' id='word_1_450' title='bbox 552 2609 703 2652; x_wconf 46' lang='lat' dir='ltr'>peccati&amp;</span> <span class='ocrx_word' id='word_1_451' title='bbox 728 2610 913 2644; x_wconf 64' lang='lat' dir='ltr'>Cl&#39;iminibUS</span> <span class='ocrx_word' id='word_1_452' title='bbox 937 2616 968 2643; x_wconf 64' lang='grc' dir='ltr'>θῑ</span> <span class='ocrx_word' id='word_1_453' title='bbox 990 2611 1085 2644; x_wconf 33' lang='lat' dir='ltr'>deli*</span> <span class='ocrx_word' id='word_1_454' title='bbox 1138 2629 1148 2654; x_wconf 86' lang='lat'>1</span> <span class='ocrx_word' id='word_1_455' title='bbox 1179 2627 1357 2655; x_wconf 86' lang='lat' dir='ltr'>Indictionem</span> <span class='ocrx_word' id='word_1_456' title='bbox 1385 2629 1447 2655; x_wconf 89' lang='lat' dir='ltr'>anui</span> <span class='ocrx_word' id='word_1_457' title='bbox 1474 2629 1559 2656; x_wconf 82' lang='lat' dir='ltr'>sancti</span> <span class='ocrx_word' id='word_1_458' title='bbox 1590 2630 1731 2665; x_wconf 89' lang='lat' dir='ltr'>posuimus</span> <span class='ocrx_word' id='word_1_459' title='bbox 1761 2640 1844 2667; x_wconf 82' lang='lat' dir='ltr'>supra</span> 
     </span>
     <span class='ocr_line' id='line_1_69' title="bbox 332 2663 1732 2712; baseline 0.006 -17"><span class='ocrx_word' id='word_1_460' title='bbox 332 2665 387 2695; x_wconf 78' lang='lat' dir='ltr'>ctis</span> <span class='ocrx_word' id='word_1_461' title='bbox 403 2666 691 2706; x_wconf 78' lang='lat' dir='ltr'>quantumcumque</span> <span class='ocrx_word' id='word_1_462' title='bbox 709 2663 856 2706; x_wconf 76' lang='lat' dir='ltr'>gravibus</span> <span class='ocrx_word' id='word_1_463' title='bbox 880 2669 908 2696; x_wconf 78' lang='lat' dir='ltr'>et</span> <span class='ocrx_word' id='word_1_464' title='bbox 934 2665 1068 2697; x_wconf 82' lang='lat' dir='ltr'>enormi·</span> <span class='ocrx_word' id='word_1_465' title='bbox 1083 2668 1084 2697; x_wconf 81' lang='lat' dir='ltr'>l</span> <span class='ocrx_word' id='word_1_466' title='bbox 1100 2673 1191 2701; x_wconf 84' lang='lat' dir='ltr'>Const.</span> <span class='ocrx_word' id='word_1_467' title='bbox 1211 2674 1314 2702; x_wconf 80' lang='lat' dir='ltr'>Omnes</span> <span class='ocrx_word' id='word_1_468' title='bbox 1328 2678 1434 2710; x_wconf 74' lang='lat' dir='ltr'>qentes,</span> <span class='ocrx_word' id='word_1_469' title='bbox 1450 2679 1479 2702; x_wconf 84' lang='lat' dir='ltr'>ut</span> <span class='ocrx_word' id='word_1_470' title='bbox 1493 2683 1575 2711; x_wconf 84' lang='lat' dir='ltr'>supra</span> <span class='ocrx_word' id='word_1_471' title='bbox 1590 2684 1651 2712; x_wconf 84' lang='lat' dir='ltr'>pag.</span> <span class='ocrx_word' id='word_1_472' title='bbox 1677 2677 1732 2704; x_wconf 70' lang='lat'>123.</span> 
     </span>
    </p>
   </div>
   <div class='ocr_carea' id='block_1_20' title="bbox 1381 1460 1561 1465">
    <p class='ocr_par' dir='ltr' id='par_1_24' title="bbox 1381 1460 1561 1465">
     <span class='ocr_line' id='line_1_70' title="bbox 1381 1460 1561 1465; baseline 0 0"><span class='ocrx_word' id='word_1_473' title='bbox 1381 1460 1561 1465; x_wconf 95' lang='lat' dir='ltr'> </span> 
     </span>
    </p>
   </div>
   <div class='ocr_carea' id='block_1_21' title="bbox 1437 1538 1520 1572">
    <p class='ocr_par' dir='ltr' id='par_1_25' title="bbox 1437 1538 1520 1572">
     <span class='ocr_line' id='line_1_71' title="bbox 1437 1538 1520 1572; baseline -0.012 0"><span class='ocrx_word' id='word_1_474' title='bbox 1437 1538 1520 1572; x_wconf 78' lang='lat' dir='ltr'>exn.</span> 
     </span>
    </p>
   </div>
   <div class='ocr_carea' id='block_1_22' title="bbox 1102 1618 1846 1876">
    <p class='ocr_par' dir='ltr' id='par_1_26' title="bbox 1102 1618 1846 1876">
     <span class='ocr_line' id='line_1_72' title="bbox 1102 1618 1844 1663; baseline 0.001 -12"><span class='ocrx_word' id='word_1_475' title='bbox 1102 1618 1276 1662; x_wconf 75' lang='lat' dir='ltr'>Deputatio</span> <span class='ocrx_word' id='word_1_476' title='bbox 1301 1618 1450 1652; x_wconf 74' lang='lat' dir='ltr'>ecelesiae</span> <span class='ocrx_word' id='word_1_477' title='bbox 1472 1619 1505 1652; x_wconf 90' lang='lat' dir='ltr'>S.</span> <span class='ocrx_word' id='word_1_478' title='bbox 1529 1619 1656 1652; x_wconf 68' lang='lat' dir='ltr'>Mariae</span> <span class='ocrx_word' id='word_1_479' title='bbox 1693 1620 1719 1652; x_wconf 91' lang='lat' dir='ltr'><em>T</em></span> <span class='ocrx_word' id='word_1_480' title='bbox 1718 1625 1844 1663; x_wconf 77' lang='lat' dir='ltr'>ransty-</span> 
     </span>
     <span class='ocr_line' id='line_1_73' title="bbox 1146 1672 1843 1707; baseline 0.003 -2"><span class='ocrx_word' id='word_1_481' title='bbox 1146 1672 1247 1705; x_wconf 76' lang='lat' dir='ltr'>herim</span> <span class='ocrx_word' id='word_1_482' title='bbox 1262 1672 1327 1705; x_wconf 84' lang='lat' dir='ltr'>loco</span> <span class='ocrx_word' id='word_1_483' title='bbox 1344 1672 1493 1706; x_wconf 73' lang='lat' dir='ltr'>ecclesiae</span> <span class='ocrx_word' id='word_1_484' title='bbox 1509 1673 1541 1707; x_wconf 90' lang='lat' dir='ltr'>S.</span> <span class='ocrx_word' id='word_1_485' title='bbox 1561 1673 1665 1706; x_wconf 79' lang='lat' dir='ltr'>Pauli</span> <span class='ocrx_word' id='word_1_486' title='bbox 1678 1677 1771 1706; x_wconf 74' lang='lat' dir='ltr'>extra</span> <span class='ocrx_word' id='word_1_487' title='bbox 1784 1674 1843 1707; x_wconf 90' lang='lat' dir='ltr'>Ur—</span> 
     </span>
     <span class='ocr_line' id='line_1_74' title="bbox 1146 1724 1845 1769; baseline 0.001 -12"><span class='ocrx_word' id='word_1_488' title='bbox 1146 1724 1225 1765; x_wconf 81' lang='lat' dir='ltr'>bem,</span> <span class='ocrx_word' id='word_1_489' title='bbox 1245 1729 1350 1758; x_wconf 78' lang='lat' dir='ltr'>stante</span> <span class='ocrx_word' id='word_1_490' title='bbox 1369 1725 1551 1769; x_wconf 64' lang='lat' dir='ltr'>§uspicione</span> <span class='ocrx_word' id='word_1_491' title='bbox 1563 1726 1673 1769; x_wconf 76' lang='lat' dir='ltr'>pestis,</span> <span class='ocrx_word' id='word_1_492' title='bbox 1691 1727 1759 1759; x_wconf 78' lang='lat' dir='ltr'>unci</span> <span class='ocrx_word' id='word_1_493' title='bbox 1772 1737 1845 1759; x_wconf 80' lang='lat' dir='ltr'>cum</span> 
     </span>
     <span class='ocr_line' id='line_1_75' title="bbox 1146 1778 1841 1822; baseline 0.003 -12"><span class='ocrx_word' id='word_1_494' title='bbox 1146 1778 1346 1811; x_wconf 77' lang='lat' dir='ltr'>concessione</span> <span class='ocrx_word' id='word_1_495' title='bbox 1370 1778 1589 1822; x_wconf 66' lang='lat' dir='ltr'>(cumulatim</span> <span class='ocrx_word' id='word_1_496' title='bbox 1619 1780 1747 1822; x_wconf 76' lang='lat' dir='ltr'>tamen)</span> <span class='ocrx_word' id='word_1_497' title='bbox 1772 1790 1841 1812; x_wconf 87' lang='lat' dir='ltr'>om—</span> 
     </span>
     <span class='ocr_line' id='line_1_76' title="bbox 1146 1831 1846 1876; baseline 0.003 -12"><span class='ocrx_word' id='word_1_498' title='bbox 1146 1832 1241 1864; x_wconf 79' lang='lat' dir='ltr'>m&#39;um</span> <span class='ocrx_word' id='word_1_499' title='bbox 1255 1831 1554 1875; x_wconf 73' lang='lat' dir='ltr'>indulyentiarum,</span> <span class='ocrx_word' id='word_1_500' title='bbox 1569 1843 1607 1865; x_wconf 82' lang='lat' dir='ltr'>ae</span> <span class='ocrx_word' id='word_1_501' title='bbox 1617 1833 1846 1876; x_wconf 68' lang='lat' dir='ltr'>spiritualium</span> 
     </span>
    </p>
   </div>
   <div class='ocr_carea' id='block_1_23' title="bbox 1240 2064 1704 2137">
    <p class='ocr_par' dir='ltr' id='par_1_27' title="bbox 1240 2064 1704 2137">
     <span class='ocr_line' id='line_1_77' title="bbox 1302 2064 1643 2098; baseline 0.003 -7"><span class='ocrx_word' id='word_1_502' title='bbox 1302 2064 1440 2091; x_wconf 81' lang='lat' dir='ltr'>Urbanus</span> <span class='ocrx_word' id='word_1_503' title='bbox 1466 2064 1546 2098; x_wconf 83' lang='lat' dir='ltr'>Papa</span> <span class='ocrx_word' id='word_1_504' title='bbox 1565 2064 1643 2095; x_wconf 86' lang='lat' dir='ltr'>vm,</span> 
     </span>
     <span class='ocr_line' id='line_1_78' title="bbox 1240 2107 1704 2137; baseline 0 -3"><span class='ocrx_word' id='word_1_505' title='bbox 1240 2107 1275 2134; x_wconf 86' lang='lat' dir='ltr'>ad</span> <span class='ocrx_word' id='word_1_506' title='bbox 1303 2108 1438 2135; x_wconf 82' lang='lat' dir='ltr'>futuram</span> <span class='ocrx_word' id='word_1_507' title='bbox 1457 2108 1503 2136; x_wconf 83' lang='lat' dir='ltr'>rei</span> <span class='ocrx_word' id='word_1_508' title='bbox 1523 2108 1704 2137; x_wconf 82' lang='lat' dir='ltr'>memoriam.</span> 
     </span>
    </p>
   </div>
   <div class='ocr_carea' id='block_1_24' title="bbox 1083 1132 1088 2227">
    <p class='ocr_par' dir='ltr' id='par_1_28' title="bbox 1083 1132 1088 2227">
     <span class='ocr_line' id='line_1_79' title="bbox 1083 1132 1088 2227; baseline 0 0"><span class='ocrx_word' id='word_1_509' title='bbox 1083 1132 1088 2227; x_wconf 95' lang='lat' dir='ltr'> </span> 
     </span>
    </p>
   </div>
   <div class='ocr_carea' id='block_1_25' title="bbox 1887 2192 2026 2213">
    <p class='ocr_par' dir='ltr' id='par_1_29' title="bbox 1887 2192 2026 2213">
     <span class='ocr_line' id='line_1_80' title="bbox 1887 2192 2026 2213; baseline -0.007 0"><span class='ocrx_word' id='word_1_510' title='bbox 1887 2192 2026 2213; x_wconf 72' lang='lat' dir='ltr'>Prooemium.</span> 
     </span>
    </p>
   </div>
   <div class='ocr_carea' id='block_1_26' title="bbox 132 2240 314 2319">
    <p class='ocr_par' dir='ltr' id='par_1_30' title="bbox 132 2240 314 2319">
     <span class='ocr_line' id='line_1_81' title="bbox 159 2240 313 2261; baseline 0 0"><span class='ocrx_word' id='word_1_511' title='bbox 159 2240 208 2261; x_wconf 84' lang='lat' dir='ltr'>Guin</span> <span class='ocrx_word' id='word_1_512' title='bbox 227 2241 313 2261; x_wconf 69' lang='lat' dir='ltr'>faculta-</span> 
     </span>
     <span class='ocr_line' id='line_1_82' title="bbox 132 2267 314 2287; baseline 0.005 -1"><span class='ocrx_word' id='word_1_513' title='bbox 132 2269 151 2286; x_wconf 68' lang='lat' dir='ltr'>te</span> <span class='ocrx_word' id='word_1_514' title='bbox 165 2267 314 2287; x_wconf 75' lang='lat' dir='ltr'>confessarium</span> 
     </span>
     <span class='ocr_line' id='line_1_83' title="bbox 133 2293 301 2319; baseline 0 -6"><span class='ocrx_word' id='word_1_515' title='bbox 133 2293 172 2313; x_wconf 66' lang='lat' dir='ltr'>athi</span> <span class='ocrx_word' id='word_1_516' title='bbox 187 2293 301 2319; x_wconf 63' lang='lat' dir='ltr'>deligendi.</span> 
     </span>
    </p>
   </div>
  </div>
 </body>
</html>
