2269 3235
284 214 332 239 Αη.
354 212 381 238 e.
401 210 467 239 ¹623
514 197 555 233 Μ

311 752 325 772 Α
342 752 396 771 vitae
411 751 466 776 peri·

284 779 330 797 culo
359 777 466 798 incolumis

285 805 365 825 eradit.

329 1067 467 1089 Mereaturam

287 1096 383 1116 n-tttiscit.

332 1440 418 1460 Romam
448 1445 470 1459 se

287 1468 376 1488 coniferi.
390 1466 471 1486 studi-¹-

288 1500 328 1519 qua
335 1493 470 1513 scientiarum

288 1523 306 1539 et
326 1522 411 1545 piatatis
426 1525 469 1539 aut-

288 1552 342 1566 muni
357 1546 444 1566 addicit.

297 1970 397 1990 Nonnulla
407 1971 473 1995 pieta-

291 2000 315 2016 tis
329 2002 393 2022 opera
408 1998 472 2022 ipsms

291 2026 432 2043 recensentur.

313 2340 428 2361 Mirabilom
439 2346 475 2366 pa-

294 2368 343 2388 titur
355 2368 465 2393 palpitatu

293 2400 340 2414 nam
363 2394 432 2414 eur-tis
464 2397 476 2412 ·t

295 2421 406 2441 tracturam
444 2430 476 2439 *1-

294 2449 379 2467 starum.

481 259 676 292 nestissimae
702 259 781 290 vitae
809 263 901 301 atque
921 256 1071 301 probatae
1092 257 1217 299 integri-

482 312 552 345 tatis
584 315 727 355 parentes
759 310 889 349 habuit;
920 320 936 341 a
968 309 1083 353 quibus
1115 309 1217 342 adhuc

481 365 631 409 puerulus
643 364 768 408 optimis
783 363 923 397 moribus
936 362 1085 403 imbutus,
1097 363 1136 395 ab
1152 363 1217 407 ipsa

481 419 606 451 ineunte
619 421 727 459 aetate,
742 417 782 449 ob
798 416 1003 460 praeclaram,
1017 426 1111 459 quam
1131 427 1218 460 prac-

480 471 607 508 l'erehat,
632 475 761 502 naturae
787 468 933 509 indolem,
951 479 1013 501 non
1035 469 1128 502 modo
1145 469 1218 501 alio-

480 535 550 556 rum
576 523 696 556 animos
721 522 751 554 in
777 522 824 555 sui
850 522 989 566 rapiebat
1013 532 1164 563 amorem,
1184 527 1218 555 ut

480 577 605 620 Pippus
629 576 728 610 bonus
752 576 984 620 appellaretur,
1013 575 1066 608 scd
1081 602 1088 616 ‚
1113 575 1216 607 divina

481 629 511 662 in
536 629 683 663 omnibus
707 630 831 662 iuvante
853 629 972 671 gratia,
997 629 1156 661 videretur
1179 628 1217 660 de

481 694 513 716 se
539 693 687 726 magnum
704 682 820 725 aliquid
838 692 1054 726 praemonere.

526 737 540 780 ἓ
563 736 615 769 ⁶20.
633 735 718 770 Non¹
737 746 792 769 v111
817 745 914 768 annos
938 740 1039 775 natus,
1064 736 1126 768 una
1146 745 1217 767 cum

481 791 577 824 asello
602 800 695 834 quein
721 789 954 829 conscenderat,
980 789 1011 821 in
1035 789 1145 821 cellam
1178 788 1220 820 vi-

482 844 602 877 nariam
626 854 777 887 praeceps
797 843 953 886 delapsus,
978 847 1070 885 atque
1088 840 1219 874 iumenti

482 908 578 931 onere
595 907 777 941 oppressus,
794 895 911 939 ingenti
933 895 1151 935 admiratione,
1166 895 1218 938 qui

483 956 627 984 mortuus
650 950 856 988 credebatur,
881 953 1037 981 extractus
1062 954 1108 981 est
1133 948 1220 980 vivus

483 1010 511 1037 ct
537 1003 712 1037 incolumis.

527 1057 542 1099 ἓ
555 1057 606 1089 91.
622 1056 678 1089 Ubi
692 1066 767 1089 vero
777 1055 815 1088 ad
828 1066 944 1089 annum
958 1055 1099 1099 pervenit
1112 1055 1221 1089 aetatis

484 1109 641 1142 decimum
662 1114 805 1142 octavum
817 1136 824 1149 ,
846 1109 958 1141 missus
975 1114 1021 1141 est
1037 1119 1054 1141 a
1070 1114 1159 1152 patre
1183 1108 1220 1140 ad

484 1163 635 1207 oppidum
649 1163 677 1196 S.
693 1162 850 1203 Germani,
863 1168 896 1195 ut
910 1161 1059 1206 ibi‚apud
1074 1167 1221 1205 patruum

484 1217 595 1260 opibus
618 1216 839 1256 abundantem,
863 1221 1073 1249 mercaturam
1097 1225 1221 1248 exerce-

484 1277 549 1303 ret:
576 1271 630 1315 qui
654 1270 859 1304 adolescentis
891 1270 1002 1313 optimi
1037 1269 1221 1302 laetificatus

484 1324 627 1366 adventu,
645 1324 746 1368 ipsum
765 1323 852 1356 brevi
876 1328 1005 1367 propter
1028 1323 1095 1355 cius
1114 1323 1222 1366 probi-

486 1383 579 1410 tatem
605 1378 636 1410 in
665 1377 888 1410 haereditatem
914 1387 1026 1410 vocare
1050 1377 1220 1410 constituit.

563 1430 614 1464 22.
632 1432 669 1463 At
690 1441 763 1464 vero
784 1430 958 1474 Philippus,
973 1429 1153 1464 caelestium
1172 1429 1223 1462 de-

485 1484 600 1517 siderio
625 1484 656 1516 in
680 1483 746 1516 dies
770 1483 939 1524 ardentior,
960 1494 977 1516 a
997 1483 1100 1527 patrui
1121 1483 1222 1525 gratia

485 1543 513 1570 ct
537 1537 756 1570 benevolentia
783 1537 843 1570 sibi
868 1537 978 1571 timere
1003 1537 1096 1581 cepit,
1123 1536 1222 1569 donec

484 1589 608 1624 duobus
632 1590 721 1622 annis
745 1590 920 1630 transactis,
945 1594 1142 1624 mercaturae
1165 1600 1223 1622 no-

485 1643 606 1677 bilioris
622 1643 740 1683 avidus,
760 1645 939 1687 contempta
956 1643 1065 1686 viginti
1090 1643 1222 1675 millium

485 1707 653 1730 aureorum
679 1697 869 1730 haereditate
892 1696 931 1729 ab
955 1696 1009 1729 illo
1027 1696 1141 1736 oblata,
1162 1697 1223 1729 Ro-

486 1759 569 1781 mam
594 1749 665 1782 inde
690 1759 722 1782 se
752 1749 897 1782 eontulit:
923 1749 987 1789 ubi,
1008 1753 1223 1792 opportunum

487 1807 513 1835 et
533 1807 640 1846 aptum
658 1802 695 1834 ad
713 1802 811 1835 solida
828 1802 978 1835 virtutum
996 1803 1098 1835 officia
1115 1807 1224 1835 nactus

486 1855 601 1895 locum,
626 1855 749 1898 pietatis
773 1855 922 1898 operibus
947 1856 1164 1899 philosophiae
1189 1866 1224 1888 ac

488 1908 664 1951 theologiae
684 1908 819 1941 studium
844 1908 993 1941 adiunxit¹

532 1961 547 2004 g
570 1961 621 1994 23.
643 1962 679 1994 Et
698 1961 834 2003 interim,
852 1966 970 1995 arctam
991 1962 1070 1995 vitae
1084 1962 1165 1995 viam
1183 1963 1226 1995 in-

488 2024 630 2056 gressus,
654 2014 742 2046 humi
766 2014 952 2058 plerumque
982 2015 1115 2057 cubare,
1141 2017 1224 2049 tenui

490 2068 571 2101 victu
595 2074 687 2112 atque
713 2069 838 2102 assiduo
866 2069 982 2102 ieiunio
1012 2070 1171 2111 delectari,
1197 2076 1226 2103 et

489 2121 656 2166 aliquando
681 2133 737 2166 per
756 2122 894 2155 triduum
919 2123 958 2155 ab
983 2123 1068 2156 omni
1085 2123 1157 2156 cibo
1177 2124 1227 2156 ab·

489 2175 615 2216 sti-nere,
629 2181 750 2219 septem
770 2176 955 2220 praecipuas
968 2176 1060 2209 Urbis
1081 2177 1227 2210 ecelesias

489 2228 589 2269 obire,
606 2234 636 2261 et
656 2228 685 2261 in
703 2229 892 2262 coemeterio
909 2229 1025 2262 Callisti
1048 2235 1227 2273 nuncupato

491 2281 520 2313 ia
543 2282 684 2315 eratione
703 2288 890 2325 pernoctare
910 2292 1003 2326 saepe
1020 2283 1189 2316 consuevit.

536 2335 550 2377 ξ
574 2334 625 2368 24.
643 2336 685 2368 Ac
704 2335 754 2368 vix
772 2346 889 2368 annum
914 2336 1022 2369 aetatis
1047 2347 1121 2369 suae
1146 2336 1228 2379 vige-

493 2389 605 2421 simum
630 2399 746 2422 nonum
772 2389 938 2432 attigerat,
964 2401 1035 2422 cum
1061 2390 1141 2423 inter
1169 2390 1229 2423 alia

493 2441 640 2474 divinitus
670 2446 797 2485 accepta
835 2441 917 2475 dona
947 2442 1039 2486 plane
1073 2442 1228 2475 mirabilis

493 2494 597 2527 cordis
621 2495 780 2538 palpitatio
804 2495 862 2528 suit
886 2506 922 2528 ac
950 2496 1086 2529 fractura
1111 2501 1231 2529 consta-

494 2558 580 2581 rum:
598 2558 678 2591 quac
694 2548 820 2591 publico
837 2548 1031 2582 medicorum
1048 2549 1229 2582 testimonio

531 2611 541 2637 1
559 2609 666 2639 Scilicet
680 2611 808 2640 nondum
823 2612 864 2647 (a.
880 2611 929 2647 r).

1057 207 1234 233 BULLARIUM
1258 206 1412 233 ROMANUM

2001 207 2049 235 An.
2071 206 2099 233 C.
2119 207 2186 234 ¹623

1251 262 1375 300 praeter
1404 261 1533 289 naturae
1562 255 1706 288 ordinem
1737 255 1871 298 obtigit,
1896 255 1986 299 quasi

1251 310 1364 342 mentis
1384 309 1512 342 dilatato
1536 308 1615 348 sinu,
1633 308 1726 341 etiam
1747 318 1821 342 caro
1845 308 1988 342 dilatare—

1251 368 1301 396 tur
1319 368 1349 396 et
1363 363 1516 395 exultaret
1531 362 1563 394 in
1583 361 1680 394 Deum
1697 361 1811 395 vivum.

1295 417 1310 459 ,ξ
1334 415 1384 448 ⁶25.
1411 416 1447 447 Et
1472 414 1509 447 ad
1527 414 1702 448 animarum
1728 419 1896 459 propterea
1912 416 1988 449 sub-
2039 428 2105 453 Quam
2124 428 2188 454 pluri·

1251 468 1364 501 sidium
1390 478 1422 501 se
1442 467 1541 501 multo
1558 467 1659 511 magis
1675 467 1780 500 vocari
1798 468 1934 501 sentiens
1950 468 1987 502 de
2003 461 2048 503 {1335
2061 455 2104 476 ⁰⁹⁰
2120 456 2187 476 ’πω

1252 521 1408 554 solitariae
1429 521 1509 553 vitae
1529 520 1693 553 severitate
1710 520 1815 553 divino
1838 523 1916 554 nutu
1939 531 1989 554 re-

1252 575 1375 607 mittere
1401 573 1492 617 ecpit,
1521 579 1613 617 atque
1634 574 1714 607 inter
1738 573 1891 616 cuiusque
1919 583 1990 606 con-

1252 627 1378 661 ditionis
1409 627 1554 660 homines
1581 629 1618 660 ea
1651 632 1755 660 mente
1786 626 1927 667 versari,
1956 631 1990 659 ut

1252 681 1387 724 publicis
1404 680 1675 714 adhortationibus
1692 686 1722 714 et
1745 681 1874 725 privatis
1899 680 1992 714 eollo-

1252 734 1333 778 quiis
1364 734 1487 767 Christo
1511 734 1644 768 Domino
1668 734 1919 779 quamplurimos
1943 734 1991 767 lu-

1253 793 1406 828 craretur,
1424 788 1510 821 nullo
1527 788 1738 829 incommodo,
1755 789 1842 822 nullo
1867 787 1991 833 penitus

1253 841 1388 875 devitato
1406 841 1525 875 labore.

1299 896 1313 938 ἓ
1345 894 1395 927 ἐϋ.
1426 895 1607 939 Eodemque
1639 896 1703 929 sere
1734 901 1879 940 tempore
1891 923 1899 938 ,
1928 907 1991 941 quo
2019 907 2094 938 eoram
2105 906 2193 928 sancus-

1254 949 1467 982 sanctissimae
1490 949 1649 982 Trinitatis
1673 949 1929 991 confraternitas,
1953 950 1991 983 ad
2007 939 2191 991 ῗξωιῖοέῗοῗῖῗὲῧῖ

1254 1001 1497 1046 peregrinorum
1531 1007 1561 1034 et
1591 1002 1872 1036 convalescentium
1906 1013 1993 1036 com-
2007 990 2036 1008 ω
2051 991 2163 1008 ''¹⁵⁰m⁰⁵'

1255 1056 1447 1097 moditatem,
1459 1056 1556 1100 ipsius
1569 1055 1700 1089 consilio
1716 1061 1810 1099 atque
1825 1058 1924 1100 opera
1937 1057 1994 1090 suit

1255 1110 1406 1151 instituta,
1424 1121 1494 1143 cum
1515 1120 1706 1154 unoquoque
1731 1120 1838 1142 mense
1862 1109 1995 1153 quadra-

1256 1163 1340 1206 ginta
1366 1164 1517 1196 horarum
1543 1163 1729 1207 supplicatio
1754 1163 1879 1197 decreta
1903 1168 1994 1203 esset,

1256 1216 1322 1260 ipse
1346 1221 1426 1250 totas
1450 1226 1529 1260 pene
1556 1221 1666 1249 noctes
1691 1215 1865 1249 deducebat
1881 1217 1995 1250 insom-

1255 1280 1320 1310 nes,
1335 1274 1364 1304 et
1380 1271 1554 1303 confratres
1567 1270 1605 1303 ad
1619 1269 1793 1303 orationem
1811 1269 1996 1304 hortabatur

1257 1328 1286 1356 ct
1303 1323 1448 1367 exemplo
1466 1323 1598 1355 mirifice
1616 1322 1773 1355 incitabat.

1301 1377 1316 1420 g
1332 1377 1383 1410 ⁶27.
1397 1377 1473 1411 Cum
1491 1387 1565 1409 vero
1582 1376 1621 1408 ad
1636 1376 1914 1420 quadragesimum
1930 1377 1995 1411 sere.
2063 1386 2085 1416 ¹3²
2105 1386 2196 1415 ecetesia

1257 1440 1373 1462 annum
1387 1430 1592 1474 pervenisset,
1603 1429 1786 1462 confessarii
1799 1429 1885 1462 iussu
1897 1439 1997 1463 sacer·
2010 1413 2198 1460 {iliialssl'ifssliss

1256 1482 1313 1515 dos
1330 1483 1438 1523 sactus,
1453 1487 1482 1515 ct
1497 1482 1659 1515 audiendis
1672 1482 1813 1515 fidelium
1830 1482 1997 1516 consessio·
2011 1467 2113 1487 ⁶¹¹'⁰¹'⁰m
2128 1468 2195 1486 cum

1256 1536 1350 1569 nibus
1367 1536 1554 1580 praefectus,
1570 1536 1601 1568 in
1619 1535 1749 1568 aedibus
1767 1535 1795 1568 S.
1814 1535 1996 1580 Hieronymi

1257 1589 1295 1621 de
1311 1589 1467 1622 Charitate
1483 1588 1653 1632 nuncupati
1670 1588 1829 1621 habitavit.

1301 1642 1316 1685 ἓ
1329 1641 1380 1674 28.
1395 1642 1429 1674 ln
1440 1641 1528 1674 cuius
1537 1642 1667 1675 ecclesia
1678 1641 1716 1674 ad
1727 1646 1997 1675 sacramentorum
2040 1652 2118 1674 sacros
2142 1651 2197 1682 mm-

1257 1695 1478 1739 srcquentiam,
1492 1700 1522 1727 et
1535 1695 1573 1727 ad
1590 1695 1723 1728 dandam
1742 1695 1905 1728 scientiam
1919 1695 1998 1728 salu·
2012 1681 2157 1727 2532⁵¹'⁵⁰⁰⁹'²
2172 1684 2197 1699 ἰ

1258 1749 1296 1781 tis
1309 1759 1434 1792 semper
1447 1748 1594 1789 intentus,
1608 1749 1640 1781 in
1657 1749 1789 1793 proprio
1807 1749 1900 1781 etiam
1913 1749 1999 1782 eubi-
2013 1738 2090 1754 ‘mmm'

1259 1802 1329 1835 culo
1342 1802 1394 1845 pia
1408 1802 1446 1834 dc
1457 1801 1568 1835 divinis
1580 1802 1787 1836 collocutione
1801 1802 1871 1835 illos
1879 1801 1999 1835 erudie-

1258 1856 1325 1895 bat,
1343 1855 1395 1899 qui
1413 1856 1480 1888 eius
1505 1866 1572 1888 sese
1593 1855 1774 1899 disciplinae
1795 1856 1998 1889 tradiderant.

1303 1909 1318 1952 g
1341 1909 1392 1942 029.
1412 1909 1446 1941 Et
1466 1909 1496 1941 in
1513 1909 1573 1942 hoe
1592 1909 1659 1952 ipso
1677 1920 1807 1942 suorum
1825 1920 1999 1953 progressu
2037 1918 2198 1955 indiasaaeun-

1259 1961 1389 1994 attendit
1404 1962 1544 1994 animum
1562 1962 1664 1995 Indias
1677 1962 1811 1995 adeundi
1825 1963 1862 1995 ad
1876 1962 1999 1996 vineam
2015 1945 2151 1997 memorio
2162 1943 2198 1966 ¹¹²³-

1260 2015 1382 2048 Domini
1407 2015 1620 2056 excolendam,
1638 2021 1666 2048 ct
1692 2016 1811 2049 fructus
1834 2016 2000 2049 uberiores

1260 2068 1353 2101 ctiam
1370 2068 1500 2111 profuso
1518 2068 1668 2111 sanguine
1684 2069 1902 2113 reportandos.

1305 2122 1320 2164 g
1343 2121 1395 2154 30.
1422 2122 1459 2155 Ut
1489 2126 1593 2154 autem
1627 2124 1662 2154 ea
1691 2121 1729 2154 de
1760 2132 1795 2155 re
1828 2132 1999 2166 supernum
2016 2129 2200 2177 itfss'd'c'iiunsii'iiss

1262 2174 1427 2207 consilium
1452 2175 1642 2218 exploraret,
1662 2175 1764 2207 virum
1788 2175 2001 2209 Cisterciensis
2016 2173 2090 2204 mma't.

1262 2227 1386 2260 Ordinis
1406 2228 1521 2271 pietate
1538 2228 1693 2271 insignem
1711 2229 1876 2269 consuluit,
1893 2240 1910 2261 a
1928 2240 2000 2272 quo,

1263 2281 1419 2314 revelante
1444 2281 1517 2322 Deo,
1538 2281 1717 2316 admonitus
1736 2287 1792 2323 est,
1815 2282 1882 2315 eius
1900 2282 2002 2315 lndias

1263 2335 1379 2368 Romae
1396 2335 1525 2368 suturas.

1315 2390 1330 2432 g
1359 2388 1411 2422 31.
1443 2389 1665 2431 Quamobrem,
1691 2390 1802 2423 maiori
1833 2400 2002 2424 succensus
2039 2395 2201 2415 Nvsswffloshf·

2018 2422 2094 2442 bracos
2106 2421 2132 2442 ad
2148 2422 2192 2442 chri

1264 2442 1388 2483 ardore,
1404 2452 1468 2475 non
1488 2443 1590 2476 solum
1607 2443 1776 2476 durissima
1801 2449 2001 2488 peccatorum
2019 2452 2120 2474 suanum.
2140 2433 2202 2469 naen}

2018 2476 2106 2496 :i-tducu

1264 2496 1414 2529 servitute
1438 2507 1566 2540 pressos
1597 2496 1635 2529 ad
1659 2497 1773 2530 Christi
1798 2497 1921 2531 Domini
1946 2497 2002 2531 ob-

1265 2549 1407 2592 sequium
1433 2549 1598 2583 traducere
1623 2550 1750 2591 studuit,
1775 2561 1885 2584 verum
1910 2550 2002 2583 etiarn

2119 1706 2197 1727 aetatis

1246 2602 1408 2645 ¹sedentes
1426 2603 1456 2635 in
1483 2604 1619 2637 tenebris
1637 2609 1666 2636 et
1691 2603 1803 2637 umbra
1829 2603 1939 2638 mortis
1959 2603 2003 2635 in-
