2269 3235
106 237 156 265 An.
172 235 203 264 G.
224 235 293 265 1623

913 233 1055 258 URBANUS
1080 233 1136 258 VIII
1161 234 1208 258 I‘P.

392 282 484 324 item,
509 282 594 327 quod
619 283 718 327 possit
735 290 844 316 omnes
869 290 978 314 causas
997 281 1047 314 be-

303 335 461 370 neficiales
474 336 567 370 etiam
587 347 650 371 non
670 336 831 369 devolutas
848 335 1046 368 committere

304 387 336 421 in
360 388 457 429 curia,
475 400 545 422 cum
566 392 719 434 potestate
741 387 856 421 citandi
872 387 910 420 ad
930 391 1044 430 partes,

391 442 478 483 Item,
504 442 587 486 quod
604 451 782 486 processus,
803 439 973 484 apostoliea
990 450 1045 472 au—

303 494 447 528 ctoritate
471 495 624 536 decretos-‚
648 504 821 537 aggravare
845 493 944 537 possit
973 503 1044 526 cum

303 549 500 584 invocatione
517 548 638 583 brachii
656 547 815 588 secularis,
831 550 862 581 et
877 546 1044 581 sententias

303 602 505 647 exequutioni
529 601 712 635 demandari
738 601 840 634 facere
865 604 974 633 eontra
1001 600 1045 632 in-

302 659 406 690 trusos
429 660 460 689 et
482 653 687 689 intrudendos
710 663 767 697 per
783 653 902 686 litteras
922 657 1045 697 aposto-

302 709 378 743 licas
401 708 535 753 desuper
559 706 780 747 conficiendas,
805 711 836 740 et
859 716 923 740 non
947 706 1032 739 alias.

390 763 477 805 Item,
491 760 576 805 quod
588 759 688 806 possit
703 759 828 804 signare
845 759 1045 804 supplicatio—

301 826 376 857 nes,
406 814 551 849 manibus
587 814 723 848 duorum
754 813 1044 847 referendariorum

301 871 449 914 signatas,
474 868 512 902 de
536 867 699 901 benefieiis
723 866 942 901 ecclesiasticis
959 877 1045 900 secu—

301 923 420 957 laribus
444 927 475 956 et
490 921 692 965 regularibus
707 920 906 965 dispositioni
923 924 1045 964 aposto-

301 977 379 1010 licae
402 975 593 1019 generaliter
613 984 678 1009 non
703 974 882 1014 reservatis,
906 983 1043 1018 quorum

301 1028 469 1063 cuiuslibet
490 1028 579 1061 valor
603 1032 730 1061 centum
755 1027 950 1060 florenorum
975 1027 1043 1060 auri

301 1082 340 1116 de
364 1082 506 1122 camera,
531 1081 579 1114 vel
603 1080 735 1114 totidem
760 1080 791 1114 in
816 1080 876 1114 alia
900 1081 1043 1121 moneta,

302 1135 475 1170 secundum
499 1146 701 1170 communem
725 1134 979 1168 aestimationem
995 1144 1044 1167 va-

301 1189 402 1223 lorem
426 1199 565 1222 annuum
584 1198 647 1222 non
672 1187 809 1222 excedet.

390 1244 478 1284 Item,
498 1242 582 1287 quod
595 1242 692 1286 possit
706 1242 830 1285 signare
844 1241 1044 1285 supplicatio-

300 1306 366 1337 nes,
391 1296 483 1329 etiam
508 1295 644 1329 duorum
667 1294 956 1328 referendariorum
976 1305 1043 1327 ma-

300 1348 393 1382 nibus
417 1349 564 1392 signatas,
580 1348 618 1381 de
641 1348 729 1381 novis
745 1348 990 1392 provisionibus,
1007 1348 1044 1382 Si

300 1402 421 1443 neutri,
438 1407 469 1435 et
492 1401 772 1445 subrogationibus
787 1412 846 1446 pro
867 1401 1043 1444 collitigan-

300 1455 395 1497 tibus,
419 1455 452 1488 in
475 1455 589 1499 quibus
613 1465 677 1488 non
701 1455 793 1488 detur
818 1454 957 1488 clausula
983 1465 1041 1498 ge—

300 1509 441 1543 neralem
460 1509 708 1543 reservationem
726 1509 910 1552 importans.

389 1564 477 1605 Item,
502 1563 586 1607 quod
611 1563 710 1607 possit
733 1563 772 1596 ad
797 1562 925 1596 ordines
949 1563 1044 1596 susei-

299 1617 431 1662 piendos
465 1616 593 1650 arctatis
623 1627 799 1661 prorogare
828 1616 981 1649 terminos
1005 1616 1043 1649 de

301 1671 391 1705 dictis
426 1669 634 1714 suscipiendis
670 1669 833 1703 ordinibus
868 1679 967 1713 usque
1005 1669 1043 1702 ad

300 1724 446 1770 proxima
470 1729 543 1757 tunc
569 1734 587 1756 a
610 1723 679 1756 iure
703 1728 819 1756 statuta
839 1727 992 1767 tempora,
1012 1723 1043 1756 in

300 1778 414 1822 quibus
439 1777 483 1811 sie
508 1777 618 1811 arctati
635 1777 810 1812 successive
830 1777 868 1810 ad
886 1777 972 1821 ipsos
996 1788 1044 1811 or-

300 1832 389 1865 dines
413 1836 670 1876 promoveantur.

344 1885 459 1926 Placet,
482 1885 685 1930 publicentur
702 1890 731 1917 et
756 1884 990 1918 describantur:
1005 1885 1041 1918 M.

388 1948 502 1982 Lectae
518 1952 547 1981 et
564 1947 752 1992 publicatae
768 1949 903 1991 fuerunt
920 1958 1040 1992 supra-

300 2002 439 2046 scriptae
451 2001 583 2045 reyulae
595 2005 623 2035 et
636 2001 858 2034 ordinationes
878 2006 907 2034 et
927 2002 1044 2035 consti-

302 2055 441 2090 tutiones
454 2056 488 2088 in
507 2055 704 2089 cancellaria
717 2056 904 2099 apostolica,
921 2056 961 2088 ab
980 2066 1043 2088 ano

300 2120 339 2143 επ
362 2110 400 2144 R.
428 2110 468 2144 P.
496 2109 536 2143 D.
564 2109 701 2142 maioris
721 2109 963 2153 praesidentiae
986 2109 1043 2142 ab·

302 2163 547 2203 breviatoribus,
568 2173 655 2196 anno
672 2162 920 2197 Incamaciom‘s
935 2163 1044 2196 Domi-

301 2217 393 2251 nicae
415 2226 571 2258 MDcxxnl,
600 2217 652 2250 die
675 2227 747 2250 vero
763 2227 816 2251 xxi
833 2217 952 2250 mensis
966 2221 1044 2250 octo-

301 2270 377 2311 bris,
406 2270 616 2315 pontificatus
647 2270 827 2314 praelibati
853 2270 908 2304 SS.
939 2270 976 2304 D.
1003 2270 1041 2303 N.

301 2333 393 2369 anno·
408 2333 428 2356 1.

524 2377 646 2410 Pei-nus
665 2377 825 2418 Gannms,
845 2381 1020 2421 procustes.

655 2512 690 2545 X.

302 2583 444 2618 Indictio
458 2582 616 2616 orationis
632 2582 861 2627 Qaadraqinta
877 2583 1045 2616 Horarum

347 2637 390 2671 ad
409 2637 560 2670 divinum
580 2636 747 2670 auxilium
764 2637 861 2670 initio
872 2637 1044 2680 pontifica-

383 2700 461 2728 Buzl.
481 2699 566 2728 Rom.
583 2713 617 2719 -
634 2698 694 2727 Vol.
716 2698 799 2728 XIII.
959 2699 992 2725 to

1744 222 1786 256 73
1832 232 1880 261 An.
1898 231 1927 260 c,
1947 232 2017 261 1623

1125 286 1175 314 lus
1203 292 1264 325 pro
1289 281 1432 315 salutari
1457 280 1635 315 catholicae
1662 280 1821 315 Ecclesiae

1124 335 1284 378 reqimz'nc
1308 334 1566 378 implorandum.

1282 401 1418 428 Urbanus
1439 402 1518 436 Papa
1538 401 1618 433 vm,

1079 449 1233 477 Universis
1250 450 1510 485 christifidelibus,
1532 452 1567 478 ad
1589 456 1661 484 quos
1676 456 1820 484 praesen-

1113 496 1162 520 tes
1177 493 1300 521 litterae
1323 495 1526 527 pervenerint,
1544 495 1675 522 salutem
1698 497 1728 522 et
1751 501 1821 529 apo-

1114 537 1253 564 stolicam
1267 537 1517 565 benedictionem.

1871 505 1984 525 Exordmm
2001 507 2022 525 et

1837 537 1916 551 musae
1960 532 2021 551 huius

1838 558 2004 579 (imminutionis.

1122 599 1269 633 AEternus
1294 610 1402 632 rerum
1428 601 1583 642 conditor,
1601 601 1689 634 cuius
1706 600 1822 634 iudicia

1078 653 1209 697 abyssus
1232 652 1342 693 multa,
1360 663 1397 686 eo
1416 653 1463 686 vcl
1479 654 1614 687 maxime
1635 655 1822 698 imperscru-

1079 705 1183 739 tabilis
1207 705 1275 739 eius
1304 705 1475 750 sapientiae
1504 710 1596 749 atque
1620 707 1821 741 inexhaustae

1077 758 1237 803 potentiae
1253 759 1420 792 thesauros
1437 759 1572 792 recludit
1587 765 1617 793 et
1633 760 1820 801 manifestat,

1077 812 1162 857 quod
1187 812 1331 846 maximis
1355 812 1386 845 in
1412 812 1522 853 rebus,
1546 823 1609 847 non
1634 813 1820 855 fortiorum,

1078 867 1132 900 sed
1160 866 1404 900 imbecilliorum
1436 867 1533 910 opera
1564 867 1753 910 plerumque
1777 868 1820 900 uti

1077 929 1140 953 non
1164 919 1362 962 dedignatur.
1387 918 1475 958 Quod
1492 918 1620 962 quidem
1640 918 1672 951 in
1696 920 1822 953 catholi-

1078 983 1132 1006 cae
1144 972 1301 1006 Ecclesiae
1315 971 1596 1013 administratione,
1609 982 1703 1016 quam
1718 973 1750 1006 in
1763 973 1822 1007 hac

1078 1031 1259 1070 temporum
1294 1025 1495 1067 difficultate,
1520 1025 1607 1058 nullo
1637 1030 1821 1059 nostrorum

1077 1078 1229 1122 suffragio
1243 1078 1441 1119 meritorum,
1455 1078 1509 1111 sed
1522 1077 1589 1111 eius
1602 1078 1821 1112 misericordia

1077 1133 1169 1166 nobis
1193 1131 1412 1166 demandatam
1437 1131 1651 1175 agnoscimus,
1671 1137 1757 1166 tanto
1777 1133 1821 1166 lu·

1077 1186 1233 1219 eulentius
1257 1190 1399 1230 apparet,
1416 1190 1533 1229 quanto
1559 1185 1680 1218 maiora
1700 1196 1820 1228 earum,

1077 1239 1191 1283 quibus
1216 1239 1460 1279 circumdamur,
1485 1238 1705 1273 infirmitatum
1729 1250 1821 1283 argu-

1077 1297 1182 1326 menta
1210 1297 1316 1326 extare
1339 1292 1577 1335 dignoscuntur.
1603 1292 1682 1326 Hinc
1706 1293 1762 1334 sit,
1788 1299 1821 1327 ut

1077 1346 1344 1390 quemadmodum
1367 1345 1618 1378 misericordiam
1639 1345 1693 1378 Dei
1710 1346 1821 1379 humil-

1078 1400 1150 1433 lime
1175 1399 1382 1443 suscepimus,
1401 1399 1442 1431 ita
1464 1398 1557 1431 etiam
1575 1399 1696 1442 trepide
1716 1409 1820 1432 verea-

1077 1463 1158 1493 mur,
1176 1463 1225 1493 ne,
1244 1452 1360 1495 ingenti
1381 1462 1477 1485 onere
1501 1452 1710 1495 praegravati,
1736 1452 1819 1485 chri-

1078 1506 1169 1539 stiani
1193 1506 1279 1539 orbis
1303 1505 1541 1539 necessitatibus
1560 1506 1732 1549 apostolica
1750 1516 1821 1549 pro—

1077 1560 1224 1601 videntia,
1237 1565 1271 1592 ut
1284 1570 1341 1604 par
1357 1565 1413 1602 est,
1432 1558 1635 1593 succurrerc¹
1651 1559 1818 1593 valeamus.

1077 1615 1192 1647 Tantae
1216 1613 1262 1647 rei
1288 1613 1477 1656 cogitatione
1503 1613 1654 1656 permotis
1672 1613 1748 1646 illud
1768 1624 1820 1647 no-

1078 1669 1125 1702 bis
1149 1668 1275 1712 saepius
1300 1668 1449 1709 occurrit,
1475 1667 1602 1701 beatum
1622 1668 1713 1711 plane
1732 1668 1818 1701 illum

1077 1733 1156 1763 esse,
1174 1732 1268 1766 quem
1290 1721 1371 1754 Deus
1391 1721 1459 1764 ipse
1477 1721 1638 1762 erudierit,
1655 1731 1701 1761 ac,
1721 1731 1760 1754 ne
1780 1721 1821 1754 fa·

1077 1776 1141 1809 cies
1173 1780 1300 1808 nostrae
1330 1773 1580 1815 confundantur,
1605 1774 1643 1807 ad
1673 1784 1761 1815 eum,
1787 1779 1821 1809 ut

1078 1829 1305 1869 illuminemur,
1330 1827 1543 1861 accedendum
1568 1838 1646 1861 esse.

1122 1883 1137 1927 ἓ
1161 1883 1190 1915 l.
1216 1881 1369 1922 Quoniam
1402 1892 1476 1915 vero
1501 1882 1577 1914 tanti
1608 1882 1692 1925 regis
1723 1882 1820 1915 maie-

1078 1941 1189 1971 statem
1214 1941 1279 1969 tum
1304 1935 1443 1980 propriis
1464 1936 1626 1979 cuiusque,
1643 1940 1709 1968 tum
1726 1936 1820 1969 etiam

1077 1990 1212 2024 aliorum
1236 1989 1432 2023 orationibus
1457 1989 1536 2021 adiri
1563 1994 1684 2022 certum
1707 1995 1768 2029 est,
1789 1989 1820 2023 id

1078 2049 1111 2078 ut
1128 2044 1249 2078 facilius
1266 2044 1391 2089 assequi
1411 2053 1586 2087 possemus,
1604 2043 1818 2077 Romanorum

1078 2098 1265 2132 Pontificum
1278 2098 1558 2142 praedecessorum
1576 2102 1757 2131 nostrorum
1771 2109 1820 2131 ex-

1078 2152 1182 2196 empla
1206 2151 1297 2185 nobis
1316 2151 1356 2184 ob
1380 2151 1489 2184 oculos
1512 2156 1736 2194 proponentes,
1754 2151 1820 2184 uni-

1078 2205 1176 2237 versis
1196 2203 1455 2237 christifidelibus
1480 2203 1652 2236 iubilaeum
1672 2204 1710 2237 de
1731 2215 1819 2238 more

1078 2258 1217 2292 indicere
1229 2258 1456 2298 statuissemus,
1470 2262 1504 2289 ut
1521 2257 1737 2290 saluberrimis
1748 2268 1820 2302 poe-

1077 2313 1225 2346 nitentiae
1251 2312 1401 2357 operibus
1430 2311 1589 2345 orationes
1613 2311 1764 2351 sociatae,
1790 2317 1820 2344 et

1077 2367 1259 2410 rogantium
1276 2365 1388 2399 merita
1409 2366 1631 2406 cumulassent,
1650 2370 1679 2398 et
1697 2365 1820 2399 divinae

1078 2420 1168 2454 nobis
1187 2419 1340 2463 largitatis
1356 2429 1489 2452 munera
1505 2418 1636 2451 uberius
1656 2418 1821 2463 impetras-

1079 2480 1156 2508 sent.
1174 2475 1300 2515 Vcrum,
1315 2473 1421 2506 habita
1438 2472 1590 2516 temporis
1604 2472 1735 2514 ratione,
1749 2483 1819 2507 nec-

1078 2538 1141 2562 non
1159 2527 1227 2560 aliis
1243 2525 1441 2570 aequissimis
1463 2525 1564 2558 causis
1581 2527 1618 2559 ea
1635 2536 1695 2569 qua
1715 2525 1819 2559 decuit

1080 2582 1259 2615 maturitate
1290 2579 1472 2623 perpensis,
1498 2579 1589 2612 aliam
1614 2580 1819 2624 opportunio-

1116 2646 1126 2671 1
1146 2643 1247 2672 Forsan
1263 2642 1306 2671 hic
1321 2642 1397 2670 deest
1412 2641 1544 2678 particula
1559 2650 1615 2670 non
1631 2642 1667 2678 (n.
1684 2643 1732 2676 aa).

1870 1783 1914 1804 Non
1946 1783 2020 1804 indicit

1835 1811 1949 1832 iubilaeum
1994 1812 2019 1831 de

1835 1844 1892 1859 more
1931 1839 2021 1865 praede-

1835 1872 1954 1890 eessorum,
1982 1866 2020 1887 sed

1835 1895 1896 1914 aliter
1911 1895 2004 1919 disponit
2015 1910 2019 1916 .

1835 1923 1952 1946 temporum
1980 1921 2020 1942 ha-

1835 1948 1880 1969 bna
1895 1948 1984 1968 ratione.
