2269 3235
119 223 169 251 An.
185 223 216 251 C.
234 221 302 250 1625

189 284 302 305 confirmat

120 312 225 334 Urbanus.

170 2359 322 2380 contrahentes

139 2391 249 2410 censuras,
272 2392 323 2412 qna-

139 2414 199 2433 tenus
215 2419 265 2439 opus
283 2416 322 2438 sn,

141 2440 238 2460 absolvit.

926 222 1068 247 Unnauus
1093 223 1148 246 vin
1173 223 1221 247 rr.

361 269 376 313 ἓ
399 268 428 302 3.
455 269 527 309 Nos,
548 270 600 313 qui
626 269 766 303 honestis
790 270 873 313 regis
891 276 921 303 et
938 271 1054 314 capitu-
1073 272 1075 286 ¹

316 321 419 355 lorum
437 322 668 366 praedictorum
691 323 769 356 votis
790 323 921 357 libenter
945 323 1056 355 annui-

319 386 405 417 mus,
434 386 532 420 eaque
566 377 724 410 lareribus
753 377 977 420 prosequimur
1001 386 1058 420 op-

318 429 481 472 portunis⁷
508 429 653 462 eumdem
687 429 866 472 Philippum
898 438 1005 471 regem
1031 434 1060 461 et

319 482 493 525 singulares
502 493 651 526 personas
661 482 869 525 capitulorum
878 481 1058 514 huiusmodi

320 545 337 566 a
360 534 521 578 quibusvis
550 534 901 575 excommunicationis,
927 543 1059 577 suspen-

320 587 416 620 sionis
440 592 470 620 et
494 587 662 629 interdicti,
688 586 821 630 aliisque
841 586 1060 620 ecclesiasticis

320 640 490 682 sententiis,
512 640 653 674 censuris
677 645 708 672 et
732 639 857 683 poenis,
882 650 900 672 a
924 640 992 672 iure
1013 640 1060 672 vel

320 693 358 726 ab
383 694 519 736 homine,
544 693 653 737 quavis
673 693 838 726 occasione
853 693 900 725 vel
914 693 1062 726 caussrla-

321 746 369 786 tis,
390 746 415 780 si
432 746 545 790 quibus
565 745 802 789 quomodolibet
819 746 984 779 innodatae
1002 746 1063 779 exi-

321 804 415 840 stunt,
425 799 463 832 ad
474 799 620 832 effectum
637 799 886 843 praemissorum
901 799 1062 832 dumtaxat

321 852 587 896 consequendum,
600 853 714 885 harum
728 853 809 886 serie
825 853 1022 887 absolventes
1033 858 1063 885 et

320 904 477 938 absolutas
502 905 568 938 fore
592 908 771 947 censentes,
790 915 913 939 necnon
930 915 1062 938 concor-

321 957 390 990 diae
407 962 438 990 et
455 957 654 990 instrumenti
674 958 908 1001 praedictorum
922 958 1062 991 veriores

322 1016 446 1044 tenores
463 1011 681 1054 praesentibus
698 1022 756 1055 pro
771 1011 927 1055 expressis
944 1011 1062 1044 haben-

322 1070 378 1105 tes,
403 1064 584 1098 huiusmodi
609 1065 889 1109 supplicationibus
913 1065 1062 1107 inclinati,

322 1118 524 1164 concordiam
551 1118 750 1160 huiusmodi,
780 1123 810 1151 et
838 1117 910 1151 inde
933 1122 1064 1161 sequuta

323 1182 552 1215 quaecumque,
567 1172 687 1204 etiamsi
708 1171 746 1204 ad
766 1171 960 1204 exactionem
974 1181 1066 1214 pecu-

322 1225 446 1257 niarum
471 1224 502 1257 in
527 1224 635 1257 eadem
650 1224 818 1257 concordia
834 1227 1064 1265 contentarum,

323 1277 416 1310 etiam
441 1281 512 1311 ante
535 1276 717 1310 huiusmodi
738 1283 879 1310 nostram
900 1277 1066 1310 confirma-

324 1331 450 1373 tionem,
472 1331 504 1363 in
530 1335 629 1365 totum
653 1332 701 1364 vel
726 1331 757 1363 in
782 1335 905 1374 partem
930 1330 969 1363 sit
992 1341 1066 1374 pro-

323 1395 456 1425 cessum,
465 1385 637 1428 apostolica
651 1384 847 1426 auctoritate,
859 1389 967 1417 tenore
981 1394 1067 1428 prae-

323 1437 469 1478 sentium,
483 1437 708 1471 confirmamus
731 1441 761 1471 et
785 1437 998 1481 approbamus
1006 1448 1013 1477 3
1035 1438 1068 1470 il-

324 1491 423 1534 lisque
443 1495 612 1534 perpetuae
629 1496 658 1523 et
671 1490 858 1524 inviolabilis
876 1490 1067 1534 apostolicae

324 1543 481 1578 firmitatis
497 1544 595 1577 robur
609 1544 789 1584 adiicimus,
811 1544 990 1588 supplentes
1005 1554 1068 1577 om-

324 1607 380 1630 ncs
404 1602 432 1630 et
454 1598 595 1640 singulos
612 1603 674 1630 tam
696 1597 773 1631 iuris
789 1608 883 1641 quam
898 1598 971 1630 facti
987 1597 1068 1630 dese-

326 1656 403 1693 ctus,
421 1650 446 1684 si
463 1651 516 1694 qui
534 1650 638 1684 forsan
656 1650 882 1683 intervenerint
892 1650 924 1683 in
937 1650 1066 1690 eisdem;

326 1714 434 1747 eaque,
451 1714 485 1737 ae
503 1708 566 1736 tam
587 1703 690 1747 quoad
715 1704 861 1748 capitula,
876 1713 956 1747 quae
981 1703 1067 1736 nullo

327 1758 421 1791 modo
433 1757 589 1802 praesenti
603 1757 791 1791 concordiae
808 1762 837 1791 et
852 1757 1067 1791 distributioni

327 1811 534 1851 interfuerint,
547 1821 605 1844 nec
621 1811 681 1844 illis
696 1815 932 1852 consenserunt,
946 1810 1067 1843 etiamsi

329 1864 357 1897 S.
383 1864 418 1897 R.
443 1864 476 1896 E.
509 1864 682 1897 cardinales
712 1863 829 1897 suerint
857 1864 1005 1897 ecelesias
1040 1868 1070 1898 et

329 1917 389 1949 alia
401 1917 554 1950 beneficia
570 1917 774 1960 possidentes,
786 1927 908 1950 necnon
921 1917 1068 1959 decimas,

329 1970 485 2014 primitias
509 1975 540 2003 et
563 1970 640 2004 alios
664 1971 784 2004 fructus
801 1972 833 2003 in
849 1971 931 2004 dicta
943 1981 1071 2005 coneor-

330 2023 382 2055 dia
406 2033 569 2067 expressos
583 2024 754 2067 exigentes,
772 2023 873 2056 valida
889 2028 919 2056 et
933 2024 1071 2058 efficacia

331 2087 408 2119 esse,
432 2088 468 2110 ac
484 2088 541 2121 per
566 2088 619 2111 eos
644 2088 753 2111 omnes
777 2078 999 2112 inviolabiliter
1019 2079 1072 2112 ob-

332 2131 449 2163 servari
460 2131 585 2174 debere,
596 2131 728 2175 illosque
738 2131 776 2164 ad
789 2132 916 2165 illorum
932 2132 1071 2165 omnium

333 2184 586 2217 observationem
603 2189 633 2217 et
649 2184 837 2218 solutionem
851 2185 998 2218 omnibus
1017 2185 1072 2218 viis

335 2246 370 2268 ac
386 2236 462 2269 iuris
479 2243 508 2270 et
523 2238 594 2272 facti
613 2238 760 2271 remediis
777 2238 847 2281 cogi
872 2243 902 2271 et
925 2238 1072 2283 compelli

336 2298 426 2332 posse
450 2293 479 2323 et
502 2290 618 2324 debere
642 2292 850 2325 decernimus.

382 2342 396 2386 g
419 2342 448 2375 4.
473 2343 674 2378 Absolventes
699 2345 804 2386 etiam,
822 2345 847 2378 si
867 2356 947 2389 opus
968 2345 1072 2386 fuerit,

338 2399 399 2427 tam
417 2395 518 2439 ipsum
535 2397 713 2441 Philippum
730 2409 838 2442 regem
863 2410 957 2442 quam
983 2409 1074 2442 quos-

337 2459 470 2492 cumque
495 2449 561 2482 eius
582 2451 752 2494 ministros,
769 2462 891 2485 necnon
907 2462 1074 2496 quascum-

337 2512 398 2545 que
428 2502 652 2537 ecelesiasticas
688 2509 751 2538 tam
787 2506 943 2539 seculares
979 2516 1073 2549 quam

337 2556 498 2599 regulares
511 2566 672 2600 personas,
683 2568 700 2590 a
713 2558 873 2601 quibusvis
887 2559 1028 2592 censuris
1046 2564 1076 2592 et

336 2609 456 2654 poenis,
473 2609 499 2643 si
515 2619 592 2655 quas
612 2616 742 2655 propter
760 2612 932 2657 praemissa
948 2622 1076 2656 quomo-

1092 270 1209 303 dolibet
1229 269 1430 311 incurrerint,
1451 269 1543 302 etiam
1562 269 1587 302 si
1605 269 1635 301 in
1654 269 1832 312 irregulari-

1094 327 1187 356 tatem
1205 323 1340 366 aliquam
1362 322 1538 363 inciderint,
1555 332 1590 354 ae
1607 321 1717 354 missas
1730 327 1760 354 et
1773 321 1832 353 alia

1093 374 1197 407 divina
1214 375 1316 408 cilicia
1334 375 1470 415 interim,
1495 384 1557 407 non
1576 380 1678 406 tamen
1705 374 1735 405 in
1759 384 1833 406 eon-

1095 433 1246 471 tcmptum
1258 428 1402 469 clavium,
1416 428 1653 467 celebraverint,
1667 437 1761 471 super
1772 437 1833 470 qua

1094 481 1325 523 irregularitate
1351 482 1530 514 huiusmodi
1557 492 1613 525 per
1642 491 1696 514 cos
1726 480 1833 513 forsan

1094 534 1331 576 quomodolibet
1349 535 1473 567 incursa
1487 535 1599 567 harum
1618 534 1698 567 serie
1714 534 1835 577 dispen-

1094 597 1207 628 samus,
1226 597 1283 619 nec
1300 592 1469 630 propterca
1485 588 1604 620 fructus
1631 587 1834 620 ecclesiarum

1095 644 1124 672 et
1144 639 1301 672 bonorum
1320 639 1519 672 obtentorum
1542 650 1614 672 suos
1638 650 1701 673 non
1726 639 1834 672 fecisse

1095 691 1218 725 diciaut
1231 692 1352 725 censeri
1364 703 1457 735 posse
1474 692 1680 734 declaramus,
1696 693 1777 725 acab
1791 692 1835 725 cis

1096 744 1232 778 omnem¹
1248 744 1451 778 inhabilitatis
1468 745 1633 786 maculam,
1644 745 1708 778 sive
1720 751 1835 787 notam,

1096 798 1120 831 si
1141 808 1234 842 quam
1259 803 1388 842 propter
1407 799 1582 842 praemissa
1601 798 1838 842 quomodolibet

1097 851 1299 892 incurrerint,
1313 852 1484 892 abolemus,
1496 862 1612 896 eosque
1625 852 1656 884 in
1670 851 1836 896 pristinum

1097 909 1126 937 et
1140 914 1222 945 eum,
1240 904 1271 936 in
1288 915 1350 948 quo
1370 909 1440 937 ante
1460 905 1633 948 praemissa
1646 904 1840 948 quomodoli—

1096 957 1149 990 bet
1160 962 1258 998 erant,
1269 962 1393 999 statum,
1405 957 1435 990 in
1445 957 1593 991 omnibus
1610 962 1640 990 et
1651 967 1708 1001 per
1723 957 1839 997 omnia,

1098 1010 1301 1050 restituimus,
1319 1010 1501 1054 reponimus
1518 1016 1548 1044 et
1563 1011 1703 1055 plenarie
1725 1011 1840 1044 reinte-

1098 1075 1236 1107 gramus,
1261 1076 1296 1098 ac
1321 1065 1492 1107 restitutos,
1514 1065 1667 1109 repositos
1683 1071 1714 1098 et
1732 1066 1839 1109 plena-

1099 1118 1144 1151 rie
1160 1118 1368 1161 reintegratos
1377 1129 1433 1162 per
1447 1123 1628 1162 praesentes
1641 1118 1837 1152 nunciamus.

1143 1171 1157 1213 ἓ
1183 1170 1212 1203 5.
1237 1170 1382 1204 Ceterum
1406 1171 1444 1203 ad
1469 1171 1660 1205 obviandum
1680 1171 1789 1204 litibus
1808 1176 1839 1204 et

1099 1224 1332 1266 controversiis,
1346 1234 1426 1267 quae
1436 1225 1515 1257 inter
1531 1235 1681 1268 personas
1699 1225 1841 1258 ecclesia-

1099 1277 1191 1310 sticas
1213 1278 1291 1311 oriri
1314 1283 1450 1322 possent,
1473 1278 1585 1311 harum
1605 1278 1686 1311 serie
1700 1278 1841 1311 declara-

1100 1341 1179 1371 mus,
1192 1330 1230 1363 ad
1244 1331 1510 1364 contributionem
1521 1331 1723 1374 solutionum,
1738 1331 1843 1364 huius—

1100 1383 1184 1416 modi
1194 1384 1381 1417 concordiae
1389 1384 1496 1427 vigore
1506 1384 1729 1425 faciendarum,
1738 1395 1843 1418 mona-

1101 1436 1193 1469 steria
1207 1441 1237 1469 et
1250 1437 1309 1469 alia
1329 1437 1397 1470 loca
1413 1437 1464 1481 pia
1483 1448 1683 1481 quocumque
1696 1442 1843 1481 respectu

1101 1489 1194 1522 etiam
1220 1490 1404 1523 eorumdem
1428 1491 1606 1532 bonorum,
1638 1501 1718 1534 quae
1749 1491 1843 1534 vulgo

1101 1543 1248 1576 dicuntur
1262 1543 1299 1576 de
1318 1543 1474 1577 labranza
1490 1549 1518 1577 et
1535 1545 1676 1586 arlanza,
1695 1554 1774 1588 quae
1793 1544 1841 1577 vix

1101 1606 1159 1640 pro
1184 1607 1242 1629 usn
1267 1602 1297 1629 et
1321 1597 1404 1630 victu
1427 1607 1635 1640 personarum
1659 1598 1843 1631 eorumdem

1102 1649 1366 1683 monasteriorum
1391 1655 1421 1683 et
1444 1651 1679 1694 praedictorum
1699 1652 1843 1684 locorum

1102 1703 1285 1743 inserviunt,
1311 1703 1410 1736 teneri
1435 1707 1464 1737 et
1487 1704 1641 1747 obligatos
1666 1705 1742 1738 fore.

1146 1757 1161 1800 ξ
1185 1756 1214 1789 6.
1240 1756 1353 1800 Sicque
1381 1757 1412 1789 in
1440 1758 1621 1801 praemissis
1646 1758 1792 1792 omnibus
1815 1764 1845 1792 et

1102 1810 1244 1853 singulis,
1268 1820 1325 1854 per
1349 1821 1566 1854 quoscumque
1583 1811 1701 1844 iudices
1717 1816 1747 1845 et
1764 1822 1846 1845 com-

1103 1863 1282 1904 missarios,
1307 1864 1417 1907 quavis
1441 1864 1627 1897 auctoritate
1657 1864 1844 1907 fungentes,

1104 1917 1197 1950 etiam
1221 1917 1301 1950 sacri
1326 1917 1431 1960 palatii
1457 1917 1620 1961 apostolici
1641 1918 1799 1952 auditores
1817 1923 1847 1951 et

1104 1970 1243 2003 eiusdem
1259 1970 1287 2003 S.
1302 1971 1336 2003 R.
1347 1971 1379 2003 Ε.
1395 1970 1578 2011 cardinales,
1586 1970 1702 2014 ubique
1715 1971 1847 2003 indicari

1105 2029 1134 2056 et
1158 2023 1281 2057 definiri
1306 2023 1433 2065 debere,
1451 2034 1486 2057 ac
1503 2024 1629 2058 irritum
1650 2028 1679 2059 et
1702 2024 1804 2067 inane,
1821 2024 1847 2057 si

1105 2087 1194 2110 secus
1212 2088 1306 2121 super
1323 2077 1371 2110 liis
1389 2088 1405 2110 a
1422 2088 1592 2121 quoquam,
1612 2077 1720 2121 quavis
1744 2083 1848 2112 aucto-

1106 2130 1205 2171 ritate,
1231 2130 1365 2164 scienter
1389 2131 1437 2163 vel
1462 2131 1654 2174 ignoranter,
1679 2131 1848 2174 contigerit

1106 2184 1262 2224 attentari,
1287 2184 1496 2218 decernimus.

1151 2237 1205 2281 57.
1220 2238 1256 2270 Et
1268 2237 1473 2271 nihilominus
1490 2238 1662 2271 venerabili
1676 2238 1765 2271 fratri
1779 2248 1847 2272 mo-
1889 2245 2046 2273 Exequutorum

1863 2273 1989 2300 designatio.

1107 2291 1216 2331 derne,
1226 2296 1255 2324 et
1266 2291 1386 2324 dilectis
1396 2290 1481 2323 filiis—²
1496 2297 1604 2325 nostro
1614 2297 1644 2324 et
1656 2292 1848 2335 apostolicae

1107 2344 1194 2378 Sedis
1207 2344 1289 2388 apud
1298 2344 1441 2378 eumdem
1453 2345 1632 2388 Philippum
1644 2355 1752 2387 regem
1765 2355 1849 2378 nunc

1108 2402 1137 2430 et
1162 2408 1219 2441 pro
1245 2403 1386 2441 tempore
1406 2397 1549 2431 existenti
1570 2398 1685 2430 nuncio
1710 2401 1740 2431 et
1763 2408 1849 2431 eom-

1108 2451 1252 2484 missario
1266 2451 1406 2494 generali
1420 2451 1574 2485 cruciatae
1592 2451 1624 2484 in
1639 2452 1746 2495 regnis
1758 2462 1850 2496 prae-

1108 2505 1208 2546 dictis,
1220 2516 1277 2549 per
1290 2510 1472 2549 praesentes
1488 2505 1715 2540 committimus
1724 2511 1754 2539 et
1766 2515 1850 2539 man-

1145 2578 1156 2604 1
1174 2576 1247 2603 Edit.
1263 2575 1342 2604 Main.
1361 2577 1531 2612 legitomnes
1548 2578 1585 2612 (a.
1602 2577 1651 2613 r.).

1143 2621 1160 2648 2
1175 2620 1246 2648 Edit.
1267 2621 1345 2649 Main.
1364 2621 1429 2657 legit
1442 2621 1498 2657 filii
1512 2622 1549 2658 (n.
1567 2622 1616 2658 T.)-

1737 211 1801 244 ,⁶340
1849 221 1938 248 ine.
1961 222 2028 249 1625

1901 1183 1929 1203 Ait
1953 1183 2038 1202 §nlntio-

1854 1216 1901 1229 nem
1926 1216 2039 1235 quaecuiw

1856 1243 1895 1262 qm·
1908 1238 1942 1261 pia
1955 1237 1999 1256 lura
2011 1239 2040 1256 te·

1856 1264 1900 1284 iii-ri
1912 1264 2013 1284 nectar-ai.

1886 1767 2005 1790 clausulae.
