2269 3235
109 255 160 282 An.
179 253 208 280 C.
226 252 292 280 ¹627

138 630 257 652 Concessio,
268 630 293 651 «lu

112 663 153 684 qua
167 658 188 678 in
202 658 294 678 rubrica.

152 841 295 863 Extendnnlur

113 869 221 895 privilegia
233 869 295 889 Ordi-

113 896 145 916 nis
173 896 222 916 huic
247 895 295 916 hos·

113 922 172 948 pitin.

922 250 1064 274 URBANUS
1085 250 1140 274 Vlll
1161 250 1209 274 ΡΙ).

307 309 416 332 eorum
441 299 575 342 denique
599 299 774 331 animarum
800 297 901 338 saluti,
920 297 1044 331 meliori

307 363 367 396 qua
391 357 539 395 poterunt
564 352 694 393 ratione,
713 351 895 384 incumbere
915 351 1046 389 valeant,

308 405 447 439 construi
479 407 580 438 l'acere
612 416 648 438 ac
681 404 804 438 redditu
828 414 931 436 annuo
956 403 1047 446 quin-

308 465 474 502 gentorum
500 459 608 491 saltem
628 458 814 491 ducatorum
833 461 976 489 monetae
997 457 1047 489 lli-

308 512 488 556 spaniarum
513 512 623 545 dotare
644 511 790 551 intendat,
809 510 833 542 si
852 510 1048 553 infrascripta

309 565 366 598 sibi
392 576 448 608 per
472 575 529 598 nos
552 564 686 606 benigne
711 563 931 596 concedantur.

353 619 368 661 ἓ
392 619 420 651 ⁶2.
446 619 547 658 Quare
569 628 626 662 pro
650 622 737 661 parte
762 617 869 650 Iustini
891 621 920 649 et
940 616 1046 649 Didaci

310 672 546 716 praedictorum
566 671 657 704 nobis
674 670 732 702 suit
752 670 913 703 humiliter
933 669 1049 713 suppli-

310 729 423 765 catum,
447 730 599 768 quatenus
623 723 829 766 infrascriptis
853 733 991 756 annuere
1010 722 1048 755 dc

309 777 500 820 benignitate
524 776 695 820 apostolica
720 776 933 818 dignaremur.

354 832 368 874 ἓ
384 830 413 863 3.
432 831 494 864 Nos
510 830 615 873 igitur,
633 829 883 862 christifidelium
903 829 934 862 in
955 829 1050 873 capti-

310 884 402 916 vitate
432 883 612 917 huiusmodi
643 883 884 916 constitutorum
913 882 1049 916 libertati

310 942 340 970 et
363 937 518 981 spirituali
547 936 772 976 consolationi,
800 941 952 980 quantum
976 946 1048 969 cum

310 991 374 1024 Deo
398 1001 566 1034 possumus
581 1017 588 1031 ‚
613 990 777 1023 consulere
809 989 989 1033 cupientes,
1014 999 1049 1022 ae

311 1044 463 1077 lustinum
477 1049 507 1077 et
519 1043 668 1077 Didacum
682 1043 869 1087 praedictos,
887 1054 922 1076 ac
939 1053 1048 1076 eorum

313 1097 495 1140 quemlibet,
506 1108 522 1129 a
533 1097 695 1140 quibusvis
706 1096 1049 1138 excommunicationis,

312 1152 525 1194 suspensionis
548 1157 578 1184 et
602 1151 768 1191 interdicti,
793 1151 924 1194 aliisque
949 1150 1049 1183 eccle-

313 1204 444 1237 siasticis
468 1204 638 1246 sententiis,
663 1204 805 1237 censuris
829 1209 860 1236 et
883 1204 1008 1248 poenis,
1033 1214 1050 1236 a

312 1258 381 1290 iure
401 1258 449 1290 vel
473 1258 511 1290 ab
532 1258 667 1299 homine,
685 1258 793 1301 quavis
818 1257 981 1291 occasione
1003 1257 1049 1290 rel

314 1312 407 1343 causa
431 1311 511 1351 latis,
528 1310 553 1343 si
570 1310 683 1354 quibus
708 1310 946 1354 quomodolibet
965 1310 1052 1343 inno-

313 1363 374 1395 dati
411 1363 563 1404 existunt,
587 1364 626 1396 ad
657 1364 802 1397 effectum
837 1364 1049 1407 praesentium

313 1416 472 1450 dumtaxat
488 1417 755 1462 consequendum,
773 1418 886 1450 harum
903 1417 984 1450 serie
1001 1417 1051 1449 ab·

313 1471 468 1504 solventes
484 1478 514 1504 et
533 1471 693 1504 absolutos
717 1472 782 1504 fore
803 1477 975 1511 censentes,
996 1471 1053 1503 liu-

313 1524 449 1557 iusmodi
467 1525 748 1568 supplicationibus
767 1525 916 1566 inclinati,
934 1525 1051 1557 eisdem

313 1577 431 1611 Iustino
456 1583 486 1610 et
509 1578 646 1618 Didaco,
675 1578 700 1611 si
735 1583 765 1610 et
788 1583 954 1621 postquam
985 1577 1052 1621 ipse

314 1630 449 1664 lustinus
473 1631 630 1664 redditum
651 1642 788 1664 annuum
806 1631 1052 1675 quingentorum

314 1690 475 1717 scutorum
506 1684 687 1717 huiusmodi
719 1689 818 1717 tutum
844 1689 874 1717 et
905 1694 1052 1717 securum

314 1749 373 1781 pro
398 1738 471 1771 dicti
496 1738 624 1782 hospitii
648 1737 830 1771 fundatione
850 1748 923 1771 vere
941 1743 971 1771 et
990 1748 1054 1770 rea-

315 1792 386 1824 liter
410 1791 623 1834 assignaverit,
641 1795 671 1825 et
687 1802 748 1824 non
766 1795 865 1831 antea,
882 1791 982 1831 aliter,
996 1801 1054 1823 nec

316 1844 377 1877 alio
401 1845 505 1886 modo,
530 1850 563 1877 ut
587 1845 739 1887 gentilitia
762 1844 896 1877 familiae
913 1844 987 1877 dicti
1004 1845 1054 1877 Iu-

317 1898 387 1931 stini
411 1904 572 1941 tamquam
595 1898 769 1931 sundatoris
786 1903 815 1931 et
843 1898 993 1932 dotatoris
1019 1909 1055 1930 ae

317 1952 441 1996 patroni
457 1951 531 1984 dicti
551 1951 679 1995 hospitii
701 1962 796 1995 super
813 1952 911 1995 ipsius
928 1951 1055 1995 hospitii

317 2005 416 2038 ianuis
437 2010 466 2038 et
479 2005 588 2048 portis,
602 2015 723 2038 necnon
747 2005 883 2048 lapidem
901 2005 932 2037 in
950 2004 1056 2049 aliquo

317 2059 391 2092 dicti
404 2059 531 2102 hospitii
546 2058 674 2102 pariete,
688 2069 760 2091 cum
775 2058 977 2101 inscriptione
991 2058 1058 2090 sun-

317 2112 450 2150 dationis
470 2117 499 2144 et
524 2123 577 2144 seu
602 2112 769 2145 dotationis
793 2122 849 2155 per
873 2111 991 2144 dietum
1012 2111 1057 2144 lu-

318 2166 433 2200 stinum
453 2166 560 2205 saetae,
574 2176 742 2209 apponere,
759 2175 881 2198 necnon
901 2165 1057 2207 religiosis
1077 2160 1080 2164 ⁴

318 2219 495 2263 praedictae
512 2219 764 2262 congregationis
781 2219 812 2251 in
830 2218 940 2251 eodem
954 2219 1057 2262 hospi-

320 2272 362 2306 tio
385 2284 442 2316 pro
467 2278 608 2316 tempore
632 2272 827 2316 degentibus,
854 2278 886 2305 ut
910 2271 1056 2306 omnibus

321 2331 352 2359 et
374 2326 504 2369 singulis
528 2326 636 2369 gratiis
660 2332 690 2360 et
714 2326 840 2359 indultis
861 2337 896 2358 ac
923 2326 1063 2370 privile-v

321 2379 397 2422 giis,
421 2380 534 2423 quibus
558 2386 660 2413 cetera
685 2380 825 2413 eiusdem
850 2380 974 2413 Ordinis
999 2380 1056 2413 ho-

321 2432 422 2476 spitia,
446 2434 635 2477 illorumque
658 2434 798 2477 religiosi
822 2434 1076 2478 quomodolibetv

320 2491 461 2527 utuntur,
485 2486 647 2529 fruuntur,
671 2487 834 2530 potiuntur
858 2492 888 2520 et
912 2487 1057 2530 gaudent,

321 2550 357 2573 ac
380 2540 436 2580 uti,
456 2539 528 2581 srui,
545 2540 639 2583 potiri
663 2544 693 2574 et
716 2540 854 2583 gaudere
878 2545 1009 2584 possunt
1029 2544 1059 2575 et

321 2598 470 2637 poterunt
488 2593 726 2637 quomodolibet
749 2594 781 2626 in
804 2594 954 2634 futurum,
972 2594 1060 2627 dum-

322 2646 416 2682 modo
440 2647 494 2680 illa
517 2647 578 2681 sint
601 2646 633 2680 in
656 2658 731 2690 usu,
759 2647 972 2692 hactenusque
995 2642 1059 2682 non

1721 238 1784 271 (50:⁷1
1832 247 1881 273 An.
1898 247 1925 273 c.
1950 246 2014 273 παρτ

1081 302 1234 337 revocata,
1248 305 1305 329 nec
1319 296 1376 329 sub
1390 296 1495 340 aliqua
1520 295 1717 328 revocatione
1735 306 1818 327 com-

1082 351 1245 393 prehensa,
1270 361 1305 383 ac
1330 350 1427 383 sacris
1451 349 1631 390 canonibus,
1658 353 1687 379 ct
1715 348 1820 380 Conci-

1082 403 1112 435 lii
1137 404 1307 436 'l'ridentini
1333 404 1476 443 decretis,
1498 401 1758 445 regularibusque
1776 400 1820 432 ‹li-

1082 456 1121 489 cti
1135 456 1259 489 Ordinis
1275 456 1422 488 institutis
1437 468 1497 489 non
1512 457 1726 495 zulrmsentur,
1743 455 1818 487 acin

1082 509 1238 541 erectione
1256 509 1383 552 hospitii
1405 509 1561 542 biusmodi
1581 511 1681 541 l'orma
1699 513 1820 551 aposto-

1082 561 1212 594 licarum
1232 563 1499 604 constitutiomim,
1518 561 1701 605 praesertim
1722 560 1820 593 felicis·

1082 614 1308 647 recordationis
1326 615 1492 647 Clementis
1510 615 1573 647 wll
1592 620 1617 646 cl
1640 614 1724 646 l’auli
1746 614 1766 645 Υ
1786 625 1819 645 ac

1082 667 1225 710 Gregorii
1241 668 1290 700 XV
1303 668 1515 700 Romanorum
1532 667 1716 700 Pontificum
1730 677 1819 709 prae-

1083 720 1283 753 decessorum
1308 724 1498 760 nostrorum,
1517 731 1551 752 ac
1569 725 1704 760 nostrae,
1725 731 1821 763 super

1082 782 1237 806 novorum
1254 773 1395 806 locorum
1416 773 1610 815 regularium
1629 772 1821 806 institutione

1083 827 1237 860 editarum
1263 833 1414 868 servetur,
1437 838 1473 860 ex
1494 831 1566 860 voto
1592 826 1819 859 venerabilium

1083 881 1215 913 fratrum
1240 885 1421 914 nostrorum
1447 885 1571 913 sanctae
1592 880 1750 912 Romanae
1772 879 1823 911 Ec-

1084 935 1195 969 clesiae
1229 935 1434 968 cardinalium
1466 933 1600 977 negotiis
1630 933 1822 975 regularium

1083 989 1348 1033 praepositorum,
1362 989 1418 1031 uti,
1436 988 1506 1028 srui,
1523 987 1618 1031 potiri
1636 992 1665 1020 et
1686 987 1822 1030 gaudere

1084 1043 1203 1086 possint
1227 1048 1256 1076 et
1277 1043 1407 1084 valeant,
1432 1041 1604 1085 apostolica
1628 1041 1822 1083 auctoritate,

1085 1101 1191 1129 tenore
1212 1095 1436 1140 praesentium,
1450 1094 1651 1128 concedimus
1672 1099 1702 1126 et
1721 1093 1823 1126 indul-

1084 1160 1205 1192 gemus.

1129 1204 1143 1246 ἓ
1167 1202 1196 1235 4.
1214 1203 1432 1243 Decernentes‚
1449 1208 1629 1246 praesentes
1658 1201 1776 1234 litteras
1794 1206 1823 1233 et

1085 1256 1116 1288 in
1141 1257 1185 1289 cis
1216 1262 1361 1290 contenta
1393 1267 1611 1300 quaecumque
1642 1266 1766 1298 semper
1795 1260 1824 1286 et

1084 1314 1238 1352 perpetuo
1262 1309 1363 1342 valida
1387 1314 1416 1342 et
1441 1309 1578 1342 efficacia
1602 1319 1669 1341 esse
1694 1312 1721 1341 el
1746 1308 1823 1347 fore,

1085 1372 1120 1394 ac
1145 1362 1243 1395 dictae
1264 1362 1506 1405 Congregationi
1531 1367 1562 1394 et
1586 1361 1741 1404 religiosis
1766 1361 1824 1393 llu-

1086 1416 1220 1448 iusmodi
1244 1416 1275 1448 in
1300 1416 1446 1448 omnibus
1480 1421 1509 1448 et
1541 1426 1598 1458 per
1629 1414 1735 1448 omnia
1758 1415 1824 1458 ple-

1085 1470 1214 1503 nissime
1243 1470 1427 1512 suffragari,
1452 1480 1488 1502 ae
1518 1469 1643 1502 irritum
1676 1472 1705 1502 et
1736 1469 1826 1500 inane

1087 1522 1236 1566 quicquid
1253 1534 1343 1555 secus
1361 1534 1454 1566 super
1471 1523 1519 1555 his
1535 1533 1553 1554 a
1569 1532 1738 1565 quoquam,
1756 1532 1828 1564 qua-

1088 1576 1132 1608 vis
1163 1575 1368 1617 auctoritate,
1395 1576 1528 1608 scienter
1553 1576 1599 1608 vel
1625 1575 1826 1618 ignoranter,

1087 1630 1255 1673 eontigerit
1279 1630 1434 1663 attentari.

1132 1683 1147 1725 g
1164 1683 1192 1715 ἶ).
1207 1684 1274 1717 Non
1292 1683 1488 1716 obstantibus
1505 1682 1782 1716 constitutionibus
1798 1687 1828 1714 ct
1859 1722 1863 1723 ⁷
1899 1690 2025 1726 „¹³.‘'¹¹¹,'³⁴³¹'²⁰

1088 1734 1342 1767 ordinationibus
1360 1734 1550 1778 apostolicis,
1565 1733 1740 1776 ceterisque
1758 1742 1829 1765 con·
1843 1718 2003 1737 ⁶⁶¹¹¹¹⁶¹¹⁰¹⁸¹¹¹L

1090 1788 1194 1821 trariis
1219 1789 1483 1831 quibuscumspic.

1133 1843 1148 1885 ξ
1172 1841 1200 1874 6.
1226 1842 1307 1875 Nulli
1333 1853 1409 1884 crgo
1435 1841 1563 1874 omnino
1595 1840 1759 1873 hominum
1785 1840 1826 1872 li-

1090 1901 1157 1928 ceat
1187 1896 1266 1928 banc
1292 1895 1437 1939 paginam
1462 1899 1587 1929 nostrae
1612 1894 1828 1936 absolutionis,

1090 1949 1310 1990 concessionis,
1328 1949 1439 1982 indulti
1456 1955 1486 1981 et
1505 1949 1622 1982 decreti
1647 1948 1828 1991 inti-ingere,

1090 2004 1138 2036 rel
1162 2003 1189 2036 ei
1214 2014 1292 2036 ausu
1317 2003 1485 2036 temerario
1510 2003 1677 2036 contraire.
1702 2002 1734 2036 Si
1759 2002 1829 2045 quis

1090 2062 1193 2089 autem
1219 2057 1279 2090 hoc
1299 2061 1449 2091 attentare
1473 2055 1731 2099 prarsrunpserit,
1754 2055 1830 2087 indi-

1091 2111 1270 2153 gnationem
1289 2110 1510 2154 omnipotentis
1527 2109 1580 2142 Dei
1605 2120 1640 2142 ac
1665 2109 1830 2141 beatorum

1092 2164 1173 2196 Petri
1187 2168 1217 2196 et
1241 2164 1327 2196 Pauli
1347 2163 1564 2207 apostolorum
1579 2163 1645 2195 eius
1659 2173 1690 2195 se
1705 2161 1831 2195 noverit

1092 2217 1303 2250 incursurum.

1136 2272 1245 2305 Datum
1263 2271 1294 2303 iu
1317 2281 1389 2304 arce
1407 2270 1595 2313 Gandulpbi,
1614 2269 1766 2302 dioecesis
1782 2269 1830 2301 ΛΙ-

1092 2325 1254 2365 banensis,
1279 2335 1361 2357 anno
1386 2323 1613 2356 lncarnationis
1650 2322 1830 2355 Dominicae

1092 2389 1255 2419 Mncxxvn,
1274 2378 1377 2411 idibus
1397 2377 1544 2420 octobris,
1566 2376 1766 2420 pontificatus
1779 2386 1832 2409 no-

1092 2432 1148 2465 stri
1172 2442 1254 2465 anno
1279 2442 1308 2464 v.

1128 2495 1185 2522 nat.
1203 2494 1246 2522 die
1263 2494 1294 2522 15
1310 2493 1428 2521 octobris
1447 2492 1522 2528 1627,
1539 2492 1631 2529 pontif.
1649 2501 1718 2520 auno
1733 2499 1758 2519 v.

1870 1210 1980 1229 Decretum
1996 1208 2021 1228 ir-

1839 1237 1911 1257 riliins.

1917 1848 2027 1869 Cluusulae

1845 1876 1951 1901 poenales.
