<?xml version="1.0" encoding="UTF-8"?>
<!DOCTYPE html PUBLIC "-//W3C//DTD XHTML 1.0 Transitional//EN"
    "http://www.w3.org/TR/xhtml1/DTD/xhtml1-transitional.dtd">
<html xmlns="http://www.w3.org/1999/xhtml" xml:lang="en" lang="en">
 <head>
  <title>
</title>
<meta http-equiv="Content-Type" content="text/html;charset=utf-8" />
  <meta name='ocr-system' content='tesseract 3.04.00' />
  <meta name='ocr-capabilities' content='ocr_page ocr_carea ocr_par ocr_line ocrx_word'/>
</head>
<body>
  <div class='ocr_page' id='page_1' title='image "./bullarumdiplomat13cath_0499.png"; bbox 0 0 2269 3235; ppageno 0'>
   <div class='ocr_carea' id='block_1_1' title="bbox 115 258 299 286">
    <p class='ocr_par' dir='ltr' id='par_1_1' title="bbox 115 258 299 286">
     <span class='ocr_line' id='line_1_1' title="bbox 115 258 299 286; baseline 0 0"><span class='ocrx_word' id='word_1_1' title='bbox 115 260 163 286; x_wconf 76' lang='lat' dir='ltr'>An.</span> <span class='ocrx_word' id='word_1_2' title='bbox 185 259 214 286; x_wconf 81' lang='lat' dir='ltr'>G.</span> <span class='ocrx_word' id='word_1_3' title='bbox 232 258 299 286; x_wconf 73' lang='lat'>1626</span> 
     </span>
    </p>
   </div>
   <div class='ocr_carea' id='block_1_2' title="bbox 117 850 300 903">
    <p class='ocr_par' dir='ltr' id='par_1_2' title="bbox 117 850 300 903">
     <span class='ocr_line' id='line_1_2' title="bbox 153 850 300 872; baseline -0.02 0"><span class='ocrx_word' id='word_1_4' title='bbox 153 851 215 872; x_wconf 78' lang='lat' dir='ltr'>Fides</span> <span class='ocrx_word' id='word_1_5' title='bbox 231 850 300 870; x_wconf 73' lang='lat' dir='ltr'>danda</span> 
     </span>
     <span class='ocr_line' id='line_1_3' title="bbox 117 880 262 903; baseline -0.007 -5"><span class='ocrx_word' id='word_1_6' title='bbox 117 880 262 903; x_wconf 75' lang='lat' dir='ltr'>transumptis.</span> 
     </span>
    </p>
   </div>
   <div class='ocr_carea' id='block_1_3' title="bbox 152 2021 270 2043">
    <p class='ocr_par' dir='ltr' id='par_1_3' title="bbox 152 2021 270 2043">
     <span class='ocr_line' id='line_1_4' title="bbox 152 2021 270 2043; baseline 0 -1"><span class='ocrx_word' id='word_1_7' title='bbox 152 2021 270 2043; x_wconf 83' lang='lat' dir='ltr'>Exordium.</span> 
     </span>
    </p>
   </div>
   <div class='ocr_carea' id='block_1_4' title="bbox 133 2498 316 2632">
    <p class='ocr_par' dir='ltr' id='par_1_4' title="bbox 133 2498 316 2632">
     <span class='ocr_line' id='line_1_5' title="bbox 196 2498 315 2524; baseline -0.008 -5"><span class='ocrx_word' id='word_1_8' title='bbox 196 2498 315 2524; x_wconf 75' lang='lat' dir='ltr'><strong>Presbyteri</strong></span> 
     </span>
     <span class='ocr_line' id='line_1_6' title="bbox 139 2524 311 2551; baseline 0 -6"><span class='ocrx_word' id='word_1_9' title='bbox 139 2524 311 2551; x_wconf 79' lang='lat' dir='ltr'>Congregationis</span> 
     </span>
     <span class='ocr_line' id='line_1_7' title="bbox 133 2551 316 2578; baseline 0 -6"><span class='ocrx_word' id='word_1_10' title='bbox 133 2551 225 2572; x_wconf 77' lang='lat' dir='ltr'>oratori·</span> <span class='ocrx_word' id='word_1_11' title='bbox 234 2553 316 2578; x_wconf 74' lang='lat' dir='ltr'>Aquen-</span> 
     </span>
     <span class='ocr_line' id='line_1_8' title="bbox 133 2578 316 2605; baseline 0.011 -7"><span class='ocrx_word' id='word_1_12' title='bbox 133 2578 161 2598; x_wconf 81' lang='lat' dir='ltr'>sis</span> <span class='ocrx_word' id='word_1_13' title='bbox 200 2578 316 2605; x_wconf 72' lang='lat' dir='ltr'>Congrega-</span> 
     </span>
     <span class='ocr_line' id='line_1_9' title="bbox 134 2605 315 2632; baseline 0.017 -7"><span class='ocrx_word' id='word_1_14' title='bbox 134 2605 186 2626; x_wconf 86' lang='lat' dir='ltr'>tioni</span> <span class='ocrx_word' id='word_1_15' title='bbox 208 2606 236 2627; x_wconf 64' lang='lat' dir='ltr'>in&gt;</span> <span class='ocrx_word' id='word_1_16' title='bbox 252 2612 315 2632; x_wconf 75' lang='lat' dir='ltr'>regno</span> 
     </span>
    </p>
   </div>
   <div class='ocr_carea' id='block_1_5' title="bbox 927 259 1211 283">
    <p class='ocr_par' dir='ltr' id='par_1_5' title="bbox 927 259 1211 283">
     <span class='ocr_line' id='line_1_10' title="bbox 927 259 1211 283; baseline 0 -1"><span class='ocrx_word' id='word_1_17' title='bbox 927 259 1068 283; x_wconf 74' lang='lat' dir='ltr'>unnANus</span> <span class='ocrx_word' id='word_1_18' title='bbox 1089 259 1144 282; x_wconf 81' lang='lat' dir='ltr'>vm</span> <span class='ocrx_word' id='word_1_19' title='bbox 1166 259 1211 282; x_wconf 69' lang='lat'>1¹1³.</span> 
     </span>
    </p>
   </div>
   <div class='ocr_carea' id='block_1_6' title="bbox 313 307 1061 1469">
    <p class='ocr_par' dir='ltr' id='par_1_6' title="bbox 313 307 1058 829">
     <span class='ocr_line' id='line_1_11' title="bbox 313 307 1055 351; baseline 0 -12"><span class='ocrx_word' id='word_1_20' title='bbox 313 307 488 351; x_wconf 79' lang='lat' dir='ltr'>privilegiis</span> <span class='ocrx_word' id='word_1_21' title='bbox 508 318 644 351; x_wconf 80' lang='lat' dir='ltr'>quoque,</span> <span class='ocrx_word' id='word_1_22' title='bbox 663 308 790 341; x_wconf 88' lang='lat' dir='ltr'>indultis</span> <span class='ocrx_word' id='word_1_23' title='bbox 807 312 838 340; x_wconf 83' lang='lat' dir='ltr'>et</span> <span class='ocrx_word' id='word_1_24' title='bbox 854 307 964 340; x_wconf 87' lang='lat' dir='ltr'>litteris</span> <span class='ocrx_word' id='word_1_25' title='bbox 982 318 1055 350; x_wconf 88' lang='lat' dir='ltr'>apo-</span> 
     </span>
     <span class='ocr_line' id='line_1_12' title="bbox 314 360 1054 404; baseline -0.001 -12"><span class='ocrx_word' id='word_1_26' title='bbox 314 360 432 393; x_wconf 86' lang='lat' dir='ltr'>stolicis</span> <span class='ocrx_word' id='word_1_27' title='bbox 451 361 481 393; x_wconf 92' lang='lat' dir='ltr'>in</span> <span class='ocrx_word' id='word_1_28' title='bbox 500 361 693 394; x_wconf 84' lang='lat' dir='ltr'>contrarium</span> <span class='ocrx_word' id='word_1_29' title='bbox 712 360 958 404; x_wconf 88' lang='lat' dir='ltr'>praemissorum</span> <span class='ocrx_word' id='word_1_30' title='bbox 977 370 1054 402; x_wconf 82' lang='lat' dir='ltr'>quo-</span> 
     </span>
     <span class='ocr_line' id='line_1_13' title="bbox 315 413 1054 453; baseline -0.003 -7"><span class='ocrx_word' id='word_1_31' title='bbox 315 414 489 447; x_wconf 85' lang='lat' dir='ltr'>modolibet</span> <span class='ocrx_word' id='word_1_32' title='bbox 513 416 680 453; x_wconf 78' lang='lat' dir='ltr'>concessis,</span> <span class='ocrx_word' id='word_1_33' title='bbox 707 414 900 448; x_wconf 82' lang='lat' dir='ltr'>contii-matis</span> <span class='ocrx_word' id='word_1_34' title='bbox 918 418 948 446; x_wconf 92' lang='lat' dir='ltr'>et</span> <span class='ocrx_word' id='word_1_35' title='bbox 966 413 1054 445; x_wconf 89' lang='lat' dir='ltr'>inno-</span> 
     </span>
     <span class='ocr_line' id='line_1_14' title="bbox 315 467 1054 510; baseline -0.003 -11"><span class='ocrx_word' id='word_1_36' title='bbox 315 468 401 501; x_wconf 79' lang='lat' dir='ltr'>vatis.</span> <span class='ocrx_word' id='word_1_37' title='bbox 426 469 545 507; x_wconf 81' lang='lat' dir='ltr'>Quibus</span> <span class='ocrx_word' id='word_1_38' title='bbox 570 469 718 502; x_wconf 87' lang='lat' dir='ltr'>omnihus</span> <span class='ocrx_word' id='word_1_39' title='bbox 737 473 767 501; x_wconf 90' lang='lat' dir='ltr'>et</span> <span class='ocrx_word' id='word_1_40' title='bbox 784 467 926 510; x_wconf 75' lang='lat' dir='ltr'>singulis,</span> <span class='ocrx_word' id='word_1_41' title='bbox 944 476 1054 499; x_wconf 87' lang='lat' dir='ltr'>eorum</span> 
     </span>
     <span class='ocr_line' id='line_1_15' title="bbox 315 519 1055 565; baseline -0.003 -13"><span class='ocrx_word' id='word_1_42' title='bbox 315 521 456 554; x_wconf 91' lang='lat' dir='ltr'>omnium</span> <span class='ocrx_word' id='word_1_43' title='bbox 485 526 611 554; x_wconf 88' lang='lat' dir='ltr'>tenores</span> <span class='ocrx_word' id='word_1_44' title='bbox 639 520 856 565; x_wconf 87' lang='lat' dir='ltr'>praesentibus</span> <span class='ocrx_word' id='word_1_45' title='bbox 882 530 940 562; x_wconf 88' lang='lat' dir='ltr'>pro</span> <span class='ocrx_word' id='word_1_46' title='bbox 965 519 1055 562; x_wconf 86' lang='lat' dir='ltr'>plene</span> 
     </span>
     <span class='ocr_line' id='line_1_16' title="bbox 315 572 1057 618; baseline -0.003 -12"><span class='ocrx_word' id='word_1_47' title='bbox 315 579 345 606; x_wconf 86' lang='lat' dir='ltr'>et</span> <span class='ocrx_word' id='word_1_48' title='bbox 362 575 552 607; x_wconf 80' lang='lat' dir='ltr'>sufficienter</span> <span class='ocrx_word' id='word_1_49' title='bbox 572 574 729 618; x_wconf 80' lang='lat' dir='ltr'>expressis</span> <span class='ocrx_word' id='word_1_50' title='bbox 751 578 781 606; x_wconf 90' lang='lat' dir='ltr'>et</span> <span class='ocrx_word' id='word_1_51' title='bbox 806 573 843 606; x_wconf 84' lang='lat' dir='ltr'>ad</span> <span class='ocrx_word' id='word_1_52' title='bbox 866 573 996 606; x_wconf 85' lang='lat' dir='ltr'>verbum</span> <span class='ocrx_word' id='word_1_53' title='bbox 1014 572 1057 604; x_wconf 90' lang='lat' dir='ltr'>in-</span> 
     </span>
     <span class='ocr_line' id='line_1_17' title="bbox 316 627 1056 669; baseline -0.001 -9"><span class='ocrx_word' id='word_1_54' title='bbox 316 628 407 660; x_wconf 84' lang='lat' dir='ltr'>sertis</span> <span class='ocrx_word' id='word_1_55' title='bbox 432 628 596 669; x_wconf 86' lang='lat' dir='ltr'>habentes,</span> <span class='ocrx_word' id='word_1_56' title='bbox 623 628 683 660; x_wconf 89' lang='lat' dir='ltr'>illis</span> <span class='ocrx_word' id='word_1_57' title='bbox 707 627 782 659; x_wconf 76' lang='lat' dir='ltr'>alias</span> <span class='ocrx_word' id='word_1_58' title='bbox 806 627 838 659; x_wconf 91' lang='lat' dir='ltr'>in</span> <span class='ocrx_word' id='word_1_59' title='bbox 863 638 919 660; x_wconf 89' lang='lat' dir='ltr'>suo</span> <span class='ocrx_word' id='word_1_60' title='bbox 941 627 1056 659; x_wconf 80' lang='lat' dir='ltr'>robore</span> 
     </span>
     <span class='ocr_line' id='line_1_18' title="bbox 316 679 1057 723; baseline -0.001 -11"><span class='ocrx_word' id='word_1_61' title='bbox 316 680 542 723; x_wconf 78' lang='lat' dir='ltr'>permansuris,</span> <span class='ocrx_word' id='word_1_62' title='bbox 560 680 619 713; x_wconf 86' lang='lat' dir='ltr'>hac</span> <span class='ocrx_word' id='word_1_63' title='bbox 643 680 710 712; x_wconf 86' lang='lat' dir='ltr'>vice</span> <span class='ocrx_word' id='word_1_64' title='bbox 734 679 895 712; x_wconf 75' lang='lat' dir='ltr'>dumtaxat</span> <span class='ocrx_word' id='word_1_65' title='bbox 920 679 1057 723; x_wconf 88' lang='lat' dir='ltr'>speciali-</span> 
     </span>
     <span class='ocr_line' id='line_1_19' title="bbox 317 733 1058 777; baseline 0 -12"><span class='ocrx_word' id='word_1_66' title='bbox 317 738 364 765; x_wconf 87' lang='lat' dir='ltr'>ter</span> <span class='ocrx_word' id='word_1_67' title='bbox 377 738 407 765; x_wconf 89' lang='lat' dir='ltr'>et</span> <span class='ocrx_word' id='word_1_68' title='bbox 424 743 569 777; x_wconf 73' lang='lat' dir='ltr'>expresse</span> <span class='ocrx_word' id='word_1_69' title='bbox 582 733 783 776; x_wconf 74' lang='lat' dir='ltr'>derogamus,</span> <span class='ocrx_word' id='word_1_70' title='bbox 801 733 974 776; x_wconf 86' lang='lat' dir='ltr'>ceterisque</span> <span class='ocrx_word' id='word_1_71' title='bbox 988 743 1058 765; x_wconf 89' lang='lat' dir='ltr'>con-</span> 
     </span>
     <span class='ocr_line' id='line_1_20' title="bbox 317 786 709 829; baseline 0 -11"><span class='ocrx_word' id='word_1_72' title='bbox 317 786 422 819; x_wconf 88' lang='lat' dir='ltr'>trariis</span> <span class='ocrx_word' id='word_1_73' title='bbox 446 786 709 829; x_wconf 85' lang='lat' dir='ltr'>quibuscumque.</span> 
     </span>
    </p>

    <p class='ocr_par' dir='ltr' id='par_1_7' title="bbox 317 839 1059 1245">
     <span class='ocr_line' id='line_1_21' title="bbox 361 839 1059 883; baseline 0 -12"><span class='ocrx_word' id='word_1_74' title='bbox 361 839 376 882; x_wconf 62' lang='lat' dir='ltr'>g</span> <span class='ocrx_word' id='word_1_75' title='bbox 393 839 423 872; x_wconf 81' lang='lat'>6.</span> <span class='ocrx_word' id='word_1_76' title='bbox 439 839 589 872; x_wconf 82' lang='lat' dir='ltr'>Volumus</span> <span class='ocrx_word' id='word_1_77' title='bbox 602 843 704 873; x_wconf 85' lang='lat' dir='ltr'>autem</span> <span class='ocrx_word' id='word_1_78' title='bbox 723 844 752 872; x_wconf 90' lang='lat' dir='ltr'>et</span> <span class='ocrx_word' id='word_1_79' title='bbox 769 839 941 883; x_wconf 72' lang='lat' dir='ltr'>apostolica</span> <span class='ocrx_word' id='word_1_80' title='bbox 956 844 1059 871; x_wconf 85' lang='lat' dir='ltr'>aueto-</span> 
     </span>
     <span class='ocr_line' id='line_1_22' title="bbox 317 891 1058 937; baseline 0 -13"><span class='ocrx_word' id='word_1_81' title='bbox 317 891 408 924; x_wconf 82' lang='lat' dir='ltr'>ritate</span> <span class='ocrx_word' id='word_1_82' title='bbox 432 891 640 934; x_wconf 85' lang='lat' dir='ltr'>decernimus,</span> <span class='ocrx_word' id='word_1_83' title='bbox 660 892 744 937; x_wconf 84' lang='lat' dir='ltr'>quod</span> <span class='ocrx_word' id='word_1_84' title='bbox 765 892 948 925; x_wconf 83' lang='lat' dir='ltr'>earumdem</span> <span class='ocrx_word' id='word_1_85' title='bbox 968 903 1058 936; x_wconf 86' lang='lat' dir='ltr'>prae-</span> 
     </span>
     <span class='ocr_line' id='line_1_23' title="bbox 317 944 1057 989; baseline 0.001 -13"><span class='ocrx_word' id='word_1_86' title='bbox 317 944 450 978; x_wconf 88' lang='lat' dir='ltr'>sentium</span> <span class='ocrx_word' id='word_1_87' title='bbox 468 945 683 989; x_wconf 80' lang='lat' dir='ltr'>transumptis,</span> <span class='ocrx_word' id='word_1_88' title='bbox 693 956 787 978; x_wconf 85' lang='lat' dir='ltr'>manu</span> <span class='ocrx_word' id='word_1_89' title='bbox 801 945 932 978; x_wconf 87' lang='lat' dir='ltr'>alicuius</span> <span class='ocrx_word' id='word_1_90' title='bbox 945 945 1057 978; x_wconf 89' lang='lat' dir='ltr'>notarii</span> 
     </span>
     <span class='ocr_line' id='line_1_24' title="bbox 317 997 1059 1042; baseline 0.001 -13"><span class='ocrx_word' id='word_1_91' title='bbox 317 997 434 1040; x_wconf 81' lang='lat' dir='ltr'>publici</span> <span class='ocrx_word' id='word_1_92' title='bbox 455 997 652 1041; x_wconf 66' lang='lat' dir='ltr'>subscriptis,</span> <span class='ocrx_word' id='word_1_93' title='bbox 671 1004 701 1031; x_wconf 88' lang='lat' dir='ltr'>et</span> <span class='ocrx_word' id='word_1_94' title='bbox 718 998 821 1042; x_wconf 82' lang='lat' dir='ltr'>sigillo</span> <span class='ocrx_word' id='word_1_95' title='bbox 842 998 974 1031; x_wconf 88' lang='lat' dir='ltr'>alicuius</span> <span class='ocrx_word' id='word_1_96' title='bbox 991 1009 1059 1042; x_wconf 91' lang='lat' dir='ltr'>per-</span> 
     </span>
     <span class='ocr_line' id='line_1_25' title="bbox 319 1050 1059 1093; baseline 0.003 -12"><span class='ocrx_word' id='word_1_97' title='bbox 319 1060 413 1082; x_wconf 86' lang='lat' dir='ltr'>sonae</span> <span class='ocrx_word' id='word_1_98' title='bbox 428 1050 459 1082; x_wconf 91' lang='lat' dir='ltr'>in</span> <span class='ocrx_word' id='word_1_99' title='bbox 480 1050 631 1093; x_wconf 80' lang='lat' dir='ltr'>dignitate</span> <span class='ocrx_word' id='word_1_100' title='bbox 647 1051 858 1086; x_wconf 76' lang='lat' dir='ltr'>ecclesiastica</span> <span class='ocrx_word' id='word_1_101' title='bbox 873 1051 1059 1084; x_wconf 80' lang='lat' dir='ltr'>constitutae</span> 
     </span>
     <span class='ocr_line' id='line_1_26' title="bbox 318 1104 1058 1148; baseline 0 -12"><span class='ocrx_word' id='word_1_102' title='bbox 318 1104 464 1145; x_wconf 89' lang='lat' dir='ltr'>munitis,</span> <span class='ocrx_word' id='word_1_103' title='bbox 485 1105 593 1137; x_wconf 87' lang='lat' dir='ltr'>eadem</span> <span class='ocrx_word' id='word_1_104' title='bbox 613 1116 745 1148; x_wconf 86' lang='lat' dir='ltr'>prorsus</span> <span class='ocrx_word' id='word_1_105' title='bbox 765 1105 843 1138; x_wconf 85' lang='lat' dir='ltr'>fides</span> <span class='ocrx_word' id='word_1_106' title='bbox 863 1105 1058 1141; x_wconf 80' lang='lat' dir='ltr'>adhibeatur,</span> 
     </span>
     <span class='ocr_line' id='line_1_27' title="bbox 318 1157 1059 1201; baseline 0 -12"><span class='ocrx_word' id='word_1_107' title='bbox 318 1167 397 1200; x_wconf 86' lang='lat' dir='ltr'>quae</span> <span class='ocrx_word' id='word_1_108' title='bbox 422 1158 641 1201; x_wconf 87' lang='lat' dir='ltr'>praesentibus</span> <span class='ocrx_word' id='word_1_109' title='bbox 666 1159 880 1200; x_wconf 72' lang='lat' dir='ltr'>adhiberetur,</span> <span class='ocrx_word' id='word_1_110' title='bbox 906 1157 932 1191; x_wconf 83' lang='lat' dir='ltr'>si</span> <span class='ocrx_word' id='word_1_111' title='bbox 957 1158 1059 1190; x_wconf 85' lang='lat' dir='ltr'>forent</span> 
     </span>
     <span class='ocr_line' id='line_1_28' title="bbox 318 1211 1037 1245; baseline 0.003 -2"><span class='ocrx_word' id='word_1_112' title='bbox 318 1211 475 1244; x_wconf 80' lang='lat' dir='ltr'>exhibitae</span> <span class='ocrx_word' id='word_1_113' title='bbox 499 1212 547 1244; x_wconf 87' lang='lat' dir='ltr'>vel</span> <span class='ocrx_word' id='word_1_114' title='bbox 571 1215 722 1245; x_wconf 87' lang='lat' dir='ltr'>ostensae.</span> <span class='ocrx_word' id='word_1_115' title='bbox 1033 1230 1037 1234; x_wconf 52' lang='lat'><strong><em>⁴</em></strong></span> 
     </span>
    </p>

    <p class='ocr_par' dir='ltr' id='par_1_8' title="bbox 319 1264 1061 1414">
     <span class='ocr_line' id='line_1_29' title="bbox 362 1264 1061 1308; baseline 0 -12"><span class='ocrx_word' id='word_1_116' title='bbox 362 1264 475 1296; x_wconf 87' lang='lat' dir='ltr'>Datum</span> <span class='ocrx_word' id='word_1_117' title='bbox 507 1265 624 1297; x_wconf 84' lang='lat' dir='ltr'>Romae</span> <span class='ocrx_word' id='word_1_118' title='bbox 636 1291 643 1304; x_wconf 88' lang='lat'>‚</span> <span class='ocrx_word' id='word_1_119' title='bbox 676 1264 758 1308; x_wconf 88' lang='lat' dir='ltr'>apud</span> <span class='ocrx_word' id='word_1_120' title='bbox 783 1264 812 1298; x_wconf 90' lang='lat' dir='ltr'>S.</span> <span class='ocrx_word' id='word_1_121' title='bbox 842 1264 970 1297; x_wconf 87' lang='lat' dir='ltr'>Mariam</span> <span class='ocrx_word' id='word_1_122' title='bbox 1003 1264 1061 1296; x_wconf 88' lang='lat' dir='ltr'>Ma-</span> 
     </span>
     <span class='ocr_line' id='line_1_30' title="bbox 319 1316 1060 1359; baseline -0.001 -10"><span class='ocrx_word' id='word_1_123' title='bbox 319 1316 437 1359; x_wconf 85' lang='lat' dir='ltr'>iorem,</span> <span class='ocrx_word' id='word_1_124' title='bbox 462 1317 520 1350; x_wconf 86' lang='lat' dir='ltr'>sub</span> <span class='ocrx_word' id='word_1_125' title='bbox 545 1318 660 1350; x_wconf 88' lang='lat' dir='ltr'>annulo</span> <span class='ocrx_word' id='word_1_126' title='bbox 684 1317 869 1357; x_wconf 76' lang='lat' dir='ltr'>piscatoris,</span> <span class='ocrx_word' id='word_1_127' title='bbox 889 1317 939 1350; x_wconf 90' lang='lat' dir='ltr'>die</span> <span class='ocrx_word' id='word_1_128' title='bbox 959 1326 1060 1349; x_wconf 79' lang='lat' dir='ltr'>xxvnl</span> 
     </span>
     <span class='ocr_line' id='line_1_31' title="bbox 319 1370 1060 1414; baseline 0 -11"><span class='ocrx_word' id='word_1_129' title='bbox 319 1370 392 1403; x_wconf 83' lang='lat' dir='ltr'>maii</span> <span class='ocrx_word' id='word_1_130' title='bbox 410 1381 563 1411; x_wconf 76' lang='lat' dir='ltr'>iuncxxvr,</span> <span class='ocrx_word' id='word_1_131' title='bbox 583 1371 783 1414; x_wconf 85' lang='lat' dir='ltr'>pontificatus</span> <span class='ocrx_word' id='word_1_132' title='bbox 801 1371 900 1405; x_wconf 85' lang='lat' dir='ltr'>nostri</span> <span class='ocrx_word' id='word_1_133' title='bbox 918 1381 999 1404; x_wconf 85' lang='lat' dir='ltr'>anno</span> <span class='ocrx_word' id='word_1_134' title='bbox 1017 1380 1060 1403; x_wconf 35' lang='lat' dir='ltr'>111r</span> 
     </span>
    </p>

    <p class='ocr_par' dir='ltr' id='par_1_9' title="bbox 353 1433 974 1469">
     <span class='ocr_line' id='line_1_32' title="bbox 353 1433 974 1469; baseline 0 -9"><span class='ocrx_word' id='word_1_135' title='bbox 353 1433 415 1460; x_wconf 86' lang='lat' dir='ltr'>Dat.</span> <span class='ocrx_word' id='word_1_136' title='bbox 437 1433 480 1460; x_wconf 88' lang='lat' dir='ltr'>die</span> <span class='ocrx_word' id='word_1_137' title='bbox 499 1434 533 1461; x_wconf 71' lang='lat'>28</span> <span class='ocrx_word' id='word_1_138' title='bbox 553 1433 619 1461; x_wconf 89' lang='lat' dir='ltr'>maii</span> <span class='ocrx_word' id='word_1_139' title='bbox 639 1434 717 1468; x_wconf 70' lang='lat'>1626,</span> <span class='ocrx_word' id='word_1_140' title='bbox 738 1434 831 1469; x_wconf 81' lang='lat' dir='ltr'>pontif.</span> <span class='ocrx_word' id='word_1_141' title='bbox 851 1442 920 1461; x_wconf 84' lang='lat' dir='ltr'>anno</span> <span class='ocrx_word' id='word_1_142' title='bbox 936 1440 974 1460; x_wconf 73' lang='grc' dir='ltr'>ιιι.</span> 
     </span>
    </p>
   </div>
   <div class='ocr_carea' id='block_1_7' title="bbox 637 1576 743 1610">
    <p class='ocr_par' dir='ltr' id='par_1_10' title="bbox 637 1576 743 1610">
     <span class='ocr_line' id='line_1_33' title="bbox 637 1576 743 1610; baseline -0.019 0"><span class='ocrx_word' id='word_1_143' title='bbox 637 1576 743 1610; x_wconf 77' lang='lat' dir='ltr'>CXCV.</span> 
     </span>
    </p>
   </div>
   <div class='ocr_carea' id='block_1_8' title="bbox 321 1653 1063 1975">
    <p class='ocr_par' dir='ltr' id='par_1_11' title="bbox 321 1653 1063 1859">
     <span class='ocr_line' id='line_1_34' title="bbox 321 1653 1063 1698; baseline -0.004 -9"><span class='ocrx_word' id='word_1_144' title='bbox 321 1655 533 1698; x_wconf 76' lang='lat' dir='ltr'>Confirmatio</span> <span class='ocrx_word' id='word_1_145' title='bbox 550 1656 684 1689; x_wconf 65' lang='lat' dir='ltr'>unionis</span> <span class='ocrx_word' id='word_1_146' title='bbox 702 1655 961 1698; x_wconf 67' lang='lat' dir='ltr'>conyreyatiom&#39;s</span> <span class='ocrx_word' id='word_1_147' title='bbox 985 1653 1063 1687; x_wconf 79' lang='lat' dir='ltr'>Ora-</span> 
     </span>
     <span class='ocr_line' id='line_1_35' title="bbox 364 1707 1060 1752; baseline -0.004 -11"><span class='ocrx_word' id='word_1_148' title='bbox 364 1709 440 1741; x_wconf 81' lang='lat' dir='ltr'>torii</span> <span class='ocrx_word' id='word_1_149' title='bbox 467 1709 632 1752; x_wconf 79' lang='lat' dir='ltr'>Aquensis</span> <span class='ocrx_word' id='word_1_150' title='bbox 656 1709 692 1741; x_wconf 64' lang='lat' dir='ltr'>‘in</span> <span class='ocrx_word' id='word_1_151' title='bbox 716 1708 895 1741; x_wconf 53' lang='lat' dir='ltr'>Provincia</span> <span class='ocrx_word' id='word_1_152' title='bbox 920 1707 1060 1750; x_wconf 69' lang='lat' dir='ltr'>Conqre-</span> 
     </span>
     <span class='ocr_line' id='line_1_36' title="bbox 363 1761 1062 1806; baseline -0.003 -11"><span class='ocrx_word' id='word_1_153' title='bbox 363 1763 491 1806; x_wconf 72' lang='lat' dir='ltr'>yatiom&#39;</span> <span class='ocrx_word' id='word_1_154' title='bbox 523 1762 670 1796; x_wconf 73' lang='lat' dir='ltr'>Oratorii</span> <span class='ocrx_word' id='word_1_155' title='bbox 695 1762 831 1794; x_wconf 71' lang='lat' dir='ltr'>Domini</span> <span class='ocrx_word' id='word_1_156' title='bbox 857 1761 963 1795; x_wconf 73' lang='lat' dir='ltr'>nostri</span> <span class='ocrx_word' id='word_1_157' title='bbox 990 1762 1062 1794; x_wconf 75' lang='lat' dir='ltr'>Iesu</span> 
     </span>
     <span class='ocr_line' id='line_1_37' title="bbox 366 1813 885 1859; baseline -0.004 -11"><span class='ocrx_word' id='word_1_158' title='bbox 366 1815 490 1849; x_wconf 69' lang='lat' dir='ltr'>Christi</span> <span class='ocrx_word' id='word_1_159' title='bbox 512 1815 549 1848; x_wconf 74' lang='lat' dir='ltr'>in</span> <span class='ocrx_word' id='word_1_160' title='bbox 572 1825 670 1859; x_wconf 65' lang='lat' dir='ltr'>reqno</span> <span class='ocrx_word' id='word_1_161' title='bbox 694 1813 885 1848; x_wconf 51' lang='lat' dir='ltr'>Franciaefl</span> 
     </span>
    </p>

    <p class='ocr_par' dir='ltr' id='par_1_12' title="bbox 449 1884 944 1975">
     <span class='ocr_line' id='line_1_38' title="bbox 526 1884 859 1929; baseline -0.003 -6"><span class='ocrx_word' id='word_1_162' title='bbox 526 1896 662 1923; x_wconf 83' lang='lat' dir='ltr'>Urbanus</span> <span class='ocrx_word' id='word_1_163' title='bbox 683 1896 761 1929; x_wconf 79' lang='lat' dir='ltr'>Papa</span> <span class='ocrx_word' id='word_1_164' title='bbox 779 1884 859 1927; x_wconf 71' lang='lat' dir='ltr'>v11&#39;1,</span> 
     </span>
     <span class='ocr_line' id='line_1_39' title="bbox 449 1940 944 1975; baseline -0.002 -7"><span class='ocrx_word' id='word_1_165' title='bbox 449 1942 485 1968; x_wconf 86' lang='lat' dir='ltr'>ad</span> <span class='ocrx_word' id='word_1_166' title='bbox 504 1944 679 1975; x_wconf 79' lang='lat' dir='ltr'>perpetuam</span> <span class='ocrx_word' id='word_1_167' title='bbox 701 1941 746 1968; x_wconf 87' lang='lat' dir='ltr'>rei</span> <span class='ocrx_word' id='word_1_168' title='bbox 765 1940 944 1968; x_wconf 78' lang='lat' dir='ltr'>memoriam.</span> 
     </span>
    </p>
   </div>
   <div class='ocr_carea' id='block_1_9' title="bbox 325 2008 1066 2214">
    <p class='ocr_par' dir='ltr' id='par_1_13' title="bbox 325 2008 1066 2214">
     <span class='ocr_line' id='line_1_40' title="bbox 368 2008 1065 2054; baseline -0.004 -10"><span class='ocrx_word' id='word_1_169' title='bbox 368 2012 412 2045; x_wconf 85' lang='lat' dir='ltr'>Ex</span> <span class='ocrx_word' id='word_1_170' title='bbox 436 2011 576 2044; x_wconf 87' lang='lat' dir='ltr'>iniuncto</span> <span class='ocrx_word' id='word_1_171' title='bbox 600 2011 692 2044; x_wconf 90' lang='lat' dir='ltr'>nobis</span> <span class='ocrx_word' id='word_1_172' title='bbox 716 2010 852 2054; x_wconf 88' lang='lat' dir='ltr'>desuper</span> <span class='ocrx_word' id='word_1_173' title='bbox 877 2008 1065 2054; x_wconf 84' lang='lat' dir='ltr'>apostolicae</span> 
     </span>
     <span class='ocr_line' id='line_1_41' title="bbox 325 2063 1065 2108; baseline -0.004 -11"><span class='ocrx_word' id='word_1_174' title='bbox 325 2064 483 2099; x_wconf 80' lang='lat' dir='ltr'>servitutis</span> <span class='ocrx_word' id='word_1_175' title='bbox 508 2064 621 2107; x_wconf 82' lang='lat' dir='ltr'>officio,</span> <span class='ocrx_word' id='word_1_176' title='bbox 642 2064 680 2097; x_wconf 89' lang='lat' dir='ltr'>ad</span> <span class='ocrx_word' id='word_1_177' title='bbox 705 2074 750 2104; x_wconf 86' lang='lat' dir='ltr'>ea,</span> <span class='ocrx_word' id='word_1_178' title='bbox 768 2075 826 2108; x_wconf 85' lang='lat' dir='ltr'>per</span> <span class='ocrx_word' id='word_1_179' title='bbox 843 2073 923 2106; x_wconf 87' lang='lat' dir='ltr'>quae</span> <span class='ocrx_word' id='word_1_180' title='bbox 940 2063 1065 2106; x_wconf 90' lang='lat' dir='ltr'>piorum</span> 
     </span>
     <span class='ocr_line' id='line_1_42' title="bbox 325 2116 1066 2161; baseline -0.004 -10"><span class='ocrx_word' id='word_1_181' title='bbox 325 2118 488 2151; x_wconf 90' lang='lat' dir='ltr'>hominum</span> <span class='ocrx_word' id='word_1_182' title='bbox 513 2117 779 2161; x_wconf 76' lang='lat' dir='ltr'>Congregationes</span> <span class='ocrx_word' id='word_1_183' title='bbox 796 2117 828 2150; x_wconf 91' lang='lat' dir='ltr'>in</span> <span class='ocrx_word' id='word_1_184' title='bbox 848 2116 994 2149; x_wconf 79' lang='lat' dir='ltr'>militanti</span> <span class='ocrx_word' id='word_1_185' title='bbox 1012 2116 1066 2148; x_wconf 87' lang='lat' dir='ltr'>Ec-</span> 
     </span>
     <span class='ocr_line' id='line_1_43' title="bbox 326 2169 1066 2214; baseline -0.004 -9"><span class='ocrx_word' id='word_1_186' title='bbox 326 2172 420 2205; x_wconf 78' lang='lat' dir='ltr'>clesia</span> <span class='ocrx_word' id='word_1_187' title='bbox 443 2172 481 2205; x_wconf 87' lang='lat' dir='ltr'>ad</span> <span class='ocrx_word' id='word_1_188' title='bbox 511 2172 664 2205; x_wconf 85' lang='lat' dir='ltr'>maiorem</span> <span class='ocrx_word' id='word_1_189' title='bbox 688 2171 742 2204; x_wconf 88' lang='lat' dir='ltr'>Dei</span> <span class='ocrx_word' id='word_1_190' title='bbox 774 2171 910 2214; x_wconf 76' lang='lat' dir='ltr'>gloriam</span> <span class='ocrx_word' id='word_1_191' title='bbox 935 2169 1066 2214; x_wconf 86' lang='lat' dir='ltr'>provide</span> 
     </span>
    </p>
   </div>
   <div class='ocr_carea' id='block_1_10' title="bbox 326 2223 1068 2268">
    <p class='ocr_par' dir='ltr' id='par_1_14' title="bbox 326 2223 1068 2268">
     <span class='ocr_line' id='line_1_44' title="bbox 326 2223 1068 2268; baseline -0.003 -10"><span class='ocrx_word' id='word_1_192' title='bbox 326 2225 483 2259; x_wconf 85' lang='lat' dir='ltr'>institutae</span> <span class='ocrx_word' id='word_1_193' title='bbox 502 2226 676 2259; x_wconf 86' lang='lat' dir='ltr'>maioribus</span> <span class='ocrx_word' id='word_1_194' title='bbox 696 2226 727 2258; x_wconf 91' lang='lat' dir='ltr'>in</span> <span class='ocrx_word' id='word_1_195' title='bbox 748 2225 814 2258; x_wconf 90' lang='lat' dir='ltr'>dies</span> <span class='ocrx_word' id='word_1_196' title='bbox 838 2224 1004 2268; x_wconf 84' lang='lat' dir='ltr'>proficiant</span> <span class='ocrx_word' id='word_1_197' title='bbox 1023 2223 1068 2256; x_wconf 93' lang='lat' dir='ltr'>in-</span> 
     </span>
    </p>
   </div>
   <div class='ocr_carea' id='block_1_11' title="bbox 327 2278 1068 2699">
    <p class='ocr_par' dir='ltr' id='par_1_15' title="bbox 327 2278 1067 2483">
     <span class='ocr_line' id='line_1_45' title="bbox 328 2278 1065 2321; baseline 0 -11"><span class='ocrx_word' id='word_1_198' title='bbox 328 2280 505 2320; x_wconf 80' lang='lat' dir='ltr'>crementis,</span> <span class='ocrx_word' id='word_1_199' title='bbox 526 2279 633 2313; x_wconf 90' lang='lat' dir='ltr'>sedulo</span> <span class='ocrx_word' id='word_1_200' title='bbox 657 2279 860 2319; x_wconf 85' lang='lat' dir='ltr'>intendimus,</span> <span class='ocrx_word' id='word_1_201' title='bbox 877 2289 913 2311; x_wconf 88' lang='lat' dir='ltr'>ac</span> <span class='ocrx_word' id='word_1_202' title='bbox 930 2278 1065 2321; x_wconf 81' lang='lat' dir='ltr'>desuper</span> 
     </span>
     <span class='ocr_line' id='line_1_46' title="bbox 327 2331 1066 2376; baseline 0 -13"><span class='ocrx_word' id='word_1_203' title='bbox 327 2332 492 2375; x_wconf 84' lang='lat' dir='ltr'>pastoralis</span> <span class='ocrx_word' id='word_1_204' title='bbox 509 2333 603 2366; x_wconf 82' lang='lat' dir='ltr'>officii</span> <span class='ocrx_word' id='word_1_205' title='bbox 619 2333 718 2366; x_wconf 88' lang='lat' dir='ltr'>nostri</span> <span class='ocrx_word' id='word_1_206' title='bbox 735 2338 839 2376; x_wconf 87' lang='lat' dir='ltr'>partes</span> <span class='ocrx_word' id='word_1_207' title='bbox 852 2331 1066 2365; x_wconf 80' lang='lat' dir='ltr'>favorabiliter</span> 
     </span>
     <span class='ocr_line' id='line_1_47' title="bbox 329 2385 1067 2430; baseline 0.003 -14"><span class='ocrx_word' id='word_1_208' title='bbox 329 2385 575 2428; x_wconf 62' lang='lat' dir='ltr'>interponimusf,</span> <span class='ocrx_word' id='word_1_209' title='bbox 597 2391 691 2429; x_wconf 83' lang='lat' dir='ltr'>prout</span> <span class='ocrx_word' id='word_1_210' title='bbox 715 2385 927 2430; x_wconf 88' lang='lat' dir='ltr'>conspicimus</span> <span class='ocrx_word' id='word_1_211' title='bbox 950 2385 982 2418; x_wconf 92' lang='lat' dir='ltr'>in</span> <span class='ocrx_word' id='word_1_212' title='bbox 1005 2385 1067 2418; x_wconf 91' lang='lat' dir='ltr'>Do-</span> 
     </span>
     <span class='ocr_line' id='line_1_48' title="bbox 329 2438 786 2483; baseline 0.007 -13"><span class='ocrx_word' id='word_1_213' title='bbox 329 2438 415 2471; x_wconf 90' lang='lat' dir='ltr'>mino</span> <span class='ocrx_word' id='word_1_214' title='bbox 436 2438 603 2472; x_wconf 79' lang='lat' dir='ltr'>salubriter</span> <span class='ocrx_word' id='word_1_215' title='bbox 627 2440 786 2483; x_wconf 84' lang='lat' dir='ltr'>expedire.</span> 
     </span>
    </p>

    <p class='ocr_par' dir='ltr' id='par_1_16' title="bbox 330 2491 1068 2643">
     <span class='ocr_line' id='line_1_49' title="bbox 374 2491 1067 2536; baseline 0.001 -12"><span class='ocrx_word' id='word_1_216' title='bbox 374 2492 389 2535; x_wconf 63' lang='lat' dir='ltr'>g</span> <span class='ocrx_word' id='word_1_217' title='bbox 408 2491 438 2524; x_wconf 47' lang='lat'>«1.</span> <span class='ocrx_word' id='word_1_218' title='bbox 464 2492 585 2535; x_wconf 78' lang='lat' dir='ltr'>Exponi</span> <span class='ocrx_word' id='word_1_219' title='bbox 608 2492 761 2536; x_wconf 88' lang='lat' dir='ltr'>siquidem</span> <span class='ocrx_word' id='word_1_220' title='bbox 785 2493 876 2527; x_wconf 89' lang='lat' dir='ltr'>nobis</span> <span class='ocrx_word' id='word_1_221' title='bbox 899 2503 999 2536; x_wconf 89' lang='lat' dir='ltr'>nuper</span> <span class='ocrx_word' id='word_1_222' title='bbox 1023 2493 1067 2525; x_wconf 87' lang='lat' dir='ltr'>fe-</span> 
     </span>
     <span class='ocr_line' id='line_1_50' title="bbox 331 2544 1068 2590; baseline 0.003 -13"><span class='ocrx_word' id='word_1_223' title='bbox 331 2550 441 2578; x_wconf 90' lang='lat' dir='ltr'>cerunt</span> <span class='ocrx_word' id='word_1_224' title='bbox 454 2544 558 2578; x_wconf 89' lang='lat' dir='ltr'>dilecti</span> <span class='ocrx_word' id='word_1_225' title='bbox 570 2545 626 2578; x_wconf 88' lang='lat' dir='ltr'>filii</span> <span class='ocrx_word' id='word_1_226' title='bbox 638 2547 813 2590; x_wconf 76' lang='lat' dir='ltr'>presbyteri</span> <span class='ocrx_word' id='word_1_227' title='bbox 827 2552 856 2579; x_wconf 93' lang='lat' dir='ltr'>et</span> <span class='ocrx_word' id='word_1_228' title='bbox 870 2546 975 2579; x_wconf 86' lang='lat' dir='ltr'>clerici</span> <span class='ocrx_word' id='word_1_229' title='bbox 993 2546 1068 2579; x_wconf 87' lang='lat' dir='ltr'>Con-</span> 
     </span>
     <span class='ocr_line' id='line_1_51' title="bbox 330 2598 1067 2643; baseline 0 -11"><span class='ocrx_word' id='word_1_230' title='bbox 330 2598 523 2643; x_wconf 81' lang='lat' dir='ltr'>gregationis</span> <span class='ocrx_word' id='word_1_231' title='bbox 548 2598 682 2633; x_wconf 86' lang='lat' dir='ltr'>Oratorii</span> <span class='ocrx_word' id='word_1_232' title='bbox 699 2599 731 2632; x_wconf 89' lang='lat' dir='ltr'>in</span> <span class='ocrx_word' id='word_1_233' title='bbox 745 2600 886 2634; x_wconf 79' lang='lat' dir='ltr'>Ecclesia</span> <span class='ocrx_word' id='word_1_234' title='bbox 902 2599 934 2633; x_wconf 89' lang='lat' dir='ltr'>B.</span> <span class='ocrx_word' id='word_1_235' title='bbox 952 2599 1067 2633; x_wconf 85' lang='lat' dir='ltr'>Mariae</span> 
     </span>
    </p>

    <p class='ocr_par' dir='ltr' id='par_1_17' title="bbox 366 2662 871 2699">
     <span class='ocr_line' id='line_1_52' title="bbox 366 2662 871 2699; baseline 0.002 -9"><span class='ocrx_word' id='word_1_236' title='bbox 366 2664 378 2690; x_wconf 94' lang='lat'>1</span> <span class='ocrx_word' id='word_1_237' title='bbox 397 2662 435 2691; x_wconf 82' lang='lat' dir='ltr'>Ex</span> <span class='ocrx_word' id='word_1_238' title='bbox 450 2662 558 2699; x_wconf 77' lang='lat' dir='ltr'>Regest.</span> <span class='ocrx_word' id='word_1_239' title='bbox 575 2662 603 2690; x_wconf 88' lang='lat' dir='ltr'>in</span> <span class='ocrx_word' id='word_1_240' title='bbox 617 2662 718 2691; x_wconf 85' lang='lat' dir='ltr'>Secret.</span> <span class='ocrx_word' id='word_1_241' title='bbox 735 2662 871 2692; x_wconf 85' lang='lat' dir='ltr'>Brevium.</span> 
     </span>
    </p>
   </div>
   <div class='ocr_carea' id='block_1_12' title="bbox 1072 308 1087 2634">
    <p class='ocr_par' dir='ltr' id='par_1_18' title="bbox 1072 308 1087 2634">
     <span class='ocr_line' id='line_1_53' title="bbox 1072 308 1087 2634; baseline 0 0"><span class='ocrx_word' id='word_1_242' title='bbox 1072 308 1087 2634; x_wconf 95' lang='lat' dir='ltr'> </span> 
     </span>
    </p>
   </div>
   <div class='ocr_carea' id='block_1_13' title="bbox 1731 247 1788 279">
    <p class='ocr_par' dir='ltr' id='par_1_19' title="bbox 1731 247 1788 279">
     <span class='ocr_line' id='line_1_54' title="bbox 1731 247 1788 279; baseline 0 -1"><span class='ocrx_word' id='word_1_243' title='bbox 1731 247 1788 279; x_wconf 59' lang='lat' dir='ltr'>lrssl</span> 
     </span>
    </p>
   </div>
   <div class='ocr_carea' id='block_1_14' title="bbox 1090 357 1837 1679">
    <p class='ocr_par' dir='ltr' id='par_1_20' title="bbox 1090 357 1837 1412">
     <span class='ocr_line' id='line_1_55' title="bbox 1090 357 1826 402; baseline -0.004 -11"><span class='ocrx_word' id='word_1_244' title='bbox 1090 359 1316 392; x_wconf 76' lang='lat' dir='ltr'>reeordationis</span> <span class='ocrx_word' id='word_1_245' title='bbox 1336 359 1463 391; x_wconf 77' lang='lat' dir='ltr'>Paulum</span> <span class='ocrx_word' id='word_1_246' title='bbox 1481 359 1592 402; x_wconf 80' lang='lat' dir='ltr'>l&#39;apam</span> <span class='ocrx_word' id='word_1_247' title='bbox 1609 359 1629 390; x_wconf 80' lang='lat' dir='ltr'>V</span> <span class='ocrx_word' id='word_1_248' title='bbox 1643 357 1826 401; x_wconf 77' lang='lat' dir='ltr'>praedeees-</span> 
     </span>
     <span class='ocr_line' id='line_1_56' title="bbox 1090 410 1827 453; baseline -0.004 -9"><span class='ocrx_word' id='word_1_249' title='bbox 1090 422 1192 444; x_wconf 82' lang='lat' dir='ltr'>sorcm</span> <span class='ocrx_word' id='word_1_250' title='bbox 1211 416 1352 445; x_wconf 81' lang='lat' dir='ltr'>nostrum</span> <span class='ocrx_word' id='word_1_251' title='bbox 1371 417 1493 444; x_wconf 74' lang='lat' dir='ltr'>erectae</span> <span class='ocrx_word' id='word_1_252' title='bbox 1511 417 1540 443; x_wconf 86' lang='lat' dir='ltr'>et</span> <span class='ocrx_word' id='word_1_253' title='bbox 1559 411 1725 452; x_wconf 71' lang='lat' dir='ltr'>institutae,</span> <span class='ocrx_word' id='word_1_254' title='bbox 1744 410 1827 453; x_wconf 77' lang='lat' dir='ltr'>quod</span> 
     </span>
     <span class='ocr_line' id='line_1_57' title="bbox 1091 462 1828 506; baseline -0.003 -11"><span class='ocrx_word' id='word_1_255' title='bbox 1091 463 1158 506; x_wconf 82' lang='lat' dir='ltr'>ipsi,</span> <span class='ocrx_word' id='word_1_256' title='bbox 1177 474 1235 506; x_wconf 83' lang='lat' dir='ltr'>pro</span> <span class='ocrx_word' id='word_1_257' title='bbox 1256 463 1387 496; x_wconf 72' lang='lat' dir='ltr'>feliciori</span> <span class='ocrx_word' id='word_1_258' title='bbox 1413 464 1552 496; x_wconf 80' lang='lat' dir='ltr'>eiusdem</span> <span class='ocrx_word' id='word_1_259' title='bbox 1570 462 1828 505; x_wconf 53' lang='lat' dir='ltr'>(longi-[gationis</span> 
     </span>
     <span class='ocr_line' id='line_1_58' title="bbox 1090 516 1828 559; baseline -0.001 -11"><span class='ocrx_word' id='word_1_260' title='bbox 1090 521 1171 549; x_wconf 85' lang='lat' dir='ltr'>statu</span> <span class='ocrx_word' id='word_1_261' title='bbox 1197 521 1289 559; x_wconf 81' lang='lat' dir='ltr'>atque</span> <span class='ocrx_word' id='word_1_262' title='bbox 1310 516 1473 557; x_wconf 67' lang='lat' dir='ltr'>regimine,</span> <span class='ocrx_word' id='word_1_263' title='bbox 1491 517 1632 549; x_wconf 78' lang='lat' dir='ltr'>eumdem</span> <span class='ocrx_word' id='word_1_264' title='bbox 1654 518 1828 557; x_wconf 53' lang='lat' dir='ltr'>(lt‘mgrega-</span> 
     </span>
     <span class='ocr_line' id='line_1_59' title="bbox 1091 569 1829 610; baseline 0.001 -10"><span class='ocrx_word' id='word_1_265' title='bbox 1091 569 1207 601; x_wconf 82' lang='lat' dir='ltr'>tionein</span> <span class='ocrx_word' id='word_1_266' title='bbox 1225 569 1466 610; x_wconf 74' lang='lat' dir='ltr'>Congregationi</span> <span class='ocrx_word' id='word_1_267' title='bbox 1485 570 1617 602; x_wconf 75' lang='lat' dir='ltr'>ttratorii</span> <span class='ocrx_word' id='word_1_268' title='bbox 1637 569 1758 602; x_wconf 85' lang='lat' dir='ltr'>ltoniini</span> <span class='ocrx_word' id='word_1_269' title='bbox 1778 580 1829 601; x_wconf 83' lang='lat' dir='ltr'>no-</span> 
     </span>
     <span class='ocr_line' id='line_1_60' title="bbox 1091 622 1830 665; baseline 0.001 -11"><span class='ocrx_word' id='word_1_270' title='bbox 1091 622 1145 654; x_wconf 84' lang='lat' dir='ltr'>stri</span> <span class='ocrx_word' id='word_1_271' title='bbox 1171 622 1239 654; x_wconf 88' lang='lat' dir='ltr'>lesu</span> <span class='ocrx_word' id='word_1_272' title='bbox 1264 622 1386 663; x_wconf 75' lang='lat' dir='ltr'>Christi,</span> <span class='ocrx_word' id='word_1_273' title='bbox 1407 623 1438 654; x_wconf 89' lang='lat' dir='ltr'>in</span> <span class='ocrx_word' id='word_1_274' title='bbox 1464 633 1561 664; x_wconf 73' lang='lat' dir='ltr'>regno</span> <span class='ocrx_word' id='word_1_275' title='bbox 1587 623 1735 655; x_wconf 79' lang='lat' dir='ltr'>Franciae</span> <span class='ocrx_word' id='word_1_276' title='bbox 1760 634 1830 665; x_wconf 86' lang='lat' dir='ltr'>apo-</span> 
     </span>
     <span class='ocr_line' id='line_1_61' title="bbox 1091 674 1830 707; baseline 0 0"><span class='ocrx_word' id='word_1_277' title='bbox 1091 675 1201 707; x_wconf 75' lang='lat' dir='ltr'>stoliea</span> <span class='ocrx_word' id='word_1_278' title='bbox 1219 674 1404 707; x_wconf 72' lang='lat' dir='ltr'>auctoritate</span> <span class='ocrx_word' id='word_1_279' title='bbox 1424 675 1582 707; x_wconf 87' lang='lat' dir='ltr'>institutae</span> <span class='ocrx_word' id='word_1_280' title='bbox 1599 686 1615 707; x_wconf 88' lang='lat' dir='ltr'>a</span> <span class='ocrx_word' id='word_1_281' title='bbox 1635 675 1748 707; x_wconf 65' lang='lat' dir='ltr'>‹litet-to</span> <span class='ocrx_word' id='word_1_282' title='bbox 1766 675 1830 707; x_wconf 81' lang='lat' dir='ltr'>tilio</span> 
     </span>
     <span class='ocr_line' id='line_1_62' title="bbox 1092 728 1830 770; baseline 0 -10"><span class='ocrx_word' id='word_1_283' title='bbox 1092 728 1182 761; x_wconf 87' lang='lat' dir='ltr'>Petro</span> <span class='ocrx_word' id='word_1_284' title='bbox 1202 728 1293 760; x_wconf 84' lang='lat' dir='ltr'>Berul</span> <span class='ocrx_word' id='word_1_285' title='bbox 1314 728 1554 760; x_wconf 84' lang='lat' dir='ltr'>secundodictac</span> <span class='ocrx_word' id='word_1_286' title='bbox 1574 728 1830 770; x_wconf 58' lang='lat' dir='ltr'>Congregationis</span> 
     </span>
     <span class='ocr_line' id='line_1_63' title="bbox 1092 781 1830 824; baseline 0 -11"><span class='ocrx_word' id='word_1_287' title='bbox 1092 781 1272 814; x_wconf 87' lang='lat' dir='ltr'>huiusmodi</span> <span class='ocrx_word' id='word_1_288' title='bbox 1291 781 1446 824; x_wconf 84' lang='lat' dir='ltr'>superiori</span> <span class='ocrx_word' id='word_1_289' title='bbox 1459 781 1609 823; x_wconf 74' lang='lat' dir='ltr'>generali,</span> <span class='ocrx_word' id='word_1_290' title='bbox 1623 782 1714 814; x_wconf 67' lang='lat' dir='ltr'>salvis</span> <span class='ocrx_word' id='word_1_291' title='bbox 1730 787 1830 814; x_wconf 82' lang='lat' dir='ltr'>tamen</span> 
     </span>
     <span class='ocr_line' id='line_1_64' title="bbox 1092 834 1831 878; baseline -0.003 -11"><span class='ocrx_word' id='word_1_292' title='bbox 1092 839 1122 867; x_wconf 86' lang='lat' dir='ltr'>ct</span> <span class='ocrx_word' id='word_1_293' title='bbox 1139 834 1253 867; x_wconf 77' lang='lat' dir='ltr'>illaesis</span> <span class='ocrx_word' id='word_1_294' title='bbox 1269 834 1505 867; x_wconf 80' lang='lat' dir='ltr'>remanentibus</span> <span class='ocrx_word' id='word_1_295' title='bbox 1521 834 1704 878; x_wconf 69' lang='lat' dir='ltr'>privilegiis,</span> <span class='ocrx_word' id='word_1_296' title='bbox 1724 835 1831 876; x_wconf 65' lang='lat' dir='ltr'>gratiis</span> 
     </span>
     <span class='ocr_line' id='line_1_65' title="bbox 1092 887 1833 931; baseline -0.003 -11"><span class='ocrx_word' id='word_1_297' title='bbox 1092 893 1122 920; x_wconf 85' lang='lat' dir='ltr'>et</span> <span class='ocrx_word' id='word_1_298' title='bbox 1140 888 1267 921; x_wconf 88' lang='lat' dir='ltr'>indultis</span> <span class='ocrx_word' id='word_1_299' title='bbox 1288 888 1496 931; x_wconf 75' lang='lat' dir='ltr'>primodictae</span> <span class='ocrx_word' id='word_1_300' title='bbox 1517 887 1759 931; x_wconf 72' lang='lat' dir='ltr'>Congregationi</span> <span class='ocrx_word' id='word_1_301' title='bbox 1777 898 1833 930; x_wconf 83' lang='lat' dir='ltr'>per</span> 
     </span>
     <span class='ocr_line' id='line_1_66' title="bbox 1093 941 1835 985; baseline -0.003 -11"><span class='ocrx_word' id='word_1_302' title='bbox 1093 942 1237 974; x_wconf 87' lang='lat' dir='ltr'>eumdem</span> <span class='ocrx_word' id='word_1_303' title='bbox 1264 942 1393 974; x_wconf 83' lang='lat' dir='ltr'>Paulum</span> <span class='ocrx_word' id='word_1_304' title='bbox 1418 941 1692 985; x_wconf 75' lang='lat' dir='ltr'>praedecessorem</span> <span class='ocrx_word' id='word_1_305' title='bbox 1711 951 1835 973; x_wconf 72' lang='lat' dir='ltr'>eonces-</span> 
     </span>
     <span class='ocr_line' id='line_1_67' title="bbox 1093 994 1835 1039; baseline -0.003 -11"><span class='ocrx_word' id='word_1_306' title='bbox 1093 996 1145 1036; x_wconf 89' lang='lat' dir='ltr'>sis,</span> <span class='ocrx_word' id='word_1_307' title='bbox 1163 995 1245 1028; x_wconf 90' lang='lat' dir='ltr'>uniri</span> <span class='ocrx_word' id='word_1_308' title='bbox 1266 1001 1359 1039; x_wconf 83' lang='lat' dir='ltr'>atque</span> <span class='ocrx_word' id='word_1_309' title='bbox 1384 995 1599 1039; x_wconf 84' lang='lat' dir='ltr'>incorporari,</span> <span class='ocrx_word' id='word_1_310' title='bbox 1624 994 1835 1027; x_wconf 81' lang='lat' dir='ltr'>omnimodae—</span> 
     </span>
     <span class='ocr_line' id='line_1_68' title="bbox 1093 1049 1834 1093; baseline -0.004 -11"><span class='ocrx_word' id='word_1_311' title='bbox 1093 1060 1153 1093; x_wconf 88' lang='lat' dir='ltr'>que</span> <span class='ocrx_word' id='word_1_312' title='bbox 1168 1049 1307 1082; x_wconf 87' lang='lat' dir='ltr'>eiusdem</span> <span class='ocrx_word' id='word_1_313' title='bbox 1322 1050 1405 1082; x_wconf 85' lang='lat' dir='ltr'>Petri</span> <span class='ocrx_word' id='word_1_314' title='bbox 1419 1049 1562 1082; x_wconf 87' lang='lat' dir='ltr'>moderni</span> <span class='ocrx_word' id='word_1_315' title='bbox 1575 1054 1604 1081; x_wconf 85' lang='lat' dir='ltr'>et</span> <span class='ocrx_word' id='word_1_316' title='bbox 1621 1059 1679 1092; x_wconf 87' lang='lat' dir='ltr'>pro</span> <span class='ocrx_word' id='word_1_317' title='bbox 1694 1054 1834 1091; x_wconf 72' lang='lat' dir='ltr'>tempore</span> 
     </span>
     <span class='ocr_line' id='line_1_69' title="bbox 1093 1100 1834 1146; baseline -0.004 -11"><span class='ocrx_word' id='word_1_318' title='bbox 1093 1102 1254 1135; x_wconf 77' lang='lat' dir='ltr'>existentis</span> <span class='ocrx_word' id='word_1_319' title='bbox 1275 1102 1448 1146; x_wconf 88' lang='lat' dir='ltr'>superioris</span> <span class='ocrx_word' id='word_1_320' title='bbox 1475 1102 1630 1144; x_wconf 75' lang='lat' dir='ltr'>generalis</span> <span class='ocrx_word' id='word_1_321' title='bbox 1654 1100 1834 1134; x_wconf 84' lang='lat' dir='ltr'>huiusmodi</span> 
     </span>
     <span class='ocr_line' id='line_1_70' title="bbox 1094 1154 1837 1198; baseline -0.001 -11"><span class='ocrx_word' id='word_1_322' title='bbox 1094 1155 1302 1188; x_wconf 87' lang='lat' dir='ltr'>iurisdictioni</span> <span class='ocrx_word' id='word_1_323' title='bbox 1316 1160 1346 1188; x_wconf 92' lang='lat' dir='ltr'>et</span> <span class='ocrx_word' id='word_1_324' title='bbox 1359 1155 1583 1198; x_wconf 85' lang='lat' dir='ltr'>superioritati,</span> <span class='ocrx_word' id='word_1_325' title='bbox 1597 1154 1634 1187; x_wconf 84' lang='lat' dir='ltr'>ad</span> <span class='ocrx_word' id='word_1_326' title='bbox 1653 1155 1749 1188; x_wconf 85' lang='lat' dir='ltr'>instar</span> <span class='ocrx_word' id='word_1_327' title='bbox 1766 1154 1837 1186; x_wconf 88' lang='lat' dir='ltr'>alia-</span> 
     </span>
     <span class='ocr_line' id='line_1_71' title="bbox 1094 1207 1835 1251; baseline -0.003 -11"><span class='ocrx_word' id='word_1_328' title='bbox 1094 1219 1164 1240; x_wconf 87' lang='lat' dir='ltr'>rum</span> <span class='ocrx_word' id='word_1_329' title='bbox 1179 1208 1279 1241; x_wconf 87' lang='lat' dir='ltr'>dietae</span> <span class='ocrx_word' id='word_1_330' title='bbox 1292 1208 1550 1251; x_wconf 77' lang='lat' dir='ltr'>Congregationis</span> <span class='ocrx_word' id='word_1_331' title='bbox 1564 1207 1698 1241; x_wconf 88' lang='lat' dir='ltr'>Oratorii</span> <span class='ocrx_word' id='word_1_332' title='bbox 1712 1207 1835 1239; x_wconf 86' lang='lat' dir='ltr'>Domini</span> 
     </span>
     <span class='ocr_line' id='line_1_72' title="bbox 1094 1260 1835 1302; baseline -0.003 -8"><span class='ocrx_word' id='word_1_333' title='bbox 1094 1262 1194 1296; x_wconf 84' lang='lat' dir='ltr'>nostri</span> <span class='ocrx_word' id='word_1_334' title='bbox 1219 1263 1288 1295; x_wconf 84' lang='lat' dir='ltr'>Iesu</span> <span class='ocrx_word' id='word_1_335' title='bbox 1312 1262 1426 1295; x_wconf 85' lang='lat' dir='ltr'>Christi</span> <span class='ocrx_word' id='word_1_336' title='bbox 1451 1262 1630 1302; x_wconf 87' lang='lat' dir='ltr'>domorum,</span> <span class='ocrx_word' id='word_1_337' title='bbox 1648 1261 1761 1294; x_wconf 88' lang='lat' dir='ltr'>subiici</span> <span class='ocrx_word' id='word_1_338' title='bbox 1779 1260 1835 1293; x_wconf 88' lang='lat' dir='ltr'>ob-</span> 
     </span>
     <span class='ocr_line' id='line_1_73' title="bbox 1096 1314 1837 1358; baseline -0.003 -11"><span class='ocrx_word' id='word_1_339' title='bbox 1096 1315 1256 1348; x_wconf 91' lang='lat' dir='ltr'>tinuerunt</span> <span class='ocrx_word' id='word_1_340' title='bbox 1271 1343 1277 1355; x_wconf 90' lang='lat'>,</span> <span class='ocrx_word' id='word_1_341' title='bbox 1309 1321 1405 1358; x_wconf 91' lang='lat' dir='ltr'>prout</span> <span class='ocrx_word' id='word_1_342' title='bbox 1432 1315 1463 1347; x_wconf 92' lang='lat' dir='ltr'>in</span> <span class='ocrx_word' id='word_1_343' title='bbox 1486 1315 1665 1358; x_wconf 90' lang='lat' dir='ltr'>patentibus</span> <span class='ocrx_word' id='word_1_344' title='bbox 1701 1314 1837 1357; x_wconf 87' lang='lat' dir='ltr'>desuper</span> 
     </span>
     <span class='ocr_line' id='line_1_74' title="bbox 1096 1367 1834 1412; baseline -0.004 -11"><span class='ocrx_word' id='word_1_345' title='bbox 1096 1369 1244 1402; x_wconf 85' lang='lat' dir='ltr'>consectis</span> <span class='ocrx_word' id='word_1_346' title='bbox 1269 1369 1380 1401; x_wconf 89' lang='lat' dir='ltr'>litteris</span> <span class='ocrx_word' id='word_1_347' title='bbox 1397 1368 1520 1412; x_wconf 88' lang='lat' dir='ltr'>plenius</span> <span class='ocrx_word' id='word_1_348' title='bbox 1540 1368 1655 1400; x_wconf 85' lang='lat' dir='ltr'>dicitur</span> <span class='ocrx_word' id='word_1_349' title='bbox 1672 1367 1834 1400; x_wconf 86' lang='lat' dir='ltr'>contineri.</span> 
     </span>
    </p>

    <p class='ocr_par' dir='ltr' id='par_1_21' title="bbox 1096 1420 1837 1679">
     <span class='ocr_line' id='line_1_75' title="bbox 1141 1420 1834 1465; baseline -0.003 -11"><span class='ocrx_word' id='word_1_350' title='bbox 1141 1423 1155 1465; x_wconf 64' lang='lat' dir='ltr'>g</span> <span class='ocrx_word' id='word_1_351' title='bbox 1178 1422 1207 1454; x_wconf 67' lang='lat'>2.</span> <span class='ocrx_word' id='word_1_352' title='bbox 1233 1422 1309 1455; x_wconf 92' lang='lat' dir='ltr'>Cum</span> <span class='ocrx_word' id='word_1_353' title='bbox 1326 1425 1441 1462; x_wconf 77' lang='lat' dir='ltr'>autem,</span> <span class='ocrx_word' id='word_1_354' title='bbox 1459 1421 1540 1456; x_wconf 87' lang='lat' dir='ltr'>sicut</span> <span class='ocrx_word' id='word_1_355' title='bbox 1555 1421 1664 1454; x_wconf 87' lang='lat' dir='ltr'>eadem</span> <span class='ocrx_word' id='word_1_356' title='bbox 1682 1420 1834 1464; x_wconf 81' lang='lat' dir='ltr'>expositio</span> 
     </span>
     <span class='ocr_line' id='line_1_76' title="bbox 1096 1474 1835 1519; baseline -0.003 -11"><span class='ocrx_word' id='word_1_357' title='bbox 1096 1475 1317 1518; x_wconf 75' lang='lat' dir='ltr'>subiungebat,</span> <span class='ocrx_word' id='word_1_358' title='bbox 1329 1475 1504 1519; x_wconf 61' lang='lat' dir='ltr'>presbyteri</span> <span class='ocrx_word' id='word_1_359' title='bbox 1519 1480 1548 1507; x_wconf 86' lang='lat' dir='ltr'>et</span> <span class='ocrx_word' id='word_1_360' title='bbox 1561 1475 1667 1508; x_wconf 84' lang='lat' dir='ltr'>cleriei</span> <span class='ocrx_word' id='word_1_361' title='bbox 1684 1474 1835 1518; x_wconf 79' lang='lat' dir='ltr'>praedicti</span> 
     </span>
     <span class='ocr_line' id='line_1_77' title="bbox 1097 1527 1836 1572; baseline -0.003 -11"><span class='ocrx_word' id='word_1_362' title='bbox 1097 1529 1269 1572; x_wconf 89' lang='lat' dir='ltr'>plurimum</span> <span class='ocrx_word' id='word_1_363' title='bbox 1307 1528 1435 1572; x_wconf 82' lang='lat' dir='ltr'>cupiant</span> <span class='ocrx_word' id='word_1_364' title='bbox 1466 1528 1614 1561; x_wconf 91' lang='lat' dir='ltr'>unionem</span> <span class='ocrx_word' id='word_1_365' title='bbox 1641 1532 1670 1561; x_wconf 88' lang='lat' dir='ltr'>et</span> <span class='ocrx_word' id='word_1_366' title='bbox 1694 1527 1836 1570; x_wconf 57' lang='lat' dir='ltr'>incorpd</span> 
     </span>
     <span class='ocr_line' id='line_1_78' title="bbox 1098 1581 1836 1624; baseline -0.004 -10"><span class='ocrx_word' id='word_1_367' title='bbox 1098 1582 1252 1614; x_wconf 89' lang='lat' dir='ltr'>rationem</span> <span class='ocrx_word' id='word_1_368' title='bbox 1269 1592 1391 1614; x_wconf 83' lang='lat' dir='ltr'>necnon</span> <span class='ocrx_word' id='word_1_369' title='bbox 1408 1581 1636 1614; x_wconf 81' lang='lat' dir='ltr'>subiectionem</span> <span class='ocrx_word' id='word_1_370' title='bbox 1650 1581 1836 1624; x_wconf 73' lang='lat' dir='ltr'>praedictas,</span> 
     </span>
     <span class='ocr_line' id='line_1_79' title="bbox 1097 1634 1837 1679; baseline -0.003 -12"><span class='ocrx_word' id='word_1_371' title='bbox 1097 1646 1155 1679; x_wconf 91' lang='lat' dir='ltr'>pro</span> <span class='ocrx_word' id='word_1_372' title='bbox 1173 1635 1283 1668; x_wconf 88' lang='lat' dir='ltr'>maiori</span> <span class='ocrx_word' id='word_1_373' title='bbox 1302 1635 1443 1667; x_wconf 91' lang='lat' dir='ltr'>illorum¹</span> <span class='ocrx_word' id='word_1_374' title='bbox 1462 1634 1630 1674; x_wconf 73' lang='lat' dir='ltr'>validitate,</span> <span class='ocrx_word' id='word_1_375' title='bbox 1648 1634 1837 1677; x_wconf 57' lang='lat' dir='ltr'>apostolica-i</span> 
     </span>
    </p>
   </div>
   <div class='ocr_carea' id='block_1_15' title="bbox 1844 256 2024 282">
    <p class='ocr_par' dir='ltr' id='par_1_22' title="bbox 1844 256 2024 282">
     <span class='ocr_line' id='line_1_80' title="bbox 1844 256 2024 282; baseline 0.006 -2"><span class='ocrx_word' id='word_1_376' title='bbox 1844 257 1890 281; x_wconf 82' lang='grc' dir='ltr'>Αη.</span> <span class='ocrx_word' id='word_1_377' title='bbox 1909 256 1938 282; x_wconf 82' lang='lat' dir='ltr'>C.</span> <span class='ocrx_word' id='word_1_378' title='bbox 1958 257 2024 282; x_wconf 61' lang='lat' dir='ltr'>102ss</span> 
     </span>
    </p>
   </div>
   <div class='ocr_carea' id='block_1_16' title="bbox 1091 304 2025 369">
    <p class='ocr_par' dir='ltr' id='par_1_23' title="bbox 1091 304 2025 369">
     <span class='ocr_line' id='line_1_81' title="bbox 1091 304 2025 349; baseline -0.001 -11"><span class='ocrx_word' id='word_1_379' title='bbox 1091 307 1225 347; x_wconf 62' lang='lat' dir='ltr'>Virginis</span> <span class='ocrx_word' id='word_1_380' title='bbox 1251 306 1386 349; x_wconf 75' lang='lat' dir='ltr'>Aquensi</span> <span class='ocrx_word' id='word_1_381' title='bbox 1408 305 1437 337; x_wconf 92' lang='lat' dir='ltr'>in</span> <span class='ocrx_word' id='word_1_382' title='bbox 1460 305 1620 338; x_wconf 69' lang='lat' dir='ltr'>Provincia</span> <span class='ocrx_word' id='word_1_383' title='bbox 1649 316 1704 347; x_wconf 63' lang='lat' dir='ltr'>por</span> <span class='ocrx_word' id='word_1_384' title='bbox 1730 304 1825 336; x_wconf 48' lang='lat' dir='ltr'>felici&gt;-</span> <span class='ocrx_word' id='word_1_385' title='bbox 1843 317 1944 337; x_wconf 50' lang='lat' dir='ltr'>rmmw</span> <span class='ocrx_word' id='word_1_386' title='bbox 1981 325 2025 337; x_wconf 27' lang='lat' dir='ltr'>m*</span> 
     </span>
     <span class='ocr_line' id='line_1_82' title="bbox 1842 348 2024 369; baseline 0.005 -9"><span class='ocrx_word' id='word_1_387' title='bbox 1842 348 1858 360; x_wconf 60' lang='lat' dir='ltr'>tl</span> <span class='ocrx_word' id='word_1_388' title='bbox 1886 352 1888 356; x_wconf 93' lang='lat'>·</span> <span class='ocrx_word' id='word_1_389' title='bbox 1939 348 2024 369; x_wconf 42' lang='lat' dir='ltr'>solitum!</span> 
     </span>
    </p>
   </div>
   <div class='ocr_carea' id='block_1_17' title="bbox 1843 378 1903 389">
    <p class='ocr_par' dir='ltr' id='par_1_24' title="bbox 1843 378 1903 389">
     <span class='ocr_line' id='line_1_83' title="bbox 1843 378 1903 389; baseline 0 0"><span class='ocrx_word' id='word_1_390' title='bbox 1843 378 1903 389; x_wconf 34' lang='lat' dir='ltr'>uuiti,</span> 
     </span>
    </p>
   </div>
   <div class='ocr_carea' id='block_1_18' title="bbox 1865 1433 2025 1453">
    <p class='ocr_par' dir='ltr' id='par_1_25' title="bbox 1865 1433 2025 1453">
     <span class='ocr_line' id='line_1_84' title="bbox 1865 1433 2025 1453; baseline 0 -2"><span class='ocrx_word' id='word_1_391' title='bbox 1865 1434 1910 1452; x_wconf 79' lang='grc' dir='ltr'><strong>Ι“ιιι1</strong></span> <span class='ocrx_word' id='word_1_392' title='bbox 1924 1433 2025 1453; x_wconf 63' lang='lat' dir='ltr'>l‘ontilex.</span> 
     </span>
    </p>
   </div>
   <div class='ocr_carea' id='block_1_19' title="bbox 1098 1685 1867 1728">
    <p class='ocr_par' dir='ltr' id='par_1_26' title="bbox 1098 1685 1867 1728">
     <span class='ocr_line' id='line_1_85' title="bbox 1098 1685 1867 1728; baseline -0.004 -7"><span class='ocrx_word' id='word_1_393' title='bbox 1098 1688 1347 1722; x_wconf 82' lang='lat' dir='ltr'>confirmationis</span> <span class='ocrx_word' id='word_1_394' title='bbox 1382 1688 1498 1721; x_wconf 89' lang='lat' dir='ltr'>robore</span> <span class='ocrx_word' id='word_1_395' title='bbox 1538 1687 1746 1728; x_wconf 85' lang='lat' dir='ltr'>communiri,</span> <span class='ocrx_word' id='word_1_396' title='bbox 1782 1685 1867 1719; x_wconf 76' lang='lat' dir='ltr'>nos‘</span> 
     </span>
    </p>
   </div>
   <div class='ocr_carea' id='block_1_20' title="bbox 1098 1740 1841 1838">
    <p class='ocr_par' dir='ltr' id='par_1_27' title="bbox 1098 1740 1841 1838">
     <span class='ocr_line' id='line_1_86' title="bbox 1098 1740 1840 1786; baseline -0.004 -12"><span class='ocrx_word' id='word_1_397' title='bbox 1098 1742 1355 1786; x_wconf 57' lang='lat' dir='ltr'>presbyterorum</span> <span class='ocrx_word' id='word_1_398' title='bbox 1388 1746 1418 1773; x_wconf 89' lang='lat' dir='ltr'>et</span> <span class='ocrx_word' id='word_1_399' title='bbox 1449 1741 1639 1773; x_wconf 89' lang='lat' dir='ltr'>clericorum</span> <span class='ocrx_word' id='word_1_400' title='bbox 1668 1740 1840 1784; x_wconf 85' lang='lat' dir='ltr'>praedicto-</span> 
     </span>
     <span class='ocr_line' id='line_1_87' title="bbox 1099 1794 1841 1838; baseline -0.004 -10"><span class='ocrx_word' id='word_1_401' title='bbox 1099 1806 1169 1828; x_wconf 89' lang='lat' dir='ltr'>rum</span> <span class='ocrx_word' id='word_1_402' title='bbox 1195 1795 1284 1835; x_wconf 77' lang='lat' dir='ltr'>votis,</span> <span class='ocrx_word' id='word_1_403' title='bbox 1305 1799 1456 1838; x_wconf 85' lang='lat' dir='ltr'>quantum</span> <span class='ocrx_word' id='word_1_404' title='bbox 1481 1805 1553 1827; x_wconf 89' lang='lat' dir='ltr'>cum</span> <span class='ocrx_word' id='word_1_405' title='bbox 1578 1794 1710 1827; x_wconf 87' lang='lat' dir='ltr'>Domino</span> <span class='ocrx_word' id='word_1_406' title='bbox 1734 1804 1841 1837; x_wconf 81' lang='lat' dir='ltr'>possu-</span> 
     </span>
    </p>
   </div>
   <div class='ocr_carea' id='block_1_21' title="bbox 1100 1847 1842 1891">
    <p class='ocr_par' dir='ltr' id='par_1_28' title="bbox 1100 1847 1842 1891">
     <span class='ocr_line' id='line_1_88' title="bbox 1100 1847 1842 1891; baseline -0.003 -10"><span class='ocrx_word' id='word_1_407' title='bbox 1100 1859 1178 1890; x_wconf 87' lang='lat' dir='ltr'>mus,</span> <span class='ocrx_word' id='word_1_408' title='bbox 1204 1859 1352 1890; x_wconf 83' lang='lat' dir='ltr'>annuere,</span> <span class='ocrx_word' id='word_1_409' title='bbox 1371 1848 1503 1891; x_wconf 85' lang='lat' dir='ltr'>illosque</span> <span class='ocrx_word' id='word_1_410' title='bbox 1528 1847 1716 1891; x_wconf 83' lang='lat' dir='ltr'>specialibus</span> <span class='ocrx_word' id='word_1_411' title='bbox 1732 1847 1842 1880; x_wconf 84' lang='lat' dir='ltr'>favori-</span> 
     </span>
    </p>
   </div>
   <div class='ocr_carea' id='block_1_22' title="bbox 1099 1901 1840 1945">
    <p class='ocr_par' dir='ltr' id='par_1_29' title="bbox 1099 1901 1840 1945">
     <span class='ocr_line' id='line_1_89' title="bbox 1099 1901 1840 1945; baseline -0.004 -10"><span class='ocrx_word' id='word_1_412' title='bbox 1099 1902 1157 1935; x_wconf 88' lang='lat' dir='ltr'>bus</span> <span class='ocrx_word' id='word_1_413' title='bbox 1175 1906 1204 1934; x_wconf 90' lang='lat' dir='ltr'>et</span> <span class='ocrx_word' id='word_1_414' title='bbox 1222 1902 1332 1945; x_wconf 78' lang='lat' dir='ltr'>gratiis</span> <span class='ocrx_word' id='word_1_415' title='bbox 1346 1901 1495 1945; x_wconf 85' lang='lat' dir='ltr'>prosequi</span> <span class='ocrx_word' id='word_1_416' title='bbox 1513 1901 1664 1941; x_wconf 66' lang='lat' dir='ltr'>volentes,</span> <span class='ocrx_word' id='word_1_417' title='bbox 1683 1905 1712 1933; x_wconf 89' lang='lat' dir='ltr'>et</span> <span class='ocrx_word' id='word_1_418' title='bbox 1729 1910 1840 1933; x_wconf 83' lang='lat' dir='ltr'>eorum</span> 
     </span>
    </p>
   </div>
   <div class='ocr_carea' id='block_1_23' title="bbox 1100 1953 1842 1999">
    <p class='ocr_par' dir='ltr' id='par_1_30' title="bbox 1100 1953 1842 1999">
     <span class='ocr_line' id='line_1_90' title="bbox 1100 1953 1842 1999; baseline -0.004 -11"><span class='ocrx_word' id='word_1_419' title='bbox 1100 1956 1274 1998; x_wconf 78' lang='lat' dir='ltr'>singulares</span> <span class='ocrx_word' id='word_1_420' title='bbox 1288 1965 1440 1999; x_wconf 85' lang='lat' dir='ltr'>personas</span> <span class='ocrx_word' id='word_1_421' title='bbox 1454 1965 1471 1987; x_wconf 89' lang='lat' dir='ltr'>a</span> <span class='ocrx_word' id='word_1_422' title='bbox 1483 1953 1644 1998; x_wconf 79' lang='lat' dir='ltr'>quibusvis</span> <span class='ocrx_word' id='word_1_423' title='bbox 1665 1964 1842 1991; x_wconf 79' lang='lat' dir='ltr'>exeommu-</span> 
     </span>
    </p>
   </div>
   <div class='ocr_carea' id='block_1_24' title="bbox 1099 2006 1845 2696">
    <p class='ocr_par' dir='ltr' id='par_1_31' title="bbox 1099 2006 1845 2696">
     <span class='ocr_line' id='line_1_91' title="bbox 1099 2006 1841 2052; baseline -0.004 -12"><span class='ocrx_word' id='word_1_424' title='bbox 1099 2008 1274 2050; x_wconf 87' lang='lat' dir='ltr'>nicationis,</span> <span class='ocrx_word' id='word_1_425' title='bbox 1294 2008 1509 2052; x_wconf 87' lang='lat' dir='ltr'>suspensionis</span> <span class='ocrx_word' id='word_1_426' title='bbox 1527 2012 1556 2040; x_wconf 86' lang='lat' dir='ltr'>et</span> <span class='ocrx_word' id='word_1_427' title='bbox 1574 2006 1742 2047; x_wconf 74' lang='lat' dir='ltr'>interdicti,</span> <span class='ocrx_word' id='word_1_428' title='bbox 1757 2006 1841 2038; x_wconf 81' lang='lat' dir='ltr'>aliis-</span> 
     </span>
     <span class='ocr_line' id='line_1_92' title="bbox 1100 2059 1838 2105; baseline -0.004 -11"><span class='ocrx_word' id='word_1_429' title='bbox 1100 2072 1160 2105; x_wconf 86' lang='lat' dir='ltr'>que</span> <span class='ocrx_word' id='word_1_430' title='bbox 1185 2061 1405 2094; x_wconf 82' lang='lat' dir='ltr'>ecclesiastieis</span> <span class='ocrx_word' id='word_1_431' title='bbox 1437 2060 1620 2100; x_wconf 87' lang='lat' dir='ltr'>sententiis,</span> <span class='ocrx_word' id='word_1_432' title='bbox 1645 2059 1787 2092; x_wconf 79' lang='lat' dir='ltr'>censuris</span> <span class='ocrx_word' id='word_1_433' title='bbox 1811 2064 1838 2091; x_wconf 84' lang='lat' dir='ltr'>et</span> 
     </span>
     <span class='ocr_line' id='line_1_93' title="bbox 1101 2113 1841 2160; baseline -0.004 -12"><span class='ocrx_word' id='word_1_434' title='bbox 1101 2115 1221 2160; x_wconf 86' lang='lat' dir='ltr'>poenis,</span> <span class='ocrx_word' id='word_1_435' title='bbox 1239 2126 1256 2148; x_wconf 85' lang='lat' dir='ltr'>a</span> <span class='ocrx_word' id='word_1_436' title='bbox 1274 2115 1342 2148; x_wconf 88' lang='lat' dir='ltr'>iure</span> <span class='ocrx_word' id='word_1_437' title='bbox 1367 2116 1415 2148; x_wconf 83' lang='lat' dir='ltr'>vel</span> <span class='ocrx_word' id='word_1_438' title='bbox 1440 2115 1478 2147; x_wconf 85' lang='lat' dir='ltr'>ab</span> <span class='ocrx_word' id='word_1_439' title='bbox 1504 2115 1641 2153; x_wconf 88' lang='lat' dir='ltr'>homine,</span> <span class='ocrx_word' id='word_1_440' title='bbox 1656 2113 1764 2157; x_wconf 82' lang='lat' dir='ltr'>quavis</span> <span class='ocrx_word' id='word_1_441' title='bbox 1789 2123 1841 2146; x_wconf 89' lang='lat' dir='ltr'>oc-</span> 
     </span>
     <span class='ocr_line' id='line_1_94' title="bbox 1101 2167 1841 2211; baseline -0.005 -9"><span class='ocrx_word' id='word_1_442' title='bbox 1101 2170 1226 2202; x_wconf 88' lang='lat' dir='ltr'>casione</span> <span class='ocrx_word' id='word_1_443' title='bbox 1243 2169 1291 2202; x_wconf 75' lang='lat' dir='ltr'>vel</span> <span class='ocrx_word' id='word_1_444' title='bbox 1316 2170 1411 2201; x_wconf 69' lang='lat' dir='ltr'>eausa</span> <span class='ocrx_word' id='word_1_445' title='bbox 1435 2169 1515 2209; x_wconf 89' lang='lat' dir='ltr'>latis,</span> <span class='ocrx_word' id='word_1_446' title='bbox 1533 2168 1557 2201; x_wconf 88' lang='lat' dir='ltr'>si</span> <span class='ocrx_word' id='word_1_447' title='bbox 1582 2167 1696 2211; x_wconf 82' lang='lat' dir='ltr'>quibus</span> <span class='ocrx_word' id='word_1_448' title='bbox 1713 2177 1841 2210; x_wconf 88' lang='lat' dir='ltr'>quomo-</span> 
     </span>
     <span class='ocr_line' id='line_1_95' title="bbox 1100 2220 1841 2262; baseline -0.007 -6"><span class='ocrx_word' id='word_1_449' title='bbox 1100 2223 1218 2256; x_wconf 88' lang='lat' dir='ltr'>dolibet</span> <span class='ocrx_word' id='word_1_450' title='bbox 1248 2222 1415 2255; x_wconf 83' lang='lat' dir='ltr'>innodatae</span> <span class='ocrx_word' id='word_1_451' title='bbox 1447 2222 1600 2262; x_wconf 79' lang='lat' dir='ltr'>existunt,</span> <span class='ocrx_word' id='word_1_452' title='bbox 1626 2221 1664 2253; x_wconf 87' lang='lat' dir='ltr'>ad</span> <span class='ocrx_word' id='word_1_453' title='bbox 1697 2220 1841 2253; x_wconf 76' lang='lat' dir='ltr'>effectum</span> 
     </span>
     <span class='ocr_line' id='line_1_96' title="bbox 1100 2273 1843 2320; baseline -0.007 -11"><span class='ocrx_word' id='word_1_454' title='bbox 1100 2275 1313 2320; x_wconf 84' lang='lat' dir='ltr'>praesentium</span> <span class='ocrx_word' id='word_1_455' title='bbox 1331 2276 1491 2308; x_wconf 79' lang='lat' dir='ltr'>dumtaxat</span> <span class='ocrx_word' id='word_1_456' title='bbox 1509 2273 1774 2317; x_wconf 83' lang='lat' dir='ltr'>consequendum,</span> <span class='ocrx_word' id='word_1_457' title='bbox 1791 2273 1843 2305; x_wconf 86' lang='lat' dir='ltr'>ha-</span> 
     </span>
     <span class='ocr_line' id='line_1_97' title="bbox 1101 2327 1842 2363; baseline -0.004 -1"><span class='ocrx_word' id='word_1_458' title='bbox 1101 2341 1172 2363; x_wconf 88' lang='lat' dir='ltr'>rum</span> <span class='ocrx_word' id='word_1_459' title='bbox 1202 2330 1283 2363; x_wconf 87' lang='lat' dir='ltr'>serie</span> <span class='ocrx_word' id='word_1_460' title='bbox 1315 2330 1512 2362; x_wconf 66' lang='lat' dir='ltr'>absolventes</span> <span class='ocrx_word' id='word_1_461' title='bbox 1538 2333 1567 2361; x_wconf 88' lang='lat' dir='ltr'>et</span> <span class='ocrx_word' id='word_1_462' title='bbox 1591 2328 1750 2360; x_wconf 86' lang='lat' dir='ltr'>absolutas</span> <span class='ocrx_word' id='word_1_463' title='bbox 1775 2327 1842 2360; x_wconf 81' lang='lat' dir='ltr'>sore</span> 
     </span>
     <span class='ocr_line' id='line_1_98' title="bbox 1101 2381 1841 2427; baseline -0.005 -10"><span class='ocrx_word' id='word_1_464' title='bbox 1101 2389 1272 2424; x_wconf 86' lang='lat' dir='ltr'>censentes,</span> <span class='ocrx_word' id='word_1_465' title='bbox 1290 2383 1572 2427; x_wconf 84' lang='lat' dir='ltr'>supplicationibus</span> <span class='ocrx_word' id='word_1_466' title='bbox 1588 2392 1699 2415; x_wconf 88' lang='lat' dir='ltr'>eorum</span> <span class='ocrx_word' id='word_1_467' title='bbox 1715 2381 1841 2414; x_wconf 87' lang='lat' dir='ltr'>nomine</span> 
     </span>
     <span class='ocr_line' id='line_1_99' title="bbox 1101 2434 1840 2480; baseline -0.004 -11"><span class='ocrx_word' id='word_1_468' title='bbox 1101 2437 1192 2470; x_wconf 89' lang='lat' dir='ltr'>nobis</span> <span class='ocrx_word' id='word_1_469' title='bbox 1223 2447 1318 2480; x_wconf 88' lang='lat' dir='ltr'>super</span> <span class='ocrx_word' id='word_1_470' title='bbox 1342 2437 1401 2469; x_wconf 92' lang='lat' dir='ltr'>hoc</span> <span class='ocrx_word' id='word_1_471' title='bbox 1426 2435 1588 2468; x_wconf 88' lang='lat' dir='ltr'>humiliter</span> <span class='ocrx_word' id='word_1_472' title='bbox 1611 2435 1767 2479; x_wconf 86' lang='lat' dir='ltr'>porrectis</span> <span class='ocrx_word' id='word_1_473' title='bbox 1792 2434 1840 2466; x_wconf 89' lang='lat' dir='ltr'>in-</span> 
     </span>
     <span class='ocr_line' id='line_1_100' title="bbox 1102 2488 1841 2532; baseline -0.004 -9"><span class='ocrx_word' id='word_1_474' title='bbox 1102 2490 1218 2531; x_wconf 86' lang='lat' dir='ltr'>clinati,</span> <span class='ocrx_word' id='word_1_475' title='bbox 1243 2489 1392 2522; x_wconf 90' lang='lat' dir='ltr'>unionem</span> <span class='ocrx_word' id='word_1_476' title='bbox 1418 2494 1448 2522; x_wconf 88' lang='lat' dir='ltr'>et</span> <span class='ocrx_word' id='word_1_477' title='bbox 1473 2488 1780 2532; x_wconf 83' lang='lat' dir='ltr'>incorporationem,</span> <span class='ocrx_word' id='word_1_478' title='bbox 1806 2498 1841 2520; x_wconf 84' lang='lat' dir='ltr'>ac</span> 
     </span>
     <span class='ocr_line' id='line_1_101' title="bbox 1102 2542 1845 2586; baseline -0.005 -9"><span class='ocrx_word' id='word_1_479' title='bbox 1102 2543 1329 2578; x_wconf 89' lang='lat' dir='ltr'>subiectionem</span> <span class='ocrx_word' id='word_1_480' title='bbox 1343 2542 1528 2586; x_wconf 84' lang='lat' dir='ltr'>praedictas,</span> <span class='ocrx_word' id='word_1_481' title='bbox 1539 2545 1578 2581; x_wconf 87' lang='lat' dir='ltr'>et,</span> <span class='ocrx_word' id='word_1_482' title='bbox 1587 2546 1682 2586; x_wconf 87' lang='lat' dir='ltr'>prout</span> <span class='ocrx_word' id='word_1_483' title='bbox 1692 2542 1760 2574; x_wconf 89' lang='lat' dir='ltr'>illas</span> <span class='ocrx_word' id='word_1_484' title='bbox 1774 2551 1845 2574; x_wconf 90' lang='lat' dir='ltr'>con-</span> 
     </span>
     <span class='ocr_line' id='line_1_102' title="bbox 1102 2595 1843 2639; baseline -0.005 -7"><span class='ocrx_word' id='word_1_485' title='bbox 1102 2602 1244 2638; x_wconf 86' lang='lat' dir='ltr'>cernunt,</span> <span class='ocrx_word' id='word_1_486' title='bbox 1265 2596 1370 2630; x_wconf 85' lang='lat' dir='ltr'>onmia</span> <span class='ocrx_word' id='word_1_487' title='bbox 1387 2601 1417 2629; x_wconf 90' lang='lat' dir='ltr'>et</span> <span class='ocrx_word' id='word_1_488' title='bbox 1433 2596 1556 2639; x_wconf 78' lang='lat' dir='ltr'>singula</span> <span class='ocrx_word' id='word_1_489' title='bbox 1572 2596 1604 2629; x_wconf 90' lang='lat' dir='ltr'>in</span> <span class='ocrx_word' id='word_1_490' title='bbox 1620 2595 1711 2629; x_wconf 83' lang='lat' dir='ltr'>dictis</span> <span class='ocrx_word' id='word_1_491' title='bbox 1730 2595 1843 2630; x_wconf 90' lang='lat' dir='ltr'>litteris</span> 
     </span>
     <span class='ocr_line' id='line_1_103' title="bbox 1136 2659 1652 2696; baseline -0.004 -8"><span class='ocrx_word' id='word_1_492' title='bbox 1136 2661 1150 2688; x_wconf 86' lang='lat'><strong>1</strong></span> <span class='ocrx_word' id='word_1_493' title='bbox 1168 2660 1262 2689; x_wconf 88' lang='lat' dir='ltr'>Potius</span> <span class='ocrx_word' id='word_1_494' title='bbox 1277 2659 1395 2696; x_wconf 83' lang='lat' dir='ltr'>legerem</span> <span class='ocrx_word' id='word_1_495' title='bbox 1410 2659 1535 2688; x_wconf 71' lang='lat' dir='ltr'>illarum</span> <span class='ocrx_word' id='word_1_496' title='bbox 1547 2660 1586 2695; x_wconf 84' lang='lat' dir='ltr'>(n.</span> <span class='ocrx_word' id='word_1_497' title='bbox 1603 2660 1652 2694; x_wconf 80' lang='grc' dir='ltr'>Τ.).</span> 
     </span>
    </p>
   </div>
  </div>
 </body>
</html>
