2269 3235
114 275 164 302 An.
182 273 210 300 C.
232 271 300 299 1625

176 758 256 783 Quibus
270 757 297 779 ad

113 785 243 811 amputanda
255 785 297 805 dis·
331 800 336 805 .

113 813 170 833 sidia
194 814 297 835 cavatur,

113 839 225 869 quotminus
233 838 297 868 origi-

113 871 179 887 nariis
194 871 255 886 unius
268 870 297 885 ei·

114 893 185 912 vitatis
208 892 296 912 atterius

113 918 177 939 Urbis
193 918 297 939 beneficia

114 944 256 967 conserantur.

919 269 1060 294 URBANUS

309 319 352 352 hil
377 319 516 352 occurrit
551 319 782 362 praestantius,
811 327 904 361 quam
941 322 1049 350 exorta

310 372 390 405 inter
410 371 640 413 christifideles,
657 371 823 416 principis¹
846 370 1047 403 tenebrarum
1066 383 1067 418 t

310 425 432 466 astutia,
449 425 679 459 discordiarum
697 425 833 458 fomenta
846 427 971 457 nostrae
988 423 1049 456 sol·
1066 425 1068 455 t

310 478 480 512 licitudinis
498 489 632 512 occursu
648 478 792 522 protinus
810 476 1002 519 extinguere,
1021 481 1051 508 et

311 533 448 566 cuiusvis
482 532 693 566 altercationis
726 542 780 564 seu
811 530 930 563 dissidii
962 529 1047 562 salu-

311 587 411 620 briter
445 588 541 631 opera
574 588 682 620 nostra
717 585 831 618 evulsis
856 584 1049 626 seminibus,

312 640 398 683 pacis
423 644 452 674 et
476 638 708 683 tranquillitatis
743 638 940 671 dulcedinem
970 632 1069 669 inter*

312 703 375 735 eos,
393 693 498 726 divina
521 692 611 726 nobis
636 692 797 725 assistente
822 691 933 734 gratia,
955 691 1070 734 impo-‡

311 756 387 780 nere
404 752 434 780 et
450 757 636 780 conservare
657 746 824 779 valeamus.
842 745 919 779 Cum
935 744 1050 788 itaque,

313 805 392 833 sicut
416 799 505 834 nobis
530 810 633 844 nuper
652 810 714 833 non
739 800 805 832 sine
830 798 926 831 animi
952 798 1051 831 nostri

313 853 456 888 molestia
480 853 630 894 innotuit,
655 864 672 886 a
696 858 782 886 certo
803 858 943 896 tempore
963 852 1050 893 citra,

313 907 398 941 varia
421 907 570 949 dissidia,
598 907 779 940 inimicitiae
812 912 841 940 et
873 907 943 940 odia
972 906 1053 939 inter

312 961 442 996 dilectos
473 961 555 995 filios
587 961 828 995 communitates
856 966 886 993 et
910 960 1052 994 homines

313 1014 473 1049 civitatum
501 1015 693 1049 Calaritanae
722 1020 752 1048 et
778 1014 973 1055 Turritanae,
999 1024 1052 1047 seu

313 1068 515 1109 Sassarensis,
536 1068 577 1101 ita
597 1068 763 1111 instigante
781 1067 912 1101 humani
928 1068 1053 1111 generis

314 1122 412 1165 hoste,
428 1127 497 1156 orta
516 1122 586 1163 sint,
604 1122 720 1166 scripta
745 1122 838 1155 etiam
864 1121 944 1166 typis
968 1131 1054 1154 man-

314 1175 385 1208 data
410 1186 480 1209 cum
506 1175 730 1219 omnipotentis
754 1174 808 1208 Dei
834 1174 964 1215 offensa,
990 1185 1055 1208 om-

314 1229 464 1272 niumque
489 1234 550 1261 tam
579 1228 694 1261 civium
715 1228 870 1261 dictarum
896 1227 1054 1261 civitatum

315 1292 407 1325 quam
432 1281 587 1315 dictarum
612 1291 822 1325 personarum
847 1280 1055 1314 damnationis

314 1335 465 1378 periculo,
483 1340 512 1368 et
531 1334 642 1379 populi
667 1334 831 1378 utriusque
852 1335 984 1368 civitatis
1001 1335 1056 1367 hu-

314 1388 449 1422 iusmodi
475 1389 620 1422 scandalo
645 1389 831 1431 emanarint,
853 1389 980 1433 ipsaque
998 1389 1057 1421 dis-

314 1442 402 1484 sidia,
429 1443 610 1476 inimicitiae
639 1449 669 1476 et
692 1443 763 1477 odia
790 1443 867 1476 adeo
891 1443 1055 1476 inanimis

314 1507 424 1529 eorum
439 1497 638 1537 invaluerint,
652 1497 794 1542 adeoque
809 1497 920 1530 acerbe
933 1496 1055 1540 vigeant
1073 1534 1074 1537 Ἴ

314 1549 352 1582 de
376 1550 545 1594 praesenti,
570 1555 603 1583 ut
628 1550 654 1583 si
678 1550 739 1583 illis
756 1551 942 1583 durantibus
960 1550 1056 1593 origi-

315 1603 421 1636 narios
445 1603 610 1636 ambarum
636 1604 796 1637 civitatum
821 1603 1002 1637 huiusmodi
1028 1608 1054 1637 et

315 1667 422 1689 earum
440 1657 639 1690 dioecesum⁹
655 1657 693 1690 ad
710 1658 863 1690 beneficia
881 1658 912 1690 in
929 1657 973 1690 eis
987 1668 1057 1691 con-

315 1710 454 1744 sistentia
467 1711 647 1754 promiscue
664 1714 693 1744 et
706 1710 922 1743 indifferenter
935 1710 1055 1743 admitti

316 1764 499 1807 contigerit,
525 1764 577 1797 illa
602 1764 673 1797 iude
698 1764 825 1807 «gravius
851 1764 996 1807 flagrare,
1022 1775 1055 1797 ac

315 1818 455 1851 fomitem
480 1824 511 1851 et
534 1818 698 1851 materiam
731 1818 860 1850 maioris
884 1818 958 1850 mali
982 1828 1056 1850 con-

316 1871 435 1914 cipere,
460 1870 639 1915 diutiusque
663 1871 724 1915 ipsi
749 1871 780 1903 in
804 1871 864 1903 illis
888 1871 1055 1914 persistere

316 1923 467 1957 habeant:
492 1934 548 1957 nos
569 1924 676 1967 igitur,
693 1924 817 1967 quibus,
839 1935 874 1957 ex
892 1924 986 1957 officii
1007 1935 1058 1967 pa-

317 1977 441 2011 storalis
465 1977 557 2011 nobis
587 1977 734 2011 divinitus
757 1977 918 2011 commissi
942 1978 1057 2017 debito,

317 2031 470 2064 incumbit
493 2031 542 2064 his
567 2031 657 2064 malis
675 2036 705 2064 et
725 2031 943 2073 incommodis,
964 2042 1059 2075 quan-

318 2091 384 2118 tum
407 2086 439 2118 in
462 2086 554 2119 nobis
577 2091 633 2126 est,
654 2086 792 2127 obviare,
811 2090 840 2118 et
853 2096 892 2119 ne
913 2085 1058 2128 graviora

318 2138 458 2179 evadant,
482 2144 513 2172 et
536 2149 572 2172 ex
597 2140 679 2172 nova
698 2139 803 2183 aliqua
820 2139 983 2172 occasione
1011 2139 1058 2171 vel

319 2191 450 2224 materia
462 2192 594 2225 ulterius
609 2197 639 2225 et
656 2192 772 2225 diutius
790 2192 902 2224 animis
915 2192 1058 2236 ipsorum

320 2243 434 2276 civium
466 2244 670 2287 inhaereant,
703 2245 922 2288 difficiliusque
951 2249 1059 2288 postea

321 2303 550 2340 componantur
575 2303 604 2331 et
628 2298 787 2340 sedentur,
807 2299 893 2332 omni
911 2309 971 2342 qua
991 2310 1060 2342 pos—

321 2359 429 2383 sumus
459 2353 556 2395 opera
587 2362 623 2385 ac
654 2352 862 2386 sollicitudine
886 2363 1059 2396 procurare

321 2403 490 2447 cupientes,
501 2409 589 2438 motu
604 2405 734 2450 proprio
750 2410 781 2439 et
798 2416 834 2439 ex
848 2407 935 2439 certa
950 2407 1059 2439 nostra

321 2457 460 2499 scientia,
485 2460 671 2503 maturaque
696 2459 922 2493 deliberatione
938 2461 1059 2500 nostra,
1076 2484 1077 2500 ,

321 2519 357 2543 ac
384 2510 423 2544 de
451 2512 641 2555 apostolicae
668 2513 829 2557 potestatis
855 2513 1059 2557 plenitudine,

359 2593 367 2618 1
387 2591 533 2627 Perperam
543 2592 587 2619 ed.
601 2593 683 2620 Main.
696 2593 967 2628 legitchrislifideles
978 2593 1062 2628 prin-

322 2637 405 2672 cipes,
423 2637 463 2672 (R.
481 2637 529 2671 T.).

357 2681 373 2708 ⁵2
389 2681 484 2717 Praep.
501 2682 540 2709 ad
555 2690 603 2709 nos
619 2681 742 2710 addimus
756 2682 796 2718 (a.
811 2684 859 2718 τῇ.

1085 269 1141 293 vm
1164 269 1212 293 1¹1³.

1082 317 1194 349 harum
1209 317 1289 349 serie
1307 315 1471 349 statuimus
1489 319 1517 348 et
1535 313 1728 354 ordinamus,
1738 313 1821 357 quod

1083 380 1119 402 ex
1136 379 1219 402 nunc
1240 373 1269 403 et
1292 369 1449 413 deinceps,
1474 367 1653 401 huiusmodi
1674 366 1822 407 dissidiis,

1083 423 1316 463 controversiis,
1343 422 1514 455 inimicitiis
1536 427 1566 455 et
1583 420 1693 464 iurgiis
1721 421 1824 463 vigen-

1084 476 1165 508 tibus
1183 486 1236 509 seu
1254 476 1450 516 durantibus,
1475 480 1504 510 et
1528 476 1627 509 donec
1651 479 1682 507 et
1705 484 1823 518 quous-

1084 540 1145 573 que
1160 529 1211 561 illa
1228 529 1350 572 penitus
1367 540 1489 562 cessare
1508 534 1537 561 et
1554 528 1729 573 composita
1746 538 1823 567 esse,

1068 593 1119 627 ¹ac
1145 582 1228 615 cives
1253 583 1338 626 ipsos
1359 582 1397 614 ad
1419 586 1557 616 mutuam
1576 581 1777 615 concordiam
1796 584 1825 614 et

1085 647 1193 680 pacem
1221 635 1350 669 rediisse
1375 636 1561 675 constiterit,
1586 640 1615 668 et
1640 635 1765 668 interim
1787 634 1825 667 ad

1085 695 1226 723 nostrum
1256 695 1285 721 et
1313 689 1400 722 Sedis
1417 689 1613 733 Apostolicae
1640 688 1823 732 beneplaci-

1068 748 1162 785 itum,
1177 742 1282 776 omnia
1303 746 1332 774 et
1352 742 1476 785 singula
1500 741 1654 774 beneficia
1679 741 1826 774 ecclesia-

1086 796 1161 829 stica
1190 796 1221 828 in
1251 795 1428 828 civitatibus
1459 800 1489 828 et
1516 794 1713 828 dioecesibus
1729 804 1823 838 prae-

1086 849 1176 882 dictis
1200 860 1283 882 nunc
1311 853 1341 882 et
1364 860 1423 893 pro
1448 853 1591 893 tempore
1616 848 1826 885 consistentia,

1086 903 1207 936 etiamsi
1239 903 1290 935 illa
1323 903 1524 936 canonicatus
1549 907 1579 935 et
1609 901 1826 946 praebendae,

1086 956 1263 1000 dignitates,
1281 961 1476 1000 personatus,
1491 955 1778 989 administrationes
1799 960 1828 987 et

1086 1010 1188 1043 officia
1212 1010 1243 1043 in
1268 1010 1499 1043 cathedralibus
1528 1014 1558 1043 et
1578 1009 1829 1054 metropolitanis

1086 1064 1134 1096 vel
1148 1063 1320 1107 collegiatis
1338 1063 1488 1104 ecclesiis,
1506 1068 1537 1096 et
1557 1062 1725 1106 dignitates
1742 1063 1828 1106 ipsae

1087 1116 1119 1149 in
1132 1116 1363 1150 cathedralibus
1383 1117 1476 1150 etiam
1494 1116 1744 1160 metropolitanis
1758 1121 1829 1160 post

1087 1170 1281 1213 pontificales
1305 1170 1451 1210 maiores,
1475 1175 1525 1203 aut
1544 1170 1718 1213 collegiatis
1735 1170 1829 1203 eccle—

1088 1223 1141 1255 siis
1165 1215 1345 1257 huiusmodi
1370 1223 1570 1267 principales,
1595 1233 1650 1256 seu
1667 1223 1829 1267 parochia-

1088 1277 1132 1310 les
1157 1277 1315 1318 ecclesiae,
1341 1282 1394 1310 aut
1417 1287 1524 1310 earum
1550 1282 1722 1321 perpetuae
1748 1278 1829 1311 vica-

1089 1330 1164 1372 riae,
1189 1342 1224 1364 ac
1250 1331 1280 1363 in
1298 1332 1438 1364 Romana
1457 1331 1549 1364 Curia
1575 1331 1621 1363 vel
1650 1335 1737 1363 extra
1761 1341 1828 1363 eam

1089 1385 1234 1427 litigiosa,
1264 1395 1300 1417 ac
1328 1384 1365 1417 de
1394 1384 1649 1428 inrepatronatus
1676 1384 1829 1417 laicorum

1089 1438 1182 1472 etiam
1207 1438 1360 1471 nobilium
1387 1443 1416 1471 et
1441 1439 1622 1479 illustrium,
1640 1449 1695 1471 seu
1719 1449 1830 1471 eorum

1090 1497 1119 1524 et
1144 1492 1333 1524 elericorum
1358 1491 1491 1532 mixtim,
1517 1502 1552 1524 ac
1577 1501 1613 1524 ex
1638 1491 1830 1531 fundatione,

1073 1540 1136 1578 'vel
1163 1545 1332 1585 dotatione,
1357 1550 1409 1577 aut
1435 1545 1555 1578 indulto
1580 1544 1762 1588 apostolico,
1777 1555 1830 1577 seu

1090 1599 1164 1632 alias
1181 1598 1419 1642 quomodolibet
1431 1599 1609 1642 qualismata
1629 1599 1691 1632 sint
1706 1599 1753 1631 vel
1770 1599 1832 1631 fue-

1073 1653 1162 1691 lrint,
1184 1656 1213 1686 et
1233 1652 1271 1684 ad
1296 1652 1347 1684 illa
1372 1652 1593 1685 consueverint
1617 1651 1669 1695 qui
1695 1652 1832 1695 per-ele-

1073 1707 1224 1740 :ctionem
1251 1706 1387 1745 assumi,
1414 1706 1538 1749 illisque
1564 1716 1638 1738 cura
1671 1705 1831 1738 immineat

1090 1761 1265 1793 animarum
1281 1759 1432 1803 (exceptis
1452 1759 1489 1791 iis
1508 1756 1679 1799 benefieiis,
1698 1768 1777 1801 quae
1794 1758 1831 1790 dc·

1090 1814 1266 1847 charissimi
1292 1814 1323 1846 in
1347 1813 1470 1847 Christo
1495 1812 1550 1845 filii
1575 1813 1674 1845 nostri
1695 1812 1831 1856 Philippi

1090 1868 1310 1912 Hispaniarum
1344 1867 1428 1910 regis
1459 1866 1623 1905 catholici,
1655 1866 1707 1909 qui
1738 1866 1831 1898 etiam

1090 1921 1249 1955 Sardiniae
1275 1932 1329 1953 rex
1347 1920 1460 1961 existit,
1479 1923 1508 1954 et
1523 1930 1741 1952 successorum
1760 1930 1832 1952 suo-

1091 1986 1160 2008 rum
1179 1975 1436 2019 iurepatronatus
1453 1984 1489 2006 ex
1512 1973 1693 2006 fundatione
1711 1973 1757 2005 vel
1775 1973 1832 2005 do-‘

1093 2030 1206 2062 tatione
1225 2040 1279 2062 seu
1304 2039 1340 2061 ex
1364 2027 1531 2072 privilegio
1553 2026 1726 2071 apostolico
1749 2037 1832 2059 nunc

1092 2087 1163 2115 sunt
1186 2086 1216 2115 et
1241 2092 1300 2126 pro
1326 2086 1469 2125 tempore
1494 2085 1597 2121 erunt,
1615 2079 1652 2112 ad
1673 2090 1762 2123 quae,
1780 2089 1834 2112 un-

1091 2147 1185 2181 quam
1211 2136 1268 2169 sub
1292 2135 1448 2179 praesenti
1473 2139 1588 2167 statuto
1605 2134 1735 2166 minime
1752 2144 1834 2167 com-

1092 2191 1258 2234 prehensa,
1284 2189 1419 2221 liberum
1443 2188 1481 2220 sit
1509 2187 1569 2231 ipsi
1589 2187 1656 2230 regi
1678 2187 1833 2220 catholico

1092 2254 1175 2276 nunc
1207 2247 1237 2276 et
1269 2253 1327 2286 pro
1357 2246 1500 2285 tempore
1533 2240 1676 2273 existenti
1707 2240 1832 2284 quasvis

1091 2307 1241 2341 personas
1254 2296 1382 2329 idoneas
1395 2295 1620 2339 praesentare),
1635 2294 1757 2338 quoties
1770 2294 1831 2333 illa,

1092 2361 1171 2394 quae
1185 2349 1304 2383 scilicet
1320 2349 1358 2382 de
1376 2349 1631 2392 inrepatronatus
1648 2347 1733 2391 regis
1746 2357 1834 2391 prae-

1092 2404 1166 2437 dicti
1179 2414 1242 2437 non
1255 2403 1399 2444 existant,
1412 2412 1469 2446 per
1482 2412 1615 2441 cessum,
1629 2401 1722 2434 etiam
1740 2403 1833 2434 causa

1092 2456 1342 2501 permutationis,
1360 2455 1407 2488 vel
1425 2455 1599 2504 decessum,
1618 2465 1672 2487 seu
1689 2454 1832 2498 quamvis

1093 2512 1183 2544 aliam
1198 2511 1413 2543 dimissionem
1428 2509 1475 2542 vel
1490 2508 1691 2541 amissionem
1705 2513 1757 2541 aut
1773 2508 1834 2551 pri-

1093 2566 1249 2599 vationem
1275 2575 1311 2597 ea
1343 2574 1402 2608 pro
1431 2567 1574 2607 tempore
1601 2562 1832 2602 obtinentium,

1094 2631 1147 2653 scu
1174 2620 1222 2652 ius
1254 2619 1285 2651 in
1317 2618 1378 2650 illis
1403 2617 1451 2650 vel
1483 2617 1521 2650 ad
1546 2617 1598 2650 illa
1628 2616 1832 2657 habentium,

1096 2678 1147 2706 aut
1172 2672 1246 2706 alias
1263 2671 1374 2715 quovis
1391 2671 1496 2713 modo,
1512 2681 1547 2703 ac
1565 2670 1659 2704 etiam
1677 2670 1708 2703 in
1728 2669 1834 2713 aliquo

1723 255 1788 290 0285
1835 265 1885 292 An.
1903 264 1931 291 c.
1953 263 2023 292 1625
