<?xml version="1.0" encoding="UTF-8"?>
<!DOCTYPE html PUBLIC "-//W3C//DTD XHTML 1.0 Transitional//EN"
    "http://www.w3.org/TR/xhtml1/DTD/xhtml1-transitional.dtd">
<html xmlns="http://www.w3.org/1999/xhtml" xml:lang="en" lang="en">
 <head>
  <title>
</title>
<meta http-equiv="Content-Type" content="text/html;charset=utf-8" />
  <meta name='ocr-system' content='tesseract 3.04.00' />
  <meta name='ocr-capabilities' content='ocr_page ocr_carea ocr_par ocr_line ocrx_word'/>
</head>
<body>
  <div class='ocr_page' id='page_1' title='image "./bullarumdiplomat13cath_0666.png"; bbox 0 0 2269 3235; ppageno 0'>
   <div class='ocr_carea' id='block_1_1' title="bbox 176 241 464 278">
    <p class='ocr_par' dir='ltr' id='par_1_1' title="bbox 176 241 464 278">
     <span class='ocr_line' id='line_1_1' title="bbox 176 241 464 278; baseline -0.021 0"><span class='ocrx_word' id='word_1_1' title='bbox 176 251 212 278; x_wconf 71' lang='lat' dir='ltr'>An</span> <span class='ocrx_word' id='word_1_2' title='bbox 235 251 263 276; x_wconf 69' lang='grc' dir='ltr'>(ἶ.</span> <span class='ocrx_word' id='word_1_3' title='bbox 290 250 354 276; x_wconf 52' lang='lat' dir='ltr'>tre-&gt;8</span> <span class='ocrx_word' id='word_1_4' title='bbox 401 241 464 274; x_wconf 52' lang='lat' dir='ltr'>(³¹27.ss</span> 
     </span>
    </p>
   </div>
   <div class='ocr_carea' id='block_1_2' title="bbox 373 249 1128 2429">
    <p class='ocr_par' dir='ltr' id='par_1_2' title="bbox 373 249 1128 2429">
     <span class='ocr_line' id='line_1_2' title="bbox 951 249 1128 272; baseline -0.006 0"><span class='ocrx_word' id='word_1_5' title='bbox 951 249 1128 272; x_wconf 53' lang='lat' dir='ltr'>numanum</span> 
     </span>
     <span class='ocr_line' id='line_1_3' title="bbox 374 297 1113 341; baseline -0.001 -11"><span class='ocrx_word' id='word_1_6' title='bbox 374 305 465 335; x_wconf 69' lang='lat' dir='ltr'>sirus,</span> <span class='ocrx_word' id='word_1_7' title='bbox 480 309 514 331; x_wconf 79' lang='lat' dir='ltr'>ac</span> <span class='ocrx_word' id='word_1_8' title='bbox 529 299 605 330; x_wconf 74' lang='lat' dir='ltr'>alios</span> <span class='ocrx_word' id='word_1_9' title='bbox 623 308 837 341; x_wconf 76' lang='lat' dir='ltr'>quoscumque</span> <span class='ocrx_word' id='word_1_10' title='bbox 855 297 1035 339; x_wconf 69' lang='lat' dir='ltr'>superiores</span> <span class='ocrx_word' id='word_1_11' title='bbox 1051 308 1113 329; x_wconf 88' lang='lat' dir='ltr'>mo-</span> 
     </span>
     <span class='ocr_line' id='line_1_4' title="bbox 375 350 1112 393; baseline -0.004 -9"><span class='ocrx_word' id='word_1_12' title='bbox 375 352 593 391; x_wconf 68' lang='lat' dir='ltr'>nasim-iormn,</span> <span class='ocrx_word' id='word_1_13' title='bbox 621 353 648 383; x_wconf 88' lang='lat' dir='ltr'>in</span> <span class='ocrx_word' id='word_1_14' title='bbox 675 352 787 393; x_wconf 70' lang='lat' dir='ltr'>quilius</span> <span class='ocrx_word' id='word_1_15' title='bbox 807 350 988 382; x_wconf 79' lang='lat' dir='ltr'>reformatio</span> <span class='ocrx_word' id='word_1_16' title='bbox 1010 350 1112 381; x_wconf 83' lang='lat' dir='ltr'>liuius-</span> 
     </span>
     <span class='ocr_line' id='line_1_5' title="bbox 375 404 1111 441; baseline -0.004 -3"><span class='ocrx_word' id='word_1_17' title='bbox 375 407 457 439; x_wconf 80' lang='lat' dir='ltr'>uiodi</span> <span class='ocrx_word' id='word_1_18' title='bbox 486 408 544 438; x_wconf 82' lang='lat' dir='ltr'>iam</span> <span class='ocrx_word' id='word_1_19' title='bbox 571 406 746 437; x_wconf 66' lang='lat' dir='ltr'>intruduvta</span> <span class='ocrx_word' id='word_1_20' title='bbox 772 410 827 441; x_wconf 70' lang='lat' dir='ltr'>est,</span> <span class='ocrx_word' id='word_1_21' title='bbox 853 414 905 435; x_wconf 83' lang='lat' dir='ltr'>seu</span> <span class='ocrx_word' id='word_1_22' title='bbox 934 404 1111 436; x_wconf 83' lang='lat' dir='ltr'>introduce-</span> 
     </span>
     <span class='ocr_line' id='line_1_6' title="bbox 375 456 1111 500; baseline -0.005 -8"><span class='ocrx_word' id='word_1_23' title='bbox 375 466 425 492; x_wconf 84' lang='lat' dir='ltr'>tur</span> <span class='ocrx_word' id='word_1_24' title='bbox 444 461 471 491; x_wconf 90' lang='lat' dir='ltr'>in</span> <span class='ocrx_word' id='word_1_25' title='bbox 493 460 641 494; x_wconf 75' lang='lat' dir='ltr'>l&#39;uturum,</span> <span class='ocrx_word' id='word_1_26' title='bbox 660 458 779 489; x_wconf 65' lang='lat' dir='ltr'>etiamsi</span> <span class='ocrx_word' id='word_1_27' title='bbox 807 457 865 500; x_wconf 76' lang='lat' dir='ltr'>ipsi</span> <span class='ocrx_word' id='word_1_28' title='bbox 888 457 917 488; x_wconf 96' lang='lat' dir='ltr'>in</span> <span class='ocrx_word' id='word_1_29' title='bbox 939 456 1019 489; x_wconf 70' lang='lat' dir='ltr'>dicta</span> <span class='ocrx_word' id='word_1_30' title='bbox 1039 467 1111 489; x_wconf 87' lang='lat' dir='ltr'>con-</span> 
     </span>
     <span class='ocr_line' id='line_1_7' title="bbox 374 510 1113 553; baseline -0.004 -9"><span class='ocrx_word' id='word_1_31' title='bbox 374 513 555 553; x_wconf 66' lang='lat' dir='ltr'>gregatiom·</span> <span class='ocrx_word' id='word_1_32' title='bbox 581 512 608 543; x_wconf 81' lang='lat' dir='ltr'>S.</span> <span class='ocrx_word' id='word_1_33' title='bbox 629 511 723 543; x_wconf 78' lang='lat' dir='ltr'>Mauri</span> <span class='ocrx_word' id='word_1_34' title='bbox 751 521 806 553; x_wconf 88' lang='lat' dir='ltr'>per</span> <span class='ocrx_word' id='word_1_35' title='bbox 832 516 955 553; x_wconf 82' lang='lat' dir='ltr'>tempus</span> <span class='ocrx_word' id='word_1_36' title='bbox 974 510 1003 542; x_wconf 91' lang='lat' dir='ltr'>in</span> <span class='ocrx_word' id='word_1_37' title='bbox 1031 510 1113 542; x_wconf 86' lang='lat' dir='ltr'>illius</span> 
     </span>
     <span class='ocr_line' id='line_1_8' title="bbox 374 563 1114 606; baseline -0.004 -9"><span class='ocrx_word' id='word_1_38' title='bbox 374 565 647 597; x_wconf 70' lang='lat' dir='ltr'>constitutionilms</span> <span class='ocrx_word' id='word_1_39' title='bbox 665 570 692 595; x_wconf 82' lang='lat' dir='ltr'>et</span> <span class='ocrx_word' id='word_1_40' title='bbox 715 564 826 596; x_wconf 87' lang='lat' dir='ltr'>litteris</span> <span class='ocrx_word' id='word_1_41' title='bbox 844 563 1013 606; x_wconf 83' lang='lat' dir='ltr'>praedictis</span> <span class='ocrx_word' id='word_1_42' title='bbox 1027 574 1114 606; x_wconf 79' lang='lat' dir='ltr'>pras·-</span> 
     </span>
     <span class='ocr_line' id='line_1_9' title="bbox 374 616 1112 660; baseline -0.001 -10"><span class='ocrx_word' id='word_1_43' title='bbox 374 620 468 651; x_wconf 70' lang='lat' dir='ltr'>lixum</span> <span class='ocrx_word' id='word_1_44' title='bbox 488 629 547 650; x_wconf 89' lang='lat' dir='ltr'>non</span> <span class='ocrx_word' id='word_1_45' title='bbox 563 619 780 656; x_wconf 70' lang='lat' dir='ltr'>remanserint,</span> <span class='ocrx_word' id='word_1_46' title='bbox 794 616 848 649; x_wconf 86' lang='lat' dir='ltr'>ad¹</span> <span class='ocrx_word' id='word_1_47' title='bbox 867 617 1112 660; x_wconf 61' lang='lat' dir='ltr'>sapei-tornatos,</span> 
     </span>
     <span class='ocr_line' id='line_1_10' title="bbox 374 670 1113 714; baseline 0 -11"><span class='ocrx_word' id='word_1_48' title='bbox 374 682 514 709; x_wconf 74' lang='lat' dir='ltr'>munera,</span> <span class='ocrx_word' id='word_1_49' title='bbox 540 671 704 714; x_wconf 73' lang='lat' dir='ltr'>olliriaque</span> <span class='ocrx_word' id='word_1_50' title='bbox 729 670 919 709; x_wconf 80' lang='lat' dir='ltr'>huiusmodi,</span> <span class='ocrx_word' id='word_1_51' title='bbox 941 670 1113 703; x_wconf 84' lang='lat' dir='ltr'>dummodo</span> 
     </span>
     <span class='ocr_line' id='line_1_11' title="bbox 373 723 1113 767; baseline 0 -12"><span class='ocrx_word' id='word_1_52' title='bbox 373 725 447 756; x_wconf 70' lang='lat' dir='ltr'>:ilias</span> <span class='ocrx_word' id='word_1_53' title='bbox 465 725 500 755; x_wconf 71' lang='lat' dir='ltr'>iul</span> <span class='ocrx_word' id='word_1_54' title='bbox 521 724 547 755; x_wconf 72' lang='lat' dir='ltr'>iu</span> <span class='ocrx_word' id='word_1_55' title='bbox 569 724 669 756; x_wconf 74' lang='lat' dir='ltr'>idonei</span> <span class='ocrx_word' id='word_1_56' title='bbox 689 724 804 767; x_wconf 71' lang='lat' dir='ltr'>reperti</span> <span class='ocrx_word' id='word_1_57' title='bbox 826 723 950 761; x_wconf 86' lang='lat' dir='ltr'>l&#39;uerint,</span> <span class='ocrx_word' id='word_1_58' title='bbox 965 724 1113 756; x_wconf 76' lang='lat' dir='ltr'>canonice</span> 
     </span>
     <span class='ocr_line' id='line_1_12' title="bbox 373 776 1114 818; baseline -0.001 -10"><span class='ocrx_word' id='word_1_59' title='bbox 373 777 499 818; x_wconf 66' lang='lat' dir='ltr'>eligere,</span> <span class='ocrx_word' id='word_1_60' title='bbox 526 782 555 808; x_wconf 85' lang='lat' dir='ltr'>et</span> <span class='ocrx_word' id='word_1_61' title='bbox 581 787 648 815; x_wconf 79' lang='lat' dir='ltr'>eos,</span> <span class='ocrx_word' id='word_1_62' title='bbox 675 788 727 809; x_wconf 86' lang='lat' dir='ltr'>sen</span> <span class='ocrx_word' id='word_1_63' title='bbox 754 777 840 817; x_wconf 88' lang='lat' dir='ltr'>alios,</span> <span class='ocrx_word' id='word_1_64' title='bbox 866 787 919 808; x_wconf 91' lang='lat' dir='ltr'>seu</span> <span class='ocrx_word' id='word_1_65' title='bbox 945 777 1036 809; x_wconf 85' lang='lat' dir='ltr'>eliam</span> <span class='ocrx_word' id='word_1_66' title='bbox 1062 776 1114 808; x_wconf 91' lang='lat' dir='ltr'>de-</span> 
     </span>
     <span class='ocr_line' id='line_1_13' title="bbox 373 829 1112 872; baseline -0.003 -10"><span class='ocrx_word' id='word_1_67' title='bbox 373 832 514 862; x_wconf 68' lang='lat' dir='ltr'>finitores</span> <span class='ocrx_word' id='word_1_68' title='bbox 538 841 573 863; x_wconf 86' lang='lat' dir='ltr'>ac</span> <span class='ocrx_word' id='word_1_69' title='bbox 598 831 795 869; x_wconf 67' lang='lat' dir='ltr'>visitatores,</span> <span class='ocrx_word' id='word_1_70' title='bbox 829 829 865 861; x_wconf 90' lang='lat' dir='ltr'>ad</span> <span class='ocrx_word' id='word_1_71' title='bbox 900 835 1021 872; x_wconf 87' lang='lat' dir='ltr'>tempus</span> <span class='ocrx_word' id='word_1_72' title='bbox 1051 835 1112 861; x_wconf 88' lang='lat' dir='ltr'>tam</span> 
     </span>
     <span class='ocr_line' id='line_1_14' title="bbox 374 883 1115 927; baseline -0.003 -11"><span class='ocrx_word' id='word_1_73' title='bbox 374 884 450 916; x_wconf 84' lang='lat' dir='ltr'>citra</span> <span class='ocrx_word' id='word_1_74' title='bbox 468 895 561 927; x_wconf 86' lang='lat' dir='ltr'>quam</span> <span class='ocrx_word' id='word_1_75' title='bbox 583 885 663 916; x_wconf 84' lang='lat' dir='ltr'>ultra</span> <span class='ocrx_word' id='word_1_76' title='bbox 682 884 848 915; x_wconf 83' lang='lat' dir='ltr'>terminum</span> <span class='ocrx_word' id='word_1_77' title='bbox 872 883 901 915; x_wconf 88' lang='lat' dir='ltr'>in</span> <span class='ocrx_word' id='word_1_78' title='bbox 923 883 1023 915; x_wconf 87' lang='lat' dir='ltr'>dictae</span> <span class='ocrx_word' id='word_1_79' title='bbox 1044 893 1115 915; x_wconf 83' lang='lat' dir='ltr'>con—</span> 
     </span>
     <span class='ocr_line' id='line_1_15' title="bbox 373 936 1115 980; baseline -0.001 -11"><span class='ocrx_word' id='word_1_80' title='bbox 373 939 565 980; x_wconf 72' lang='lat' dir='ltr'>gregationis</span> <span class='ocrx_word' id='word_1_81' title='bbox 587 937 863 969; x_wconf 80' lang='lat' dir='ltr'>constitutionibus</span> <span class='ocrx_word' id='word_1_82' title='bbox 888 941 918 968; x_wconf 84' lang='lat' dir='ltr'>et</span> <span class='ocrx_word' id='word_1_83' title='bbox 943 936 1025 968; x_wconf 90' lang='lat' dir='ltr'>illius</span> <span class='ocrx_word' id='word_1_84' title='bbox 1051 946 1115 968; x_wconf 81' lang='lat' dir='ltr'>ere-</span> 
     </span>
     <span class='ocr_line' id='line_1_16' title="bbox 374 989 1115 1033; baseline -0.004 -9"><span class='ocrx_word' id='word_1_85' title='bbox 374 992 485 1024; x_wconf 79' lang='lat' dir='ltr'>ctionis</span> <span class='ocrx_word' id='word_1_86' title='bbox 512 991 623 1023; x_wconf 85' lang='lat' dir='ltr'>litteris</span> <span class='ocrx_word' id='word_1_87' title='bbox 649 990 833 1033; x_wconf 79' lang='lat' dir='ltr'>praefixum,</span> <span class='ocrx_word' id='word_1_88' title='bbox 859 989 883 1021; x_wconf 91' lang='lat' dir='ltr'>si</span> <span class='ocrx_word' id='word_1_89' title='bbox 909 989 946 1021; x_wconf 80' lang='lat' dir='ltr'>ad</span> <span class='ocrx_word' id='word_1_90' title='bbox 970 989 998 1021; x_wconf 92' lang='lat' dir='ltr'>id</span> <span class='ocrx_word' id='word_1_91' title='bbox 1024 995 1115 1031; x_wconf 84' lang='lat' dir='ltr'>cogat</span> 
     </span>
     <span class='ocr_line' id='line_1_17' title="bbox 374 1042 1114 1087; baseline -0.005 -10"><span class='ocrx_word' id='word_1_92' title='bbox 374 1045 542 1077; x_wconf 56' lang='lat' dir='ltr'>necessitas</span> <span class='ocrx_word' id='word_1_93' title='bbox 574 1048 602 1077; x_wconf 86' lang='lat' dir='ltr'>et</span> <span class='ocrx_word' id='word_1_94' title='bbox 635 1044 833 1087; x_wconf 68' lang='lat' dir='ltr'>superiorum</span> <span class='ocrx_word' id='word_1_95' title='bbox 867 1042 1029 1086; x_wconf 72' lang='lat' dir='ltr'>capacium</span> <span class='ocrx_word' id='word_1_96' title='bbox 1061 1052 1114 1085; x_wconf 88' lang='lat' dir='ltr'>pe-</span> 
     </span>
     <span class='ocr_line' id='line_1_18' title="bbox 374 1096 1115 1140; baseline -0.003 -10"><span class='ocrx_word' id='word_1_97' title='bbox 374 1099 473 1135; x_wconf 80' lang='lat' dir='ltr'>nuria,</span> <span class='ocrx_word' id='word_1_98' title='bbox 495 1097 596 1140; x_wconf 80' lang='lat' dir='ltr'>quoad</span> <span class='ocrx_word' id='word_1_99' title='bbox 616 1109 713 1139; x_wconf 72' lang='lat' dir='ltr'>usquc</span> <span class='ocrx_word' id='word_1_100' title='bbox 729 1097 860 1129; x_wconf 77' lang='lat' dir='ltr'>validior</span> <span class='ocrx_word' id='word_1_101' title='bbox 880 1098 931 1128; x_wconf 83' lang='lat' dir='ltr'>liat</span> <span class='ocrx_word' id='word_1_102' title='bbox 950 1096 1030 1128; x_wconf 86' lang='lat' dir='ltr'>dicta</span> <span class='ocrx_word' id='word_1_103' title='bbox 1045 1107 1115 1129; x_wconf 88' lang='lat' dir='ltr'>con-</span> 
     </span>
     <span class='ocr_line' id='line_1_19' title="bbox 373 1150 1113 1194; baseline -0.001 -11"><span class='ocrx_word' id='word_1_104' title='bbox 373 1152 515 1194; x_wconf 62' lang='lat' dir='ltr'>gregatio</span> <span class='ocrx_word' id='word_1_105' title='bbox 541 1152 568 1183; x_wconf 84' lang='lat' dir='ltr'>S.</span> <span class='ocrx_word' id='word_1_106' title='bbox 596 1151 715 1190; x_wconf 69' lang='lat' dir='ltr'>Mauri,</span> <span class='ocrx_word' id='word_1_107' title='bbox 748 1156 775 1183; x_wconf 85' lang='lat' dir='ltr'>el</span> <span class='ocrx_word' id='word_1_108' title='bbox 803 1161 860 1194; x_wconf 87' lang='lat' dir='ltr'>pro</span> <span class='ocrx_word' id='word_1_109' title='bbox 895 1151 977 1183; x_wconf 88' lang='lat' dir='ltr'>bono</span> <span class='ocrx_word' id='word_1_110' title='bbox 1009 1150 1113 1190; x_wconf 90' lang='lat' dir='ltr'>illius,</span> 
     </span>
     <span class='ocr_line' id='line_1_20' title="bbox 374 1204 1114 1248; baseline -0.003 -10"><span class='ocrx_word' id='word_1_111' title='bbox 374 1206 411 1238; x_wconf 84' lang='lat' dir='ltr'>ad</span> <span class='ocrx_word' id='word_1_112' title='bbox 445 1206 608 1237; x_wconf 80' lang='lat' dir='ltr'>arbitrium</span> <span class='ocrx_word' id='word_1_113' title='bbox 643 1205 769 1248; x_wconf 81' lang='lat' dir='ltr'>capituli</span> <span class='ocrx_word' id='word_1_114' title='bbox 803 1204 958 1246; x_wconf 80' lang='lat' dir='ltr'>generalis</span> <span class='ocrx_word' id='word_1_115' title='bbox 991 1204 1021 1235; x_wconf 94' lang='lat' dir='ltr'>in</span> <span class='ocrx_word' id='word_1_116' title='bbox 1051 1204 1114 1236; x_wconf 90' lang='lat' dir='ltr'>suis</span> 
     </span>
     <span class='ocr_line' id='line_1_21' title="bbox 375 1257 1115 1301; baseline -0.001 -11"><span class='ocrx_word' id='word_1_117' title='bbox 375 1259 660 1301; x_wconf 60' lang='lat' dir='ltr'>sul‘ierioritatilius,</span> <span class='ocrx_word' id='word_1_118' title='bbox 674 1258 784 1291; x_wconf 80' lang='lat' dir='ltr'>osliciis</span> <span class='ocrx_word' id='word_1_119' title='bbox 802 1263 831 1290; x_wconf 86' lang='lat' dir='ltr'>et</span> <span class='ocrx_word' id='word_1_120' title='bbox 850 1257 1033 1290; x_wconf 82' lang='lat' dir='ltr'>muneribus</span> <span class='ocrx_word' id='word_1_121' title='bbox 1045 1268 1115 1290; x_wconf 87' lang='lat' dir='ltr'>con-</span> 
     </span>
     <span class='ocr_line' id='line_1_22' title="bbox 375 1310 1115 1349; baseline -0.003 -6"><span class='ocrx_word' id='word_1_122' title='bbox 375 1313 516 1349; x_wconf 64' lang='lat' dir='ltr'>tinuareg</span> <span class='ocrx_word' id='word_1_123' title='bbox 542 1318 570 1344; x_wconf 83' lang='lat' dir='ltr'>et</span> <span class='ocrx_word' id='word_1_124' title='bbox 598 1313 769 1344; x_wconf 69' lang='lat' dir='ltr'>monac-lios</span> <span class='ocrx_word' id='word_1_125' title='bbox 794 1311 832 1343; x_wconf 89' lang='lat' dir='ltr'>ad</span> <span class='ocrx_word' id='word_1_126' title='bbox 857 1321 963 1344; x_wconf 82' lang='lat' dir='ltr'>sacros</span> <span class='ocrx_word' id='word_1_127' title='bbox 988 1310 1115 1343; x_wconf 83' lang='lat' dir='ltr'>ordines</span> 
     </span>
     <span class='ocr_line' id='line_1_23' title="bbox 375 1366 1116 1409; baseline 0 -12"><span class='ocrx_word' id='word_1_128' title='bbox 375 1366 600 1409; x_wconf 78' lang='lat' dir='ltr'>suscipiendos,</span> <span class='ocrx_word' id='word_1_129' title='bbox 613 1375 673 1399; x_wconf 93' lang='lat' dir='ltr'>non</span> <span class='ocrx_word' id='word_1_130' title='bbox 689 1370 851 1408; x_wconf 79' lang='lat' dir='ltr'>expectato</span> <span class='ocrx_word' id='word_1_131' title='bbox 874 1369 1015 1408; x_wconf 87' lang='lat' dir='ltr'>tempore</span> <span class='ocrx_word' id='word_1_132' title='bbox 1028 1375 1116 1408; x_wconf 84' lang='lat' dir='ltr'>prac-</span> 
     </span>
     <span class='ocr_line' id='line_1_24' title="bbox 374 1419 1112 1463; baseline -0.001 -11"><span class='ocrx_word' id='word_1_133' title='bbox 374 1420 435 1452; x_wconf 71' lang='lat' dir='ltr'>sivo</span> <span class='ocrx_word' id='word_1_134' title='bbox 462 1431 518 1463; x_wconf 80' lang='lat' dir='ltr'>per</span> <span class='ocrx_word' id='word_1_135' title='bbox 550 1420 674 1452; x_wconf 81' lang='lat' dir='ltr'>easdem</span> <span class='ocrx_word' id='word_1_136' title='bbox 712 1419 949 1452; x_wconf 62' lang='lat' dir='ltr'>constitutiones</span> <span class='ocrx_word' id='word_1_137' title='bbox 980 1423 1009 1452; x_wconf 87' lang='lat' dir='ltr'>et</span> <span class='ocrx_word' id='word_1_138' title='bbox 1041 1429 1112 1451; x_wconf 45' lang='lat' dir='ltr'>ere*</span> 
     </span>
     <span class='ocr_line' id='line_1_25' title="bbox 376 1472 1116 1511; baseline -0.001 -6"><span class='ocrx_word' id='word_1_139' title='bbox 376 1473 487 1505; x_wconf 69' lang='lat' dir='ltr'>clionis</span> <span class='ocrx_word' id='word_1_140' title='bbox 513 1473 641 1511; x_wconf 84' lang='lat' dir='ltr'>litteras,</span> <span class='ocrx_word' id='word_1_141' title='bbox 667 1472 840 1505; x_wconf 88' lang='lat' dir='ltr'>dummodo</span> <span class='ocrx_word' id='word_1_142' title='bbox 865 1472 957 1505; x_wconf 74' lang='lat' dir='ltr'>etia‘m</span> <span class='ocrx_word' id='word_1_143' title='bbox 976 1473 1051 1505; x_wconf 78' lang='lat' dir='ltr'>alias</span> <span class='ocrx_word' id='word_1_144' title='bbox 1068 1482 1116 1504; x_wconf 85' lang='lat' dir='ltr'>ae-</span> 
     </span>
     <span class='ocr_line' id='line_1_26' title="bbox 375 1525 1115 1567; baseline -0.001 -9"><span class='ocrx_word' id='word_1_145' title='bbox 375 1532 446 1567; x_wconf 82' lang='lat' dir='ltr'>tate,</span> <span class='ocrx_word' id='word_1_146' title='bbox 474 1526 615 1558; x_wconf 82' lang='lat' dir='ltr'>moribus</span> <span class='ocrx_word' id='word_1_147' title='bbox 628 1532 658 1558; x_wconf 84' lang='lat' dir='ltr'>et</span> <span class='ocrx_word' id='word_1_148' title='bbox 671 1526 811 1560; x_wconf 74' lang='lat' dir='ltr'>doctrina</span> <span class='ocrx_word' id='word_1_149' title='bbox 826 1526 864 1558; x_wconf 87' lang='lat' dir='ltr'>ad</span> <span class='ocrx_word' id='word_1_150' title='bbox 882 1526 910 1558; x_wconf 85' lang='lat' dir='ltr'>id</span> <span class='ocrx_word' id='word_1_151' title='bbox 929 1525 989 1559; x_wconf 89' lang='lat' dir='ltr'>sint</span> <span class='ocrx_word' id='word_1_152' title='bbox 1002 1526 1115 1565; x_wconf 87' lang='lat' dir='ltr'>idonei,</span> 
     </span>
     <span class='ocr_line' id='line_1_27' title="bbox 376 1579 1115 1622; baseline -0.003 -10"><span class='ocrx_word' id='word_1_153' title='bbox 376 1590 411 1612; x_wconf 86' lang='lat' dir='ltr'>ae</span> <span class='ocrx_word' id='word_1_154' title='bbox 425 1580 555 1613; x_wconf 79' lang='lat' dir='ltr'>servatis</span> <span class='ocrx_word' id='word_1_155' title='bbox 572 1579 742 1620; x_wconf 82' lang='lat' dir='ltr'>servandis,</span> <span class='ocrx_word' id='word_1_156' title='bbox 757 1579 1115 1622; x_wconf 41' lang='lat' dir='ltr'>transmitteregnecnon</span> 
     </span>
     <span class='ocr_line' id='line_1_28' title="bbox 377 1633 1117 1676; baseline -0.003 -10"><span class='ocrx_word' id='word_1_157' title='bbox 377 1639 489 1666; x_wconf 84' lang='lat' dir='ltr'>statuta</span> <span class='ocrx_word' id='word_1_158' title='bbox 504 1639 530 1665; x_wconf 85' lang='lat' dir='ltr'>et</span> <span class='ocrx_word' id='word_1_159' title='bbox 547 1634 793 1673; x_wconf 84' lang='lat' dir='ltr'>constitutiones,</span> <span class='ocrx_word' id='word_1_160' title='bbox 809 1638 901 1676; x_wconf 90' lang='lat' dir='ltr'>prout</span> <span class='ocrx_word' id='word_1_161' title='bbox 914 1643 1041 1665; x_wconf 86' lang='lat' dir='ltr'>neccsse</span> <span class='ocrx_word' id='word_1_162' title='bbox 1055 1633 1117 1665; x_wconf 86' lang='lat' dir='ltr'>sue-</span> 
     </span>
     <span class='ocr_line' id='line_1_29' title="bbox 377 1685 1115 1728; baseline -0.003 -9"><span class='ocrx_word' id='word_1_163' title='bbox 377 1687 426 1728; x_wconf 87' lang='lat' dir='ltr'>rit,</span> <span class='ocrx_word' id='word_1_164' title='bbox 448 1687 594 1725; x_wconf 83' lang='lat' dir='ltr'>condere,</span> <span class='ocrx_word' id='word_1_165' title='bbox 616 1694 642 1719; x_wconf 80' lang='lat' dir='ltr'>et</span> <span class='ocrx_word' id='word_1_166' title='bbox 666 1688 725 1718; x_wconf 90' lang='lat' dir='ltr'>iam</span> <span class='ocrx_word' id='word_1_167' title='bbox 749 1686 872 1719; x_wconf 86' lang='lat' dir='ltr'>condita</span> <span class='ocrx_word' id='word_1_168' title='bbox 893 1691 922 1718; x_wconf 92' lang='lat' dir='ltr'>et</span> <span class='ocrx_word' id='word_1_169' title='bbox 944 1685 1115 1725; x_wconf 83' lang='lat' dir='ltr'>condenda,</span> 
     </span>
     <span class='ocr_line' id='line_1_30' title="bbox 378 1740 1118 1783; baseline -0.001 -11"><span class='ocrx_word' id='word_1_170' title='bbox 378 1741 401 1772; x_wconf 91' lang='lat' dir='ltr'>si</span> <span class='ocrx_word' id='word_1_171' title='bbox 421 1741 449 1772; x_wconf 89' lang='lat' dir='ltr'>id</span> <span class='ocrx_word' id='word_1_172' title='bbox 468 1752 524 1783; x_wconf 84' lang='lat' dir='ltr'>per</span> <span class='ocrx_word' id='word_1_173' title='bbox 542 1741 710 1783; x_wconf 78' lang='lat' dir='ltr'>capitulum</span> <span class='ocrx_word' id='word_1_174' title='bbox 732 1740 878 1783; x_wconf 79' lang='lat' dir='ltr'>generale</span> <span class='ocrx_word' id='word_1_175' title='bbox 898 1740 1058 1772; x_wconf 76' lang='lat' dir='ltr'>dumtaxat</span> <span class='ocrx_word' id='word_1_176' title='bbox 1078 1740 1118 1771; x_wconf 85' lang='lat' dir='ltr'>le-</span> 
     </span>
     <span class='ocr_line' id='line_1_31' title="bbox 377 1793 1115 1836; baseline -0.003 -10"><span class='ocrx_word' id='word_1_177' title='bbox 377 1793 486 1835; x_wconf 82' lang='lat' dir='ltr'>gitime</span> <span class='ocrx_word' id='word_1_178' title='bbox 511 1799 737 1836; x_wconf 72' lang='lat' dir='ltr'>congregatum</span> <span class='ocrx_word' id='word_1_179' title='bbox 759 1793 888 1826; x_wconf 90' lang='lat' dir='ltr'>omnino</span> <span class='ocrx_word' id='word_1_180' title='bbox 905 1793 1115 1826; x_wconf 78' lang='lat' dir='ltr'>necessarium</span> 
     </span>
     <span class='ocr_line' id='line_1_32' title="bbox 377 1846 1116 1890; baseline -0.001 -11"><span class='ocrx_word' id='word_1_181' title='bbox 377 1847 521 1879; x_wconf 84' lang='lat' dir='ltr'>videatur</span> <span class='ocrx_word' id='word_1_182' title='bbox 545 1859 601 1890; x_wconf 91' lang='lat' dir='ltr'>pro</span> <span class='ocrx_word' id='word_1_183' title='bbox 623 1847 733 1879; x_wconf 89' lang='lat' dir='ltr'>maiori</span> <span class='ocrx_word' id='word_1_184' title='bbox 755 1847 807 1879; x_wconf 86' lang='lat' dir='ltr'>Dei</span> <span class='ocrx_word' id='word_1_185' title='bbox 828 1847 929 1889; x_wconf 72' lang='lat' dir='ltr'>gloria</span> <span class='ocrx_word' id='word_1_186' title='bbox 944 1852 971 1879; x_wconf 87' lang='lat' dir='ltr'>el</span> <span class='ocrx_word' id='word_1_187' title='bbox 987 1846 1116 1879; x_wconf 84' lang='lat' dir='ltr'>feliciori</span> 
     </span>
     <span class='ocr_line' id='line_1_33' title="bbox 379 1900 1117 1943; baseline -0.003 -10"><span class='ocrx_word' id='word_1_188' title='bbox 379 1912 524 1933; x_wconf 59' lang='lat' dir='ltr'>successu</span> <span class='ocrx_word' id='word_1_189' title='bbox 557 1901 651 1933; x_wconf 81' lang='lat' dir='ltr'>totius</span> <span class='ocrx_word' id='word_1_190' title='bbox 684 1900 937 1943; x_wconf 79' lang='lat' dir='ltr'>congregationis</span> <span class='ocrx_word' id='word_1_191' title='bbox 963 1900 991 1933; x_wconf 97' lang='lat' dir='ltr'>S</span> <span class='ocrx_word' id='word_1_192' title='bbox 1020 1900 1117 1933; x_wconf 87' lang='lat' dir='ltr'>Mauri</span> 
     </span>
     <span class='ocr_line' id='line_1_34' title="bbox 378 1954 1119 1995; baseline -0.001 -8"><span class='ocrx_word' id='word_1_193' title='bbox 378 1955 568 1994; x_wconf 81' lang='lat' dir='ltr'>huiusmodi,</span> <span class='ocrx_word' id='word_1_194' title='bbox 590 1954 758 1995; x_wconf 84' lang='lat' dir='ltr'>moderari,</span> <span class='ocrx_word' id='word_1_195' title='bbox 784 1955 951 1986; x_wconf 88' lang='lat' dir='ltr'>immutare</span> <span class='ocrx_word' id='word_1_196' title='bbox 977 1959 1007 1986; x_wconf 85' lang='lat' dir='ltr'>ct</span> <span class='ocrx_word' id='word_1_197' title='bbox 1030 1954 1119 1986; x_wconf 80' lang='lat' dir='ltr'>abro-</span> 
     </span>
     <span class='ocr_line' id='line_1_35' title="bbox 379 1998 1119 2051; baseline 0 -12"><span class='ocrx_word' id='word_1_198' title='bbox 379 2019 470 2050; x_wconf 73' lang='lat' dir='ltr'>gare3</span> <span class='ocrx_word' id='word_1_199' title='bbox 497 1998 627 2041; x_wconf 58' lang='lat' dir='ltr'>effinter</span> <span class='ocrx_word' id='word_1_200' title='bbox 651 2008 739 2047; x_wconf 58' lang='lat' dir='ltr'>alia&#39;2,</span> <span class='ocrx_word' id='word_1_201' title='bbox 765 2008 848 2051; x_wconf 88' lang='lat' dir='ltr'>quod</span> <span class='ocrx_word' id='word_1_202' title='bbox 875 2007 1019 2040; x_wconf 82' lang='lat' dir='ltr'>monachi</span> <span class='ocrx_word' id='word_1_203' title='bbox 1038 2008 1119 2039; x_wconf 90' lang='lat' dir='ltr'>eius-</span> 
     </span>
     <span class='ocr_line' id='line_1_36' title="bbox 379 2061 1118 2104; baseline -0.001 -10"><span class='ocrx_word' id='word_1_204' title='bbox 379 2062 449 2094; x_wconf 83' lang='lat' dir='ltr'>dem</span> <span class='ocrx_word' id='word_1_205' title='bbox 476 2062 730 2104; x_wconf 73' lang='lat' dir='ltr'>congregationis</span> <span class='ocrx_word' id='word_1_206' title='bbox 755 2062 782 2094; x_wconf 94' lang='lat' dir='ltr'>S.</span> <span class='ocrx_word' id='word_1_207' title='bbox 809 2062 907 2094; x_wconf 89' lang='lat' dir='ltr'>Mauri</span> <span class='ocrx_word' id='word_1_208' title='bbox 936 2061 1040 2094; x_wconf 88' lang='lat' dir='ltr'>onmia</span> <span class='ocrx_word' id='word_1_209' title='bbox 1066 2061 1118 2093; x_wconf 88' lang='lat' dir='ltr'>be-</span> 
     </span>
     <span class='ocr_line' id='line_1_37' title="bbox 380 2115 1119 2154; baseline 0 -7"><span class='ocrx_word' id='word_1_210' title='bbox 380 2116 490 2148; x_wconf 75' lang='lat' dir='ltr'>neticia</span> <span class='ocrx_word' id='word_1_211' title='bbox 524 2116 595 2149; x_wconf 86' lang='lat' dir='ltr'>dicti</span> <span class='ocrx_word' id='word_1_212' title='bbox 633 2122 662 2148; x_wconf 90' lang='lat' dir='ltr'>et</span> <span class='ocrx_word' id='word_1_213' title='bbox 694 2116 905 2149; x_wconf 82' lang='lat' dir='ltr'>Cluniacensis</span> <span class='ocrx_word' id='word_1_214' title='bbox 940 2115 1119 2154; x_wconf 79' lang='lat' dir='ltr'>Ordinum,</span> 
     </span>
     <span class='ocr_line' id='line_1_38' title="bbox 381 2169 1118 2213; baseline -0.001 -11"><span class='ocrx_word' id='word_1_215' title='bbox 381 2171 522 2213; x_wconf 77' lang='lat' dir='ltr'>(piamvis</span> <span class='ocrx_word' id='word_1_216' title='bbox 547 2171 639 2202; x_wconf 85' lang='lat' dir='ltr'>etiam</span> <span class='ocrx_word' id='word_1_217' title='bbox 666 2181 682 2202; x_wconf 92' lang='lat' dir='ltr'>a</span> <span class='ocrx_word' id='word_1_218' title='bbox 708 2170 839 2202; x_wconf 77' lang='lat' dir='ltr'>diversis</span> <span class='ocrx_word' id='word_1_219' title='bbox 861 2170 1072 2208; x_wconf 83' lang='lat' dir='ltr'>monasteriis,</span> <span class='ocrx_word' id='word_1_220' title='bbox 1089 2169 1118 2201; x_wconf 91' lang='lat' dir='ltr'>in</span> 
     </span>
     <span class='ocr_line' id='line_1_39' title="bbox 382 2223 1118 2268; baseline -0.001 -12"><span class='ocrx_word' id='word_1_221' title='bbox 382 2225 494 2268; x_wconf 84' lang='lat' dir='ltr'>quibus</span> <span class='ocrx_word' id='word_1_222' title='bbox 515 2225 719 2267; x_wconf 69' lang='lat' dir='ltr'>congregatio</span> <span class='ocrx_word' id='word_1_223' title='bbox 746 2225 913 2257; x_wconf 83' lang='lat' dir='ltr'>reformata</span> <span class='ocrx_word' id='word_1_224' title='bbox 939 2223 1118 2256; x_wconf 82' lang='lat' dir='ltr'>huiusmodi</span> 
     </span>
     <span class='ocr_line' id='line_1_40' title="bbox 382 2278 1122 2320; baseline -0.001 -10"><span class='ocrx_word' id='word_1_225' title='bbox 382 2278 558 2312; x_wconf 79' lang='lat' dir='ltr'>introducta</span> <span class='ocrx_word' id='word_1_226' title='bbox 582 2290 644 2311; x_wconf 88' lang='lat' dir='ltr'>non</span> <span class='ocrx_word' id='word_1_227' title='bbox 669 2284 724 2320; x_wconf 85' lang='lat' dir='ltr'>est,</span> <span class='ocrx_word' id='word_1_228' title='bbox 747 2278 979 2317; x_wconf 79' lang='lat' dir='ltr'>descendentia,</span> <span class='ocrx_word' id='word_1_229' title='bbox 1005 2288 1060 2310; x_wconf 88' lang='lat' dir='ltr'>seu</span> <span class='ocrx_word' id='word_1_230' title='bbox 1080 2278 1122 2310; x_wconf 88' lang='lat' dir='ltr'>of-</span> 
     </span>
     <span class='ocr_line' id='line_1_41' title="bbox 383 2331 1121 2375; baseline -0.001 -12"><span class='ocrx_word' id='word_1_231' title='bbox 383 2331 452 2363; x_wconf 74' lang='lat' dir='ltr'>ficia</span> <span class='ocrx_word' id='word_1_232' title='bbox 467 2333 654 2371; x_wconf 81' lang='lat' dir='ltr'>claustralia,</span> <span class='ocrx_word' id='word_1_233' title='bbox 672 2336 699 2365; x_wconf 87' lang='lat' dir='ltr'>et</span> <span class='ocrx_word' id='word_1_234' title='bbox 718 2342 931 2375; x_wconf 81' lang='lat' dir='ltr'>quascumque</span> <span class='ocrx_word' id='word_1_235' title='bbox 945 2331 1121 2374; x_wconf 88' lang='lat' dir='ltr'>pensiones,</span> 
     </span>
     <span class='ocr_line' id='line_1_42' title="bbox 384 2377 1121 2429; baseline -0.001 -12"><span class='ocrx_word' id='word_1_236' title='bbox 384 2377 471 2428; x_wconf 49' lang='lat' dir='ltr'>quac¹</span> <span class='ocrx_word' id='word_1_237' title='bbox 488 2387 551 2418; x_wconf 75' lang='lat' dir='ltr'>sive</span> <span class='ocrx_word' id='word_1_238' title='bbox 575 2392 646 2418; x_wconf 87' lang='lat' dir='ltr'>ante</span> <span class='ocrx_word' id='word_1_239' title='bbox 670 2386 900 2429; x_wconf 68' lang='lat' dir='ltr'>professionem</span> <span class='ocrx_word' id='word_1_240' title='bbox 924 2385 1121 2428; x_wconf 76' lang='lat' dir='ltr'>regularem,</span> 
     </span>
    </p>
   </div>
   <div class='ocr_carea' id='block_1_3' title="bbox 385 2482 1125 2697">
    <p class='ocr_par' dir='ltr' id='par_1_3' title="bbox 385 2482 1125 2606">
     <span class='ocr_line' id='line_1_43' title="bbox 422 2482 1124 2519; baseline -0.001 -10"><span class='ocrx_word' id='word_1_241' title='bbox 422 2485 430 2509; x_wconf 87' lang='grc'>1</span> <span class='ocrx_word' id='word_1_242' title='bbox 453 2484 608 2517; x_wconf 52' lang='lat' dir='ltr'>Perpetem,</span> <span class='ocrx_word' id='word_1_243' title='bbox 625 2487 654 2509; x_wconf 89' lang='lat' dir='ltr'>ut</span> <span class='ocrx_word' id='word_1_244' title='bbox 676 2487 749 2519; x_wconf 86' lang='lat' dir='ltr'>puto,</span> <span class='ocrx_word' id='word_1_245' title='bbox 771 2487 798 2510; x_wconf 84' lang='lat' dir='ltr'>et</span> <span class='ocrx_word' id='word_1_246' title='bbox 817 2492 878 2510; x_wconf 90' lang='lat' dir='ltr'>cum</span> <span class='ocrx_word' id='word_1_247' title='bbox 903 2483 985 2509; x_wconf 86' lang='lat' dir='ltr'>totius</span> <span class='ocrx_word' id='word_1_248' title='bbox 1007 2482 1124 2517; x_wconf 75' lang='lat' dir='ltr'>syntaxis</span> 
     </span>
     <span class='ocr_line' id='line_1_44' title="bbox 385 2526 1125 2562; baseline -0.001 -8"><span class='ocrx_word' id='word_1_249' title='bbox 385 2528 436 2554; x_wconf 85' lang='lat' dir='ltr'>iam</span> <span class='ocrx_word' id='word_1_250' title='bbox 453 2528 515 2553; x_wconf 63' lang='lat' dir='ltr'>sniis</span> <span class='ocrx_word' id='word_1_251' title='bbox 532 2528 661 2562; x_wconf 67' lang='lat' dir='ltr'>³==wteme</span> <span class='ocrx_word' id='word_1_252' title='bbox 677 2528 864 2562; x_wconf 79' lang='lat' dir='ltr'>subversione,</span> <span class='ocrx_word' id='word_1_253' title='bbox 882 2527 945 2554; x_wconf 81' lang='lat' dir='ltr'>edit.</span> <span class='ocrx_word' id='word_1_254' title='bbox 964 2526 1043 2554; x_wconf 76' lang='lat' dir='ltr'>lllain.</span> <span class='ocrx_word' id='word_1_255' title='bbox 1061 2527 1125 2562; x_wconf 78' lang='lat' dir='ltr'>legit</span> 
     </span>
     <span class='ocr_line' id='line_1_45' title="bbox 385 2572 662 2606; baseline -0.007 -6"><span class='ocrx_word' id='word_1_256' title='bbox 385 2574 432 2600; x_wconf 76' lang='lat' dir='ltr'>secl</span> <span class='ocrx_word' id='word_1_257' title='bbox 450 2582 495 2606; x_wconf 64' lang='lat' dir='ltr'>pro</span> <span class='ocrx_word' id='word_1_258' title='bbox 513 2574 549 2596; x_wconf 71' lang='lat' dir='ltr'>wt</span> <span class='ocrx_word' id='word_1_259' title='bbox 565 2572 599 2606; x_wconf 85' lang='lat' dir='ltr'>(u.</span> <span class='ocrx_word' id='word_1_260' title='bbox 616 2572 662 2605; x_wconf 62' lang='lat' dir='ltr'>r).</span> 
     </span>
    </p>

    <p class='ocr_par' dir='ltr' id='par_1_4' title="bbox 387 2615 1123 2697">
     <span class='ocr_line' id='line_1_46' title="bbox 422 2615 1123 2652; baseline 0 -10"><span class='ocrx_word' id='word_1_261' title='bbox 422 2621 437 2642; x_wconf 60' lang='grc' dir='ltr'>τί</span> <span class='ocrx_word' id='word_1_262' title='bbox 454 2616 541 2641; x_wconf 51' lang='lat' dir='ltr'>*abde</span> <span class='ocrx_word' id='word_1_263' title='bbox 565 2616 675 2641; x_wconf 70' lang='lat' dir='ltr'>verbnm</span> <span class='ocrx_word' id='word_1_264' title='bbox 700 2619 836 2652; x_wconf 75' lang='lat' dir='ltr'>statuere,</span> <span class='ocrx_word' id='word_1_265' title='bbox 862 2616 936 2652; x_wconf 87' lang='lat' dir='ltr'>quod</span> <span class='ocrx_word' id='word_1_266' title='bbox 955 2615 1078 2652; x_wconf 78' lang='lat' dir='ltr'>sequitur</span> <span class='ocrx_word' id='word_1_267' title='bbox 1097 2615 1123 2642; x_wconf 91' lang='lat' dir='ltr'>in</span> 
     </span>
     <span class='ocr_line' id='line_1_47' title="bbox 387 2661 716 2697; baseline 0.006 -10"><span class='ocrx_word' id='word_1_268' title='bbox 387 2661 440 2688; x_wconf 83' lang='lat' dir='ltr'>fine</span> <span class='ocrx_word' id='word_1_269' title='bbox 458 2662 599 2697; x_wconf 78' lang='lat' dir='ltr'>paragrafo</span> <span class='ocrx_word' id='word_1_270' title='bbox 614 2664 653 2697; x_wconf 83' lang='lat' dir='ltr'>(u.</span> <span class='ocrx_word' id='word_1_271' title='bbox 668 2661 716 2696; x_wconf 82' lang='grc' dir='ltr'>Τ.).</span> 
     </span>
    </p>
   </div>
   <div class='ocr_carea' id='block_1_4' title="bbox 1153 248 1307 271">
    <p class='ocr_par' dir='ltr' id='par_1_5' title="bbox 1153 248 1307 271">
     <span class='ocr_line' id='line_1_48' title="bbox 1153 248 1307 271; baseline 0 0"><span class='ocrx_word' id='word_1_272' title='bbox 1153 248 1307 271; x_wconf 80' lang='grc' dir='ltr'><strong>ΠΟΜΛΝΙῘΜ</strong></span> 
     </span>
    </p>
   </div>
   <div class='ocr_carea' id='block_1_5' title="bbox 1145 294 1900 2696">
    <p class='ocr_par' dir='ltr' id='par_1_6' title="bbox 1145 294 1887 817">
     <span class='ocr_line' id='line_1_49' title="bbox 1145 294 1885 339; baseline 0.003 -12"><span class='ocrx_word' id='word_1_273' title='bbox 1145 296 1208 328; x_wconf 78' lang='lat' dir='ltr'>sive</span> <span class='ocrx_word' id='word_1_274' title='bbox 1229 301 1300 339; x_wconf 81' lang='lat' dir='ltr'>post</span> <span class='ocrx_word' id='word_1_275' title='bbox 1324 295 1407 327; x_wconf 86' lang='lat' dir='ltr'>illam</span> <span class='ocrx_word' id='word_1_276' title='bbox 1433 294 1634 335; x_wconf 83' lang='lat' dir='ltr'>obtinuerint,</span> <span class='ocrx_word' id='word_1_277' title='bbox 1660 295 1723 329; x_wconf 90' lang='lat' dir='ltr'>sive</span> <span class='ocrx_word' id='word_1_278' title='bbox 1747 296 1778 328; x_wconf 88' lang='lat' dir='ltr'>in</span> <span class='ocrx_word' id='word_1_279' title='bbox 1802 296 1885 330; x_wconf 84' lang='lat' dir='ltr'>sutu-</span> 
     </span>
     <span class='ocr_line' id='line_1_50' title="bbox 1147 349 1885 392; baseline 0.001 -12"><span class='ocrx_word' id='word_1_280' title='bbox 1147 360 1215 381; x_wconf 91' lang='lat' dir='ltr'>rum</span> <span class='ocrx_word' id='word_1_281' title='bbox 1241 349 1446 389; x_wconf 81' lang='lat' dir='ltr'>obtinebunt,</span> <span class='ocrx_word' id='word_1_282' title='bbox 1474 349 1503 380; x_wconf 91' lang='lat' dir='ltr'>in</span> <span class='ocrx_word' id='word_1_283' title='bbox 1528 349 1652 381; x_wconf 86' lang='lat' dir='ltr'>titulum</span> <span class='ocrx_word' id='word_1_284' title='bbox 1682 349 1807 392; x_wconf 82' lang='lat' dir='ltr'>quidem</span> <span class='ocrx_word' id='word_1_285' title='bbox 1833 349 1885 382; x_wconf 90' lang='lat' dir='ltr'>illa</span> 
     </span>
     <span class='ocr_line' id='line_1_51' title="bbox 1148 402 1886 446; baseline 0.001 -11"><span class='ocrx_word' id='word_1_286' title='bbox 1148 407 1280 445; x_wconf 83' lang='lat' dir='ltr'>teneant,</span> <span class='ocrx_word' id='word_1_287' title='bbox 1307 404 1347 435; x_wconf 82' lang='lat' dir='ltr'>ita</span> <span class='ocrx_word' id='word_1_288' title='bbox 1373 409 1487 441; x_wconf 79' lang='lat' dir='ltr'>tamen,</span> <span class='ocrx_word' id='word_1_289' title='bbox 1513 406 1545 436; x_wconf 90' lang='lat' dir='ltr'>ut</span> <span class='ocrx_word' id='word_1_290' title='bbox 1565 403 1651 436; x_wconf 89' lang='lat' dir='ltr'>nullo</span> <span class='ocrx_word' id='word_1_291' title='bbox 1676 403 1769 436; x_wconf 88' lang='lat' dir='ltr'>modo</span> <span class='ocrx_word' id='word_1_292' title='bbox 1787 402 1817 435; x_wconf 89' lang='lat' dir='ltr'>in</span> <span class='ocrx_word' id='word_1_293' title='bbox 1835 413 1886 446; x_wconf 90' lang='lat' dir='ltr'>po-</span> 
     </span>
     <span class='ocr_line' id='line_1_52' title="bbox 1147 456 1886 500; baseline -0.001 -11"><span class='ocrx_word' id='word_1_294' title='bbox 1147 463 1264 489; x_wconf 78' lang='lat' dir='ltr'>sterum</span> <span class='ocrx_word' id='word_1_295' title='bbox 1282 457 1319 490; x_wconf 82' lang='lat' dir='ltr'>de</span> <span class='ocrx_word' id='word_1_296' title='bbox 1339 457 1436 489; x_wconf 81' lang='lat' dir='ltr'>titulis</span> <span class='ocrx_word' id='word_1_297' title='bbox 1462 457 1546 500; x_wconf 81' lang='lat' dir='ltr'>ipsis,</span> <span class='ocrx_word' id='word_1_298' title='bbox 1567 466 1667 499; x_wconf 85' lang='lat' dir='ltr'>neque</span> <span class='ocrx_word' id='word_1_299' title='bbox 1682 456 1720 489; x_wconf 89' lang='lat' dir='ltr'>de</span> <span class='ocrx_word' id='word_1_300' title='bbox 1734 456 1886 489; x_wconf 83' lang='lat' dir='ltr'>fructibus</span> 
     </span>
     <span class='ocr_line' id='line_1_53' title="bbox 1147 509 1887 554; baseline -0.003 -11"><span class='ocrx_word' id='word_1_301' title='bbox 1147 521 1255 543; x_wconf 88' lang='lat' dir='ltr'>corum</span> <span class='ocrx_word' id='word_1_302' title='bbox 1282 521 1335 543; x_wconf 86' lang='lat' dir='ltr'>seu</span> <span class='ocrx_word' id='word_1_303' title='bbox 1361 510 1566 554; x_wconf 80' lang='lat' dir='ltr'>pensionum,</span> <span class='ocrx_word' id='word_1_304' title='bbox 1595 511 1714 553; x_wconf 75' lang='lat' dir='ltr'>possint</span> <span class='ocrx_word' id='word_1_305' title='bbox 1740 509 1769 541; x_wconf 93' lang='lat' dir='ltr'>in</span> <span class='ocrx_word' id='word_1_306' title='bbox 1795 509 1887 552; x_wconf 86' lang='lat' dir='ltr'>parti-</span> 
     </span>
     <span class='ocr_line' id='line_1_54' title="bbox 1147 563 1885 608; baseline -0.004 -11"><span class='ocrx_word' id='word_1_307' title='bbox 1147 565 1244 597; x_wconf 82' lang='lat' dir='ltr'>culari</span> <span class='ocrx_word' id='word_1_308' title='bbox 1271 564 1458 608; x_wconf 79' lang='lat' dir='ltr'>disponere,</span> <span class='ocrx_word' id='word_1_309' title='bbox 1491 563 1544 596; x_wconf 87' lang='lat' dir='ltr'>sed</span> <span class='ocrx_word' id='word_1_310' title='bbox 1569 563 1749 596; x_wconf 85' lang='lat' dir='ltr'>omnimoda</span> <span class='ocrx_word' id='word_1_311' title='bbox 1774 573 1885 595; x_wconf 87' lang='lat' dir='ltr'>eorum</span> 
     </span>
     <span class='ocr_line' id='line_1_55' title="bbox 1147 615 1886 661; baseline -0.001 -13"><span class='ocrx_word' id='word_1_312' title='bbox 1147 618 1311 661; x_wconf 73' lang='lat' dir='ltr'>dispositio</span> <span class='ocrx_word' id='word_1_313' title='bbox 1336 628 1431 661; x_wconf 83' lang='lat' dir='ltr'>penes</span> <span class='ocrx_word' id='word_1_314' title='bbox 1456 617 1637 660; x_wconf 72' lang='lat' dir='ltr'>superiores</span> <span class='ocrx_word' id='word_1_315' title='bbox 1663 622 1693 649; x_wconf 87' lang='lat' dir='ltr'>et</span> <span class='ocrx_word' id='word_1_316' title='bbox 1717 615 1886 649; x_wconf 82' lang='lat' dir='ltr'>officiarios</span> 
     </span>
     <span class='ocr_line' id='line_1_56' title="bbox 1147 669 1886 713; baseline -0.003 -11"><span class='ocrx_word' id='word_1_317' title='bbox 1147 671 1248 703; x_wconf 84' lang='lat' dir='ltr'>dictae</span> <span class='ocrx_word' id='word_1_318' title='bbox 1273 670 1526 713; x_wconf 78' lang='lat' dir='ltr'>congregationis</span> <span class='ocrx_word' id='word_1_319' title='bbox 1543 670 1571 702; x_wconf 88' lang='lat' dir='ltr'>S.</span> <span class='ocrx_word' id='word_1_320' title='bbox 1591 669 1706 709; x_wconf 80' lang='lat' dir='ltr'>Mauri,</span> <span class='ocrx_word' id='word_1_321' title='bbox 1732 679 1787 701; x_wconf 87' lang='lat' dir='ltr'>seu</span> <span class='ocrx_word' id='word_1_322' title='bbox 1804 669 1886 700; x_wconf 90' lang='lat' dir='ltr'>illius</span> 
     </span>
     <span class='ocr_line' id='line_1_57' title="bbox 1149 724 1885 764; baseline -0.003 -8"><span class='ocrx_word' id='word_1_323' title='bbox 1149 724 1427 764; x_wconf 67' lang='lat' dir='ltr'>monasteriolum,</span> <span class='ocrx_word' id='word_1_324' title='bbox 1454 734 1490 756; x_wconf 86' lang='lat' dir='ltr'>ac</span> <span class='ocrx_word' id='word_1_325' title='bbox 1514 724 1543 755; x_wconf 91' lang='lat' dir='ltr'>in</span> <span class='ocrx_word' id='word_1_326' title='bbox 1569 733 1769 756; x_wconf 83' lang='lat' dir='ltr'>communem</span> <span class='ocrx_word' id='word_1_327' title='bbox 1794 732 1885 755; x_wconf 91' lang='lat' dir='ltr'>usum</span> 
     </span>
     <span class='ocr_line' id='line_1_58' title="bbox 1149 782 1666 817; baseline 0.002 -9"><span class='ocrx_word' id='word_1_328' title='bbox 1149 782 1267 809; x_wconf 86' lang='lat' dir='ltr'>tantum</span> <span class='ocrx_word' id='word_1_329' title='bbox 1294 782 1492 817; x_wconf 74' lang='lat' dir='ltr'>remaneant,</span> <span class='ocrx_word' id='word_1_330' title='bbox 1514 782 1666 816; x_wconf 84' lang='lat' dir='ltr'>statuere;</span> 
     </span>
    </p>

    <p class='ocr_par' dir='ltr' id='par_1_7' title="bbox 1148 829 1892 1568">
     <span class='ocr_line' id='line_1_59' title="bbox 1192 829 1887 873; baseline -0.004 -10"><span class='ocrx_word' id='word_1_331' title='bbox 1192 831 1207 872; x_wconf 61' lang='grc' dir='ltr'><strong>ξ</strong></span> <span class='ocrx_word' id='word_1_332' title='bbox 1232 830 1259 863; x_wconf 91' lang='lat'>7.</span> <span class='ocrx_word' id='word_1_333' title='bbox 1287 831 1322 862; x_wconf 86' lang='lat' dir='ltr'>Et</span> <span class='ocrx_word' id='word_1_334' title='bbox 1346 830 1480 873; x_wconf 80' lang='lat' dir='ltr'>denique</span> <span class='ocrx_word' id='word_1_335' title='bbox 1506 830 1616 862; x_wconf 87' lang='lat' dir='ltr'>iisdem</span> <span class='ocrx_word' id='word_1_336' title='bbox 1647 829 1808 863; x_wconf 88' lang='lat' dir='ltr'>monachis</span> <span class='ocrx_word' id='word_1_337' title='bbox 1837 838 1887 861; x_wconf 88' lang='lat' dir='ltr'>re-</span> 
     </span>
     <span class='ocr_line' id='line_1_60' title="bbox 1149 882 1888 925; baseline -0.001 -11"><span class='ocrx_word' id='word_1_338' title='bbox 1149 883 1299 924; x_wconf 81' lang='lat' dir='ltr'>formatis,</span> <span class='ocrx_word' id='word_1_339' title='bbox 1315 893 1349 915; x_wconf 84' lang='lat' dir='ltr'>ac</span> <span class='ocrx_word' id='word_1_340' title='bbox 1364 883 1510 915; x_wconf 91' lang='lat' dir='ltr'>omnibus</span> <span class='ocrx_word' id='word_1_341' title='bbox 1530 887 1559 916; x_wconf 87' lang='lat' dir='ltr'>et</span> <span class='ocrx_word' id='word_1_342' title='bbox 1577 883 1708 925; x_wconf 87' lang='lat' dir='ltr'>singulis</span> <span class='ocrx_word' id='word_1_343' title='bbox 1723 882 1888 924; x_wconf 85' lang='lat' dir='ltr'>utriusque</span> 
     </span>
     <span class='ocr_line' id='line_1_61' title="bbox 1148 935 1888 979; baseline 0 -12"><span class='ocrx_word' id='word_1_344' title='bbox 1148 946 1239 968; x_wconf 84' lang='lat' dir='ltr'>sexus</span> <span class='ocrx_word' id='word_1_345' title='bbox 1259 935 1526 978; x_wconf 77' lang='lat' dir='ltr'>christifidelibus,</span> <span class='ocrx_word' id='word_1_346' title='bbox 1544 936 1596 979; x_wconf 92' lang='lat' dir='ltr'>qui</span> <span class='ocrx_word' id='word_1_347' title='bbox 1615 935 1762 968; x_wconf 84' lang='lat' dir='ltr'>ecclesias</span> <span class='ocrx_word' id='word_1_348' title='bbox 1780 945 1888 968; x_wconf 88' lang='lat' dir='ltr'>mona-</span> 
     </span>
     <span class='ocr_line' id='line_1_62' title="bbox 1149 988 1888 1031; baseline -0.003 -10"><span class='ocrx_word' id='word_1_349' title='bbox 1149 989 1316 1021; x_wconf 87' lang='lat' dir='ltr'>steriorum</span> <span class='ocrx_word' id='word_1_350' title='bbox 1335 989 1590 1031; x_wconf 77' lang='lat' dir='ltr'>congregationis</span> <span class='ocrx_word' id='word_1_351' title='bbox 1610 988 1638 1021; x_wconf 89' lang='lat' dir='ltr'>S.</span> <span class='ocrx_word' id='word_1_352' title='bbox 1657 988 1755 1021; x_wconf 84' lang='lat' dir='ltr'>Mauri</span> <span class='ocrx_word' id='word_1_353' title='bbox 1780 988 1888 1020; x_wconf 80' lang='lat' dir='ltr'>huius-</span> 
     </span>
     <span class='ocr_line' id='line_1_63' title="bbox 1150 1042 1886 1085; baseline -0.003 -10"><span class='ocrx_word' id='word_1_354' title='bbox 1150 1043 1232 1075; x_wconf 85' lang='lat' dir='ltr'>modi</span> <span class='ocrx_word' id='word_1_355' title='bbox 1263 1043 1293 1075; x_wconf 90' lang='lat' dir='ltr'>in</span> <span class='ocrx_word' id='word_1_356' title='bbox 1323 1043 1455 1085; x_wconf 80' lang='lat' dir='ltr'>singuiis</span> <span class='ocrx_word' id='word_1_357' title='bbox 1483 1042 1593 1075; x_wconf 86' lang='lat' dir='ltr'>diebus</span> <span class='ocrx_word' id='word_1_358' title='bbox 1620 1042 1737 1075; x_wconf 82' lang='lat' dir='ltr'>festivis</span> <span class='ocrx_word' id='word_1_359' title='bbox 1761 1046 1886 1074; x_wconf 77' lang='lat' dir='ltr'>sancto-</span> 
     </span>
     <span class='ocr_line' id='line_1_64' title="bbox 1150 1095 1889 1135; baseline -0.003 -7"><span class='ocrx_word' id='word_1_360' title='bbox 1150 1107 1220 1128; x_wconf 79' lang='lat' dir='ltr'>rum</span> <span class='ocrx_word' id='word_1_361' title='bbox 1235 1096 1391 1128; x_wconf 66' lang='lat' dir='ltr'>Benedicti</span> <span class='ocrx_word' id='word_1_362' title='bbox 1409 1101 1439 1128; x_wconf 86' lang='lat' dir='ltr'>et</span> <span class='ocrx_word' id='word_1_363' title='bbox 1460 1095 1567 1135; x_wconf 83' lang='lat' dir='ltr'>Mauri,</span> <span class='ocrx_word' id='word_1_364' title='bbox 1580 1105 1702 1128; x_wconf 82' lang='lat' dir='ltr'>necnon</span> <span class='ocrx_word' id='word_1_365' title='bbox 1717 1095 1889 1127; x_wconf 85' lang='lat' dir='ltr'>titularium</span> 
     </span>
     <span class='ocr_line' id='line_1_65' title="bbox 1148 1148 1889 1192; baseline 0 -12"><span class='ocrx_word' id='word_1_366' title='bbox 1148 1160 1202 1181; x_wconf 86' lang='lat' dir='ltr'>seu</span> <span class='ocrx_word' id='word_1_367' title='bbox 1227 1154 1434 1192; x_wconf 87' lang='lat' dir='ltr'>patronorum</span> <span class='ocrx_word' id='word_1_368' title='bbox 1461 1149 1666 1182; x_wconf 86' lang='lat' dir='ltr'>ecclesiarum</span> <span class='ocrx_word' id='word_1_369' title='bbox 1688 1148 1889 1188; x_wconf 85' lang='lat' dir='ltr'>earumdem,</span> 
     </span>
     <span class='ocr_line' id='line_1_66' title="bbox 1150 1202 1889 1246; baseline -0.001 -11"><span class='ocrx_word' id='word_1_370' title='bbox 1150 1213 1221 1235; x_wconf 88' lang='lat' dir='ltr'>vere</span> <span class='ocrx_word' id='word_1_371' title='bbox 1250 1203 1461 1246; x_wconf 85' lang='lat' dir='ltr'>poenitentes,</span> <span class='ocrx_word' id='word_1_372' title='bbox 1491 1214 1527 1236; x_wconf 84' lang='lat' dir='ltr'>ac</span> <span class='ocrx_word' id='word_1_373' title='bbox 1552 1205 1641 1236; x_wconf 76' lang='lat' dir='ltr'>sacra</span> <span class='ocrx_word' id='word_1_374' title='bbox 1667 1202 1889 1236; x_wconf 80' lang='lat' dir='ltr'>communione</span> 
     </span>
     <span class='ocr_line' id='line_1_67' title="bbox 1151 1257 1891 1299; baseline 0 -11"><span class='ocrx_word' id='word_1_375' title='bbox 1151 1257 1267 1297; x_wconf 81' lang='lat' dir='ltr'>resecti,</span> <span class='ocrx_word' id='word_1_376' title='bbox 1285 1257 1488 1295; x_wconf 82' lang='lat' dir='ltr'>visitaverint,</span> <span class='ocrx_word' id='word_1_377' title='bbox 1506 1257 1635 1299; x_wconf 83' lang='lat' dir='ltr'>piasque</span> <span class='ocrx_word' id='word_1_378' title='bbox 1653 1257 1688 1289; x_wconf 85' lang='lat' dir='ltr'>ad</span> <span class='ocrx_word' id='word_1_379' title='bbox 1706 1257 1803 1289; x_wconf 88' lang='lat' dir='ltr'>Deum</span> <span class='ocrx_word' id='word_1_380' title='bbox 1824 1265 1891 1299; x_wconf 86' lang='lat' dir='ltr'>pre-</span> 
     </span>
     <span class='ocr_line' id='line_1_68' title="bbox 1149 1309 1890 1353; baseline 0 -12"><span class='ocrx_word' id='word_1_381' title='bbox 1149 1320 1200 1342; x_wconf 82' lang='lat' dir='ltr'>ces</span> <span class='ocrx_word' id='word_1_382' title='bbox 1210 1320 1268 1353; x_wconf 85' lang='lat' dir='ltr'>pro</span> <span class='ocrx_word' id='word_1_383' title='bbox 1279 1316 1401 1343; x_wconf 82' lang='lat' dir='ltr'>sanctae</span> <span class='ocrx_word' id='word_1_384' title='bbox 1412 1310 1517 1343; x_wconf 84' lang='lat' dir='ltr'>Matris</span> <span class='ocrx_word' id='word_1_385' title='bbox 1528 1310 1683 1343; x_wconf 83' lang='lat' dir='ltr'>Ecclesiae</span> <span class='ocrx_word' id='word_1_386' title='bbox 1694 1309 1890 1350; x_wconf 80' lang='lat' dir='ltr'>exaltatione,</span> 
     </span>
     <span class='ocr_line' id='line_1_69' title="bbox 1151 1362 1891 1407; baseline -0.001 -12"><span class='ocrx_word' id='word_1_387' title='bbox 1151 1363 1315 1395; x_wconf 83' lang='lat' dir='ltr'>haeresum</span> <span class='ocrx_word' id='word_1_388' title='bbox 1343 1363 1567 1407; x_wconf 82' lang='lat' dir='ltr'>extirpatione,</span> <span class='ocrx_word' id='word_1_389' title='bbox 1592 1367 1623 1395; x_wconf 88' lang='lat' dir='ltr'>et</span> <span class='ocrx_word' id='word_1_390' title='bbox 1647 1362 1891 1395; x_wconf 84' lang='lat' dir='ltr'>christianorum</span> 
     </span>
     <span class='ocr_line' id='line_1_70' title="bbox 1150 1415 1888 1460; baseline -0.003 -11"><span class='ocrx_word' id='word_1_391' title='bbox 1150 1417 1327 1460; x_wconf 80' lang='lat' dir='ltr'>principum</span> <span class='ocrx_word' id='word_1_392' title='bbox 1352 1417 1522 1450; x_wconf 78' lang='lat' dir='ltr'>concordia</span> <span class='ocrx_word' id='word_1_393' title='bbox 1548 1416 1736 1457; x_wconf 80' lang='lat' dir='ltr'>effuderint,</span> <span class='ocrx_word' id='word_1_394' title='bbox 1760 1420 1794 1448; x_wconf 84' lang='lat' dir='ltr'>ut</span> <span class='ocrx_word' id='word_1_395' title='bbox 1818 1415 1888 1459; x_wconf 91' lang='lat' dir='ltr'>ple-</span> 
     </span>
     <span class='ocr_line' id='line_1_71' title="bbox 1151 1468 1892 1514; baseline -0.001 -12"><span class='ocrx_word' id='word_1_396' title='bbox 1151 1471 1270 1503; x_wconf 83' lang='lat' dir='ltr'>nariam</span> <span class='ocrx_word' id='word_1_397' title='bbox 1296 1471 1438 1504; x_wconf 90' lang='lat' dir='ltr'>omnium</span> <span class='ocrx_word' id='word_1_398' title='bbox 1462 1475 1667 1514; x_wconf 84' lang='lat' dir='ltr'>peccatorum</span> <span class='ocrx_word' id='word_1_399' title='bbox 1692 1479 1825 1503; x_wconf 89' lang='lat' dir='ltr'>suorum</span> <span class='ocrx_word' id='word_1_400' title='bbox 1849 1468 1892 1501; x_wconf 89' lang='lat' dir='ltr'>in-</span> 
     </span>
     <span class='ocr_line' id='line_1_72' title="bbox 1151 1524 1537 1568; baseline 0 -11"><span class='ocrx_word' id='word_1_401' title='bbox 1151 1524 1344 1567; x_wconf 70' lang='lat' dir='ltr'>dulgentiam</span> <span class='ocrx_word' id='word_1_402' title='bbox 1370 1525 1537 1568; x_wconf 78' lang='lat' dir='ltr'>consequi3</span> 
     </span>
    </p>

    <p class='ocr_par' dir='ltr' id='par_1_8' title="bbox 1151 1577 1900 2696">
     <span class='ocr_line' id='line_1_73' title="bbox 1195 1577 1891 1621; baseline -0.003 -10"><span class='ocrx_word' id='word_1_403' title='bbox 1195 1579 1210 1621; x_wconf 66' lang='grc' dir='ltr'>ἓ</span> <span class='ocrx_word' id='word_1_404' title='bbox 1227 1578 1256 1612; x_wconf 80' lang='lat'>8.</span> <span class='ocrx_word' id='word_1_405' title='bbox 1271 1578 1378 1611; x_wconf 85' lang='lat' dir='ltr'>Eidem</span> <span class='ocrx_word' id='word_1_406' title='bbox 1397 1589 1471 1611; x_wconf 84' lang='lat' dir='ltr'>vero</span> <span class='ocrx_word' id='word_1_407' title='bbox 1486 1577 1725 1621; x_wconf 75' lang='lat' dir='ltr'>congregationi</span> <span class='ocrx_word' id='word_1_408' title='bbox 1739 1577 1768 1611; x_wconf 88' lang='lat' dir='ltr'>S.</span> <span class='ocrx_word' id='word_1_409' title='bbox 1782 1577 1891 1618; x_wconf 82' lang='lat' dir='ltr'>Mauri,</span> 
     </span>
     <span class='ocr_line' id='line_1_74' title="bbox 1151 1631 1889 1676; baseline -0.003 -12"><span class='ocrx_word' id='word_1_410' title='bbox 1151 1643 1186 1665; x_wconf 86' lang='lat' dir='ltr'>ac</span> <span class='ocrx_word' id='word_1_411' title='bbox 1212 1632 1295 1665; x_wconf 87' lang='lat' dir='ltr'>illius</span> <span class='ocrx_word' id='word_1_412' title='bbox 1326 1632 1488 1665; x_wconf 83' lang='lat' dir='ltr'>monachis</span> <span class='ocrx_word' id='word_1_413' title='bbox 1516 1632 1666 1676; x_wconf 82' lang='lat' dir='ltr'>professis</span> <span class='ocrx_word' id='word_1_414' title='bbox 1694 1637 1724 1664; x_wconf 88' lang='lat' dir='ltr'>et</span> <span class='ocrx_word' id='word_1_415' title='bbox 1750 1631 1889 1664; x_wconf 90' lang='lat' dir='ltr'>nondum</span> 
     </span>
     <span class='ocr_line' id='line_1_75' title="bbox 1152 1685 1888 1729; baseline 0.001 -13"><span class='ocrx_word' id='word_1_416' title='bbox 1152 1686 1321 1729; x_wconf 81' lang='lat' dir='ltr'>professis,</span> <span class='ocrx_word' id='word_1_417' title='bbox 1357 1686 1555 1726; x_wconf 85' lang='lat' dir='ltr'>commissis,</span> <span class='ocrx_word' id='word_1_418' title='bbox 1589 1685 1733 1726; x_wconf 76' lang='lat' dir='ltr'>famulis,</span> <span class='ocrx_word' id='word_1_419' title='bbox 1767 1685 1888 1718; x_wconf 83' lang='lat' dir='ltr'>officia-</span> 
     </span>
     <span class='ocr_line' id='line_1_76' title="bbox 1153 1739 1892 1782; baseline 0 -11"><span class='ocrx_word' id='word_1_420' title='bbox 1153 1740 1251 1779; x_wconf 82' lang='lat' dir='ltr'>libus,</span> <span class='ocrx_word' id='word_1_421' title='bbox 1279 1739 1459 1772; x_wconf 75' lang='lat' dir='ltr'>domesticis</span> <span class='ocrx_word' id='word_1_422' title='bbox 1486 1744 1516 1773; x_wconf 86' lang='lat' dir='ltr'>et</span> <span class='ocrx_word' id='word_1_423' title='bbox 1542 1739 1610 1771; x_wconf 80' lang='lat' dir='ltr'>aliis</span> <span class='ocrx_word' id='word_1_424' title='bbox 1640 1739 1892 1782; x_wconf 84' lang='lat' dir='ltr'>quibuscumque</span> 
     </span>
     <span class='ocr_line' id='line_1_77' title="bbox 1152 1791 1893 1836; baseline -0.003 -11"><span class='ocrx_word' id='word_1_425' title='bbox 1152 1793 1190 1825; x_wconf 86' lang='lat' dir='ltr'>ab</span> <span class='ocrx_word' id='word_1_426' title='bbox 1215 1793 1268 1825; x_wconf 73' lang='lat' dir='ltr'>illa</span> <span class='ocrx_word' id='word_1_427' title='bbox 1292 1793 1550 1836; x_wconf 81' lang='lat' dir='ltr'>dependentibus,</span> <span class='ocrx_word' id='word_1_428' title='bbox 1575 1803 1611 1825; x_wconf 88' lang='lat' dir='ltr'>ac</span> <span class='ocrx_word' id='word_1_429' title='bbox 1631 1792 1658 1824; x_wconf 92' lang='lat' dir='ltr'>ei</span> <span class='ocrx_word' id='word_1_430' title='bbox 1679 1797 1710 1825; x_wconf 88' lang='lat' dir='ltr'>et</span> <span class='ocrx_word' id='word_1_431' title='bbox 1727 1791 1810 1824; x_wconf 92' lang='lat' dir='ltr'>illius</span> <span class='ocrx_word' id='word_1_432' title='bbox 1828 1801 1893 1824; x_wconf 91' lang='lat' dir='ltr'>mo-</span> 
     </span>
     <span class='ocr_line' id='line_1_78' title="bbox 1152 1845 1893 1885; baseline -0.003 -7"><span class='ocrx_word' id='word_1_433' title='bbox 1152 1846 1297 1878; x_wconf 86' lang='lat' dir='ltr'>nasteriis</span> <span class='ocrx_word' id='word_1_434' title='bbox 1331 1846 1595 1885; x_wconf 82' lang='lat' dir='ltr'>inservientibus,</span> <span class='ocrx_word' id='word_1_435' title='bbox 1630 1850 1665 1877; x_wconf 88' lang='lat' dir='ltr'>ut</span> <span class='ocrx_word' id='word_1_436' title='bbox 1695 1855 1758 1877; x_wconf 92' lang='lat' dir='ltr'>non</span> <span class='ocrx_word' id='word_1_437' title='bbox 1791 1845 1893 1877; x_wconf 90' lang='lat' dir='ltr'>solum</span> 
     </span>
     <span class='ocr_line' id='line_1_79' title="bbox 1153 1898 1893 1941; baseline -0.001 -10"><span class='ocrx_word' id='word_1_438' title='bbox 1153 1900 1299 1932; x_wconf 87' lang='lat' dir='ltr'>omnibus</span> <span class='ocrx_word' id='word_1_439' title='bbox 1315 1905 1346 1931; x_wconf 87' lang='lat' dir='ltr'>et</span> <span class='ocrx_word' id='word_1_440' title='bbox 1366 1899 1497 1941; x_wconf 80' lang='lat' dir='ltr'>singulis</span> <span class='ocrx_word' id='word_1_441' title='bbox 1517 1904 1579 1931; x_wconf 85' lang='lat' dir='ltr'>tam</span> <span class='ocrx_word' id='word_1_442' title='bbox 1605 1898 1706 1931; x_wconf 87' lang='lat' dir='ltr'>dictae</span> <span class='ocrx_word' id='word_1_443' title='bbox 1731 1898 1893 1931; x_wconf 86' lang='lat' dir='ltr'>Cassinen-</span> 
     </span>
     <span class='ocr_line' id='line_1_80' title="bbox 1153 1950 1895 1995; baseline -0.004 -10"><span class='ocrx_word' id='word_1_444' title='bbox 1153 1953 1204 1995; x_wconf 84' lang='lat' dir='ltr'>sis,</span> <span class='ocrx_word' id='word_1_445' title='bbox 1230 1964 1282 1985; x_wconf 82' lang='lat' dir='ltr'>seu</span> <span class='ocrx_word' id='word_1_446' title='bbox 1308 1952 1337 1985; x_wconf 88' lang='lat' dir='ltr'>S.</span> <span class='ocrx_word' id='word_1_447' title='bbox 1363 1952 1498 1985; x_wconf 86' lang='lat' dir='ltr'>Iustinae</span> <span class='ocrx_word' id='word_1_448' title='bbox 1522 1952 1560 1984; x_wconf 89' lang='lat' dir='ltr'>de</span> <span class='ocrx_word' id='word_1_449' title='bbox 1586 1951 1700 1993; x_wconf 79' lang='lat' dir='ltr'>Padua,</span> <span class='ocrx_word' id='word_1_450' title='bbox 1724 1951 1769 1985; x_wconf 80' lang='lat' dir='ltr'>Ss.</span> <span class='ocrx_word' id='word_1_451' title='bbox 1792 1950 1895 1984; x_wconf 86' lang='lat' dir='ltr'>Vitoni</span> 
     </span>
     <span class='ocr_line' id='line_1_81' title="bbox 1154 2004 1895 2051; baseline -0.004 -12"><span class='ocrx_word' id='word_1_452' title='bbox 1154 2012 1184 2039; x_wconf 85' lang='lat' dir='ltr'>et</span> <span class='ocrx_word' id='word_1_453' title='bbox 1204 2007 1363 2051; x_wconf 58' lang='lat' dir='ltr'>Hydutphi</span> <span class='ocrx_word' id='word_1_454' title='bbox 1388 2006 1692 2049; x_wconf 76' lang='lat' dir='ltr'>congregationum,</span> <span class='ocrx_word' id='word_1_455' title='bbox 1723 2005 1776 2038; x_wconf 87' lang='lat' dir='ltr'>sed</span> <span class='ocrx_word' id='word_1_456' title='bbox 1801 2004 1895 2037; x_wconf 87' lang='lat' dir='ltr'>etiam</span> 
     </span>
     <span class='ocr_line' id='line_1_82' title="bbox 1153 2057 1895 2103; baseline -0.003 -11"><span class='ocrx_word' id='word_1_457' title='bbox 1153 2060 1285 2093; x_wconf 89' lang='lat' dir='ltr'>aliarum</span> <span class='ocrx_word' id='word_1_458' title='bbox 1310 2060 1452 2092; x_wconf 91' lang='lat' dir='ltr'>omnium</span> <span class='ocrx_word' id='word_1_459' title='bbox 1477 2065 1507 2092; x_wconf 90' lang='lat' dir='ltr'>et</span> <span class='ocrx_word' id='word_1_460' title='bbox 1530 2069 1811 2103; x_wconf 85' lang='lat' dir='ltr'>quarumcumque,</span> <span class='ocrx_word' id='word_1_461' title='bbox 1830 2057 1895 2090; x_wconf 86' lang='lat' dir='ltr'>sive</span> 
     </span>
     <span class='ocr_line' id='line_1_83' title="bbox 1155 2111 1896 2154; baseline -0.005 -8"><span class='ocrx_word' id='word_1_462' title='bbox 1155 2125 1216 2147; x_wconf 85' lang='lat' dir='ltr'>non</span> <span class='ocrx_word' id='word_1_463' title='bbox 1241 2113 1494 2154; x_wconf 83' lang='lat' dir='ltr'>Mendicantium,</span> <span class='ocrx_word' id='word_1_464' title='bbox 1515 2113 1579 2145; x_wconf 90' lang='lat' dir='ltr'>sive</span> <span class='ocrx_word' id='word_1_465' title='bbox 1596 2111 1848 2151; x_wconf 81' lang='lat' dir='ltr'>Mendicantium,</span> <span class='ocrx_word' id='word_1_466' title='bbox 1866 2115 1896 2143; x_wconf 84' lang='lat' dir='ltr'>ct</span> 
     </span>
     <span class='ocr_line' id='line_1_84' title="bbox 1155 2166 1894 2211; baseline -0.005 -11"><span class='ocrx_word' id='word_1_467' title='bbox 1155 2168 1367 2211; x_wconf 80' lang='lat' dir='ltr'>hospitalium,</span> <span class='ocrx_word' id='word_1_468' title='bbox 1386 2178 1421 2199; x_wconf 88' lang='lat' dir='ltr'>ac</span> <span class='ocrx_word' id='word_1_469' title='bbox 1442 2167 1575 2199; x_wconf 85' lang='lat' dir='ltr'>aliorum</span> <span class='ocrx_word' id='word_1_470' title='bbox 1594 2166 1719 2209; x_wconf 89' lang='lat' dir='ltr'>piorum</span> <span class='ocrx_word' id='word_1_471' title='bbox 1739 2166 1894 2206; x_wconf 88' lang='lat' dir='ltr'>locorum,</span> 
     </span>
     <span class='ocr_line' id='line_1_85' title="bbox 1155 2217 1895 2264; baseline -0.005 -11"><span class='ocrx_word' id='word_1_472' title='bbox 1155 2220 1337 2264; x_wconf 82' lang='lat' dir='ltr'>privilegiis,</span> <span class='ocrx_word' id='word_1_473' title='bbox 1362 2220 1569 2260; x_wconf 83' lang='lat' dir='ltr'>facultatibus,</span> <span class='ocrx_word' id='word_1_474' title='bbox 1595 2218 1810 2259; x_wconf 79' lang='lat' dir='ltr'>libertatibus,</span> <span class='ocrx_word' id='word_1_475' title='bbox 1836 2217 1895 2249; x_wconf 87' lang='lat' dir='ltr'>im-</span> 
     </span>
     <span class='ocr_line' id='line_1_86' title="bbox 1157 2271 1897 2316; baseline -0.005 -10"><span class='ocrx_word' id='word_1_476' title='bbox 1157 2274 1369 2313; x_wconf 87' lang='lat' dir='ltr'>munitatibus,</span> <span class='ocrx_word' id='word_1_477' title='bbox 1395 2272 1662 2316; x_wconf 80' lang='lat' dir='ltr'>exemptionibus,</span> <span class='ocrx_word' id='word_1_478' title='bbox 1688 2271 1826 2312; x_wconf 86' lang='lat' dir='ltr'>indultis,</span> <span class='ocrx_word' id='word_1_479' title='bbox 1852 2271 1897 2303; x_wconf 88' lang='lat' dir='ltr'>in-</span> 
     </span>
     <span class='ocr_line' id='line_1_87' title="bbox 1156 2325 1897 2370; baseline -0.005 -10"><span class='ocrx_word' id='word_1_480' title='bbox 1156 2327 1326 2370; x_wconf 80' lang='lat' dir='ltr'>dulgentiis</span> <span class='ocrx_word' id='word_1_481' title='bbox 1362 2331 1392 2359; x_wconf 87' lang='lat' dir='ltr'>et</span> <span class='ocrx_word' id='word_1_482' title='bbox 1427 2326 1495 2358; x_wconf 89' lang='lat' dir='ltr'>aliis</span> <span class='ocrx_word' id='word_1_483' title='bbox 1531 2325 1692 2369; x_wconf 79' lang='lat' dir='ltr'>quibusvis</span> <span class='ocrx_word' id='word_1_484' title='bbox 1724 2325 1833 2367; x_wconf 85' lang='lat' dir='ltr'>gratiis</span> <span class='ocrx_word' id='word_1_485' title='bbox 1867 2329 1897 2357; x_wconf 85' lang='lat' dir='ltr'>et</span> 
     </span>
     <span class='ocr_line' id='line_1_88' title="bbox 1157 2379 1898 2425; baseline -0.007 -11"><span class='ocrx_word' id='word_1_486' title='bbox 1157 2380 1395 2425; x_wconf 82' lang='lat' dir='ltr'>praerogativis,</span> <span class='ocrx_word' id='word_1_487' title='bbox 1414 2380 1532 2413; x_wconf 89' lang='lat' dir='ltr'>eisdem</span> <span class='ocrx_word' id='word_1_488' title='bbox 1549 2379 1847 2423; x_wconf 79' lang='lat' dir='ltr'>congregationibus</span> <span class='ocrx_word' id='word_1_489' title='bbox 1867 2382 1898 2410; x_wconf 79' lang='lat' dir='ltr'>et</span> 
     </span>
     <span class='ocr_line' id='line_1_89' title="bbox 1157 2433 1897 2477; baseline -0.004 -10"><span class='ocrx_word' id='word_1_490' title='bbox 1157 2435 1325 2468; x_wconf 89' lang='lat' dir='ltr'>Ordinibus</span> <span class='ocrx_word' id='word_1_491' title='bbox 1349 2439 1401 2467; x_wconf 87' lang='lat' dir='ltr'>aut</span> <span class='ocrx_word' id='word_1_492' title='bbox 1425 2433 1544 2466; x_wconf 86' lang='lat' dir='ltr'>militiis</span> <span class='ocrx_word' id='word_1_493' title='bbox 1573 2444 1630 2477; x_wconf 86' lang='lat' dir='ltr'>per</span> <span class='ocrx_word' id='word_1_494' title='bbox 1657 2443 1714 2466; x_wconf 88' lang='lat' dir='ltr'>nos</span> <span class='ocrx_word' id='word_1_495' title='bbox 1744 2438 1774 2465; x_wconf 86' lang='lat' dir='ltr'>et</span> <span class='ocrx_word' id='word_1_496' title='bbox 1802 2442 1897 2476; x_wconf 88' lang='lat' dir='ltr'>quos-</span> 
     </span>
     <span class='ocr_line' id='line_1_90' title="bbox 1157 2486 1899 2532; baseline -0.004 -11"><span class='ocrx_word' id='word_1_497' title='bbox 1157 2499 1293 2532; x_wconf 82' lang='lat' dir='ltr'>cumque</span> <span class='ocrx_word' id='word_1_498' title='bbox 1317 2489 1475 2521; x_wconf 81' lang='lat' dir='ltr'>Romanos</span> <span class='ocrx_word' id='word_1_499' title='bbox 1499 2487 1664 2520; x_wconf 82' lang='lat' dir='ltr'>Pontifices</span> <span class='ocrx_word' id='word_1_500' title='bbox 1682 2486 1899 2530; x_wconf 83' lang='lat' dir='ltr'>praedecesso-</span> 
     </span>
     <span class='ocr_line' id='line_1_91' title="bbox 1158 2539 1898 2584; baseline -0.005 -8"><span class='ocrx_word' id='word_1_501' title='bbox 1158 2554 1208 2576; x_wconf 86' lang='lat' dir='ltr'>res</span> <span class='ocrx_word' id='word_1_502' title='bbox 1232 2546 1356 2583; x_wconf 82' lang='lat' dir='ltr'>nostros</span> <span class='ocrx_word' id='word_1_503' title='bbox 1376 2541 1542 2581; x_wconf 82' lang='lat' dir='ltr'>concessis,</span> <span class='ocrx_word' id='word_1_504' title='bbox 1556 2551 1610 2573; x_wconf 90' lang='lat' dir='ltr'>seu</span> <span class='ocrx_word' id='word_1_505' title='bbox 1627 2541 1773 2584; x_wconf 86' lang='lat' dir='ltr'>deinceps</span> <span class='ocrx_word' id='word_1_506' title='bbox 1786 2551 1803 2572; x_wconf 87' lang='lat' dir='ltr'>a</span> <span class='ocrx_word' id='word_1_507' title='bbox 1819 2539 1898 2574; x_wconf 87' lang='lat' dir='ltr'>Sede</span> 
     </span>
     <span class='ocr_line' id='line_1_92' title="bbox 1159 2594 1899 2640; baseline -0.004 -11"><span class='ocrx_word' id='word_1_508' title='bbox 1159 2596 1320 2640; x_wconf 78' lang='lat' dir='ltr'>praedicta</span> <span class='ocrx_word' id='word_1_509' title='bbox 1352 2594 1559 2629; x_wconf 87' lang='lat' dir='ltr'>concedendis</span> <span class='ocrx_word' id='word_1_510' title='bbox 1577 2621 1584 2635; x_wconf 93' lang='lat'>‚</span> <span class='ocrx_word' id='word_1_511' title='bbox 1613 2605 1675 2627; x_wconf 90' lang='lat' dir='ltr'>non</span> <span class='ocrx_word' id='word_1_512' title='bbox 1708 2595 1811 2627; x_wconf 89' lang='lat' dir='ltr'>solum</span> <span class='ocrx_word' id='word_1_513' title='bbox 1842 2603 1899 2637; x_wconf 86' lang='lat' dir='ltr'>per</span> 
     </span>
     <span class='ocr_line' id='line_1_93' title="bbox 1159 2648 1900 2696; baseline -0.004 -12"><span class='ocrx_word' id='word_1_514' title='bbox 1159 2650 1453 2696; x_wconf 85' lang='lat' dir='ltr'>participationem,</span> <span class='ocrx_word' id='word_1_515' title='bbox 1482 2648 1800 2683; x_wconf 85' lang='lat' dir='ltr'>communicationem</span> <span class='ocrx_word' id='word_1_516' title='bbox 1811 2674 1820 2690; x_wconf 91' lang='lat'><em>‚</em></span> <span class='ocrx_word' id='word_1_517' title='bbox 1844 2657 1900 2681; x_wconf 85' lang='lat' dir='ltr'>seu</span> 
     </span>
    </p>
   </div>
   <div class='ocr_carea' id='block_1_6' title="bbox 1901 246 2081 275">
    <p class='ocr_par' dir='ltr' id='par_1_9' title="bbox 1901 246 2081 275">
     <span class='ocr_line' id='line_1_94' title="bbox 1901 246 2081 275; baseline 0.006 -1"><span class='ocrx_word' id='word_1_518' title='bbox 1901 248 1950 274; x_wconf 76' lang='lat' dir='ltr'>An.</span> <span class='ocrx_word' id='word_1_519' title='bbox 1963 246 1991 274; x_wconf 89' lang='lat' dir='ltr'>C.</span> <span class='ocrx_word' id='word_1_520' title='bbox 2011 246 2081 275; x_wconf 70' lang='lat'>1628</span> 
     </span>
    </p>
   </div>
   <div class='ocr_carea' id='block_1_7' title="bbox 1903 837 2087 885">
    <p class='ocr_par' dir='ltr' id='par_1_10' title="bbox 1903 837 2087 885">
     <span class='ocr_line' id='line_1_95' title="bbox 1945 837 2087 868; baseline -0.014 -9"><span class='ocrx_word' id='word_1_521' title='bbox 1945 837 2087 868; x_wconf 64' lang='lat' dir='ltr'>lniulgenlia-</span> 
     </span>
     <span class='ocr_line' id='line_1_96' title="bbox 1903 870 2085 885; baseline 0 -1"><span class='ocrx_word' id='word_1_522' title='bbox 1903 870 1947 885; x_wconf 88' lang='lat' dir='ltr'>rum</span> <span class='ocrx_word' id='word_1_523' title='bbox 1968 870 2085 884; x_wconf 61' lang='lat' dir='ltr'>con-ussit).</span> 
     </span>
    </p>
   </div>
   <div class='ocr_carea' id='block_1_8' title="bbox 1907 1584 2092 1634">
    <p class='ocr_par' dir='ltr' id='par_1_11' title="bbox 1907 1584 2092 1634">
     <span class='ocr_line' id='line_1_97' title="bbox 1931 1584 2092 1613; baseline -0.019 -7"><span class='ocrx_word' id='word_1_524' title='bbox 1931 1584 2092 1613; x_wconf 69' lang='lat' dir='ltr'>Privilegiorum</span> 
     </span>
     <span class='ocr_line' id='line_1_98' title="bbox 1907 1613 2078 1634; baseline -0.018 -1"><span class='ocrx_word' id='word_1_525' title='bbox 1907 1613 2078 1634; x_wconf 72' lang='lat' dir='ltr'>communicatio.</span> 
     </span>
    </p>
   </div>
  </div>
 </body>
</html>
