2269 3235
96 245 144 271 Αιι.
161 244 189 270 (2.
211 244 274 271 1623

897 244 1040 268 tJnssANUS
1064 245 1118 268 Vttt
1144 246 1191 269 ΙΨ.

294 291 476 325 1·“ι·30015005
499 292 672 335 navigaret,
697 301 733 325 ac
758 291 937 325 saevissima
961 297 1030 324 orta

291 349 371 377 esset
395 345 490 377 maris
514 349 693 389 tempestaS,
710 343 748 376 ad
765 354 833 377 eam
851 343 1029 385 sedandam,

291 397 431 430 crucifixi
449 398 628 441 imaginem,
645 407 738 441 quam
755 397 836 430 00110
854 398 1030 442 appositam

291 454 414 494 gestare
438 451 574 492 solebat,
599 450 690 483 undis
714 450 906 483 immiserat:
933 461 1031 495 quac,

292 503 320 536 vi
345 505 502 548 procellae
525 514 543 536 a
566 503 710 536 manibus
733 514 862 536 excussa
876 532 883 546 ,
909 505 940 536 in
963 515 1033 548 pro-

292 558 421 591 fundum
447 558 552 597 mariS,
568 567 631 590 non
649 557 714 589 sine
732 567 847 600 magno
865 558 931 590 eius
951 568 1033 590 moe·
1049 551 1050 568 ³

294 621 375 652 rore,
400 611 526 654 delapsa
549 615 631 643 erat:
657 610 711 643 sed
734 610 957 643 laetificaverat
977 610 1034 643 Do-

294 664 396 697 minus
419 664 555 697 animam
580 664 662 696 servi
687 663 753 696 sui:
778 673 850 696 nam
865 690 872 704 ,
898 674 969 697 cum
995 663 1032 696 ad

294 723 408 751 terram
439 717 657 762 applicuisset,
683 727 718 750 ac
743 727 836 750 secus
864 717 950 750 littus
975 717 1034 750 iter

294 772 417 813 faceret,
445 772 586 804 marinus
617 781 730 805 cancer
754 782 791 804 ex
816 771 907 804 undis
931 771 1034 804 subito

292 825 495 869 prosiluerat:
521 830 613 869 atque
638 830 708 858 ante
732 825 828 869 pedes
852 825 949 869 ipsius
973 830 1034 858 ste-

294 883 382 919 terat,
400 879 542 912 eamdem
559 889 686 912 crucem
706 878 864 912 morsibus
883 878 1034 911 elevatam

293 942 422 975 gerens:
440 937 470 965 et
484 932 670 965 Franciscus
687 932 718 965 in
733 942 835 974 genua
851 932 1036 975 provolutus

294 996 362 1019 cam
387 985 497 1019 devote
521 988 712 1029 susceperat,
736 995 772 1017 ac
796 985 944 1017 diuturna
968 995 1036 1018 ora-

296 1039 379 1072 tione
403 1039 443 1072 ob
469 1044 531 1072 tam
555 1038 720 1082 egregium
744 1048 858 1072 munus
882 1038 944 1071 Deo
969 1048 1037 1082 gra-

297 1093 354 1127 tias
377 1097 493 1135 egerat.

340 1146 529 1191 Prophetico
554 1146 647 1180 etiam
671 1145 784 1190 spiritu
803 1146 885 1178 Deus
910 1156 1036 1178 servum

298 1210 399 1240 suum,
423 1209 516 1242 quem
541 1199 572 1231 in
596 1199 698 1231 lucem
722 1198 863 1241 gentium
888 1198 1036 1238 dederat,

299 1252 540 1285 illuminaverat:
557 1256 651 1295 atque
670 1251 748 1284 adeo
772 1251 894 1294 insigne
918 1251 1035 1284 donum

296 1304 442 1348 plurimis
474 1303 724 1336 manifestaverat
751 1304 912 1347 exemplis.
937 1305 1037 1348 Atque

297 1357 378 1389 inter
394 1362 508 1398 cetera,
526 1367 596 1390 cum
610 1356 705 1389 Aceni
721 1356 841 1400 populi,
860 1356 942 1390 inter
957 1367 1037 1400 quos

297 1410 389 1443 etiam
402 1415 508 1443 turcae
521 1415 610 1443 erant
623 1409 723 1450 multi,
737 1410 897 1452 sexaginta
910 1410 1037 1443 navium

297 1464 394 1496 classe
416 1463 496 1496 vecti
521 1462 765 1496 christianorum
789 1473 883 1495 naves
908 1473 1037 1496 concre-

298 1522 445 1558 massent,
468 1527 504 1550 ac
526 1517 641 1550 multos
665 1516 890 1550 crudelissimis
908 1517 1034 1561 suppli—

297 1570 352 1603 ciis
364 1570 492 1603 affectos
504 1574 700 1610 enecassent,
714 1570 839 1603 ducenti
856 1581 892 1603 ac
909 1565 1038 1613 triginta

298 1623 428 1666 milites,
452 1623 484 1656 in
508 1628 578 1656 octo
602 1633 697 1656 naves
721 1623 909 1665 distribuiti,
934 1624 1038 1656 Fran-

297 1678 380 1711 015οο
397 1676 556 1718 suadente,
573 1687 608 1710 ac
626 1677 655 1709 in
672 1677 800 1710 nomine
813 1678 935 1711 Domini
954 1688 1039 1711 exer-

297 1731 416 1764 cituum
447 1731 609 1764 victoriam
644 1730 872 1774 promittente,
906 1732 1037 1765 classem

297 1783 504 1817 barbarorum
520 1783 678 1827 insequuti
695 1788 799 1816 erant:
819 1787 1038 1828 transactoque

298 1838 359 1870 iam
384 1847 501 1879 mense,
519 1848 591 1870 cum
616 1837 720 1870 nullus
745 1837 784 1870 ab
810 1837 886 1881 ipsis
910 1838 1038 1871 nuntius

298 1891 470 1931 adveniret,
495 1891 701 1924 consternatis
725 1891 888 1932 omnibus,
913 1891 1038 1936 iainque

298 1945 336 1977 de
360 1944 475 1977 civium
500 1954 630 1978 suorum
654 1945 753 1978 salute
777 1945 1038 1988 desperantibus,

299 1998 483 2031 l'ranciscus
507 1998 539 2031 in
563 1998 630 2042 ipsa
659 1998 823 2032 conflictus
847 1999 937 2040 hora,
960 2000 1038 2033 clas-

297 2052 378 2086 sium
403 2062 624 2095 congressum,
649 2062 685 2085 ac
709 2052 863 2096 insignem
889 2054 1035 2086 christia-

297 2116 410 2139 norum
434 2106 610 2147 victoriam,
635 2106 718 2138 haud
744 2117 833 2139 secus
853 2117 887 2139 ac
905 2107 930 2139 si
950 2118 1040 2151 prae-

299 2170 368 2192 >ens
399 2165 495 2199 esset,
527 2159 559 2192 in
591 2159 741 2192 concione
773 2166 970 2192 narraverat:
1004 2170 1039 2194 ac

299 2214 392 2254 diem,
412 2224 475 2257 quo
498 2218 601 2246 tantae
626 2213 671 2246 rei
696 2214 824 2247 nuntius
849 2214 1039 2247 adventurus

301 2271 397 2308 esset,
421 2267 627 2311 praedixerat.
652 2267 737 2307 Quae
765 2268 880 2308 omnia,
901 2278 972 2301 cum
997 2268 1040 2301 in-

302 2320 386 2361 genti
410 2320 551 2353 omnium
571 2320 788 2362 admiratione,
805 2332 842 2355 eo
859 2322 937 2365 ipso,
955 2322 1039 2366 quod

302 2372 527 2415 designaverat,
551 2378 703 2418 tempore,
730 2374 823 2408 certis
847 2375 963 2409 nuntiis
988 2386 1040 2419 ap-

304 2425 434 2468 probata
457 2426 587 2460 fuerant.

345 2479 484 2523 Cumque
515 2480 593 2514 duae
624 2491 717 2515 naves
750 2482 861 2515 eodem
898 2487 1040 2526 tempore

302 2545 317 2564 e
335 2537 428 2576 portu
445 2532 617 2575 solvissent,
630 2535 828 2578 praedixerat
844 2535 1038 2576 Franciscus,

302 2586 432 2618 suborta
455 2588 568 2629 magna
584 2588 679 2620 maris
697 2593 890 2632 tempestate,
908 2589 1037 2621 alteram

301 2639 498 2683 naufragium
516 2650 688 2683 passuram
703 2668 710 2682 ,
735 2642 863 2674 alteram
896 2652 971 2675 vero
996 2642 1039 2685 (ct

1064 293 1094 325 in
1107 293 1165 326 hac
1178 293 1243 336 ipse
1257 292 1488 336 reperiebatur)
1502 297 1587 324 extra
1601 301 1695 325 omne
1708 292 1804 325 maris

1065 345 1241 389 periculum
1267 346 1298 378 in
1322 345 1423 378 navali
1443 345 1689 378 dissolvendam:
1709 356 1802 389 quam

1064 399 1311 442 praedictionem
1329 398 1493 443 utriusque
1507 398 1607 431 exitus
1621 398 1805 442 comproba-

1065 458 1163 485 verat:
1185 463 1256 485 cum
1281 453 1409 486 alterius
1434 453 1608 496 fragmenta
1627 462 1690 485 non
1706 453 1804 485 multo

1066 511 1137 549 post
1153 511 1321 549 conspecta
1343 506 1490 546 fuissent;
1508 506 1605 539 altera
1625 516 1710 546 vero,
1728 506 1806 539 mul-

1066 558 1104 590 tis
1121 562 1185 590 tute
1202 558 1337 601 peractis
1356 558 1532 599 itineribus,
1548 570 1629 599 cum,
1647 559 1805 603 publicato

1049 611 1234 651 .vaticinio,
1259 611 1356 644 sancti
1386 611 1483 655 patris
1507 612 1593 645 navis
1618 617 1805 653 vocaretur,

1066 676 1101 698 ac
1118 665 1309 709 ubicumque
1334 665 1516 710 appelleret,
1533 676 1605 698 cum
1629 667 1741 709 plausu
1758 676 1808 699 ex-

1067 719 1236 762 ciperetur,
1256 719 1393 759 demum,
1415 724 1486 762 post
1509 719 1624 752 multos
1648 729 1757 760 annos,
1778 719 1807 751 in

1066 772 1188 813 navali,
1213 777 1247 805 ut
1271 772 1471 813 reficeretur,
1496 772 1648 806 subducta
1664 799 1671 813 ‚
1697 778 1808 817 sponte

1068 830 1241 859 corruerat.

1112 879 1278 913 Grassante
1302 889 1428 923 quoque
1451 879 1628 923 pestilentia
1645 879 1676 912 in
1692 880 1811 913 Lusita-

1068 943 1183 966 norum
1200 943 1236 965 ac
1253 933 1467 976 Hispanorum
1492 933 1653 974 classibus,
1670 943 1750 977 quae
1772 934 1810 966 ad

1069 986 1257 1019 Amboinam
1281 986 1416 1019 insulam
1440 986 1636 1030 appulerant,
1653 997 1724 1020 cum
1745 997 1811 1020 san-

1070 1044 1137 1072 ctus
1161 1039 1209 1071 vir
1233 1039 1370 1082 aegrotis
1395 1039 1433 1072 de
1457 1050 1547 1072 more
1570 1039 1773 1081 ministraret,
1793 1051 1811 1074 a

1070 1092 1184 1125 Ioanne
1207 1092 1245 1125 de
1269 1092 1412 1133 Arausio,
1432 1097 1466 1125 ut
1488 1092 1594 1125 vinum
1620 1093 1679 1126 sibi
1695 1093 1733 1126 ad
1758 1103 1811 1127 eo-

1069 1155 1141 1178 rum
1177 1155 1269 1178 usum
1302 1145 1510 1188 elargiretur,
1542 1145 1695 1189 petierat:
1727 1147 1811 1190 quod

1069 1199 1220 1231 Arausius
1237 1198 1400 1241 gravatim,
1418 1198 1532 1231 timens
1548 1209 1588 1232 ne
1604 1199 1663 1232 sibi
1679 1199 1812 1241 deesset,

1070 1251 1221 1286 miserat:
1246 1262 1341 1295 quem
1366 1252 1420 1285 Dei
1445 1252 1559 1285 Servus
1584 1252 1811 1293 admonuerat,

1070 1310 1103 1337 ut
1127 1305 1158 1337 in
1183 1305 1343 1338 charitatis
1360 1305 1509 1349 operibus
1528 1306 1648 1349 largior
1668 1316 1735 1339 esse
1753 1307 1813 1340 vel-

1070 1358 1131 1398 let,
1156 1358 1244 1391 brevi
1269 1359 1383 1392 etenim
1408 1359 1496 1400 fore,
1520 1364 1554 1392 ut
1579 1359 1641 1392 vita
1664 1359 1813 1403 defunge-

1070 1416 1168 1452 retur,
1186 1412 1316 1456 eiusque
1333 1412 1439 1445 omnia
1455 1412 1537 1445 bona
1554 1412 1586 1445 in
1602 1423 1678 1446 usus
1697 1423 1814 1457 paupe-

1070 1476 1142 1498 rum
1167 1465 1323 1498 cederent.
1342 1466 1492 1509 Cumque,
1510 1472 1581 1509 post
1598 1476 1661 1499 non
1678 1467 1813 1500 multum

1070 1519 1222 1562 temporis
1247 1519 1392 1562 spatium,
1416 1519 1455 1551 ad
1479 1519 1644 1552 Ternatem
1669 1519 1813 1558 insulam,

1070 1581 1149 1615 quae
1173 1571 1315 1604 ducentis
1339 1572 1475 1615 amplius
1499 1572 1687 1606 milliaribus
1706 1583 1724 1605 a
1744 1573 1814 1606 1000

1071 1625 1212 1666 distabat,
1227 1625 1431 1668 adventasset,
1445 1635 1481 1658 ac
1497 1625 1610 1658 missae
1624 1625 1814 1659 sacrificium

1071 1679 1265 1719 celebraret,
1296 1688 1406 1711 versus
1439 1679 1478 1711 ad
1513 1680 1689 1723 populum:
1721 1680 1814 1713 Orate

1072 1731 1217 1775 (dixerat)
1243 1742 1301 1775 pro
1325 1732 1428 1764 anima
1453 1732 1576 1765 Ioannis
1600 1732 1637 1765 dc
1662 1733 1814 1774 Arausio,

1072 1785 1125 1829 qui
1143 1785 1237 1818 modo
1255 1785 1423 1829 expiravit:
1442 1785 1639 1829 stupentibus
1656 1786 1814 1827 omnibus,

1070 1843 1141 1882 post
1165 1838 1387 1871 duodecimum
1406 1838 1489 1871 diem
1506 1844 1743 1882 supervenerat,
1760 1839 1813 1882 qui

1072 1892 1224 1925 visionem
1257 1892 1355 1933 sancti
1386 1892 1444 1925 viri
1469 1892 1665 1925 verissimam
1696 1893 1813 1935 fuisse,

1055 1946 1213 1988 ¹nuntiata
1238 1946 1360 1979 Arausii
1384 1951 1497 1987 morte,
1522 1945 1743 1981 declaraverat.

1116 1999 1279 2032 lllercatori
1300 1999 1424 2032 cuidam
1440 1999 1609 2043 Meliapore
1626 1999 1815 2040 discessuro,

1072 2062 1107 2086 ac
1132 2054 1353 2086 munusculum
1374 2053 1518 2096 aliquod,
1536 2058 1697 2096 tamquam
1721 2054 1816 2087 bene-

1072 2104 1226 2137 volentiae
1249 2103 1385 2146 signum,
1402 2115 1420 2136 a
1437 2114 1468 2136 se
1492 2104 1676 2148 postulanti,
1701 2105 1816 2138 Servus

1072 2158 1126 2190 Dei
1150 2157 1259 2192 beatae
1284 2157 1398 2190 Mariae
1418 2157 1555 2201 Virginis
1579 2168 1730 2191 coronam
1747 2169 1818 2202 pre-

1073 2212 1191 2245 cariam
1217 2222 1234 2244 a
1258 2212 1339 2246 collo
1364 2212 1537 2245 detractam
1563 2213 1714 2257 elargitus
1738 2219 1815 2253 erat,

1073 2266 1242 2306 affirmans,
1258 2265 1325 2299 sore
1341 2270 1385 2306 ut,
1399 2266 1550 2310 quamdiu
1568 2266 1652 2299 illam
1670 2277 1766 2310 penes
1783 2277 1815 2300 50

1073 2319 1213 2360 liaberet,
1238 2319 1277 2352 ab
1301 2319 1387 2352 omni
1411 2320 1507 2352 maris
1531 2320 1673 2364 periculo
1698 2321 1816 2354 incolu-

1073 2374 1133 2407 mis
1158 2378 1239 2407 esset
1264 2384 1429 2414 evasurus,
1446 2384 1463 2407 a
1487 2379 1582 2418 portu
1606 2374 1710 2418 itaque
1735 2385 1815 2408 mer-

1073 2432 1160 2460 cator
1177 2427 1301 2460 solvens
1317 2427 1518 2470 naufragium
1536 2428 1665 2460 fecerat:
1679 2439 1814 2472 cumque

1073 2480 1104 2513 in
1130 2480 1278 2522 tabulata,
1304 2491 1341 2514 ex
1365 2480 1459 2523 lignis
1483 2481 1599 2525 raptim
1623 2482 1814 2525 composita,

1072 2545 1144 2568 cum
1168 2535 1326 2568 nonnullis
1350 2534 1419 2567 aliis
1443 2534 1622 2568 vectoribus
1647 2535 1814 2575 exiliisset;

1072 2588 1103 2620 in
1127 2588 1189 2621 alto
1214 2587 1305 2628 mari,
1329 2587 1463 2621 alienato
1487 2598 1505 2621 a
1528 2587 1673 2621 sensibus
1696 2589 1813 2629 animo,

1073 2641 1155 2674 visus
1179 2646 1259 2675 essct
1279 2641 1337 2674 sibi
1356 2652 1427 2675 cum
1448 2641 1517 2685 ipso
1538 2641 1635 2675 Servo
1652 2641 1705 2675 Dei
1723 2642 1815 2675 Fran-

1729 238 1770 266 :tet
1817 245 1864 271 An.
1886 245 1914 271 0.
1934 244 2000 271 16⁶3
