2269 3235
101 234 149 262 An.
167 234 196 262 C.
218 233 285 261 1623

169 454 282 479 Gregorius

99 487 141 502 rem
169 486 282 507 cougrega-

99 508 150 528 tioni
169 510 243 528 rituum
261 513 282 528 e-

98 534 244 555 xaminandam
252 540 281 555 re

98 561 168 583 mittit.

126 1092 237 1112 Decretum
263 1091 283 1111 in

99 1119 223 1139 consistorio
247 1117 283 1137 dc·

100 1145 166 1165 veniri
220 1149 282 1169 posse

100 1171 126 1191 ad
135 1170 283 1191 sanctificatio-

99 1203 153 1219 uem.

126 2310 190 2331 Facta
208 2317 233 2332 ue
252 2313 283 2332 est

98 2337 175 2358 relatio
204 2343 215 2358 e
234 2343 283 2358 san-

98 2363 172 2384 ctitate
186 2366 208 2385 et
221 2365 283 2385 inira·

99 2390 158 2411 culis.

905 228 1047 252 umiANL's

297 279 492 315 sanctitatem
517 284 547 314 et
570 278 723 313 miracula
758 276 854 317 satis,
879 287 1036 320 superque

296 333 428 378 probata
444 333 550 374 fuisse,
567 331 728 378 praedicto
745 330 840 364 Paulo
856 329 1038 374 praedeces-

297 387 361 421 sori
376 387 562 420 retulerunt.

341 440 356 484 ἓ
375 438 404 473 8.
421 439 571 483 Cumque,
589 438 657 482 ipso
677 437 774 470 Paulo
792 436 1035 480 praedecessore

297 494 379 526 viam
411 493 574 526 universae
608 491 710 524 carnis
740 490 904 533 ingresso,
936 490 1037 522 dictus

296 546 493 591 praepositus
517 544 656 578 eiusdem
680 543 843 578 Societatis
875 542 1037 576 humiliter

296 600 379 644 apud
403 598 589 641 Gregorium
614 597 891 640 praedecessorem
916 595 1037 639 praedi-

297 656 381 684 ctum
406 649 576 688 institisset,
594 653 628 681 ut
651 647 690 680 ad
714 647 865 680 ulteriora
890 647 922 679 in
947 657 1037 679 cano-

295 703 449 737 nizatione
466 701 606 735 eiusdem
625 700 708 733 beati
733 700 844 743 Ignatii
862 699 1035 743 procedere

295 757 488 800 dignaretur,
506 755 588 788 idem
607 753 779 797 Gregorius
801 753 1035 797 praedecessor,

296 810 378 843 illius
402 809 585 854 petitionem
613 807 749 850 benigne
780 807 927 846 audiens,
960 806 1036 839 rela-

295 864 436 905 tionem,
461 868 495 895 ut
518 862 695 906 praefertur
712 888 720 902 ‚
743 862 857 894 factam
872 888 879 901 ,
904 860 942 893 ad
967 871 1035 894 eos-

296 916 367 949 dem
398 915 572 949 cardinales
607 925 705 958 super
738 914 906 958 praedictis
939 914 1036 946 sacris

296 969 408 1003 ritibus
432 969 596 1013 deputatos
622 967 911 1010 recognoscendam
942 967 1035 999 ctiam

297 1023 427 1056 remisit.

342 1077 357 1119 ξ
381 1076 409 1109 9.
434 1076 584 1119 Cumque,
609 1074 763 1118 pendente
788 1073 888 1107 dictae
912 1074 1036 1106 relatio-

298 1129 346 1162 nis
362 1128 565 1168 discussione,
583 1127 836 1170 supervenissent
860 1126 1035 1159 charissimi

298 1183 330 1215 in
346 1182 468 1216 Christo
484 1180 541 1214 filii
556 1180 656 1214 nostri
675 1179 823 1213 Ludovici
841 1180 1035 1212 Francorum

298 1241 329 1268 et
344 1236 500 1269 Navarrae
516 1233 601 1276 regis
614 1232 865 1266 christianissimi
884 1232 1034 1275 primum,

297 1298 370 1321 mox
387 1298 461 1321 vero
485 1287 599 1320 nobilis
616 1286 674 1318 viri
699 1286 899 1318 Maximiliani
923 1286 1036 1318 utrius-

296 1351 356 1386 que
380 1340 528 1373 Bavariae
551 1339 640 1373 ducis
654 1367 662 1380 ,
687 1345 717 1372 et
740 1339 915 1372 successive
940 1339 1034 1372 etiam

296 1394 472 1429 charissimi
482 1393 514 1427 in
527 1393 652 1427 Christo
665 1393 721 1426 filii
734 1393 834 1426 nostri
846 1393 1034 1426 Ferdinandi

295 1449 510 1482 Romanorum
533 1447 617 1490 regis
641 1447 673 1479 in
697 1446 921 1490 imperatorem
945 1446 1035 1479 electi

294 1512 404 1546 preces
416 1501 628 1540 accessissent;
645 1500 781 1544 dictique
798 1500 973 1533 cardinales
989 1510 1036 1533 re-

294 1555 443 1589 lationem
466 1554 660 1599 praedictam
685 1554 960 1598 comprobassent,
987 1564 1035 1587 ve-

294 1608 444 1642 nerabilis
468 1609 566 1641 frater
596 1612 704 1641 noster
728 1607 914 1640 Franciscus
938 1607 1034 1640 Maria

294 1662 461 1706 episcopus
492 1662 687 1702 Portuensis,
713 1661 853 1694 eiusdem
885 1661 913 1693 S.
939 1662 973 1694 R.
999 1662 1032 1694 E.

295 1715 461 1749 cardinalis
484 1725 502 1748 a
525 1715 628 1748 Monte
652 1719 860 1758 nuncupatus,
880 1714 925 1747 rei
952 1725 1034 1747 sum-

294 1779 389 1810 mam,
406 1779 559 1813 suamque
576 1773 606 1801 et
630 1768 775 1808 aliorum,
796 1772 829 1802 ut
856 1768 1033 1811 praefertur

294 1823 533 1867 deputatorum,
559 1821 765 1855 cardinalium
791 1822 977 1854 sententiam
1001 1822 1033 1854 in

294 1881 403 1910 nostro
426 1880 501 1909 tunc
520 1875 661 1909 eiusdem
685 1875 830 1918 Gregorii
854 1876 1051 1919 praedeces-2

295 1930 375 1963 soris
392 1928 579 1963 consistorio
603 1933 723 1963 secreto
748 1929 905 1973 exposuit;
924 1934 953 1962 et
971 1930 1032 1971 alii,

294 1983 347 2027 qui
364 1983 396 2016 in
415 1983 469 2016 illo
486 1983 672 2017 consistorio
690 1983 829 2023 aderant,
847 1983 1031 2023 cardinales,

294 2037 399 2070 dilecti
422 2036 479 2069 filii
503 2036 611 2077 nostri,
630 2036 660 2069 in
680 2036 823 2069 eamdem
847 2037 1032 2069 sententiam

294 2090 502 2130 devenerunt,
527 2100 620 2134 posse
644 2089 788 2123 videlicet
811 2089 930 2123 dictum
955 2090 1032 2124 Gre-

295 2144 420 2186 gorium
445 2143 734 2187 praedecessorem,
751 2143 837 2176 iuxta
861 2154 968 2177 sacros
991 2144 1034 2176 di-

296 2200 363 2229 ctae
371 2196 400 2229 S.
411 2197 445 2230 R.
455 2196 488 2229 E.
498 2196 587 2237 ritus,
597 2195 716 2229 dictum
733 2196 858 2229 beatum
877 2196 1033 2239 Ignatium

296 2249 376 2282 inter
392 2249 521 2283 Sanctos
536 2249 664 2283 referre.

341 2302 429 2345 ἓἸΟ.
454 2303 555 2343 Quare
585 2303 667 2336 idem
700 2303 872 2346 Gregorius
902 2305 1034 2348 praede-

298 2366 402 2390 cessor
415 2357 454 2389 ad
467 2357 619 2391 ulteriora
642 2357 771 2402 procedi
796 2357 962 2391 mandavit.
980 2359 1035 2392 Vo-

297 2409 398 2442 luerat
413 2413 515 2444 autem
527 2410 594 2454 ipse
617 2410 789 2454 Gregorius
811 2411 1035 2455 praedecessor

297 2463 447 2497 nonnulla
471 2473 507 2496 ex
534 2463 588 2505 iis,
612 2474 692 2508 quae
716 2464 749 2497 in
779 2465 981 2509 processibus
1005 2471 1035 2499 et

297 2516 373 2550 actis
393 2516 431 2549 de
447 2515 519 2557 vita,
536 2517 698 2551 sanctitate
722 2521 752 2552 et
775 2518 936 2551 miraculis
956 2518 1036 2552 eius-

296 2568 368 2602 dem
391 2568 474 2602 beati
500 2568 611 2612 Ignatii
642 2570 844 2612 constabant,
869 2571 900 2604 in
925 2572 1036 2605 eodem

296 2622 481 2657 consistorio
506 2623 672 2664 recenseri,
696 2624 857 2658 videlicet:

378 2683 457 2713 Ball.
477 2683 560 2712 Rom.
576 2699 610 2703 —
627 2684 687 2712 Vol.
702 2685 782 2714 XIII.
963 2687 978 2713 4

1075 228 1127 251 vm
1153 214 1783 251 1p,25

1115 277 1130 320 ἐ
1154 276 1206 309 Μ
1232 276 1328 310 Natus
1352 279 1398 307 est
1415 274 1446 307 Β
1466 273 1604 317 Ignatius
1630 272 1661 305 in
1686 282 1723 305 ca
1747 271 1813 305 llis-

1070 329 1234 373 paniarum
1259 329 1410 372 1cgione,
1435 337 1517 371 quae
1547 326 1584 359 ad
1618 326 1811 369 Pyrenaeum

1070 383 1221 426 pertinet,
1246 382 1285 415 ad
1310 381 1462 425 oppidum
1486 379 1675 423 Aspeithiac,
1693 378 1814 421 Pampi-

1070 436 1208 468 lonensis
1233 435 1403 474 dioecesis,
1429 444 1510 467 anno
1534 432 1658 465 Domini
1683 441 1813 471 mcnxci,

1070 499 1107 521 ex
1132 488 1289 520 Beltramo
1306 487 1414 520 Loiola
1437 492 1466 519 ct
1486 486 1582 519 Maria
1603 485 1741 518 Sanc-hez
1762 495 1815 518 no-

1070 541 1196 581 bilibus,
1215 540 1378 573 catholicis
1403 543 1433 573 et
1458 540 1517 583 piis
1541 538 1734 583 parentibus,
1760 538 1814 581 qui

1071 594 1165 627 simili
1184 594 1258 637 piet
1251 597 1298 627 ite
1316 593 1416 625 lilium
1434 592 1511 624 educ
1515 593 1631 624 andum
1649 602 1704 624 (ur
1707 602 1741 623 ιι
1745 595 1812 625 unt

1115 648 1130 691 ξ
1154 647 1205 680 12.
1222 647 1412 680 Adolescens
1438 645 1489 678 ille
1515 646 1623 685 fartus,
1644 656 1715 677 ιιιιιι
1733 650 1814 678 esset

1070 701 1176 734 eximi
1170 712 1186 732 ι
1201 705 1231 733 et
1247 700 1343 732 animi
1362 704 1392 732 et
1406 699 1550 742 corpmis
1566 698 1680 738 indole,
1698 699 1813 731 missus

1069 755 1127 787 fuit
1150 754 1181 786 in
1207 754 1309 786 clarae
1339 752 1483 785 similiter
1508 752 1680 785 memoriae
1705 752 1812 784 Ferdi-

1069 807 1164 840 nandi
1189 807 1273 849 regis
1299 806 1444 839 catholici
1470 805 1607 844 curiam;
1634 805 1687 837 ubi
1705 832 1712 845 ,
1740 816 1812 837 cum

1070 861 1152 894 inter
1176 860 1366 894 honorarios
1385 870 1503 903 pueros
1523 858 1705 901 aliquandiu
1729 869 1814 890 man-

1070 915 1170 955 sisset,
1193 914 1232 946 ad
1255 918 1328 948 tunc
1354 913 1538 945 existentem
1563 913 1719 945 Navarrae
1743 923 1814 955 pro-

1070 977 1189 1009 regem,
1203 966 1234 998 in
1248 966 1372 999 civitate
1387 965 1618 1009 Pampilonensi
1635 965 1811 1007 degentem,

1070 1030 1103 1052 se
1127 1019 1275 1059 contulit,
1300 1023 1330 1051 ct
1359 1018 1406 1051 rei
1431 1018 1559 1051 militari
1584 1028 1713 1061 operam
1738 1018 1813 1051 darc

1070 1072 1176 1116 cepit;
1202 1082 1337 1115 cumque
1365 1071 1447 1104 dicta
1473 1071 1581 1103 civitas
1605 1071 1644 1103 ab
1673 1071 1813 1104 exercitu

1070 1126 1230 1158 Gallorum
1256 1125 1475 1164 obsideretur,
1500 1124 1559 1167 ipsi
1590 1124 1709 1167 lgnatio
1741 1129 1812 1157 ante

1069 1180 1146 1212 alios
1166 1179 1327 1211 dimicanti
1348 1179 1428 1221 lapis
1445 1189 1482 1210 cx
1508 1189 1599 1211 muro
1620 1178 1813 1212 bombardae

1069 1232 1099 1265 vi
1117 1242 1264 1265 excussus
1278 1232 1398 1264 laevam
1415 1231 1504 1264 laesit
1520 1231 1638 1271 tibiam,
1653 1232 1812 1265 dexteram

1068 1296 1143 1318 vero
1169 1286 1211 1318 ita
1236 1284 1408 1327 confregit,
1434 1290 1468 1316 ut
1493 1285 1661 1317 semivivus
1686 1296 1814 1319 corrue-

1069 1339 1126 1379 rit3
1151 1349 1288 1382 quorum
1314 1338 1481 1370 vulnerum
1506 1337 1662 1377 acerbam,
1683 1349 1812 1381 gravem

1069 1397 1099 1425 et
1123 1392 1304 1425 diuturnam
1326 1391 1521 1424 curationem
1540 1391 1581 1423 ita
1596 1391 1751 1435 patienter
1768 1397 1812 1425 tu-

1069 1445 1113 1485 lit,
1139 1450 1173 1477 ut
1196 1444 1342 1478 omnibus
1367 1449 1448 1477 essct
1472 1444 1651 1477 domesticis
1675 1445 1811 1478 admira-

1070 1498 1161 1539 tioni;
1176 1509 1312 1542 cumque
1330 1498 1442 1538 eidem,
1456 1498 1488 1530 in
1504 1498 1584 1531 lecto
1598 1498 1699 1539 affixo,
1713 1498 1812 1532 libros

1068 1552 1227 1596 profanos,
1252 1557 1327 1584 tunc
1351 1552 1395 1584 sic
1419 1552 1483 1584 Deo
1508 1552 1645 1592 volente,
1670 1562 1734 1585 non
1762 1563 1811 1585 re-

1068 1611 1186 1650 pertos,
1206 1605 1334 1649 petenti,
1352 1605 1496 1639 nonnulli
1521 1605 1564 1649 pii
1589 1605 1661 1638 libri
1687 1606 1811 1648 legendi

1069 1662 1163 1694 causa
1178 1660 1319 1703 porrecti
1335 1659 1475 1699 fuissent,
1494 1670 1529 1692 ex
1547 1670 1659 1692 eorum
1676 1659 1811 1693 lectione

1068 1719 1131 1747 tam
1156 1714 1302 1747 ardenter
1319 1713 1377 1746 suit
1393 1713 1549 1753 incensus,
1567 1719 1601 1745 ut
1626 1713 1745 1756 ingenti
1763 1714 1810 1746 sui

1068 1768 1140 1801 odio
1166 1772 1328 1810 concepto,
1347 1766 1521 1799 decreverit
1547 1766 1661 1800 Christi
1686 1772 1716 1799 et
1739 1767 1811 1799 San-

1068 1826 1191 1855 ctorum
1208 1820 1339 1863 vestigia
1352 1820 1450 1863 sequi,
1468 1820 1721 1864 lliorosolymam
1737 1831 1811 1864 pro-

1067 1875 1177 1915 ficisci,
1200 1880 1235 1907 ut
1259 1884 1347 1907 sacra
1372 1874 1424 1906 illa
1448 1874 1517 1906 loca
1542 1879 1756 1913 veneraretur,
1782 1878 1812 1908 et

1066 1928 1174 1961 fideles
1191 1928 1223 1960 in
1245 1927 1356 1971 spiritu
1380 1932 1592 1971 promoveret,
1611 1937 1647 1961 ac
1668 1927 1810 1961 infideles

1067 1983 1105 2015 ad
1129 1983 1332 2025 Evangelium
1354 1982 1543 2015 adduceret:

1112 2038 1126 2080 ξ
1150 2036 1202 2069 13.
1220 2035 1340 2069 Curatis
1358 2046 1434 2078 ergo
1452 2036 1647 2076 vulneribus,
1664 2036 1809 2079 patriam,

1066 2095 1222 2133 parentes,
1240 2100 1291 2122 res
1309 2099 1418 2122 omnes
1438 2089 1537 2121 fluxas
1563 2094 1592 2121 et
1617 2089 1750 2122 caducas
1765 2100 1811 2123 re-

1067 2143 1173 2187 liquit3
1199 2147 1229 2175 et
1245 2143 1368 2175 Christo
1393 2142 1539 2186 deinceps
1558 2142 1757 2183 militaturus,
1772 2143 1810 2176 ad

1069 2197 1295 2230 monasterium
1315 2196 1346 2228 B.
1365 2196 1479 2228 Mariae
1503 2195 1541 2229 dc
1566 2196 1668 2229 Monte
1684 2196 1811 2230 Serrato

1068 2250 1192 2284 Ordinis
1224 2250 1253 2284 S.
1288 2249 1445 2282 Benedicti
1482 2249 1622 2283 Vicensis
1658 2250 1811 2284 dioecesis

1068 2304 1223 2349 perrexit3
1249 2304 1366 2347 ibique,
1384 2303 1524 2346 generali
1548 2304 1741 2337 confessione
1758 2315 1811 2348 pe-

1069 2359 1164 2398 racta,
1185 2357 1289 2400 gladio
1315 2362 1344 2389 et
1368 2356 1506 2400 pugione
1532 2357 1563 2389 in
1588 2357 1704 2400 templo
1729 2358 1810 2391 eius-

1069 2411 1140 2444 dem
1166 2409 1349 2444 monasterii
1374 2409 1549 2453 suspensis,
1575 2412 1688 2453 aspera
1720 2411 1810 2444 talari

1069 2464 1175 2497 tunica
1199 2463 1342 2503 indutus,
1369 2462 1442 2495 sune
1473 2463 1692 2506 praecinctus,
1726 2464 1810 2497 nudo

1070 2518 1180 2562 capite,
1198 2517 1345 2550 baculum
1363 2526 1458 2549 mauu
1474 2520 1607 2559 gestans,
1626 2522 1721 2550 totam
1740 2528 1808 2551 eam

1069 2576 1204 2611 noctem,
1229 2569 1279 2603 cui
1304 2570 1369 2602 dies
1393 2570 1488 2603 festus
1516 2570 1675 2613 angelicae
1699 2571 1810 2604 saluta-

1070 2625 1163 2659 tionis
1186 2624 1297 2665 illuxit,
1322 2629 1393 2657 ante
1417 2634 1505 2658 aram
1529 2623 1669 2658 eiusdem
1693 2624 1724 2659 B.
1751 2625 1809 2659 Ma-

1830 222 1988 250 An.C.16·2

1854 285 1930 311 Ignatii
1953 287 2013 306 nata-

1828 313 1865 333 les.

1855 658 1910 678 lnle
1914 659 1969 678 rtulo
1966 659 2014 678 ·ia-

1829 690 1878 705 cens
1893 691 1924 710 [ιι
1932 691 1960 704 ιιι
1963 691 1974 704 n
1990 686 2003 705 1ι
2007 696 2013 699 -

1829 711 1866 731 1ιιι»
1869 718 1913 731 ιιιιιι
1902 713 1970 731 ulecti
1967 717 1999 731 1101
1995 718 2013 731 ie

1828 744 1853 757 ιιι
1850 740 1895 758 ostu
1928 744 1950 757 sa
1939 740 2013 758 ancto-

1829 770 1872 784 rum
1883 765 1971 789 iestigia
1981 770 2013 784 se·

1829 791 1866 817 qui
1881 791 1983 812 deceruit.

1859 2046 1881 2066 In
1906 2046 2010 2067 eeclesiae

1826 2071 1850 2092 B.
1875 2071 1955 2093 Mariae
1984 2073 2010 2094 de

1825 2099 1896 2119 Monte
1922 2099 2011 2120 Seri-ato

1826 2125 1898 2146 divino
1907 2126 1973 2146 cultui
1987 2132 2010 2147 so

1826 2151 1914 2173 addicit.
