2269 3235
162 231 216 259 An.
229 230 257 260 G.
275 231 342 259 1627

969 231 1112 255 URBANUS
1137 231 1194 255 VIII
1218 232 1266 256 PP.

362 277 494 311 civitatis
519 278 747 319 Ulixbonensis,
772 279 854 323 quod
880 278 952 323 ipsi,
971 279 1101 323 provide

362 330 605 373 considerantes,
623 332 778 365 civitatem
802 332 1004 376 praedictam,
1022 343 1101 375 quac

361 393 531 417 numeroso
555 384 726 417 admodum
750 385 868 428 populo
893 384 1008 417 referta
1039 385 1101 417 exi-

361 437 423 478 stit,
443 448 597 481 aquarum
621 438 759 471 dulcium
775 443 805 470 ct
820 437 951 470 fontium
970 437 1100 481 penuria

361 501 424 524 non
448 491 651 525 mediocriter
676 491 838 531 laborare,
863 496 893 523 et
924 502 1036 534 aquam
1062 491 1101 523 ad

361 544 503 577 eamdem
528 545 685 577 civitatem
711 544 835 578 nonnisi
860 555 876 577 e
897 544 973 577 locis
1001 545 1039 576 ab
1064 546 1100 577 ea

361 598 494 630 multum
519 598 705 631 distantibus
729 597 865 630 derivari
890 608 1000 641 posse,
1019 608 1101 630 com-

360 651 520 684 munitatis
544 662 619 684 vero
643 656 673 684 et
696 651 860 684 hominum
886 651 1025 683 eiusdem
1057 651 1101 683 ci-

361 704 461 737 vitatis
482 704 643 737 facultates
660 704 808 747 gravibus
821 704 967 748 expensis
980 704 1100 737 attritas

359 767 437 797 esse,
454 767 490 790 ac
514 757 712 800 gravioribus
736 762 905 800 propterea
930 757 1100 789 subeundis

359 810 487 843 minime
513 815 695 853 suppetere3
713 810 828 842 habitis
852 810 940 854 prius
964 810 1100 853 desuper

359 862 452 896 variis
483 863 689 904 tractatibus,
717 874 790 896 cum
821 874 972 907 expensas
995 864 1100 896 huius-

358 917 443 951 modi
466 917 553 950 nulla
577 917 638 950 alia
663 917 796 950 faciliori
821 918 951 959 ratione,
976 928 1011 951 ac
1035 918 1100 950 mi-

358 971 428 1004 nori
453 971 688 1004 communitatis
723 976 754 1004 et
788 971 950 1004 hominum
976 971 1099 1015 praedi-

359 1030 482 1059 ctorum
499 1025 701 1058 incommodo
718 1024 787 1057 sieri
806 1035 898 1068 posse
915 1025 1098 1066 iudicarent,

358 1078 513 1121 gabellam
539 1078 630 1111 unius
662 1078 777 1121 regalis
806 1084 950 1111 monetae
974 1079 1097 1111 illarum

357 1132 516 1176 partium,
543 1131 657 1165 valoris
692 1137 796 1164 autem
832 1132 924 1165 unius
956 1133 1098 1176 quatreni

357 1185 483 1218 circiter
500 1190 644 1218 monetae
665 1195 824 1225 romanae,
849 1195 944 1228 super
961 1185 1100 1228 qualibet

356 1238 437 1273 libra
462 1239 583 1279 carnis,
607 1249 731 1272 necnon
755 1238 876 1271 dimidii
901 1239 1016 1282 regalis
1039 1240 1098 1272 hu-

356 1291 493 1325 iusmodi
514 1302 608 1336 super
632 1292 770 1336 qualibet
794 1292 866 1333 vini,
884 1293 968 1336 quod
982 1292 1013 1325 in
1030 1304 1100 1326 cau·

354 1345 446 1389 ponis
471 1345 633 1386 venditur,
659 1347 807 1378 mensura
832 1346 980 1389 foylz'etla
1004 1347 1098 1390 vulgo

354 1401 543 1442 nuncupata,
561 1410 617 1443 per
635 1409 745 1432 carnes
766 1404 796 1432 et
816 1399 922 1432 vinum
948 1405 1097 1442 ementes,

356 1457 418 1485 tam
436 1452 664 1486 ecclesiasticos
681 1463 775 1496 quam
797 1454 964 1494 seculares,
978 1454 1098 1497 persol-

355 1505 487 1538 vendam
512 1505 740 1549 imposuerunt,
760 1506 1002 1550 impositamque
1022 1517 1098 1540 non-

353 1560 514 1593 nullorum
532 1570 687 1592 annorum
701 1551 801 1603 spatio
815 1565 997 1603 exegerunt,
1016 1566 1045 1593 ct
1061 1571 1097 1593 ex

354 1613 495 1646 eiusdem
519 1613 660 1655 gabellae
685 1613 828 1656 pecuniis
853 1618 972 1646 certam
998 1624 1096 1656 aquae

354 1666 570 1710 quantitatem,
587 1666 642 1699 sed
657 1676 720 1699 non
738 1676 817 1708 cam,
835 1676 915 1710 quae
932 1666 1096 1699 sublevan-

353 1721 400 1753 dis
425 1720 681 1761 communitatis,
707 1720 839 1753 civitatis
872 1725 901 1753 et
930 1720 1095 1753 hominum

353 1773 588 1818 praedictorum
607 1773 847 1806 necessitatibus
867 1773 940 1806 satis
957 1777 1046 1814 esset,
1064 1774 1096 1806 in

354 1826 496 1860 eamdem
510 1827 665 1860 civitatem
678 1826 815 1860 derivari
829 1833 987 1861 curarunt.
999 1828 1095 1869 Unde,

355 1891 425 1914 cum
450 1880 608 1924 pecunias,
625 1891 705 1924 quae
730 1891 767 1913 ex
792 1881 971 1915 continuata
996 1881 1096 1915 dictae

354 1934 495 1978 gabellae
519 1935 678 1968 exactione
703 1941 934 1978 provenerant,
960 1936 991 1968 in
1016 1937 1094 1969 resi-

354 1988 434 2022 duae
461 1994 554 2032 atque
578 1989 772 2022 necessariae
802 2000 901 2033 aquae
926 1989 1094 2024 derivatio-

352 2052 425 2075 nem
451 2052 583 2085 erogare
616 2042 845 2083 decrevissent3
871 2043 931 2078 alia
961 2054 1034 2078 vero
1059 2055 1095 2077 ex

351 2101 441 2139 parte
465 2095 570 2129 animo
587 2096 784 2129 revolverent
801 2097 903 2129 clarae
924 2098 1095 2131 memoriae

354 2148 533 2193 Philippum
557 2149 597 2182 ΠΙ
621 2149 843 2193 Hispaniarum
863 2161 971 2194 regem
993 2151 1095 2185 catho-

352 2203 458 2244 licum,
483 2203 536 2247 qui
561 2203 599 2237 de
623 2214 705 2237 anno
729 2214 847 2238 uncxix
872 2204 932 2238 iter
955 2205 987 2238 in
1012 2206 1091 2239 Por-

353 2257 500 2300 tugalliae
523 2267 658 2300 regnum
680 2268 739 2302 pro
763 2258 845 2291 felici
869 2259 967 2303 ipsius
992 2263 1093 2301 statu,

353 2310 516 2353 gubernio,
535 2316 627 2354 atque
652 2311 806 2354 regimine
826 2318 1016 2356 susceperat,
1035 2324 1093 2357 pro

352 2363 531 2397 defensione
554 2363 628 2397 fidei
652 2364 840 2405 catholicae,
864 2376 987 2399 necnon
1019 2366 1094 2399 obe-

352 2416 487 2450 dientiae
507 2428 583 2461 erga
599 2418 773 2451 Romanam
791 2419 963 2452 Ecclesiam
981 2420 1012 2452 in
1030 2430 1094 2453 om-

351 2471 443 2504 nibus
470 2472 577 2514 regnis
609 2477 701 2516 atque
726 2472 897 2506 ditionibus
922 2474 987 2506 suis
1011 2485 1089 2507 con-

351 2525 537 2566 servatione,
555 2524 632 2559 adeo
650 2536 781 2569 magnos
802 2532 947 2570 sumptus
970 2527 1091 2569 fecisse,

350 2585 386 2613 ut
408 2589 472 2612 non
496 2579 597 2612 solum
623 2580 799 2614 ordinarios
824 2585 853 2614 et
880 2582 1092 2615 extraordina-

349 2633 415 2667 rios
439 2643 612 2676 regnorum
637 2644 777 2676 suorum⁷
803 2634 856 2667 sed
881 2635 974 2668 etiam
998 2636 1092 2680 patri-

455 2695 533 2724 Bull.
553 2695 635 2725 Rom.
651 2710 685 2716 —
704 2696 762 2725 Vol.
783 2696 866 2724 XIII.
1015 2699 1048 2726 72

1136 279 1233 313 monii
1254 280 1300 312 sui
1318 279 1433 323 regalis
1450 278 1599 320 redditus,
1621 279 1789 322 omniaque
1810 279 1877 312 illo-

1136 343 1206 365 rum
1237 332 1357 366 aeraria
1389 333 1453 365 fere
1485 331 1720 375 assumpsisset,
1747 332 1876 375 insuper

1135 386 1274 419 diversas
1290 386 1431 420 nationes
1451 385 1612 427 religionis
1633 384 1804 419 catholicae
1822 385 1876 417 ini-

1135 439 1231 471 micas
1254 449 1318 471 non
1342 440 1443 472 solum
1469 439 1574 472 omnia
1598 438 1671 471 dicti
1698 438 1785 479 regni
1812 449 1876 470 ina—

1134 492 1181 523 ria
1194 492 1304 524 infesta
1321 492 1504 532 reddidisse,
1525 493 1640 525 multos
1657 491 1876 524 christifideles

1134 545 1166 577 in
1197 545 1410 578 miserabilem
1443 546 1623 579 servitutem
1649 545 1821 586 abducere,
1847 549 1877 580 et

1134 609 1191 642 pro
1216 610 1325 632 earum
1350 600 1565 643 redemptione
1591 600 1747 642 ingentem
1774 610 1872 643 pecu-

1133 652 1256 685 niarum
1282 653 1345 686 vim
1371 664 1387 686 e
1411 654 1494 686 dicta
1520 654 1643 686 civitate
1668 654 1806 695 extrahi,
1828 664 1876 686 ve-

1134 716 1206 738 rum
1231 706 1324 738 etiam
1350 709 1496 749 suscepta
1519 717 1537 738 a
1553 706 1659 738 multis
1683 707 1772 738 annis
1797 706 1876 739 citra

1134 758 1165 790 in
1189 758 1292 791 Indias
1323 759 1491 792 orientales
1522 759 1739 802 navigatione,
1769 759 1877 800 ingon-

1133 810 1219 854 tique
1232 811 1358 844 navium
1373 811 1572 844 multitudine
1590 813 1782 854 comparata,
1803 822 1878 844 non-

1133 864 1235 897 nullas
1259 875 1347 898 arces
1368 870 1398 897 et
1422 865 1664 908 propugnacula
1689 864 1720 896 in
1744 864 1875 897 diversis

1134 918 1294 951 Indiarum
1327 919 1561 962 praedictarum
1597 918 1742 962 partibus
1776 928 1873 951 occu-

1133 982 1225 1015 passe
1239 971 1303 1005 sive
1318 973 1530 1005 construxisse
1551 977 1580 1005 et
1604 972 1743 1004 animum
1762 972 1799 1004 ad
1816 971 1876 1004 alia

1134 1025 1316 1068 occupanda
1333 1025 1480 1066 adiicere,
1498 1036 1600 1070 neque
1617 1035 1668 1058 eas
1692 1030 1738 1057 tot
1762 1025 1876 1058 classes

1133 1084 1163 1111 et
1179 1089 1277 1122 arma,
1299 1085 1362 1112 tam
1387 1080 1418 1112 in
1442 1080 1560 1113 eisdem
1586 1079 1755 1120 indiarum,
1781 1090 1875 1123 quam

1133 1132 1223 1174 regni
1246 1133 1397 1176 praedicti
1422 1133 1580 1177 partibus,
1612 1144 1684 1166 cum
1714 1133 1876 1166 immensis

1133 1186 1225 1218 etiam
1240 1186 1423 1230 patrimonii
1440 1187 1617 1219 charissimi
1635 1187 1665 1219 in
1679 1187 1801 1220 Christo
1819 1187 1875 1219 filii

1132 1239 1231 1271 nostri
1257 1239 1392 1283 Philippi
1418 1240 1465 1280 IV,
1484 1240 1703 1284 Hispaniarum
1724 1241 1809 1283 regis
1826 1251 1875 1273 ca-

1133 1292 1250 1333 tholici,
1270 1293 1418 1336 impensis
1443 1293 1481 1326 ad
1505 1294 1588 1326 hunc
1609 1294 1703 1326 tinem
1725 1294 1875 1328 instructa

1132 1345 1292 1379 debellare
1305 1347 1454 1390 potuisse,
1469 1346 1565 1380 immo
1579 1347 1647 1379 illas
1663 1347 1876 1390 praevaluisse

1132 1399 1321 1442 praesertim
1346 1405 1418 1443 post
1442 1406 1628 1444 occupatum
1655 1411 1671 1433 a
1696 1401 1799 1433 Persis
1824 1411 1875 1434 ea-

1132 1453 1278 1486 rumdem
1295 1454 1458 1487 nationum
1476 1455 1591 1487 auxilio
1606 1455 1740 1488 suffultis
1758 1466 1875 1498 propu-

1131 1507 1300 1549 gnaculum
1325 1507 1472 1548 Ormusii,
1497 1508 1539 1540 ita
1559 1513 1606 1549 ut,
1623 1508 1682 1541 nisi
1707 1508 1745 1541 de
1769 1508 1875 1552 aliquit

1131 1561 1337 1594 subventione
1362 1561 1463 1595 eidem
1488 1562 1633 1606 Philippo
1658 1562 1695 1595 lV
1712 1563 1779 1605 regi
1803 1573 1876 1606 pro-

1131 1613 1300 1656 videretur,
1326 1614 1595 1647 evidcntissimum
1620 1615 1795 1658 periculum
1825 1615 1875 1647 ad-

1131 1672 1229 1708 esset,
1247 1678 1285 1700 ne
1311 1673 1416 1701 cetera
1440 1668 1581 1701 eiusdem
1606 1668 1743 1712 Philippi
1765 1669 1802 1701 IV
1828 1679 1875 1702 re-

1131 1721 1178 1763 gis
1202 1722 1441 1765 propugnacula
1473 1725 1502 1755 et
1536 1722 1604 1754 loca
1637 1721 1679 1753 ibi
1711 1722 1875 1755 existentia

1131 1774 1366 1815 amitterentur,
1390 1775 1439 1807 his
1457 1780 1486 1807 et
1503 1775 1571 1807 aliis
1592 1774 1746 1807 similibus
1762 1786 1875 1818 urgen-

1132 1827 1214 1861 tibus
1238 1828 1340 1861 causis
1364 1827 1438 1861 fidei
1468 1828 1639 1861 catholicae
1660 1828 1874 1862 defensionem

1131 1887 1160 1914 et
1174 1881 1434 1926 propagationem
1448 1882 1709 1915 concernentibus
1726 1883 1872 1926 permoti,

1130 1946 1230 1968 unum
1254 1936 1461 1969 ducentorum
1487 1941 1517 1969 et
1542 1936 1722 1979 octuaginta
1739 1937 1873 1970 millium

1130 1989 1274 2034 Philippo
1292 1990 1342 2031 ΙΙΙ,
1359 1995 1389 2023 et
1406 1990 1491 2023 aliud
1511 1990 1719 2024 ducentorum
1738 1990 1871 2023 millium

1130 2047 1291 2078 scutorum
1331 2050 1475 2078 monetae
1515 2044 1589 2077 dicti
1622 2045 1713 2087 regni
1747 2045 1872 2077 servitia

1130 2097 1194 2130 sive
1218 2097 1364 2131 donativa
1391 2103 1570 2142 nuncupata
1594 2098 1737 2142 Philippo
1763 2099 1800 2130 IV
1827 2109 1874 2130 re-

1129 2151 1220 2194 gibus
1245 2151 1423 2195 praedictis,
1448 2157 1511 2185 tam
1537 2163 1574 2185 ex
1606 2152 1746 2195 pecuniis
1771 2151 1872 2184 dictae

1129 2204 1279 2247 gabellae,
1305 2216 1399 2248 quam
1424 2216 1460 2238 ex
1484 2205 1694 2249 quorumdam
1720 2215 1871 2237 censuum

1128 2258 1217 2291 imos
1242 2259 1336 2301 vulgo
1366 2264 1620 2303 nuncupatorum
1646 2269 1741 2302 super
1764 2258 1871 2291 fructi-

1128 2311 1186 2344 bus
1211 2311 1311 2345 dictae
1336 2312 1476 2355 gabellac
1508 2323 1565 2356 per
1593 2311 1720 2344 eosdem
1744 2311 1868 2355 praesi-

1128 2365 1253 2399 dentem
1286 2370 1317 2399 et
1345 2366 1494 2399 ossicialcs
1529 2365 1705 2398 venditione
1737 2365 1871 2399 conflata

1128 2420 1309 2453 obtulerunt
1341 2424 1370 2452 et
1401 2423 1640 2460 concesserunt,
1666 2429 1815 2452 censuras
1840 2424 1870 2453 et

1127 2484 1245 2518 poenas
1262 2473 1489 2506 ecclesiasticas
1515 2483 1572 2516 per
1596 2483 1702 2506 sacros
1722 2483 1868 2513 canones,

1127 2532 1156 2560 et
1174 2527 1381 2560 conciliorum
1407 2526 1602 2569 generalium
1621 2536 1743 2559 necnon
1763 2527 1869 2561 Bullae

1126 2581 1158 2613 in
1175 2580 1224 2613 die
1247 2580 1348 2613 Coeno
1372 2579 1495 2613 Domini
1520 2579 1582 2622 legi
1607 2579 1715 2613 solitae
1739 2580 1869 2624 disposi-

1126 2634 1252 2677 tionem,
1268 2638 1376 2668 contra
1400 2633 1538 2677 gabellas
1562 2643 1580 2666 a
1602 2633 1745 2678 personis
1770 2635 1866 2669 eccle-

1783 221 1847 256 569
1894 230 1945 258 An.
1961 230 1989 259 c.
2008 230 2073 259 1627
