2269 3235
119 229 170 257 An.
187 229 217 258 G.
236 227 304 257 ¹625

137 397 257 419 Exordium.

151 926 296 953 Archiepisco-

113 959 153 980 pus
182 953 297 974 Ebot-ensis

113 982 193 1028 {tdaittuta
199 980 298 1001 nonnulla

73 1300 121 1347 ιι
157 1356 216 1378 Quae
231 1354 302 1375 Ponti-

118 1382 150 1402 fex
182 1381 302 1407 congrega-

118 1408 170 1428 tioni
214 1407 301 1428 Concilii

118 1434 256 1481 gxitaminanda
263 1437 303 1455 tra-

148 1781 217 1803 Tonor
233 1781 305 1802 huius-

122 1809 178 1829 modi
217 1810 305 1829 statuto-

122 1840 173 1856 rum.

921 227 1063 251 URBANUS
1087 226 1142 250 vm
1164 227 1211 250 Pr.

510 275 644 303 Urbanus
664 275 743 310 Papa
762 275 841 309 vm,

441 320 477 347 ad
496 324 673 355 perpetuam
687 320 730 348 rei
746 319 922 347 memoriam.

353 382 593 416 Sacrosanctum
619 382 810 426 apostolatus
835 380 971 414 officium
995 380 1050 413 hu-

311 435 432 470 militati
463 442 590 470 nostrae
621 447 677 480 per
712 435 901 468 ineffabilem
926 433 1049 466 divinae

310 489 480 533 sapientiae
505 489 735 534 providentiam
759 488 963 521 commissum
991 498 1048 531 po-

311 543 413 585 stulat,
432 548 475 584 ut,
492 543 531 576 ad
546 543 668 576 felicem
686 547 779 587 atque
796 552 984 585 prosperum
1003 552 1050 573 ec-

311 596 477 629 clesiarum
501 596 716 640 quarumlibet
740 595 925 638 praesertim
950 594 1052 627 cathe—

310 648 445 682 dralium
470 654 608 689 statum,
633 648 904 692 directionemque
936 648 1051 690 iugiter

311 703 516 743 intendentes,
531 713 576 743 ea,
589 712 669 746 quae
683 707 852 746 propterca
865 702 943 734 sacta
956 701 1051 734 fuisse

312 756 469 797 dicuntur,
482 761 516 789 ut
527 756 619 789 firma
632 761 785 800 perpetuo
806 759 835 790 et
849 755 966 788 illibata
983 766 1054 799 per—

312 809 431 853 sistant,
441 810 574 843 libenter
583 820 655 843 eum
666 820 683 842 a
693 809 785 843 nobis
794 809 920 853 petitur,
930 814 1054 853 aposto-

312 862 389 896 licae
407 862 656 896 confirmationis
673 863 848 906 patrocinio
863 862 1051 895 muniamus.

356 916 372 959 ἓ
396 916 424 948 1.
451 916 557 960 Nuper
574 915 739 960 siquidem,
756 927 815 960 pro
831 921 920 960 parte
940 915 1055 949 charis-

313 968 383 1002 simi
407 969 438 1002 in
462 969 584 1003 Christo
604 970 661 1002 tilii
678 970 777 1004 nostri
795 970 931 1014 Philippi
949 970 1056 1014 IIispa-

313 1023 437 1056 niarum
460 1024 546 1066 regis
563 1023 709 1057 catholici
733 1023 885 1067 exposito,
903 1023 987 1067 quod
1007 1034 1056 1056 ve-

314 1077 463 1111 nerabilis
486 1078 583 1111 frater
618 1077 769 1122 Iosephus
800 1077 1056 1121 archiepiscopus

315 1131 494 1174 Eborensis,
512 1131 550 1164 ad
571 1131 723 1165 maiorem
744 1131 894 1164 ecclcsiae
919 1131 1057 1164 Eboren-

315 1185 357 1217 sis
381 1184 540 1226 decorem,
560 1185 720 1229 divinique
745 1186 776 1217 in
805 1187 840 1218 ea
873 1185 974 1219 cultus
1002 1196 1056 1217 au-

316 1243 489 1281 gmentum,
517 1239 668 1272 nonnulla
692 1242 807 1272 statuta
830 1244 859 1271 et
884 1238 1057 1272 ordinatio—

315 1303 371 1327 nes
395 1293 545 1335 ediderat,

361 1347 376 1390 ξ
395 1346 424 1380 2.
442 1348 505 1380 Nos
521 1352 636 1380 statuta
661 1352 691 1380 et
715 1347 928 1380 ordinationes
954 1347 1059 1379 huius-

317 1400 402 1433 modi
419 1410 437 1433 a
453 1401 686 1434 venerabilibus
704 1401 852 1433 fratribus
866 1401 980 1434 nostris
994 1411 1059 1433 san-

318 1458 384 1487 ctae
401 1454 559 1487 Romanae
576 1454 733 1488 Ecclesiae
750 1454 963 1488 cardinalibus
979 1454 1058 1487 sacri
1076 1460 1078 1470 *

317 1507 447 1541 Concilii
470 1508 644 1541 Tridentini
674 1508 899 1552 interpretibus
923 1508 1058 1542 revideri

318 1566 349 1594 et
371 1562 556 1605 recognosci
581 1562 737 1595 iussimus.
761 1562 819 1601 Qui
843 1562 971 1605 quidem
992 1572 1058 1594 car-

318 1614 438 1648 dinales
462 1615 493 1647 in
518 1615 581 1648 vim
606 1615 743 1648 mandati
761 1616 862 1649 nostri
879 1615 1060 1648 huiusmodi

319 1672 434 1701 statuta
451 1673 486 1702 et·
496 1668 711 1702 ordinationes
732 1669 761 1701 in
779 1669 874 1709 hunc,
891 1669 944 1712 qui
962 1668 1062 1712 sequi-

319 1726 380 1764 tur,
397 1721 527 1755 modum
553 1722 754 1766 redegerunt,
774 1722 934 1755 videlicet:

363 1774 397 1808 D.
422 1774 574 1819 Iosephus
591 1785 608 1808 a
625 1775 725 1815 Mello,
743 1775 797 1808 Dei
816 1780 845 1808 et
865 1774 1062 1819 Apostolicae

321 1827 408 1860 Sedis
432 1828 533 1871 gratia
567 1828 830 1872 metropolitanus
854 1829 1064 1872 archiepisco-

321 1891 382 1925 pus
398 1881 577 1922 Eborensis,
594 1885 703 1916 notum
721 1882 853 1915 facimus
867 1882 1014 1915 omnibus
1035 1887 1065 1915 et

322 1935 453 1978 singulis
469 1936 525 1969 has
544 1941 668 1969 nostras
685 1936 802 1977 statuti,
820 1936 878 1969 sub
897 1946 951 1980 spe
969 1935 1065 1968 hene-

322 1988 427 2032 placiti
447 1989 498 2023 SS.
523 1989 557 2023 D.
582 1991 616 2023 N.
639 1989 751 2034 Papae,
769 1995 956 2033 sanctaeque
977 1989 1065 2022 Sedis

322 2043 541 2086 Apostolicae,
566 2044 687 2077 litteras
719 2043 855 2084 visuris,
884 2043 1013 2076 lecturis
1037 2046 1066 2076 et

323 2096 494 2130 audituris:
515 2097 610 2141 quod,
631 2108 702 2130 cum
716 2097 905 2138 videremus,
926 2102 1066 2130 nostram

325 2150 488 2183 ecclesiam
513 2151 706 2184 Eborensem
732 2162 799 2184 esse
823 2161 919 2184 unam
944 2161 981 2184 ex
1006 2161 1068 2183 me-

326 2204 523 2248 tropolitanis
547 2205 637 2248 regni
662 2205 872 2248 Portugalliae
889 2210 919 2238 et
936 2204 1016 2238 inter
1034 2205 1068 2237 il-

328 2255 372 2289 las
396 2257 560 2301 insignem,
581 2263 647 2292 tum
664 2258 704 2292 ob
721 2259 948 2302 antiquitatem,
967 2258 1068 2291 reddi-

330 2313 479 2354 tuumque
503 2311 690 2355 ubertatem,
711 2312 825 2356 quibus
843 2317 963 2346 ceteras
979 2321 1068 2355 prae-

328 2359 382 2393 fati
406 2362 495 2405 regni
528 2365 674 2398 ecclesias
705 2365 877 2407 antecedit,
902 2370 969 2398 tum
995 2365 1068 2408 quia

329 2424 464 2458 semper,
478 2420 508 2448 et
524 2417 632 2450 saltem
649 2423 683 2451 ut
702 2419 885 2463 plurimum,
903 2418 995 2452 solita
1011 2419 1069 2452 suit

329 2468 498 2511 gubernari
531 2481 588 2514 per
618 2473 778 2515 praesules
810 2473 915 2516 regiae
941 2473 1067 2516 stirpis,

329 2521 420 2565 eique
452 2533 575 2567 semper
606 2524 815 2560 inservierunt
847 2526 1015 2569 dignitates
1040 2532 1070 2559 et

329 2576 471 2609 canonici
485 2577 645 2620 sanguinis
659 2579 799 2613 claritate
815 2585 845 2613 et
858 2580 971 2613 litteris
983 2591 1071 2624 prae-

329 2633 454 2671 stantes,
473 2639 507 2663 ex
525 2631 639 2675 quibus
653 2633 742 2666 multi
759 2633 797 2666 ad
815 2634 975 2677 dignitatis
993 2634 1071 2678 epis-

1082 274 1199 317 copalis
1217 273 1350 317 gradum
1366 277 1567 306 assumuntur
1574 282 1581 312 ;
1602 277 1632 305 et
1649 281 1718 304 eam
1735 276 1825 305 nota-

1083 327 1144 360 bile
1165 327 1313 360 damnum
1339 337 1502 371 passuram
1521 326 1552 358 in
1566 327 1622 359 sua
1640 324 1825 359 auctoritate

1083 385 1112 413 et
1137 381 1275 421 servitio,
1292 381 1317 413 si
1343 381 1380 413 ad
1398 381 1482 413 illius
1506 379 1682 423 dignitates,
1701 378 1826 411 canoni-

1083 439 1180 474 caum,
1197 434 1349 466 beneficia
1366 439 1397 466 ct
1420 433 1523 467 ossicia
1540 433 1743 466 admittantur
1759 442 1827 475 per-

1084 497 1178 520 sonae
1208 497 1244 519 ex
1270 487 1480 520 hebraeorum
1513 487 1665 529 sanguine
1696 485 1826 519 descen-

1084 540 1202 580 dentes,
1217 544 1269 572 aut
1286 551 1365 583 quac
1379 540 1482 583 aliqua
1498 541 1619 573 macula
1636 538 1827 579 huiusmodi,

1085 593 1157 626 licet
1181 594 1287 636 parva,
1309 604 1366 636 per
1391 594 1471 625 viam
1498 598 1660 637 paternam
1685 603 1741 625 seu
1765 603 1828 625 ma-

1086 653 1207 679 ternam
1228 646 1288 679 sint
1314 646 1454 688 infectae,
1478 658 1549 680 cuin
1567 646 1757 690 experientia
1777 645 1829 679 do-

1085 705 1164 741 ceat,
1191 700 1372 734 huiusmodi
1398 700 1563 733 hominum
1589 706 1733 733 naturam
1761 710 1830 733 esse

1087 756 1319 796 turbolentam,
1344 761 1374 788 et
1406 755 1437 787 in
1473 754 1648 788 ministerio
1673 754 1830 787 Ecclesiae

1087 809 1176 842 valde
1201 809 1360 849 nocivam,
1386 812 1416 842 et
1439 808 1553 842 merito
1587 808 1735 840 timeatur
1765 807 1827 840 hu-

1087 863 1223 897 iusmodi
1244 874 1452 907 personarum
1474 861 1680 896 incarceratio
1701 865 1831 905 propter

1088 918 1208 950 crimen
1232 917 1417 961 apostasiae,
1435 921 1465 949 et
1482 926 1628 948 errorum
1655 915 1685 947 in
1710 914 1781 955 fide,
1798 918 1833 947 ut

1089 971 1212 1014 saepius
1244 970 1376 1013 contigit
1407 974 1548 1013 tempore
1584 967 1777 1013 praeterito,
1802 973 1833 1000 et

1089 1025 1205 1069 passim
1224 1029 1367 1068 tempore
1392 1023 1549 1067 praesenti
1567 1022 1730 1065 contingit,
1747 1021 1831 1065 quod

1091 1082 1198 1121 verget
1221 1078 1252 1110 in
1268 1077 1406 1110 notabile
1423 1077 1572 1110 damnum
1589 1080 1715 1109 nostrae
1732 1075 1833 1108 eccle-

1091 1132 1164 1172 siae,
1185 1137 1215 1164 et
1234 1131 1369 1164 dedecus
1385 1136 1415 1164 et
1432 1129 1642 1175 opprobrium
1659 1134 1722 1162 tam
1740 1128 1833 1169 illius,

1091 1196 1185 1228 quam
1209 1195 1417 1228 personarum
1442 1184 1487 1216 illi
1511 1183 1765 1222 inservientium,
1784 1194 1834 1217 vo-

1092 1238 1263 1282 lentesque,
1279 1244 1431 1282 quantum
1460 1238 1491 1270 in
1508 1237 1640 1271 Domino
1666 1247 1835 1281 possumus

1092 1298 1122 1325 et
1145 1303 1203 1336 pro
1229 1292 1323 1325 officii
1348 1291 1447 1325 nostri
1471 1291 1576 1325 debito
1602 1296 1760 1332 tenemur,
1786 1290 1835 1323 his

1093 1345 1385 1379 inconvenientibus
1410 1348 1440 1379 ct
1457 1344 1610 1378 scandalis
1628 1343 1835 1388 probabiliter

1093 1400 1252 1433 eventui-is
1276 1410 1445 1435 occurrere
1461 1427 1468 1439 ,
1495 1404 1529 1432 ut
1560 1398 1697 1442 praefata
1729 1402 1836 1430 nostra

1094 1453 1226 1486 eeclesia
1250 1453 1408 1498 perpetuis
1433 1452 1547 1486 suturis
1567 1451 1764 1496 temporibus
1783 1450 1837 1484 ho·

1093 1507 1225 1540 norifice
1249 1512 1436 1549 veneretur,
1462 1512 1493 1539 et
1523 1506 1740 1539 auctoritatem
1774 1509 1837 1539 tam

1095 1560 1312 1604 multipliciter
1332 1563 1546 1603 comparatam
1564 1569 1752 1592 conservare
1769 1568 1838 1602 pos-

1095 1614 1150 1654 sit;
1168 1613 1291 1656 egimus
1314 1624 1377 1646 non
1402 1613 1509 1653 semel,
1526 1613 1580 1645 sed
1609 1613 1724 1645 iterum
1744 1616 1838 1654 atque

1096 1667 1209 1699 iterum
1234 1666 1359 1710 saepius
1394 1678 1466 1699 cum
1497 1666 1616 1698 decano
1647 1670 1677 1697 et
1701 1664 1838 1708 capitulo

1096 1720 1197 1754 dictae
1223 1721 1373 1754 ecclesiae
1391 1720 1429 1753 de
1450 1719 1615 1753 condendo
1633 1723 1758 1758 statuto,
1775 1728 1839 1761 quo

1097 1779 1271 1816 caveretur,
1284 1784 1323 1807 ne
1339 1784 1476 1818 persona
1493 1773 1597 1816 aliqua
1614 1772 1753 1816 praefata
1769 1771 1840 1803 labe

1098 1828 1246 1861 laborans
1271 1828 1309 1860 ad
1333 1827 1521 1860 beneficium
1546 1826 1682 1870 aliquod,
1703 1831 1756 1858 aut
1775 1825 1842 1858 offi-

1098 1881 1181 1914 cium
1199 1892 1254 1915 seu
1272 1881 1482 1915 ministerium
1502 1880 1604 1913 dictae
1624 1879 1774 1912 ecelesiae
1790 1878 1841 1911 ad·

1099 1936 1293 1968 mitteretur:
1312 1945 1448 1979 cumque
1466 1944 1562 1978 super
1586 1934 1688 1966 forma
1708 1937 1739 1966 et
1755 1932 1840 1965 clau-

1099 1990 1175 2022 sulis
1200 1989 1306 2022 statuti
1331 1988 1500 2022 convenire
1526 1998 1589 2021 non
1612 1997 1788 2031 possemus,
1808 1990 1843 2019 ut

1100 2042 1138 2075 ad
1174 2042 1431 2076 concordandum
1466 2041 1631 2074 nobiscum
1666 2040 1842 2083 praefatum

1099 2096 1254 2129 decanum
1286 2101 1316 2129 et
1340 2095 1512 2139 capitulum
1544 2094 1793 2133 adduceremus,
1814 2092 1843 2125 ei

1102 2150 1201 2183 multa
1225 2155 1255 2183 et
1278 2149 1402 2182 diversa
1426 2148 1528 2181 media
1553 2147 1788 2192 proposuimus,
1814 2151 1844 2179 et

1100 2203 1341 2248 procuravimus
1369 2206 1518 2236 statutum
1547 2201 1696 2235 ecclesiae
1720 2201 1843 2234 Toleta-

1101 2268 1158 2291 nae
1183 2263 1214 2290 et
1237 2257 1321 2290 aliud
1351 2256 1503 2289 ecclesiae
1527 2254 1774 2295 Colimbriensis,
1798 2259 1843 2295 ut,

1101 2311 1284 2344 huiusmodi
1310 2309 1433 2343 statutis
1457 2309 1673 2349 adhaerentes,
1693 2307 1777 2340 aliud
1806 2307 1844 2340 ad

1102 2365 1273 2408 praefatam
1305 2363 1469 2396 ecclesiam
1501 2367 1641 2395 nostram
1673 2361 1844 2394 conficere-

1103 2429 1189 2451 mus:
1215 2418 1299 2462 quod
1323 2424 1427 2450 tamen
1444 2416 1582 2460 praefato
1606 2416 1724 2448 decano
1749 2420 1779 2448 et
1799 2426 1846 2449 ca-

1102 2472 1201 2515 pitulo
1226 2471 1419 2516 persuadere
1442 2480 1505 2503 non
1529 2469 1711 2514 potuimus:
1732 2474 1763 2502 et
1790 2469 1846 2502 ali-

1103 2526 1226 2569 quoties
1250 2530 1381 2569 proptcr
1401 2524 1561 2558 discordes
1582 2524 1665 2557 illius
1682 2523 1845 2567 opiniones

1104 2590 1121 2612 a
1135 2579 1262 2619 nostris,
1279 2578 1444 2621 aliquoties
1458 2578 1550 2610 etiam
1566 2583 1696 2621 propter
1715 2577 1845 2609 nimiam

1105 2632 1286 2666 dilationem
1316 2642 1351 2665 ex
1377 2637 1466 2676 parte
1500 2631 1597 2676 ipsius
1627 2631 1754 2676 capituli
1778 2641 1847 2675 pro-

1730 213 1794 247 999
1840 222 1889 250 An.
1905 222 1934 250 c.
1956 222 2024 250 ¹625
