2269 3235
246 243 293 271 Λῃ.
312 243 339 271 C.
364 243 430 271 1625

281 516 311 537 Do
327 516 428 536 tractibus·

246 544 342 564 benetlcii
354 549 428 563 vacan-

475 233 539 269 302

441 291 499 324 bus
514 296 584 324 antc
600 290 779 324 huiusmodi
793 290 1035 323 declarationem
1054 290 1178 334 elapsis,

442 345 576 377 obiectio
594 344 782 388 impuritatis
800 343 961 386 sanguinis
978 343 1105 376 minime
1123 343 1178 376 ob-

443 403 502 431 stet
525 398 661 441 proviso,
682 396 850 440 quominus
874 396 985 430 debeat
1003 396 1033 429 in
1060 407 1180 440 posses-

443 450 561 483 sionem
588 450 722 482 immitti.

486 503 572 542 Quod
588 504 717 541 fructus,
732 502 881 545 redditus,
896 508 1078 547 proventus,
1097 513 1180 537 emo-

443 557 591 598 lumenta,
610 561 640 589 ct
657 556 904 597 distributiones,
917 557 1010 589 etiam
1028 557 1182 601 quotidia-

443 619 511 649 nae,
533 614 707 653 spectantes
727 615 757 642 et
780 610 951 654 spectantia
973 610 1011 643 ad
1036 610 1180 643 henetieii

444 662 675 706 possessionem
698 663 859 706 petentis¹,
879 674 897 696 a
917 663 976 704 die,
994 674 1056 707 quo
1074 663 1181 697 titulus

444 715 628 757 collationis,
653 716 852 760 provisionis,
871 727 925 750 seu
954 717 1180 760 praesentatio-

444 770 492 802 nis
511 770 750 814 archiepiscopo
774 774 990 814 praesentatus
1014 771 1108 803 suerit
1126 782 1182 814 per

445 823 548 867 ipsum
574 823 746 867 provisum,
771 829 824 856 aut
848 827 1101 867 praesentatum,
1127 834 1182 856 seu

445 876 511 909 eius
535 883 786 920 procuratorem,
806 882 836 909 et
856 877 932 920 ipse,
958 877 1004 909 vel
1022 876 1089 908 eius
1108 887 1181 919 pro-

445 935 572 962 curator
596 930 730 973 petierit,
756 934 789 962 ut
814 928 993 962 informatio
1010 929 1073 969 tiat,
1090 929 1184 972 depo-

445 987 559 1014 nantur
583 982 665 1025 apud
689 992 868 1025 personam,
893 992 948 1014 seu
973 991 1135 1025 personas,
1152 982 1183 1014 in

445 1046 578 1078 quarum
615 1040 766 1078 potestate
801 1038 866 1068 tuto
901 1039 1122 1075 asserventur,
1151 1039 1184 1066 ut

445 1088 581 1131 proviso,
603 1098 657 1120 seu
681 1092 880 1132 praesentato
903 1092 975 1131 post
998 1088 1182 1131 praestitum

445 1141 618 1184 praefatum
640 1141 863 1181 iuramentum,
888 1139 1184 1185 apprehensamque

446 1194 674 1237 possessionem
693 1194 837 1227 beneficii
859 1205 895 1227 ex
915 1195 1042 1228 decreto
1059 1205 1116 1239 per
1133 1205 1181 1227 ar-

445 1247 681 1292 chiepiscopum
696 1247 825 1281 serendo
843 1258 938 1291 super
955 1248 1184 1288 informatione,

445 1311 554 1334 omnes
565 1301 727 1334 tradantur
737 1305 896 1346 tamquam
907 1301 931 1333 si
942 1311 1091 1345 praesens
1105 1306 1185 1334 esset

446 1354 476 1386 in
494 1354 625 1387 ecclesia
644 1360 674 1387 et
698 1355 727 1387 in
744 1355 853 1395 choro,
870 1354 1042 1388 dummodo
1064 1365 1082 1387 a
1098 1365 1186 1398 prae-

446 1407 508 1439 fato
521 1407 781 1450 praesentationis
795 1407 844 1440 die
862 1407 953 1440 instet
969 1417 1027 1451 pro
1044 1407 1185 1440 facienda

446 1460 667 1493 informatione
691 1471 747 1504 per
772 1471 814 1501 se,
836 1461 883 1493 vel
910 1471 967 1504 per
993 1471 1084 1493 suum
1110 1471 1186 1504 pro-

446 1519 635 1554 curatorem,
661 1519 690 1547 et
714 1524 771 1558 per
798 1514 885 1546 illum
911 1524 972 1547 non
998 1519 1067 1555 stet,
1093 1519 1123 1547 et
1147 1514 1186 1546 sit

447 1577 595 1611 praesens
620 1567 650 1599 in
675 1567 753 1600 urbe
778 1567 941 1600 Eborensi.

490 1620 588 1661 Quod,
606 1631 669 1653 non
689 1620 831 1654 obstante
855 1631 1055 1664 quacumque
1079 1620 1187 1653 habili-

449 1674 574 1715 tatione,
591 1674 616 1707 si
641 1674 710 1718 quis
731 1685 767 1707 ex
793 1674 1027 1718 capitularibus,
1046 1679 1098 1707 aut
1118 1674 1186 1707 aliis

447 1727 701 1770 quibuscumque
724 1727 917 1760 beneficiatis
941 1732 1066 1761 nostrae
1087 1728 1186 1761 eccle-

448 1780 511 1812 siae
526 1780 681 1823 praefatae
699 1785 808 1813 contra
822 1780 1051 1824 possessionem
1067 1781 1111 1813 sic
1125 1780 1184 1813 iam

447 1833 676 1877 apprehensam
704 1833 831 1878 aliquod
862 1833 1123 1877 impedimentum
1149 1844 1186 1866 ex

448 1886 635 1930 supradictis
649 1896 810 1930 opponere
825 1887 969 1928 voluerit,
983 1887 1020 1919 ad
1035 1887 1065 1920 id
1078 1887 1187 1919 admit-

449 1944 545 1973 tatur:
564 1940 622 1972 hac
647 1944 750 1973 tamen
775 1940 964 1980 conditione,
981 1940 1065 1983 quod
1082 1940 1107 1973 si
1124 1950 1186 1973 non

448 1993 629 2037 probaverit
652 1993 831 2038 appositum
859 1994 1130 2038 impedimentum,
1158 1999 1187 2027 et

448 2047 625 2091 appositum
642 2047 796 2080 malitiose
812 2047 907 2080 fuisse
922 2048 1105 2087 constiterit,
1120 2058 1189 2090 gra-

449 2099 528 2133 viter
541 2105 571 2133 et
587 2100 700 2134 acerbe
715 2100 863 2144 puniatur
880 2110 1052 2144 opponens,
1066 2103 1096 2133 et
1112 2110 1188 2133 voce

449 2154 549 2187 activa
563 2159 593 2187 et
605 2154 727 2198 passiva
743 2159 897 2198 perpetuo
914 2154 1054 2198 privatus
1067 2154 1186 2187 existat.

493 2207 580 2246 Quod
594 2207 619 2240 si
633 2207 663 2240 in
675 2207 863 2241 admissione
877 2207 1008 2241 alicuius
1018 2207 1187 2250 dignitatis,

451 2260 605 2301 canonici,
638 2260 840 2304 praebendati
851 2287 858 2301 ,
890 2259 1171 2304 semipraebendati
1181 2287 1188 2300 ,

444 2314 617 2350 ‚alteriusve
642 2314 828 2356 beneficiati,
853 2313 1044 2357 quicumque
1068 2313 1120 2346 ille
1141 2313 1188 2355 sit,

451 2367 638 2400 secretarius
669 2367 812 2411 capituli,
837 2370 890 2401 aut
914 2367 1081 2400 canonicus
1107 2367 1188 2400 eius-

452 2421 522 2453 dem
547 2420 586 2453 ab
610 2421 721 2454 eodem
746 2421 882 2465 capitulo
907 2420 945 2453 ad
965 2420 995 2453 id
1012 2420 1189 2465 deputatus,

453 2474 578 2507 nomiae
610 2474 838 2519 archiepiscopi
863 2478 892 2507 et
924 2474 1051 2518 capituli
1083 2484 1188 2507 coram

455 2528 684 2569 possessionem
708 2533 849 2572 petente,
874 2528 921 2561 vol
947 2528 1013 2561 eius
1037 2537 1190 2571 procura-

455 2585 539 2621 tore,
564 2586 729 2625 antequam
754 2581 792 2614 ad
816 2581 1047 2625 possessionem
1078 2581 1189 2616 admit-

491 2645 501 2669 1
525 2643 594 2670 Edit.
615 2643 693 2671 Maia.
715 2644 779 2680 legit
794 2648 922 2680 petentes
941 2646 981 2681 (n.
999 2645 1046 2680 T.).

1017 241 1196 267 nULLArth
1219 240 1373 266 ROMANUM

1213 295 1313 330 tatur,
1339 293 1541 333 protestetur,
1565 288 1666 332 quod⁴
1685 290 1709 322 si
1735 290 1765 322 in
1788 294 1949 334 posterum

1214 343 1277 376 ullo
1295 353 1431 385 unquam
1458 346 1601 385 tempore
1625 347 1821 386 compertum
1846 343 1950 385 suerit,

1213 400 1265 428 aut
1281 395 1361 427 alias
1382 395 1514 428 iuridicc
1538 395 1713 429 constiterit
1729 395 1767 427 ad
1783 395 1951 438 possessio-

1212 459 1284 481 nem
1309 447 1489 481 huiusmodi
1517 447 1639 480 admitti
1665 451 1821 492 petentem
1846 448 1952 493 aliquo

1214 512 1250 534 ex
1265 502 1451 545 supradictis
1465 501 1699 545 impedimentis
1712 511 1780 534 esse
1793 501 1952 543 infectum,

1214 556 1352 599 provisio
1384 556 1442 588 sibi
1474 556 1553 588 sacta
1578 565 1650 588 cum
1679 555 1792 588 litteris
1816 554 1953 599 desuper

1215 609 1376 653 expeditis,
1393 614 1423 642 et
1442 609 1512 641 inde
1531 613 1663 652 sequuta
1687 608 1867 641 huiusmodi
1884 618 1955 652 pos-

1215 662 1313 695 sessio
1337 662 1375 694 ab
1406 661 1471 705 ipsa
1502 662 1709 705 possessionis
1739 661 1808 702 die,
1832 661 1954 694 etiamsi

1217 715 1420 759 postmodum
1454 715 1614 748 triennalis
1642 715 1689 748 vel
1720 715 1848 749 maioris
1877 720 1955 748 tem-

1215 769 1302 812 poris
1319 778 1482 812 possessor
1509 769 1673 809 efficiatur,
1691 768 1807 801 nullius
1831 767 1957 801 roboris

1216 827 1246 855 et
1270 823 1420 856 momenti
1451 822 1578 863 existat,
1602 833 1638 856 ac
1662 822 1808 865 dignitas,
1833 821 1957 856 canoni-

1216 880 1311 917 catus,
1337 880 1368 908 et
1391 875 1585 919 praebendas,
1610 881 1664 909 aut
1687 874 1956 920 semipraebenda,

1216 928 1433 970 quartanaria,
1458 933 1488 961 et
1511 928 1734 972 quodcumque
1757 928 1841 962 aliud
1865 929 1957 961 bene-

1216 980 1323 1013 ficium
1337 981 1368 1013 in
1381 981 1520 1024 praefata
1537 983 1646 1015 nostra
1662 982 1793 1015 ecclesia
1811 982 1872 1014 iarn
1892 982 1958 1014 sun-

1217 1033 1335 1074 datum,
1359 1039 1500 1067 erectum
1526 1039 1555 1067 et
1579 1034 1766 1075 institutum,
1784 1040 1837 1068 aut
1857 1035 1887 1067 in
1904 1045 1958 1078 po-

1217 1090 1336 1120 sterum
1361 1087 1392 1119 in
1417 1088 1453 1120 ea
1478 1086 1672 1121 fundandum
1687 1114 1695 1128 ,
1719 1087 1904 1131 erigendum
1929 1091 1959 1120 et

1218 1140 1454 1182 instituendum,
1481 1150 1539 1183 per
1563 1141 1656 1173 talem
1681 1140 1854 1183 obtentum,
1872 1143 1959 1173 vacet

1217 1203 1254 1225 eo
1275 1192 1353 1236 ipso,
1373 1193 1412 1225 ita
1430 1198 1464 1226 ut
1481 1193 1519 1226 de
1537 1193 1590 1226 illo
1609 1204 1666 1237 per
1682 1194 1858 1227 Romanum
1883 1194 1959 1228 Pon-

1218 1246 1334 1279 tificem
1348 1246 1437 1279 alteri
1455 1246 1569 1280 idoneo
1583 1252 1613 1279 et
1629 1247 1809 1291 qualiticato
1823 1247 1958 1281 conferri

1218 1299 1327 1343 possit,
1345 1300 1476 1343 ipseque
1492 1310 1657 1344 possessor
1674 1311 1784 1334 omnes
1801 1305 1831 1333 et
1850 1301 1959 1344 singu-

1219 1353 1266 1385 los
1290 1353 1419 1394 fructus,
1437 1353 1589 1395 redditus,
1609 1358 1781 1397 proventus
1805 1357 1835 1388 et
1858 1353 1960 1386 distri-

1219 1406 1364 1439 butiones
1381 1406 1588 1450 quotidianas,
1603 1407 1724 1451 aliaque
1742 1408 1957 1441 emolumenta

1219 1469 1275 1503 per
1300 1469 1373 1492 eum
1398 1464 1556 1503 percepta,
1573 1465 1733 1504 tamquam
1758 1461 1908 1502 intrusus,
1929 1465 1959 1494 et

1220 1513 1371 1546 canonico
1385 1513 1475 1547 titulo
1493 1523 1612 1555 carens,
1624 1514 1790 1547 restituere
1808 1519 1838 1547 et
1850 1524 1960 1559 repen-

1219 1566 1294 1598 dere
1318 1570 1482 1607 teneatur,
1508 1572 1658 1611 actusque
1683 1566 1863 1601 huiusmodi
1888 1577 1960 1611 pro-

1220 1620 1394 1653 testationis
1409 1620 1603 1661 conficietur,
1617 1625 1648 1654 et
1664 1631 1681 1654 a
1698 1621 1916 1665 praesentibus
1929 1626 1959 1654 et

1219 1678 1343 1717 petente
1354 1673 1534 1706 huiusmodi
1544 1673 1581 1706 ad
1594 1674 1825 1718 possessionem
1838 1674 1960 1708 admitti

1220 1730 1273 1760 aut
1295 1726 1361 1759 eius
1385 1732 1591 1770 procuratore
1611 1727 1837 1768 subscribetur,
1860 1727 1959 1761 illius-

1220 1789 1279 1823 que
1300 1779 1394 1812 etiam
1418 1778 1616 1813 observantia
1632 1780 1671 1812 ab
1687 1790 1724 1813 eo
1741 1780 1838 1813 iurari
1855 1779 1958 1813 debet.

1264 1832 1351 1871 Quod
1375 1832 1634 1876 archiepiscopus
1654 1832 1785 1873 curabit,
1805 1838 1839 1866 ut
1859 1832 1961 1866 officia

1220 1885 1341 1929 reliqua
1365 1885 1523 1929 praefatae
1543 1890 1669 1918 nostrae
1693 1885 1843 1918 eeclesiae
1858 1886 1962 1929 provi-

1221 1939 1354 1972 deantur
1371 1939 1473 1972 solum
1489 1939 1633 1982 personis
1649 1939 1787 1983 praefata
1801 1939 1962 1982 sanguinis

1221 1993 1290 2026 labe
1314 1993 1509 2034 carentibus,
1533 1994 1701 2038 nullusque
1727 1993 1820 2026 etiam
1844 1993 1884 2026 ad
1908 1994 1961 2026 mi-

1221 2046 1387 2080 nisterium
1413 2046 1573 2088 ecelesiae,
1590 2052 1621 2080 et
1636 2047 1704 2080 eius
1724 2046 1892 2087 sacristiae,
1909 2050 1963 2081 aut

1222 2100 1311 2133 chori
1336 2100 1528 2141 admittatur,
1553 2100 1607 2144 qui
1631 2099 1713 2134 dicta
1737 2099 1806 2133 labe
1830 2100 1960 2133 laboret.

1221 2153 1309 2186 Circa
1329 2153 1510 2186 huiusmodi
1535 2158 1638 2185 autem
1663 2152 1845 2186 officialium
1862 2159 1892 2186 et
1908 2153 1963 2186 mi«

1221 2205 1393 2239 nistrorum
1427 2205 1691 2249 qualificationern
1716 2206 1792 2239 sient
1815 2206 1962 2240 informaa

1222 2259 1333 2300 tiones,
1357 2264 1523 2303 antequam
1540 2259 1571 2291 in
1592 2259 1822 2303 possessionem
1846 2260 1963 2293 officio-

1223 2323 1293 2345 rum
1318 2322 1373 2345 seu
1397 2312 1645 2345 ministeriorum
1670 2312 1844 2355 mittantur,
1869 2319 1965 2357 prout

1223 2366 1461 2410 archiepiscopo
1490 2366 1590 2409 magis
1618 2366 1765 2410 expedire
1796 2366 1962 2400 videbitur.

1223 2419 1310 2459 Quod
1334 2420 1359 2452 si
1383 2423 1454 2464 post
1477 2419 1620 2463 adeptam
1645 2419 1877 2464 possessionem
1902 2419 1960 2453 de-

1223 2473 1416 2517 prehensum
1433 2473 1564 2507 iuridice
1584 2473 1687 2514 fuerit,
1708 2473 1842 2517 aliquem
1861 2484 1898 2507 ex
1915 2473 1965 2506 ad-

1224 2527 1327 2560 missis
1352 2538 1369 2560 a
1392 2528 1531 2571 praefata
1554 2527 1765 2561 hebraeorum
1790 2528 1887 2572 stirpe
1911 2527 1963 2561 de-

1224 2581 1384 2622 scendere,
1410 2592 1446 2615 eo
1462 2581 1531 2625 ipso
1554 2581 1693 2626 provisio
1717 2581 1874 2626 quaelibet
1894 2581 1963 2614 talis

1261 2646 1271 2671 1
1290 2644 1345 2673 Vox
1361 2645 1412 2673 ista
1427 2644 1503 2680 quod
1518 2644 1670 2672 redundare
1686 2644 1793 2673 videtur
1807 2645 1844 2680 (n.
1861 2646 1909 2679 τ,>.

1959 242 2009 269 Αη.
2029 241 2059 270 C.
2082 242 2151 271 1625

2016 1841 2046 1862 De
2063 1841 2161 1862 informa-

1975 1868 2068 1916 tggpihus
2077 1870 2098 1889 et
2105 1869 2162 1889 testi-
