<?xml version="1.0" encoding="UTF-8"?>
<!DOCTYPE html PUBLIC "-//W3C//DTD XHTML 1.0 Transitional//EN"
    "http://www.w3.org/TR/xhtml1/DTD/xhtml1-transitional.dtd">
<html xmlns="http://www.w3.org/1999/xhtml" xml:lang="en" lang="en">
 <head>
  <title>
</title>
<meta http-equiv="Content-Type" content="text/html;charset=utf-8" />
  <meta name='ocr-system' content='tesseract 3.04.00' />
  <meta name='ocr-capabilities' content='ocr_page ocr_carea ocr_par ocr_line ocrx_word'/>
</head>
<body>
  <div class='ocr_page' id='page_1' title='image "./bullarumdiplomat13cath_0503.png"; bbox 0 0 2269 3235; ppageno 0'>
   <div class='ocr_carea' id='block_1_1' title="bbox 115 238 302 267">
    <p class='ocr_par' dir='ltr' id='par_1_1' title="bbox 115 238 302 267">
     <span class='ocr_line' id='line_1_1' title="bbox 115 238 302 267; baseline -0.005 -1"><span class='ocrx_word' id='word_1_1' title='bbox 115 239 165 266; x_wconf 79' lang='lat' dir='ltr'>An.</span> <span class='ocrx_word' id='word_1_2' title='bbox 186 238 215 266; x_wconf 90' lang='lat' dir='ltr'>C.</span> <span class='ocrx_word' id='word_1_3' title='bbox 233 239 302 267; x_wconf 76' lang='lat'>¹626</span> 
     </span>
    </p>
   </div>
   <div class='ocr_carea' id='block_1_2' title="bbox 114 565 298 643">
    <p class='ocr_par' dir='ltr' id='par_1_2' title="bbox 114 565 298 643">
     <span class='ocr_line' id='line_1_2' title="bbox 152 565 297 585; baseline -0.007 0"><span class='ocrx_word' id='word_1_4' title='bbox 152 565 233 585; x_wconf 74' lang='lat' dir='ltr'>Causae</span> <span class='ocrx_word' id='word_1_5' title='bbox 248 569 297 584; x_wconf 77' lang='lat' dir='ltr'>con-</span> 
     </span>
     <span class='ocr_line' id='line_1_3' title="bbox 114 590 298 611; baseline -0.005 0"><span class='ocrx_word' id='word_1_6' title='bbox 114 590 223 611; x_wconf 74' lang='lat' dir='ltr'>cedendas</span> <span class='ocrx_word' id='word_1_7' title='bbox 246 596 298 611; x_wconf 84' lang='lat' dir='ltr'>con-</span> 
     </span>
     <span class='ocr_line' id='line_1_4' title="bbox 114 617 248 643; baseline 0 -5"><span class='ocrx_word' id='word_1_8' title='bbox 114 617 248 643; x_wconf 62' lang='lat' dir='ltr'>firmatxonisg</span> 
     </span>
    </p>
   </div>
   <div class='ocr_carea' id='block_1_3' title="bbox 114 1359 298 1411">
    <p class='ocr_par' dir='ltr' id='par_1_3' title="bbox 114 1359 298 1411">
     <span class='ocr_line' id='line_1_5' title="bbox 142 1359 298 1383; baseline -0.006 -3"><span class='ocrx_word' id='word_1_9' title='bbox 142 1359 207 1383; x_wconf 81' lang='lat' dir='ltr'>Quam</span> <span class='ocrx_word' id='word_1_10' title='bbox 223 1360 298 1381; x_wconf 77' lang='lat' dir='ltr'>fratres</span> 
     </span>
     <span class='ocr_line' id='line_1_6' title="bbox 114 1388 195 1411; baseline 0 -4"><span class='ocrx_word' id='word_1_11' title='bbox 114 1388 195 1411; x_wconf 81' lang='lat' dir='ltr'>petunt.</span> 
     </span>
    </p>
   </div>
   <div class='ocr_carea' id='block_1_4' title="bbox 115 1890 300 1966">
    <p class='ocr_par' dir='ltr' id='par_1_4' title="bbox 115 1890 300 1966">
     <span class='ocr_line' id='line_1_7' title="bbox 150 1890 299 1913; baseline 0.007 -1"><span class='ocrx_word' id='word_1_12' title='bbox 150 1890 299 1913; x_wconf 81' lang='lat' dir='ltr'>Confirmatio.</span> 
     </span>
     <span class='ocr_line' id='line_1_8' title="bbox 116 1918 300 1944; baseline -0.005 -5"><span class='ocrx_word' id='word_1_13' title='bbox 116 1919 142 1939; x_wconf 78' lang='lat' dir='ltr'>do</span> <span class='ocrx_word' id='word_1_14' title='bbox 157 1924 200 1944; x_wconf 79' lang='lat' dir='ltr'>qua</span> <span class='ocrx_word' id='word_1_15' title='bbox 224 1918 245 1939; x_wconf 90' lang='lat' dir='ltr'>in</span> <span class='ocrx_word' id='word_1_16' title='bbox 266 1923 300 1938; x_wconf 87' lang='lat' dir='ltr'>ru-</span> 
     </span>
     <span class='ocr_line' id='line_1_9' title="bbox 115 1945 183 1966; baseline -0.029 0"><span class='ocrx_word' id='word_1_17' title='bbox 115 1945 183 1966; x_wconf 69' lang='lat' dir='ltr'>bricii.</span> 
     </span>
    </p>
   </div>
   <div class='ocr_carea' id='block_1_5' title="bbox 934 228 2028 267">
    <p class='ocr_par' dir='ltr' id='par_1_5' title="bbox 934 228 2028 267">
     <span class='ocr_line' id='line_1_10' title="bbox 934 228 2028 267; baseline 0.002 -3"><span class='ocrx_word' id='word_1_18' title='bbox 934 240 1076 264; x_wconf 63' lang='lat' dir='ltr'>unssanus</span> <span class='ocrx_word' id='word_1_19' title='bbox 1100 240 1157 264; x_wconf 83' lang='lat' dir='ltr'>vin</span> <span class='ocrx_word' id='word_1_20' title='bbox 1181 240 1228 264; x_wconf 78' lang='lat'>1²1³.</span> <span class='ocrx_word' id='word_1_21' title='bbox 1730 228 1795 263; x_wconf 72' lang='lat'>465</span> <span class='ocrx_word' id='word_1_22' title='bbox 1840 238 1893 266; x_wconf 82' lang='lat' dir='ltr'>An.</span> <span class='ocrx_word' id='word_1_23' title='bbox 1911 237 1940 266; x_wconf 85' lang='lat' dir='ltr'>c.</span> <span class='ocrx_word' id='word_1_24' title='bbox 1959 237 2028 267; x_wconf 77' lang='lat'><strong>¹626</strong></span> 
     </span>
    </p>
   </div>
   <div class='ocr_carea' id='block_1_6' title="bbox 312 287 1059 2677">
    <p class='ocr_par' dir='ltr' id='par_1_6' title="bbox 312 287 1055 542">
     <span class='ocr_line' id='line_1_11' title="bbox 312 287 1055 330; baseline 0.001 -11"><span class='ocrx_word' id='word_1_25' title='bbox 312 295 460 320; x_wconf 86' lang='lat' dir='ltr'>concessa</span> <span class='ocrx_word' id='word_1_26' title='bbox 483 287 619 330; x_wconf 84' lang='lat' dir='ltr'>suerunt,</span> <span class='ocrx_word' id='word_1_27' title='bbox 638 288 773 321; x_wconf 87' lang='lat' dir='ltr'>libenter</span> <span class='ocrx_word' id='word_1_28' title='bbox 791 287 990 328; x_wconf 81' lang='lat' dir='ltr'>intendimus,</span> <span class='ocrx_word' id='word_1_29' title='bbox 1008 298 1055 320; x_wconf 89' lang='lat' dir='ltr'>ea-</span> 
     </span>
     <span class='ocr_line' id='line_1_12' title="bbox 312 340 1055 385; baseline 0 -13"><span class='ocrx_word' id='word_1_30' title='bbox 312 349 382 383; x_wconf 92' lang='lat' dir='ltr'>que,</span> <span class='ocrx_word' id='word_1_31' title='bbox 407 345 442 373; x_wconf 91' lang='lat' dir='ltr'>ut</span> <span class='ocrx_word' id='word_1_32' title='bbox 465 349 618 385; x_wconf 89' lang='lat' dir='ltr'>perpetuo</span> <span class='ocrx_word' id='word_1_33' title='bbox 643 342 734 374; x_wconf 84' lang='lat' dir='ltr'>firma</span> <span class='ocrx_word' id='word_1_34' title='bbox 761 347 791 373; x_wconf 83' lang='lat' dir='ltr'>et</span> <span class='ocrx_word' id='word_1_35' title='bbox 815 340 934 373; x_wconf 88' lang='lat' dir='ltr'>illibata</span> <span class='ocrx_word' id='word_1_36' title='bbox 958 340 1055 383; x_wconf 87' lang='lat' dir='ltr'>persi-</span> 
     </span>
     <span class='ocr_line' id='line_1_13' title="bbox 312 393 1053 438; baseline 0.001 -13"><span class='ocrx_word' id='word_1_37' title='bbox 312 397 416 433; x_wconf 86' lang='lat' dir='ltr'>stant,</span> <span class='ocrx_word' id='word_1_38' title='bbox 441 404 512 427; x_wconf 91' lang='lat' dir='ltr'>cum</span> <span class='ocrx_word' id='word_1_39' title='bbox 546 405 563 427; x_wconf 86' lang='lat' dir='ltr'>a</span> <span class='ocrx_word' id='word_1_40' title='bbox 595 394 685 427; x_wconf 90' lang='lat' dir='ltr'>nobis</span> <span class='ocrx_word' id='word_1_41' title='bbox 713 395 850 438; x_wconf 83' lang='lat' dir='ltr'>petitur,</span> <span class='ocrx_word' id='word_1_42' title='bbox 881 393 1053 436; x_wconf 90' lang='lat' dir='ltr'>apostolico</span> 
     </span>
     <span class='ocr_line' id='line_1_14' title="bbox 313 445 1053 490; baseline 0 -12"><span class='ocrx_word' id='word_1_43' title='bbox 313 446 487 479; x_wconf 85' lang='lat' dir='ltr'>munimine</span> <span class='ocrx_word' id='word_1_44' title='bbox 511 447 711 487; x_wconf 79' lang='lat' dir='ltr'>roboramus,</span> <span class='ocrx_word' id='word_1_45' title='bbox 729 450 823 490; x_wconf 88' lang='lat' dir='ltr'>prout</span> <span class='ocrx_word' id='word_1_46' title='bbox 842 445 1053 489; x_wconf 79' lang='lat' dir='ltr'>conspicimus</span> 
     </span>
     <span class='ocr_line' id='line_1_15' title="bbox 312 499 857 542; baseline -0.002 -11"><span class='ocrx_word' id='word_1_47' title='bbox 312 499 344 531; x_wconf 89' lang='lat' dir='ltr'>in</span> <span class='ocrx_word' id='word_1_48' title='bbox 360 499 493 533; x_wconf 89' lang='lat' dir='ltr'>Domino</span> <span class='ocrx_word' id='word_1_49' title='bbox 511 500 679 532; x_wconf 80' lang='lat' dir='ltr'>salubriter</span> <span class='ocrx_word' id='word_1_50' title='bbox 699 499 857 542; x_wconf 74' lang='lat' dir='ltr'>expedire,</span> 
     </span>
    </p>

    <p class='ocr_par' dir='ltr' id='par_1_7' title="bbox 312 550 1057 1339">
     <span class='ocr_line' id='line_1_16' title="bbox 357 550 1054 595; baseline -0.001 -10"><span class='ocrx_word' id='word_1_51' title='bbox 357 553 372 595; x_wconf 60' lang='grc' dir='ltr'>ᾗ</span> <span class='ocrx_word' id='word_1_52' title='bbox 389 552 418 584; x_wconf 72' lang='lat' dir='ltr'>l.</span> <span class='ocrx_word' id='word_1_53' title='bbox 438 552 581 585; x_wconf 85' lang='lat' dir='ltr'>Exhibita</span> <span class='ocrx_word' id='word_1_54' title='bbox 600 551 753 595; x_wconf 84' lang='lat' dir='ltr'>siquidem</span> <span class='ocrx_word' id='word_1_55' title='bbox 770 550 861 584; x_wconf 89' lang='lat' dir='ltr'>nobis</span> <span class='ocrx_word' id='word_1_56' title='bbox 879 560 980 594; x_wconf 80' lang='lat' dir='ltr'>nuper</span> <span class='ocrx_word' id='word_1_57' title='bbox 995 561 1054 594; x_wconf 90' lang='lat' dir='ltr'>pro</span> 
     </span>
     <span class='ocr_line' id='line_1_17' title="bbox 312 603 1055 649; baseline -0.004 -11"><span class='ocrx_word' id='word_1_58' title='bbox 312 609 401 649; x_wconf 85' lang='lat' dir='ltr'>parte</span> <span class='ocrx_word' id='word_1_59' title='bbox 415 605 602 638; x_wconf 87' lang='lat' dir='ltr'>dilectorum</span> <span class='ocrx_word' id='word_1_60' title='bbox 612 604 750 637; x_wconf 86' lang='lat' dir='ltr'>filiorum</span> <span class='ocrx_word' id='word_1_61' title='bbox 765 603 871 636; x_wconf 89' lang='lat' dir='ltr'>Didaci</span> <span class='ocrx_word' id='word_1_62' title='bbox 885 603 922 636; x_wconf 88' lang='lat' dir='ltr'>dc</span> <span class='ocrx_word' id='word_1_63' title='bbox 936 603 965 636; x_wconf 83' lang='lat' dir='ltr'>S.</span> <span class='ocrx_word' id='word_1_64' title='bbox 980 604 1055 648; x_wconf 80' lang='lat' dir='ltr'>Ray-</span> 
     </span>
     <span class='ocr_line' id='line_1_18' title="bbox 313 656 1056 701; baseline 0 -11"><span class='ocrx_word' id='word_1_65' title='bbox 313 657 431 691; x_wconf 90' lang='lat' dir='ltr'>mundo</span> <span class='ocrx_word' id='word_1_66' title='bbox 452 658 596 691; x_wconf 88' lang='lat' dir='ltr'>moderni</span> <span class='ocrx_word' id='word_1_67' title='bbox 616 656 833 701; x_wconf 74' lang='lat' dir='ltr'>procuratoris</span> <span class='ocrx_word' id='word_1_68' title='bbox 851 656 1006 699; x_wconf 85' lang='lat' dir='ltr'>generalis</span> <span class='ocrx_word' id='word_1_69' title='bbox 1027 660 1056 690; x_wconf 90' lang='lat' dir='ltr'>et</span> 
     </span>
     <span class='ocr_line' id='line_1_19' title="bbox 313 709 1055 753; baseline -0.001 -10"><span class='ocrx_word' id='word_1_70' title='bbox 313 710 534 753; x_wconf 85' lang='lat' dir='ltr'>religiosorum</span> <span class='ocrx_word' id='word_1_71' title='bbox 567 710 691 743; x_wconf 87' lang='lat' dir='ltr'>Ordinis</span> <span class='ocrx_word' id='word_1_72' title='bbox 719 709 751 742; x_wconf 84' lang='lat' dir='ltr'>B.</span> <span class='ocrx_word' id='word_1_73' title='bbox 778 709 815 742; x_wconf 87' lang='grc' dir='ltr'>Μ.</span> <span class='ocrx_word' id='word_1_74' title='bbox 845 709 882 742; x_wconf 87' lang='lat' dir='ltr'>de</span> <span class='ocrx_word' id='word_1_75' title='bbox 914 709 1055 742; x_wconf 79' lang='lat' dir='ltr'>Mercede</span> 
     </span>
     <span class='ocr_line' id='line_1_20' title="bbox 313 762 1054 806; baseline -0.001 -11"><span class='ocrx_word' id='word_1_76' title='bbox 313 762 550 806; x_wconf 86' lang='lat' dir='ltr'>Redemptionis</span> <span class='ocrx_word' id='word_1_77' title='bbox 574 762 774 806; x_wconf 70' lang='lat' dir='ltr'>Captivorum</span> <span class='ocrx_word' id='word_1_78' title='bbox 805 762 1054 795; x_wconf 82' lang='lat' dir='ltr'>Recollcctorum</span> 
     </span>
     <span class='ocr_line' id='line_1_21' title="bbox 313 815 1056 859; baseline 0.001 -11"><span class='ocrx_word' id='word_1_79' title='bbox 313 821 564 859; x_wconf 85' lang='lat' dir='ltr'>nuncupatorum</span> <span class='ocrx_word' id='word_1_80' title='bbox 597 815 707 859; x_wconf 88' lang='lat' dir='ltr'>petitio</span> <span class='ocrx_word' id='word_1_81' title='bbox 741 815 941 855; x_wconf 87' lang='lat' dir='ltr'>continebat,</span> <span class='ocrx_word' id='word_1_82' title='bbox 972 815 1056 858; x_wconf 89' lang='lat' dir='ltr'>quod</span> 
     </span>
     <span class='ocr_line' id='line_1_22' title="bbox 313 868 1055 911; baseline 0 -10"><span class='ocrx_word' id='word_1_83' title='bbox 313 868 432 902; x_wconf 90' lang='lat' dir='ltr'>dudum</span> <span class='ocrx_word' id='word_1_84' title='bbox 456 869 554 902; x_wconf 86' lang='lat' dir='ltr'>felicis</span> <span class='ocrx_word' id='word_1_85' title='bbox 574 868 800 902; x_wconf 88' lang='lat' dir='ltr'>recordationis</span> <span class='ocrx_word' id='word_1_86' title='bbox 818 868 990 911; x_wconf 78' lang='lat' dir='ltr'>Gregorius</span> <span class='ocrx_word' id='word_1_87' title='bbox 1006 869 1055 909; x_wconf 80' lang='lat' dir='ltr'>lx,</span> 
     </span>
     <span class='ocr_line' id='line_1_23' title="bbox 314 921 1057 965; baseline 0 -11"><span class='ocrx_word' id='word_1_88' title='bbox 314 927 344 954; x_wconf 88' lang='lat' dir='ltr'>et</span> <span class='ocrx_word' id='word_1_89' title='bbox 361 921 473 955; x_wconf 90' lang='lat' dir='ltr'>deinde</span> <span class='ocrx_word' id='word_1_90' title='bbox 497 921 613 954; x_wconf 85' lang='lat' dir='ltr'>diversi</span> <span class='ocrx_word' id='word_1_91' title='bbox 630 921 693 962; x_wconf 88' lang='lat' dir='ltr'>alii,</span> <span class='ocrx_word' id='word_1_92' title='bbox 711 932 746 954; x_wconf 89' lang='lat' dir='ltr'>ac</span> <span class='ocrx_word' id='word_1_93' title='bbox 763 921 887 955; x_wconf 87' lang='lat' dir='ltr'>tandem</span> <span class='ocrx_word' id='word_1_94' title='bbox 907 922 978 965; x_wconf 87' lang='lat' dir='ltr'>piae</span> <span class='ocrx_word' id='word_1_95' title='bbox 994 932 1057 954; x_wconf 85' lang='lat' dir='ltr'>me-</span> 
     </span>
     <span class='ocr_line' id='line_1_24' title="bbox 314 975 1057 1019; baseline 0 -11"><span class='ocrx_word' id='word_1_96' title='bbox 314 976 434 1009; x_wconf 90' lang='lat' dir='ltr'>moriae</span> <span class='ocrx_word' id='word_1_97' title='bbox 459 976 633 1019; x_wconf 85' lang='lat' dir='ltr'>Gregorius</span> <span class='ocrx_word' id='word_1_98' title='bbox 658 976 708 1008; x_wconf 81' lang='lat' dir='ltr'>XV</span> <span class='ocrx_word' id='word_1_99' title='bbox 733 975 865 1008; x_wconf 82' lang='lat' dir='ltr'>Romani</span> <span class='ocrx_word' id='word_1_100' title='bbox 891 975 1057 1009; x_wconf 82' lang='lat' dir='ltr'>Pontifices</span> 
     </span>
     <span class='ocr_line' id='line_1_25' title="bbox 314 1028 1056 1073; baseline 0 -12"><span class='ocrx_word' id='word_1_101' title='bbox 314 1029 578 1073; x_wconf 81' lang='lat' dir='ltr'>praedecessores</span> <span class='ocrx_word' id='word_1_102' title='bbox 602 1029 702 1062; x_wconf 87' lang='lat' dir='ltr'>nostri</span> <span class='ocrx_word' id='word_1_103' title='bbox 727 1028 864 1062; x_wconf 78' lang='lat' dir='ltr'>diversas</span> <span class='ocrx_word' id='word_1_104' title='bbox 887 1029 1004 1071; x_wconf 81' lang='lat' dir='ltr'>gratias</span> <span class='ocrx_word' id='word_1_105' title='bbox 1028 1034 1056 1062; x_wconf 88' lang='lat' dir='ltr'>ct</span> 
     </span>
     <span class='ocr_line' id='line_1_26' title="bbox 314 1081 1057 1125; baseline 0 -11"><span class='ocrx_word' id='word_1_106' title='bbox 314 1081 499 1125; x_wconf 83' lang='lat' dir='ltr'>privilegia,</span> <span class='ocrx_word' id='word_1_107' title='bbox 524 1081 710 1125; x_wconf 87' lang='lat' dir='ltr'>praesertim</span> <span class='ocrx_word' id='word_1_108' title='bbox 742 1092 817 1114; x_wconf 80' lang='lat' dir='ltr'>rero</span> <span class='ocrx_word' id='word_1_109' title='bbox 841 1081 879 1114; x_wconf 88' lang='lat' dir='ltr'>ad</span> <span class='ocrx_word' id='word_1_110' title='bbox 904 1092 983 1125; x_wconf 91' lang='lat' dir='ltr'>opus</span> <span class='ocrx_word' id='word_1_111' title='bbox 1007 1092 1057 1114; x_wconf 84' lang='lat' dir='ltr'>re-</span> 
     </span>
     <span class='ocr_line' id='line_1_27' title="bbox 314 1135 1057 1179; baseline 0.001 -12"><span class='ocrx_word' id='word_1_112' title='bbox 314 1135 503 1179; x_wconf 70' lang='lat' dir='ltr'>demptionis</span> <span class='ocrx_word' id='word_1_113' title='bbox 513 1135 710 1179; x_wconf 82' lang='lat' dir='ltr'>captivorum</span> <span class='ocrx_word' id='word_1_114' title='bbox 725 1135 905 1168; x_wconf 84' lang='lat' dir='ltr'>huiusmodi</span> <span class='ocrx_word' id='word_1_115' title='bbox 920 1140 1057 1179; x_wconf 87' lang='lat' dir='ltr'>spectan-</span> 
     </span>
     <span class='ocr_line' id='line_1_28' title="bbox 315 1188 1056 1232; baseline 0 -11"><span class='ocrx_word' id='word_1_116' title='bbox 315 1189 365 1230; x_wconf 89' lang='lat' dir='ltr'>tia,</span> <span class='ocrx_word' id='word_1_117' title='bbox 391 1188 648 1232; x_wconf 82' lang='lat' dir='ltr'>religiosisdicti</span> <span class='ocrx_word' id='word_1_118' title='bbox 674 1188 799 1222; x_wconf 85' lang='lat' dir='ltr'>Ordinis</span> <span class='ocrx_word' id='word_1_119' title='bbox 824 1194 1056 1229; x_wconf 88' lang='lat' dir='ltr'>concesserunt,</span> 
     </span>
     <span class='ocr_line' id='line_1_29' title="bbox 314 1241 1057 1285; baseline -0.001 -10"><span class='ocrx_word' id='word_1_120' title='bbox 314 1247 410 1285; x_wconf 88' lang='lat' dir='ltr'>prout</span> <span class='ocrx_word' id='word_1_121' title='bbox 433 1242 465 1274; x_wconf 93' lang='lat' dir='ltr'>in</span> <span class='ocrx_word' id='word_1_122' title='bbox 489 1241 621 1274; x_wconf 88' lang='lat' dir='ltr'>diversis</span> <span class='ocrx_word' id='word_1_123' title='bbox 645 1241 757 1274; x_wconf 89' lang='lat' dir='ltr'>litteris</span> <span class='ocrx_word' id='word_1_124' title='bbox 774 1241 954 1285; x_wconf 87' lang='lat' dir='ltr'>apostolicis</span> <span class='ocrx_word' id='word_1_125' title='bbox 968 1241 1057 1275; x_wconf 90' lang='lat' dir='ltr'>desu-</span> 
     </span>
     <span class='ocr_line' id='line_1_30' title="bbox 314 1294 885 1339; baseline -0.004 -11"><span class='ocrx_word' id='word_1_126' title='bbox 314 1305 372 1339; x_wconf 85' lang='lat' dir='ltr'>per</span> <span class='ocrx_word' id='word_1_127' title='bbox 389 1294 538 1328; x_wconf 80' lang='lat' dir='ltr'>consectis</span> <span class='ocrx_word' id='word_1_128' title='bbox 554 1294 679 1338; x_wconf 89' lang='lat' dir='ltr'>plenius</span> <span class='ocrx_word' id='word_1_129' title='bbox 696 1294 885 1327; x_wconf 78' lang='lat' dir='ltr'>continetur.</span> 
     </span>
    </p>

    <p class='ocr_par' dir='ltr' id='par_1_8' title="bbox 314 1347 1057 1870">
     <span class='ocr_line' id='line_1_31' title="bbox 358 1347 1056 1392; baseline 0.001 -12"><span class='ocrx_word' id='word_1_130' title='bbox 358 1348 374 1391; x_wconf 61' lang='grc' dir='ltr'>ξ</span> <span class='ocrx_word' id='word_1_131' title='bbox 397 1348 427 1380; x_wconf 70' lang='lat'>2.</span> <span class='ocrx_word' id='word_1_132' title='bbox 453 1347 531 1381; x_wconf 90' lang='lat' dir='ltr'>Cum</span> <span class='ocrx_word' id='word_1_133' title='bbox 555 1352 682 1388; x_wconf 87' lang='lat' dir='ltr'>autem,</span> <span class='ocrx_word' id='word_1_134' title='bbox 707 1347 785 1380; x_wconf 88' lang='lat' dir='ltr'>sicut</span> <span class='ocrx_word' id='word_1_135' title='bbox 811 1348 920 1380; x_wconf 88' lang='lat' dir='ltr'>eadem</span> <span class='ocrx_word' id='word_1_136' title='bbox 946 1348 1056 1392; x_wconf 86' lang='lat' dir='ltr'>petitio</span> 
     </span>
     <span class='ocr_line' id='line_1_32' title="bbox 314 1401 1057 1445; baseline -0.001 -10"><span class='ocrx_word' id='word_1_137' title='bbox 314 1401 534 1445; x_wconf 87' lang='lat' dir='ltr'>subiungebat,</span> <span class='ocrx_word' id='word_1_138' title='bbox 560 1401 694 1434; x_wconf 89' lang='lat' dir='ltr'>Didacus</span> <span class='ocrx_word' id='word_1_139' title='bbox 718 1407 748 1434; x_wconf 88' lang='lat' dir='ltr'>et</span> <span class='ocrx_word' id='word_1_140' title='bbox 772 1402 911 1444; x_wconf 79' lang='lat' dir='ltr'>religiosi</span> <span class='ocrx_word' id='word_1_141' title='bbox 935 1402 1057 1445; x_wconf 86' lang='lat' dir='ltr'>praedi-</span> 
     </span>
     <span class='ocr_line' id='line_1_33' title="bbox 314 1452 1057 1497; baseline -0.001 -11"><span class='ocrx_word' id='word_1_142' title='bbox 314 1453 355 1486; x_wconf 87' lang='lat' dir='ltr'>cti</span> <span class='ocrx_word' id='word_1_143' title='bbox 370 1453 545 1497; x_wconf 89' lang='lat' dir='ltr'>plurimum</span> <span class='ocrx_word' id='word_1_144' title='bbox 562 1452 700 1496; x_wconf 89' lang='lat' dir='ltr'>cupiant,</span> <span class='ocrx_word' id='word_1_145' title='bbox 717 1463 775 1496; x_wconf 90' lang='lat' dir='ltr'>pro</span> <span class='ocrx_word' id='word_1_146' title='bbox 792 1453 927 1486; x_wconf 78' lang='lat' dir='ltr'>firmiori</span> <span class='ocrx_word' id='word_1_147' title='bbox 947 1458 976 1486; x_wconf 89' lang='lat' dir='ltr'>et</span> <span class='ocrx_word' id='word_1_148' title='bbox 996 1464 1057 1486; x_wconf 88' lang='lat' dir='ltr'>ma-</span> 
     </span>
     <span class='ocr_line' id='line_1_34' title="bbox 314 1506 1057 1550; baseline 0.001 -11"><span class='ocrx_word' id='word_1_149' title='bbox 314 1507 374 1540; x_wconf 89' lang='lat' dir='ltr'>iori</span> <span class='ocrx_word' id='word_1_150' title='bbox 399 1506 574 1549; x_wconf 86' lang='lat' dir='ltr'>gratiarum</span> <span class='ocrx_word' id='word_1_151' title='bbox 591 1512 621 1539; x_wconf 91' lang='lat' dir='ltr'>et</span> <span class='ocrx_word' id='word_1_152' title='bbox 637 1506 878 1550; x_wconf 81' lang='lat' dir='ltr'>privilegiorum</span> <span class='ocrx_word' id='word_1_153' title='bbox 898 1506 1057 1540; x_wconf 89' lang='lat' dir='ltr'>huiusmo-</span> 
     </span>
     <span class='ocr_line' id='line_1_35' title="bbox 314 1559 1057 1604; baseline 0.001 -11"><span class='ocrx_word' id='word_1_154' title='bbox 314 1560 345 1593; x_wconf 88' lang='lat' dir='ltr'>di</span> <span class='ocrx_word' id='word_1_155' title='bbox 369 1560 584 1602; x_wconf 68' lang='lat' dir='ltr'>subsistentia,</span> <span class='ocrx_word' id='word_1_156' title='bbox 601 1559 653 1592; x_wconf 91' lang='lat' dir='ltr'>illa</span> <span class='ocrx_word' id='word_1_157' title='bbox 677 1571 735 1603; x_wconf 89' lang='lat' dir='ltr'>per</span> <span class='ocrx_word' id='word_1_158' title='bbox 759 1571 816 1593; x_wconf 89' lang='lat' dir='ltr'>nos</span> <span class='ocrx_word' id='word_1_159' title='bbox 841 1560 1010 1604; x_wconf 85' lang='lat' dir='ltr'>approbari</span> <span class='ocrx_word' id='word_1_160' title='bbox 1028 1564 1057 1595; x_wconf 84' lang='lat' dir='ltr'>et</span> 
     </span>
     <span class='ocr_line' id='line_1_36' title="bbox 315 1613 1053 1657; baseline -0.001 -11"><span class='ocrx_word' id='word_1_161' title='bbox 315 1613 516 1654; x_wconf 84' lang='lat' dir='ltr'>confirmari,</span> <span class='ocrx_word' id='word_1_162' title='bbox 539 1624 598 1657; x_wconf 90' lang='lat' dir='ltr'>pro</span> <span class='ocrx_word' id='word_1_163' title='bbox 622 1618 711 1656; x_wconf 87' lang='lat' dir='ltr'>parte</span> <span class='ocrx_word' id='word_1_164' title='bbox 736 1613 842 1646; x_wconf 87' lang='lat' dir='ltr'>Didaei</span> <span class='ocrx_word' id='word_1_165' title='bbox 868 1619 897 1646; x_wconf 87' lang='lat' dir='ltr'>et</span> <span class='ocrx_word' id='word_1_166' title='bbox 920 1613 1053 1656; x_wconf 69' lang='lat' dir='ltr'>religion</span> 
     </span>
     <span class='ocr_line' id='line_1_37' title="bbox 314 1666 1057 1710; baseline -0.003 -10"><span class='ocrx_word' id='word_1_167' title='bbox 314 1677 422 1700; x_wconf 89' lang='lat' dir='ltr'>sorum</span> <span class='ocrx_word' id='word_1_168' title='bbox 445 1667 659 1710; x_wconf 83' lang='lat' dir='ltr'>praefatorum</span> <span class='ocrx_word' id='word_1_169' title='bbox 682 1666 773 1699; x_wconf 87' lang='lat' dir='ltr'>nobis</span> <span class='ocrx_word' id='word_1_170' title='bbox 804 1666 862 1700; x_wconf 86' lang='lat' dir='ltr'>suit</span> <span class='ocrx_word' id='word_1_171' title='bbox 895 1666 1057 1699; x_wconf 90' lang='lat' dir='ltr'>humiliter</span> 
     </span>
     <span class='ocr_line' id='line_1_38' title="bbox 314 1719 1057 1764; baseline 0 -11"><span class='ocrx_word' id='word_1_172' title='bbox 314 1720 538 1764; x_wconf 83' lang='lat' dir='ltr'>supplicatum,</span> <span class='ocrx_word' id='word_1_173' title='bbox 563 1725 717 1763; x_wconf 90' lang='lat' dir='ltr'>quatenus</span> <span class='ocrx_word' id='word_1_174' title='bbox 741 1719 773 1751; x_wconf 90' lang='lat' dir='ltr'>in</span> <span class='ocrx_word' id='word_1_175' title='bbox 796 1720 978 1763; x_wconf 84' lang='lat' dir='ltr'>praemissis</span> <span class='ocrx_word' id='word_1_176' title='bbox 1002 1731 1057 1764; x_wconf 92' lang='lat' dir='ltr'>op-</span> 
     </span>
     <span class='ocr_line' id='line_1_39' title="bbox 314 1772 1057 1818; baseline 0 -11"><span class='ocrx_word' id='word_1_177' title='bbox 314 1778 452 1818; x_wconf 89' lang='lat' dir='ltr'>portune</span> <span class='ocrx_word' id='word_1_178' title='bbox 468 1773 635 1817; x_wconf 85' lang='lat' dir='ltr'>providere</span> <span class='ocrx_word' id='word_1_179' title='bbox 655 1772 694 1806; x_wconf 90' lang='lat' dir='ltr'>de</span> <span class='ocrx_word' id='word_1_180' title='bbox 713 1773 906 1816; x_wconf 82' lang='lat' dir='ltr'>benignitate</span> <span class='ocrx_word' id='word_1_181' title='bbox 930 1779 1057 1817; x_wconf 90' lang='lat' dir='ltr'>aposto-</span> 
     </span>
     <span class='ocr_line' id='line_1_40' title="bbox 316 1827 611 1870; baseline -0.003 -10"><span class='ocrx_word' id='word_1_182' title='bbox 316 1827 377 1861; x_wconf 73' lang='lat' dir='ltr'>lica</span> <span class='ocrx_word' id='word_1_183' title='bbox 397 1827 611 1870; x_wconf 90' lang='lat' dir='ltr'>dignaremur.</span> 
     </span>
    </p>

    <p class='ocr_par' dir='ltr' id='par_1_9' title="bbox 315 1880 1059 2677">
     <span class='ocr_line' id='line_1_41' title="bbox 360 1880 1057 1925; baseline 0.001 -12"><span class='ocrx_word' id='word_1_184' title='bbox 360 1881 375 1925; x_wconf 63' lang='lat' dir='ltr'>g</span> <span class='ocrx_word' id='word_1_185' title='bbox 398 1880 428 1914; x_wconf 81' lang='lat'>3.</span> <span class='ocrx_word' id='word_1_186' title='bbox 452 1881 515 1914; x_wconf 92' lang='lat' dir='ltr'>Nos</span> <span class='ocrx_word' id='word_1_187' title='bbox 539 1880 646 1923; x_wconf 86' lang='lat' dir='ltr'>igitur,</span> <span class='ocrx_word' id='word_1_188' title='bbox 671 1880 725 1924; x_wconf 88' lang='lat' dir='ltr'>qui</span> <span class='ocrx_word' id='word_1_189' title='bbox 749 1880 888 1914; x_wconf 87' lang='lat' dir='ltr'>honestis</span> <span class='ocrx_word' id='word_1_190' title='bbox 916 1880 1057 1914; x_wconf 86' lang='lat' dir='ltr'>fidelium</span> 
     </span>
     <span class='ocr_line' id='line_1_42' title="bbox 316 1933 1057 1978; baseline 0.001 -11"><span class='ocrx_word' id='word_1_191' title='bbox 316 1934 396 1968; x_wconf 86' lang='lat' dir='ltr'>votis</span> <span class='ocrx_word' id='word_1_192' title='bbox 419 1934 554 1967; x_wconf 85' lang='lat' dir='ltr'>libenter</span> <span class='ocrx_word' id='word_1_193' title='bbox 577 1933 754 1975; x_wconf 79' lang='lat' dir='ltr'>annuimus,</span> <span class='ocrx_word' id='word_1_194' title='bbox 775 1944 874 1978; x_wconf 88' lang='lat' dir='ltr'>eaque</span> <span class='ocrx_word' id='word_1_195' title='bbox 898 1935 1057 1968; x_wconf 76' lang='lat' dir='ltr'>favoribus</span> 
     </span>
     <span class='ocr_line' id='line_1_43' title="bbox 315 1987 1058 2032; baseline 0.001 -11"><span class='ocrx_word' id='word_1_196' title='bbox 315 1987 539 2032; x_wconf 88' lang='lat' dir='ltr'>prosequimur</span> <span class='ocrx_word' id='word_1_197' title='bbox 552 1987 749 2031; x_wconf 47' lang='lat' dir='ltr'>opportunis</span> <span class='ocrx_word' id='word_1_198' title='bbox 766 1987 917 2021; x_wconf 85' lang='lat' dir='ltr'>Didacum</span> <span class='ocrx_word' id='word_1_199' title='bbox 933 1994 963 2021; x_wconf 91' lang='lat' dir='ltr'>ct</span> <span class='ocrx_word' id='word_1_200' title='bbox 979 1988 1058 2022; x_wconf 89' lang='lat' dir='ltr'>eius-</span> 
     </span>
     <span class='ocr_line' id='line_1_44' title="bbox 316 2040 1058 2086; baseline 0.001 -12"><span class='ocrx_word' id='word_1_201' title='bbox 316 2041 388 2074; x_wconf 89' lang='lat' dir='ltr'>dem</span> <span class='ocrx_word' id='word_1_202' title='bbox 404 2040 568 2084; x_wconf 88' lang='lat' dir='ltr'>religionis</span> <span class='ocrx_word' id='word_1_203' title='bbox 592 2041 767 2084; x_wconf 81' lang='lat' dir='ltr'>singulares</span> <span class='ocrx_word' id='word_1_204' title='bbox 790 2051 942 2085; x_wconf 85' lang='lat' dir='ltr'>personas</span> <span class='ocrx_word' id='word_1_205' title='bbox 962 2053 979 2074; x_wconf 87' lang='lat' dir='ltr'>a</span> <span class='ocrx_word' id='word_1_206' title='bbox 993 2043 1058 2086; x_wconf 91' lang='lat' dir='ltr'>qui-</span> 
     </span>
     <span class='ocr_line' id='line_1_45' title="bbox 316 2094 1058 2138; baseline 0.001 -11"><span class='ocrx_word' id='word_1_207' title='bbox 316 2094 422 2128; x_wconf 87' lang='lat' dir='ltr'>busvis</span> <span class='ocrx_word' id='word_1_208' title='bbox 438 2094 781 2136; x_wconf 79' lang='lat' dir='ltr'>excommunicationis,</span> <span class='ocrx_word' id='word_1_209' title='bbox 801 2096 1015 2138; x_wconf 89' lang='lat' dir='ltr'>suspensionis</span> <span class='ocrx_word' id='word_1_210' title='bbox 1028 2101 1058 2129; x_wconf 89' lang='lat' dir='ltr'>et</span> 
     </span>
     <span class='ocr_line' id='line_1_46' title="bbox 317 2147 1056 2191; baseline 0.001 -10"><span class='ocrx_word' id='word_1_211' title='bbox 317 2147 483 2190; x_wconf 88' lang='lat' dir='ltr'>interdicti,</span> <span class='ocrx_word' id='word_1_212' title='bbox 497 2148 629 2191; x_wconf 89' lang='lat' dir='ltr'>aliisque</span> <span class='ocrx_word' id='word_1_213' title='bbox 647 2148 868 2181; x_wconf 85' lang='lat' dir='ltr'>ecclesiasticis</span> <span class='ocrx_word' id='word_1_214' title='bbox 886 2149 1056 2191; x_wconf 87' lang='lat' dir='ltr'>sententiis,</span> 
     </span>
     <span class='ocr_line' id='line_1_47' title="bbox 318 2202 1056 2246; baseline 0.004 -12"><span class='ocrx_word' id='word_1_215' title='bbox 318 2202 458 2235; x_wconf 85' lang='lat' dir='ltr'>censuris</span> <span class='ocrx_word' id='word_1_216' title='bbox 474 2207 504 2235; x_wconf 90' lang='lat' dir='ltr'>et</span> <span class='ocrx_word' id='word_1_217' title='bbox 522 2202 642 2246; x_wconf 87' lang='lat' dir='ltr'>poenis,</span> <span class='ocrx_word' id='word_1_218' title='bbox 660 2213 677 2235; x_wconf 89' lang='lat' dir='ltr'>a</span> <span class='ocrx_word' id='word_1_219' title='bbox 698 2202 766 2236; x_wconf 89' lang='lat' dir='ltr'>iure</span> <span class='ocrx_word' id='word_1_220' title='bbox 791 2204 838 2235; x_wconf 79' lang='lat' dir='ltr'>rel</span> <span class='ocrx_word' id='word_1_221' title='bbox 863 2204 902 2236; x_wconf 89' lang='lat' dir='ltr'>ab</span> <span class='ocrx_word' id='word_1_222' title='bbox 919 2204 1056 2245; x_wconf 89' lang='lat' dir='ltr'>homine,</span> 
     </span>
     <span class='ocr_line' id='line_1_48' title="bbox 319 2254 1057 2302; baseline 0.005 -15"><span class='ocrx_word' id='word_1_223' title='bbox 319 2254 427 2298; x_wconf 87' lang='lat' dir='ltr'>quavis</span> <span class='ocrx_word' id='word_1_224' title='bbox 446 2256 609 2290; x_wconf 87' lang='lat' dir='ltr'>occasione</span> <span class='ocrx_word' id='word_1_225' title='bbox 626 2256 674 2289; x_wconf 87' lang='lat' dir='ltr'>vel</span> <span class='ocrx_word' id='word_1_226' title='bbox 691 2258 784 2290; x_wconf 75' lang='lat' dir='ltr'>causa</span> <span class='ocrx_word' id='word_1_227' title='bbox 802 2257 882 2298; x_wconf 86' lang='lat' dir='ltr'>latis,</span> <span class='ocrx_word' id='word_1_228' title='bbox 900 2258 925 2290; x_wconf 90' lang='lat' dir='ltr'>si</span> <span class='ocrx_word' id='word_1_229' title='bbox 943 2258 1057 2302; x_wconf 89' lang='lat' dir='ltr'>quibus</span> 
     </span>
     <span class='ocr_line' id='line_1_49' title="bbox 320 2308 1056 2353; baseline 0.007 -13"><span class='ocrx_word' id='word_1_230' title='bbox 320 2308 556 2351; x_wconf 88' lang='lat' dir='ltr'>quomodolibet</span> <span class='ocrx_word' id='word_1_231' title='bbox 578 2309 717 2343; x_wconf 90' lang='lat' dir='ltr'>innodati</span> <span class='ocrx_word' id='word_1_232' title='bbox 742 2311 894 2353; x_wconf 81' lang='lat' dir='ltr'>existunt,</span> <span class='ocrx_word' id='word_1_233' title='bbox 920 2311 959 2344; x_wconf 89' lang='lat' dir='ltr'>ad</span> <span class='ocrx_word' id='word_1_234' title='bbox 983 2312 1056 2345; x_wconf 83' lang='lat' dir='ltr'>effe-</span> 
     </span>
     <span class='ocr_line' id='line_1_50' title="bbox 319 2362 1054 2409; baseline 0.008 -16"><span class='ocrx_word' id='word_1_235' title='bbox 319 2365 404 2394; x_wconf 88' lang='lat' dir='ltr'>ctum</span> <span class='ocrx_word' id='word_1_236' title='bbox 428 2362 641 2405; x_wconf 85' lang='lat' dir='ltr'>praesentium</span> <span class='ocrx_word' id='word_1_237' title='bbox 665 2363 826 2398; x_wconf 82' lang='lat' dir='ltr'>dumtaxat</span> <span class='ocrx_word' id='word_1_238' title='bbox 856 2375 1054 2409; x_wconf 89' lang='lat' dir='ltr'>consequen-</span> 
     </span>
     <span class='ocr_line' id='line_1_51' title="bbox 319 2413 1058 2455; baseline 0.008 -9"><span class='ocrx_word' id='word_1_239' title='bbox 319 2413 405 2455; x_wconf 89' lang='lat' dir='ltr'>dum,</span> <span class='ocrx_word' id='word_1_240' title='bbox 422 2414 535 2447; x_wconf 89' lang='lat' dir='ltr'>harum</span> <span class='ocrx_word' id='word_1_241' title='bbox 551 2415 631 2449; x_wconf 88' lang='lat' dir='ltr'>serie</span> <span class='ocrx_word' id='word_1_242' title='bbox 644 2416 840 2450; x_wconf 85' lang='lat' dir='ltr'>absolventes</span> <span class='ocrx_word' id='word_1_243' title='bbox 854 2423 884 2450; x_wconf 87' lang='lat' dir='ltr'>et</span> <span class='ocrx_word' id='word_1_244' title='bbox 897 2418 1058 2452; x_wconf 86' lang='lat' dir='ltr'>absolutos</span> 
     </span>
     <span class='ocr_line' id='line_1_52' title="bbox 318 2468 1055 2514; baseline 0.005 -13"><span class='ocrx_word' id='word_1_245' title='bbox 318 2468 385 2501; x_wconf 77' lang='lat' dir='ltr'>fore</span> <span class='ocrx_word' id='word_1_246' title='bbox 410 2472 580 2511; x_wconf 85' lang='lat' dir='ltr'>censentes,</span> <span class='ocrx_word' id='word_1_247' title='bbox 605 2479 727 2503; x_wconf 88' lang='lat' dir='ltr'>necnon</span> <span class='ocrx_word' id='word_1_248' title='bbox 750 2470 947 2514; x_wconf 87' lang='lat' dir='ltr'>singularum</span> <span class='ocrx_word' id='word_1_249' title='bbox 970 2472 1055 2505; x_wconf 87' lang='lat' dir='ltr'>litte-</span> 
     </span>
     <span class='ocr_line' id='line_1_53' title="bbox 319 2521 1058 2569; baseline 0.008 -16"><span class='ocrx_word' id='word_1_250' title='bbox 319 2531 427 2554; x_wconf 85' lang='lat' dir='ltr'>rarum</span> <span class='ocrx_word' id='word_1_251' title='bbox 451 2521 632 2555; x_wconf 88' lang='lat' dir='ltr'>huiusmodi</span> <span class='ocrx_word' id='word_1_252' title='bbox 655 2527 791 2564; x_wconf 78' lang='lat' dir='ltr'>tenoreS,</span> <span class='ocrx_word' id='word_1_253' title='bbox 808 2535 843 2558; x_wconf 88' lang='lat' dir='ltr'>ac</span> <span class='ocrx_word' id='word_1_254' title='bbox 868 2525 954 2558; x_wconf 87' lang='lat' dir='ltr'>datas</span> <span class='ocrx_word' id='word_1_255' title='bbox 970 2536 1058 2569; x_wconf 86' lang='lat' dir='ltr'>prae-</span> 
     </span>
     <span class='ocr_line' id='line_1_54' title="bbox 319 2574 1059 2619; baseline 0.007 -12"><span class='ocrx_word' id='word_1_256' title='bbox 319 2574 457 2608; x_wconf 88' lang='lat' dir='ltr'>sentibus</span> <span class='ocrx_word' id='word_1_257' title='bbox 469 2585 527 2619; x_wconf 90' lang='lat' dir='ltr'>pro</span> <span class='ocrx_word' id='word_1_258' title='bbox 537 2575 692 2619; x_wconf 86' lang='lat' dir='ltr'>expressis</span> <span class='ocrx_word' id='word_1_259' title='bbox 705 2576 864 2618; x_wconf 83' lang='lat' dir='ltr'>habentes,</span> <span class='ocrx_word' id='word_1_260' title='bbox 878 2578 1059 2613; x_wconf 91' lang='lat' dir='ltr'>huiusmodi</span> 
     </span>
     <span class='ocr_line' id='line_1_55' title="bbox 319 2628 1059 2677; baseline 0.005 -15"><span class='ocrx_word' id='word_1_261' title='bbox 319 2628 598 2673; x_wconf 83' lang='lat' dir='ltr'>supplicationibus</span> <span class='ocrx_word' id='word_1_262' title='bbox 620 2629 774 2672; x_wconf 87' lang='lat' dir='ltr'>inclinati,</span> <span class='ocrx_word' id='word_1_263' title='bbox 799 2633 915 2674; x_wconf 85' lang='lat' dir='ltr'>gratias</span> <span class='ocrx_word' id='word_1_264' title='bbox 940 2637 970 2665; x_wconf 87' lang='lat' dir='ltr'>et</span> <span class='ocrx_word' id='word_1_265' title='bbox 993 2633 1059 2677; x_wconf 89' lang='lat' dir='ltr'>pri-</span> 
     </span>
    </p>
   </div>
   <div class='ocr_carea' id='block_1_7' title="bbox 402 2691 973 2723">
    <p class='ocr_par' dir='ltr' id='par_1_10' title="bbox 402 2691 973 2723">
     <span class='ocr_line' id='line_1_56' title="bbox 402 2691 973 2723; baseline 0.007 -4"><span class='ocrx_word' id='word_1_266' title='bbox 402 2691 480 2720; x_wconf 80' lang='lat' dir='ltr'>Bull.</span> <span class='ocrx_word' id='word_1_267' title='bbox 500 2692 578 2722; x_wconf 83' lang='lat' dir='ltr'>Rom.</span> <span class='ocrx_word' id='word_1_268' title='bbox 598 2707 633 2712; x_wconf 95' lang='lat'><strong>—</strong></span> <span class='ocrx_word' id='word_1_269' title='bbox 655 2693 715 2721; x_wconf 82' lang='lat' dir='ltr'>Vol.</span> <span class='ocrx_word' id='word_1_270' title='bbox 731 2693 811 2722; x_wconf 85' lang='lat' dir='ltr'><strong><em>XIII.</em></strong></span> <span class='ocrx_word' id='word_1_271' title='bbox 938 2695 973 2723; x_wconf 84' lang='lat'>59</span> 
     </span>
    </p>
   </div>
   <div class='ocr_carea' id='block_1_8' title="bbox 1087 286 2033 2517">
    <p class='ocr_par' dir='ltr' id='par_1_11' title="bbox 1087 286 1832 957">
     <span class='ocr_line' id='line_1_57' title="bbox 1087 286 1830 331; baseline -0.001 -11"><span class='ocrx_word' id='word_1_272' title='bbox 1087 288 1199 330; x_wconf 79' lang='lat' dir='ltr'>vilegia</span> <span class='ocrx_word' id='word_1_273' title='bbox 1213 297 1430 331; x_wconf 87' lang='lat' dir='ltr'>quaecumque</span> <span class='ocrx_word' id='word_1_274' title='bbox 1442 287 1525 320; x_wconf 86' lang='lat' dir='ltr'>dicto</span> <span class='ocrx_word' id='word_1_275' title='bbox 1542 286 1649 319; x_wconf 86' lang='lat' dir='ltr'>Ordini</span> <span class='ocrx_word' id='word_1_276' title='bbox 1669 296 1728 330; x_wconf 82' lang='lat' dir='ltr'>per</span> <span class='ocrx_word' id='word_1_277' title='bbox 1740 296 1830 329; x_wconf 85' lang='lat' dir='ltr'>quos-</span> 
     </span>
     <span class='ocr_line' id='line_1_58' title="bbox 1088 339 1829 383; baseline 0 -11"><span class='ocrx_word' id='word_1_278' title='bbox 1088 351 1222 383; x_wconf 85' lang='lat' dir='ltr'>cumque</span> <span class='ocrx_word' id='word_1_279' title='bbox 1230 342 1385 373; x_wconf 79' lang='lat' dir='ltr'>ltomanos</span> <span class='ocrx_word' id='word_1_280' title='bbox 1396 341 1560 373; x_wconf 77' lang='lat' dir='ltr'>l&#39;ontiticcs</span> <span class='ocrx_word' id='word_1_281' title='bbox 1570 339 1829 383; x_wconf 74' lang='lat' dir='ltr'>praedecessores</span> 
     </span>
     <span class='ocr_line' id='line_1_59' title="bbox 1087 393 1830 436; baseline 0.001 -12"><span class='ocrx_word' id='word_1_282' title='bbox 1087 398 1213 425; x_wconf 82' lang='lat' dir='ltr'>nostros</span> <span class='ocrx_word' id='word_1_283' title='bbox 1238 403 1394 431; x_wconf 80' lang='lat' dir='ltr'>concessa,</span> <span class='ocrx_word' id='word_1_284' title='bbox 1413 398 1442 425; x_wconf 92' lang='lat' dir='ltr'>ct</span> <span class='ocrx_word' id='word_1_285' title='bbox 1459 393 1594 436; x_wconf 75' lang='lat' dir='ltr'>desuper</span> <span class='ocrx_word' id='word_1_286' title='bbox 1611 393 1766 425; x_wconf 75' lang='lat' dir='ltr'>consectas</span> <span class='ocrx_word' id='word_1_287' title='bbox 1783 393 1830 425; x_wconf 90' lang='lat' dir='ltr'>lit-</span> 
     </span>
     <span class='ocr_line' id='line_1_60' title="bbox 1089 446 1830 488; baseline 0.003 -11"><span class='ocrx_word' id='word_1_288' title='bbox 1089 451 1168 478; x_wconf 82' lang='lat' dir='ltr'>teras</span> <span class='ocrx_word' id='word_1_289' title='bbox 1187 446 1370 488; x_wconf 87' lang='lat' dir='ltr'>(dummodo</span> <span class='ocrx_word' id='word_1_290' title='bbox 1388 447 1440 478; x_wconf 88' lang='lat' dir='ltr'>illa</span> <span class='ocrx_word' id='word_1_291' title='bbox 1457 446 1518 479; x_wconf 80' lang='lat' dir='ltr'>sint</span> <span class='ocrx_word' id='word_1_292' title='bbox 1537 446 1567 478; x_wconf 92' lang='lat' dir='ltr'>i11</span> <span class='ocrx_word' id='word_1_293' title='bbox 1586 457 1653 487; x_wconf 81' lang='lat' dir='ltr'>usu,</span> <span class='ocrx_word' id='word_1_294' title='bbox 1671 456 1728 479; x_wconf 81' lang='lat' dir='ltr'>nec</span> <span class='ocrx_word' id='word_1_295' title='bbox 1744 456 1830 479; x_wconf 82' lang='lat' dir='ltr'>revo-</span> 
     </span>
     <span class='ocr_line' id='line_1_61' title="bbox 1088 499 1830 541; baseline 0.001 -11"><span class='ocrx_word' id='word_1_296' title='bbox 1088 502 1164 539; x_wconf 85' lang='lat' dir='ltr'>cata,</span> <span class='ocrx_word' id='word_1_297' title='bbox 1182 509 1284 541; x_wconf 86' lang='lat' dir='ltr'>neque</span> <span class='ocrx_word' id='word_1_298' title='bbox 1301 499 1358 531; x_wconf 86' lang='lat' dir='ltr'>sub</span> <span class='ocrx_word' id='word_1_299' title='bbox 1384 499 1454 531; x_wconf 78' lang='lat' dir='ltr'>ullis</span> <span class='ocrx_word' id='word_1_300' title='bbox 1478 499 1730 532; x_wconf 70' lang='lat' dir='ltr'>rcrocationibus</span> <span class='ocrx_word' id='word_1_301' title='bbox 1747 510 1830 532; x_wconf 87' lang='lat' dir='ltr'>com-</span> 
     </span>
     <span class='ocr_line' id='line_1_62' title="bbox 1088 551 1828 594; baseline 0.003 -11"><span class='ocrx_word' id='word_1_302' title='bbox 1088 552 1254 594; x_wconf 86' lang='lat' dir='ltr'>prehensa,</span> <span class='ocrx_word' id='word_1_303' title='bbox 1272 551 1431 594; x_wconf 79' lang='lat' dir='ltr'>sacrisque</span> <span class='ocrx_word' id='word_1_304' title='bbox 1451 552 1622 585; x_wconf 79' lang='lat' dir='ltr'>canonibus</span> <span class='ocrx_word' id='word_1_305' title='bbox 1647 557 1676 585; x_wconf 91' lang='lat' dir='ltr'>ct</span> <span class='ocrx_word' id='word_1_306' title='bbox 1700 552 1828 586; x_wconf 79' lang='lat' dir='ltr'>Concilii</span> 
     </span>
     <span class='ocr_line' id='line_1_63' title="bbox 1088 604 1830 649; baseline 0.003 -13"><span class='ocrx_word' id='word_1_307' title='bbox 1088 604 1262 637; x_wconf 87' lang='lat' dir='ltr'>Tridentini</span> <span class='ocrx_word' id='word_1_308' title='bbox 1277 604 1411 637; x_wconf 78' lang='lat' dir='ltr'>decretis</span> <span class='ocrx_word' id='word_1_309' title='bbox 1427 610 1456 637; x_wconf 85' lang='lat' dir='ltr'>et</span> <span class='ocrx_word' id='word_1_310' title='bbox 1470 606 1745 638; x_wconf 80' lang='lat' dir='ltr'>constitutionibus</span> <span class='ocrx_word' id='word_1_311' title='bbox 1758 616 1830 649; x_wconf 86' lang='lat' dir='ltr'>apo-</span> 
     </span>
     <span class='ocr_line' id='line_1_64' title="bbox 1089 657 1828 699; baseline 0.003 -10"><span class='ocrx_word' id='word_1_312' title='bbox 1089 657 1206 690; x_wconf 87' lang='lat' dir='ltr'>stolicis</span> <span class='ocrx_word' id='word_1_313' title='bbox 1220 662 1250 690; x_wconf 85' lang='lat' dir='ltr'>ct</span> <span class='ocrx_word' id='word_1_314' title='bbox 1266 657 1414 689; x_wconf 87' lang='lat' dir='ltr'>institutis</span> <span class='ocrx_word' id='word_1_315' title='bbox 1432 657 1631 699; x_wconf 79' lang='lat' dir='ltr'>regularibus</span> <span class='ocrx_word' id='word_1_316' title='bbox 1651 658 1723 691; x_wconf 80' lang='lat' dir='ltr'>dicti</span> <span class='ocrx_word' id='word_1_317' title='bbox 1738 658 1828 691; x_wconf 90' lang='lat' dir='ltr'>Ordi-</span> 
     </span>
     <span class='ocr_line' id='line_1_65' title="bbox 1089 710 1829 754; baseline 0.003 -12"><span class='ocrx_word' id='word_1_318' title='bbox 1089 711 1136 743; x_wconf 89' lang='lat' dir='ltr'>nis</span> <span class='ocrx_word' id='word_1_319' title='bbox 1168 710 1298 743; x_wconf 89' lang='lat' dir='ltr'>minime</span> <span class='ocrx_word' id='word_1_320' title='bbox 1322 710 1550 753; x_wconf 80' lang='lat' dir='ltr'>adversentur)</span> <span class='ocrx_word' id='word_1_321' title='bbox 1576 712 1747 754; x_wconf 72' lang='lat' dir='ltr'>apostolica</span> <span class='ocrx_word' id='word_1_322' title='bbox 1775 722 1829 744; x_wconf 84' lang='lat' dir='ltr'>au-</span> 
     </span>
     <span class='ocr_line' id='line_1_66' title="bbox 1090 764 1830 808; baseline 0.001 -12"><span class='ocrx_word' id='word_1_323' title='bbox 1090 764 1233 797; x_wconf 89' lang='lat' dir='ltr'>ctoritate</span> <span class='ocrx_word' id='word_1_324' title='bbox 1251 769 1360 797; x_wconf 86' lang='lat' dir='ltr'>tenore</span> <span class='ocrx_word' id='word_1_325' title='bbox 1380 764 1591 808; x_wconf 87' lang='lat' dir='ltr'>praesentium</span> <span class='ocrx_word' id='word_1_326' title='bbox 1617 765 1830 807; x_wconf 86' lang='lat' dir='ltr'>approbamus</span> 
     </span>
     <span class='ocr_line' id='line_1_67' title="bbox 1090 817 1830 860; baseline -0.001 -10"><span class='ocrx_word' id='word_1_327' title='bbox 1090 821 1119 851; x_wconf 84' lang='lat' dir='ltr'>et</span> <span class='ocrx_word' id='word_1_328' title='bbox 1143 817 1378 857; x_wconf 85' lang='lat' dir='ltr'>confirmamus,</span> <span class='ocrx_word' id='word_1_329' title='bbox 1400 817 1522 860; x_wconf 84' lang='lat' dir='ltr'>illisque</span> <span class='ocrx_word' id='word_1_330' title='bbox 1546 822 1716 860; x_wconf 85' lang='lat' dir='ltr'>perpetuae</span> <span class='ocrx_word' id='word_1_331' title='bbox 1736 818 1830 849; x_wconf 85' lang='lat' dir='ltr'>etin-</span> 
     </span>
     <span class='ocr_line' id='line_1_68' title="bbox 1091 870 1832 914; baseline 0 -11"><span class='ocrx_word' id='word_1_332' title='bbox 1091 870 1244 904; x_wconf 73' lang='lat' dir='ltr'>violabilis</span> <span class='ocrx_word' id='word_1_333' title='bbox 1261 871 1452 914; x_wconf 78' lang='lat' dir='ltr'>apostolicae</span> <span class='ocrx_word' id='word_1_334' title='bbox 1469 870 1627 903; x_wconf 83' lang='lat' dir='ltr'>firmitatis</span> <span class='ocrx_word' id='word_1_335' title='bbox 1644 870 1742 903; x_wconf 91' lang='lat' dir='ltr'>robur</span> <span class='ocrx_word' id='word_1_336' title='bbox 1759 871 1832 903; x_wconf 80' lang='lat' dir='ltr'>adii-</span> 
     </span>
     <span class='ocr_line' id='line_1_69' title="bbox 1090 924 1199 957; baseline -0.009 0"><span class='ocrx_word' id='word_1_337' title='bbox 1090 924 1199 957; x_wconf 82' lang='lat' dir='ltr'>cimus.</span> 
     </span>
    </p>

    <p class='ocr_par' dir='ltr' id='par_1_12' title="bbox 1090 975 1984 1233">
     <span class='ocr_line' id='line_1_70' title="bbox 1135 975 1984 1019; baseline 0.004 -11"><span class='ocrx_word' id='word_1_338' title='bbox 1135 976 1150 1019; x_wconf 61' lang='grc' dir='ltr'><strong>ἓ</strong></span> <span class='ocrx_word' id='word_1_339' title='bbox 1169 975 1198 1008; x_wconf 67' lang='grc'>4.</span> <span class='ocrx_word' id='word_1_340' title='bbox 1216 976 1434 1016; x_wconf 75' lang='lat' dir='ltr'>DecernentcS,</span> <span class='ocrx_word' id='word_1_341' title='bbox 1452 975 1602 1008; x_wconf 90' lang='lat' dir='ltr'>Didacum</span> <span class='ocrx_word' id='word_1_342' title='bbox 1621 981 1650 1008; x_wconf 87' lang='lat' dir='ltr'>et</span> <span class='ocrx_word' id='word_1_343' title='bbox 1667 975 1832 1018; x_wconf 88' lang='lat' dir='ltr'>religiosos</span> <span class='ocrx_word' id='word_1_344' title='bbox 1874 990 1984 1011; x_wconf 67' lang='lat' dir='ltr'>Clausulas</span> 
     </span>
     <span class='ocr_line' id='line_1_71' title="bbox 1090 1029 1832 1072; baseline 0 -10"><span class='ocrx_word' id='word_1_345' title='bbox 1090 1029 1267 1072; x_wconf 89' lang='lat' dir='ltr'>praedictos</span> <span class='ocrx_word' id='word_1_346' title='bbox 1284 1029 1344 1062; x_wconf 90' lang='lat' dir='ltr'>illis</span> <span class='ocrx_word' id='word_1_347' title='bbox 1362 1029 1509 1062; x_wconf 90' lang='lat' dir='ltr'>omnibus</span> <span class='ocrx_word' id='word_1_348' title='bbox 1534 1034 1564 1061; x_wconf 86' lang='lat' dir='ltr'>et</span> <span class='ocrx_word' id='word_1_349' title='bbox 1585 1029 1717 1071; x_wconf 85' lang='lat' dir='ltr'>singulis</span> <span class='ocrx_word' id='word_1_350' title='bbox 1734 1029 1832 1062; x_wconf 88' lang='lat' dir='ltr'>libere</span> 
     </span>
     <span class='ocr_line' id='line_1_72' title="bbox 1091 1082 1833 1126; baseline 0 -11"><span class='ocrx_word' id='word_1_351' title='bbox 1091 1086 1121 1116; x_wconf 93' lang='lat' dir='ltr'>et</span> <span class='ocrx_word' id='word_1_352' title='bbox 1139 1082 1223 1115; x_wconf 88' lang='lat' dir='ltr'>licite</span> <span class='ocrx_word' id='word_1_353' title='bbox 1248 1082 1309 1115; x_wconf 85' lang='lat' dir='ltr'>frui</span> <span class='ocrx_word' id='word_1_354' title='bbox 1335 1088 1363 1115; x_wconf 90' lang='lat' dir='ltr'>et</span> <span class='ocrx_word' id='word_1_355' title='bbox 1380 1082 1528 1125; x_wconf 84' lang='lat' dir='ltr'>gaudere,</span> <span class='ocrx_word' id='word_1_356' title='bbox 1545 1093 1603 1115; x_wconf 90' lang='lat' dir='ltr'>nec</span> <span class='ocrx_word' id='word_1_357' title='bbox 1620 1093 1673 1115; x_wconf 85' lang='lat' dir='ltr'>eos</span> <span class='ocrx_word' id='word_1_358' title='bbox 1698 1083 1833 1126; x_wconf 88' lang='lat' dir='ltr'>desuper</span> 
     </span>
     <span class='ocr_line' id='line_1_73' title="bbox 1090 1135 1833 1179; baseline 0.001 -11"><span class='ocrx_word' id='word_1_359' title='bbox 1090 1146 1108 1167; x_wconf 85' lang='lat' dir='ltr'>a</span> <span class='ocrx_word' id='word_1_360' title='bbox 1131 1146 1290 1179; x_wconf 89' lang='lat' dir='ltr'>quoquam</span> <span class='ocrx_word' id='word_1_361' title='bbox 1308 1135 1547 1179; x_wconf 85' lang='lat' dir='ltr'>quomodolibet</span> <span class='ocrx_word' id='word_1_362' title='bbox 1570 1136 1743 1176; x_wconf 86' lang='lat' dir='ltr'>molestari,</span> <span class='ocrx_word' id='word_1_363' title='bbox 1763 1147 1833 1179; x_wconf 89' lang='lat' dir='ltr'>per-</span> 
     </span>
     <span class='ocr_line' id='line_1_74' title="bbox 1091 1189 1831 1233; baseline 0 -11"><span class='ocrx_word' id='word_1_364' title='bbox 1091 1189 1222 1229; x_wconf 86' lang='lat' dir='ltr'>turbari,</span> <span class='ocrx_word' id='word_1_365' title='bbox 1236 1194 1287 1221; x_wconf 89' lang='lat' dir='ltr'>aut</span> <span class='ocrx_word' id='word_1_366' title='bbox 1297 1189 1462 1233; x_wconf 89' lang='lat' dir='ltr'>inquietari</span> <span class='ocrx_word' id='word_1_367' title='bbox 1474 1200 1602 1233; x_wconf 87' lang='lat' dir='ltr'>quoquo</span> <span class='ocrx_word' id='word_1_368' title='bbox 1616 1189 1711 1222; x_wconf 90' lang='lat' dir='ltr'>modo</span> <span class='ocrx_word' id='word_1_369' title='bbox 1728 1200 1831 1233; x_wconf 90' lang='lat' dir='ltr'>posse.</span> 
     </span>
    </p>

    <p class='ocr_par' dir='ltr' id='par_1_13' title="bbox 1090 1242 1835 1542">
     <span class='ocr_line' id='line_1_75' title="bbox 1135 1242 1834 1286; baseline 0.001 -12"><span class='ocrx_word' id='word_1_370' title='bbox 1135 1242 1150 1285; x_wconf 62' lang='grc' dir='ltr'>ξ</span> <span class='ocrx_word' id='word_1_371' title='bbox 1174 1242 1203 1274; x_wconf 81' lang='grc'>5,</span> <span class='ocrx_word' id='word_1_372' title='bbox 1221 1242 1326 1285; x_wconf 83' lang='lat' dir='ltr'>anue</span> <span class='ocrx_word' id='word_1_373' title='bbox 1344 1253 1401 1286; x_wconf 90' lang='lat' dir='ltr'>per</span> <span class='ocrx_word' id='word_1_374' title='bbox 1418 1253 1539 1283; x_wconf 88' lang='lat' dir='ltr'>omnes,</span> <span class='ocrx_word' id='word_1_375' title='bbox 1560 1243 1599 1275; x_wconf 89' lang='lat' dir='ltr'>ad</span> <span class='ocrx_word' id='word_1_376' title='bbox 1616 1253 1694 1285; x_wconf 89' lang='lat' dir='ltr'>quos</span> <span class='ocrx_word' id='word_1_377' title='bbox 1715 1248 1834 1285; x_wconf 85' lang='lat' dir='ltr'>spectat</span> 
     </span>
     <span class='ocr_line' id='line_1_76' title="bbox 1091 1296 1833 1340; baseline 0 -12"><span class='ocrx_word' id='word_1_378' title='bbox 1091 1300 1120 1328; x_wconf 87' lang='lat' dir='ltr'>et</span> <span class='ocrx_word' id='word_1_379' title='bbox 1149 1306 1208 1339; x_wconf 93' lang='lat' dir='ltr'>pro</span> <span class='ocrx_word' id='word_1_380' title='bbox 1240 1301 1383 1340; x_wconf 86' lang='lat' dir='ltr'>tempore</span> <span class='ocrx_word' id='word_1_381' title='bbox 1413 1296 1586 1340; x_wconf 86' lang='lat' dir='ltr'>spectabit,</span> <span class='ocrx_word' id='word_1_382' title='bbox 1612 1296 1833 1329; x_wconf 80' lang='lat' dir='ltr'>inviolabiliter</span> 
     </span>
     <span class='ocr_line' id='line_1_77' title="bbox 1090 1349 1834 1390; baseline 0.001 -9"><span class='ocrx_word' id='word_1_383' title='bbox 1090 1349 1251 1382; x_wconf 70' lang='lat' dir='ltr'>observari</span> <span class='ocrx_word' id='word_1_384' title='bbox 1276 1349 1409 1390; x_wconf 89' lang='lat' dir='ltr'>debere,</span> <span class='ocrx_word' id='word_1_385' title='bbox 1430 1360 1465 1382; x_wconf 89' lang='lat' dir='ltr'>ac</span> <span class='ocrx_word' id='word_1_386' title='bbox 1485 1350 1609 1382; x_wconf 89' lang='lat' dir='ltr'>irritum</span> <span class='ocrx_word' id='word_1_387' title='bbox 1635 1355 1665 1382; x_wconf 89' lang='lat' dir='ltr'>et</span> <span class='ocrx_word' id='word_1_388' title='bbox 1688 1349 1790 1390; x_wconf 87' lang='lat' dir='ltr'>inane,</span> <span class='ocrx_word' id='word_1_389' title='bbox 1808 1350 1834 1382; x_wconf 90' lang='lat' dir='ltr'>si</span> 
     </span>
     <span class='ocr_line' id='line_1_78' title="bbox 1091 1403 1835 1448; baseline 0.001 -13"><span class='ocrx_word' id='word_1_390' title='bbox 1091 1412 1180 1435; x_wconf 90' lang='lat' dir='ltr'>secus</span> <span class='ocrx_word' id='word_1_391' title='bbox 1204 1413 1298 1446; x_wconf 90' lang='lat' dir='ltr'>super</span> <span class='ocrx_word' id='word_1_392' title='bbox 1320 1403 1368 1435; x_wconf 87' lang='lat' dir='ltr'>his</span> <span class='ocrx_word' id='word_1_393' title='bbox 1386 1414 1402 1435; x_wconf 90' lang='lat' dir='ltr'>a</span> <span class='ocrx_word' id='word_1_394' title='bbox 1420 1414 1588 1448; x_wconf 89' lang='lat' dir='ltr'>quoquam,</span> <span class='ocrx_word' id='word_1_395' title='bbox 1606 1403 1716 1446; x_wconf 73' lang='lat' dir='ltr'>quavis</span> <span class='ocrx_word' id='word_1_396' title='bbox 1732 1407 1835 1437; x_wconf 88' lang='lat' dir='ltr'>aucto-</span> 
     </span>
     <span class='ocr_line' id='line_1_79' title="bbox 1091 1455 1833 1499; baseline 0.001 -11"><span class='ocrx_word' id='word_1_397' title='bbox 1091 1455 1192 1498; x_wconf 89' lang='lat' dir='ltr'>ritate,</span> <span class='ocrx_word' id='word_1_398' title='bbox 1218 1456 1353 1489; x_wconf 88' lang='lat' dir='ltr'>scienter</span> <span class='ocrx_word' id='word_1_399' title='bbox 1377 1457 1425 1489; x_wconf 75' lang='lat' dir='ltr'>rel</span> <span class='ocrx_word' id='word_1_400' title='bbox 1450 1456 1641 1499; x_wconf 85' lang='lat' dir='ltr'>ignoranter,</span> <span class='ocrx_word' id='word_1_401' title='bbox 1665 1456 1833 1499; x_wconf 85' lang='lat' dir='ltr'>contigerit</span> 
     </span>
     <span class='ocr_line' id='line_1_80' title="bbox 1091 1509 1244 1542; baseline 0.007 -2"><span class='ocrx_word' id='word_1_402' title='bbox 1091 1509 1244 1542; x_wconf 86' lang='lat' dir='ltr'>attentari.</span> 
     </span>
    </p>

    <p class='ocr_par' dir='ltr' id='par_1_14' title="bbox 1090 1562 2032 1819">
     <span class='ocr_line' id='line_1_81' title="bbox 1135 1562 2032 1607; baseline 0.002 -12"><span class='ocrx_word' id='word_1_403' title='bbox 1135 1563 1149 1605; x_wconf 64' lang='grc' dir='ltr'><strong>ξ</strong></span> <span class='ocrx_word' id='word_1_404' title='bbox 1174 1562 1202 1595; x_wconf 86' lang='grc'>6.</span> <span class='ocrx_word' id='word_1_405' title='bbox 1223 1563 1291 1596; x_wconf 71' lang='lat' dir='ltr'>Non</span> <span class='ocrx_word' id='word_1_406' title='bbox 1316 1563 1511 1597; x_wconf 87' lang='lat' dir='ltr'>obstantibus</span> <span class='ocrx_word' id='word_1_407' title='bbox 1529 1563 1687 1603; x_wconf 87' lang='lat' dir='ltr'>omnibus,</span> <span class='ocrx_word' id='word_1_408' title='bbox 1704 1574 1785 1607; x_wconf 87' lang='lat' dir='ltr'>quae</span> <span class='ocrx_word' id='word_1_409' title='bbox 1801 1563 1832 1596; x_wconf 91' lang='lat' dir='ltr'>in</span> <span class='ocrx_word' id='word_1_410' title='bbox 1874 1575 2032 1605; x_wconf 54' lang='lat' dir='ltr'>Contrariorum</span> 
     </span>
     <span class='ocr_line' id='line_1_82' title="bbox 1090 1602 1967 1657; baseline 0.003 -9"><span class='ocrx_word' id='word_1_411' title='bbox 1090 1616 1179 1650; x_wconf 86' lang='lat' dir='ltr'>dictis</span> <span class='ocrx_word' id='word_1_412' title='bbox 1193 1616 1305 1649; x_wconf 85' lang='lat' dir='ltr'>litteris</span> <span class='ocrx_word' id='word_1_413' title='bbox 1323 1627 1471 1649; x_wconf 83' lang='lat' dir='ltr'>concessa</span> <span class='ocrx_word' id='word_1_414' title='bbox 1485 1622 1557 1649; x_wconf 87' lang='lat' dir='ltr'>sunt</span> <span class='ocrx_word' id='word_1_415' title='bbox 1568 1627 1631 1650; x_wconf 91' lang='lat' dir='ltr'>non</span> <span class='ocrx_word' id='word_1_416' title='bbox 1647 1617 1783 1657; x_wconf 86' lang='lat' dir='ltr'>obstare,</span> <span class='ocrx_word' id='word_1_417' title='bbox 1797 1628 1833 1651; x_wconf 84' lang='lat' dir='ltr'>ac</span> <span class='ocrx_word' id='word_1_418' title='bbox 1848 1602 1967 1628; x_wconf 43' lang='lat' dir='ltr'>‘mmmm&#39;</span> 
     </span>
     <span class='ocr_line' id='line_1_83' title="bbox 1090 1669 1834 1712; baseline 0.001 -10"><span class='ocrx_word' id='word_1_419' title='bbox 1090 1669 1252 1712; x_wconf 82' lang='lat' dir='ltr'>quibusvis</span> <span class='ocrx_word' id='word_1_420' title='bbox 1277 1670 1554 1703; x_wconf 82' lang='lat' dir='ltr'>constitutionibus</span> <span class='ocrx_word' id='word_1_421' title='bbox 1579 1674 1609 1704; x_wconf 85' lang='lat' dir='ltr'>et</span> <span class='ocrx_word' id='word_1_422' title='bbox 1633 1670 1834 1704; x_wconf 89' lang='lat' dir='ltr'>ordinationi-</span> 
     </span>
     <span class='ocr_line' id='line_1_84' title="bbox 1090 1723 1834 1768; baseline 0.003 -13"><span class='ocrx_word' id='word_1_423' title='bbox 1090 1723 1149 1755; x_wconf 90' lang='lat' dir='ltr'>bus</span> <span class='ocrx_word' id='word_1_424' title='bbox 1174 1723 1364 1767; x_wconf 82' lang='lat' dir='ltr'>apostolicis,</span> <span class='ocrx_word' id='word_1_425' title='bbox 1390 1724 1565 1768; x_wconf 88' lang='lat' dir='ltr'>ceterisque</span> <span class='ocrx_word' id='word_1_426' title='bbox 1583 1724 1750 1757; x_wconf 79' lang='lat' dir='ltr'>contrariis</span> <span class='ocrx_word' id='word_1_427' title='bbox 1770 1724 1834 1768; x_wconf 90' lang='lat' dir='ltr'>qui-</span> 
     </span>
     <span class='ocr_line' id='line_1_85' title="bbox 1090 1777 1296 1819; baseline -0.005 -10"><span class='ocrx_word' id='word_1_428' title='bbox 1090 1777 1296 1819; x_wconf 84' lang='lat' dir='ltr'>buscumque.</span> 
     </span>
    </p>

    <p class='ocr_par' dir='ltr' id='par_1_15' title="bbox 1091 1830 2033 2238">
     <span class='ocr_line' id='line_1_86' title="bbox 1135 1830 2033 1874; baseline -0.002 -11"><span class='ocrx_word' id='word_1_429' title='bbox 1135 1831 1150 1874; x_wconf 74' lang='lat'>§</span> <span class='ocrx_word' id='word_1_430' title='bbox 1175 1830 1203 1863; x_wconf 90' lang='grc'>7.</span> <span class='ocrx_word' id='word_1_431' title='bbox 1223 1830 1305 1863; x_wconf 71' lang='lat' dir='ltr'>Nulli</span> <span class='ocrx_word' id='word_1_432' title='bbox 1323 1841 1400 1873; x_wconf 87' lang='lat' dir='ltr'>ergo</span> <span class='ocrx_word' id='word_1_433' title='bbox 1418 1830 1545 1864; x_wconf 87' lang='lat' dir='ltr'>omnino</span> <span class='ocrx_word' id='word_1_434' title='bbox 1562 1830 1727 1864; x_wconf 89' lang='lat' dir='ltr'>hominum</span> <span class='ocrx_word' id='word_1_435' title='bbox 1744 1830 1835 1865; x_wconf 85' lang='lat' dir='ltr'>liceat</span> <span class='ocrx_word' id='word_1_436' title='bbox 1919 1840 2033 1862; x_wconf 62' lang='lat' dir='ltr'>ciausuiao</span> 
     </span>
     <span class='ocr_line' id='line_1_87' title="bbox 1091 1868 1957 1928; baseline 0 -12"><span class='ocrx_word' id='word_1_437' title='bbox 1091 1884 1170 1917; x_wconf 88' lang='lat' dir='ltr'>hanc</span> <span class='ocrx_word' id='word_1_438' title='bbox 1202 1884 1349 1927; x_wconf 87' lang='lat' dir='ltr'>paginam</span> <span class='ocrx_word' id='word_1_439' title='bbox 1378 1887 1504 1917; x_wconf 87' lang='lat' dir='ltr'>nostrae</span> <span class='ocrx_word' id='word_1_440' title='bbox 1533 1883 1754 1925; x_wconf 88' lang='lat' dir='ltr'>absolutionis,</span> <span class='ocrx_word' id='word_1_441' title='bbox 1780 1895 1834 1928; x_wconf 85' lang='lat' dir='ltr'>ap·</span> <span class='ocrx_word' id='word_1_442' title='bbox 1849 1868 1957 1895; x_wconf 69' lang='lat'>⁹⁰⁸⁰³¹⁶³&#39;</span> 
     </span>
     <span class='ocr_line' id='line_1_88' title="bbox 1091 1937 1836 1981; baseline 0 -12"><span class='ocrx_word' id='word_1_443' title='bbox 1091 1937 1297 1981; x_wconf 88' lang='lat' dir='ltr'>probationis,</span> <span class='ocrx_word' id='word_1_444' title='bbox 1319 1937 1577 1979; x_wconf 83' lang='lat' dir='ltr'>confirmationis,</span> <span class='ocrx_word' id='word_1_445' title='bbox 1603 1937 1787 1970; x_wconf 85' lang='lat' dir='ltr'>adiectionis</span> <span class='ocrx_word' id='word_1_446' title='bbox 1805 1943 1836 1970; x_wconf 85' lang='lat' dir='ltr'>et</span> 
     </span>
     <span class='ocr_line' id='line_1_89' title="bbox 1091 1990 1835 2033; baseline 0 -10"><span class='ocrx_word' id='word_1_447' title='bbox 1091 1991 1209 2023; x_wconf 85' lang='lat' dir='ltr'>decreti</span> <span class='ocrx_word' id='word_1_448' title='bbox 1233 1990 1415 2033; x_wconf 84' lang='lat' dir='ltr'>infringere,</span> <span class='ocrx_word' id='word_1_449' title='bbox 1441 1991 1489 2023; x_wconf 74' lang='lat' dir='ltr'>vel</span> <span class='ocrx_word' id='word_1_450' title='bbox 1514 1991 1541 2023; x_wconf 89' lang='lat' dir='ltr'>ei</span> <span class='ocrx_word' id='word_1_451' title='bbox 1566 2001 1643 2023; x_wconf 91' lang='lat' dir='ltr'>ausu</span> <span class='ocrx_word' id='word_1_452' title='bbox 1667 1991 1835 2024; x_wconf 84' lang='lat' dir='ltr'>temerario</span> 
     </span>
     <span class='ocr_line' id='line_1_90' title="bbox 1091 2044 1836 2088; baseline 0 -12"><span class='ocrx_word' id='word_1_453' title='bbox 1091 2044 1257 2077; x_wconf 84' lang='lat' dir='ltr'>contraire.</span> <span class='ocrx_word' id='word_1_454' title='bbox 1269 2044 1299 2077; x_wconf 85' lang='lat' dir='ltr'>Si</span> <span class='ocrx_word' id='word_1_455' title='bbox 1313 2044 1382 2087; x_wconf 86' lang='lat' dir='ltr'>quis</span> <span class='ocrx_word' id='word_1_456' title='bbox 1395 2048 1500 2077; x_wconf 86' lang='lat' dir='ltr'>autem</span> <span class='ocrx_word' id='word_1_457' title='bbox 1512 2044 1571 2077; x_wconf 85' lang='lat' dir='ltr'>lioc</span> <span class='ocrx_word' id='word_1_458' title='bbox 1581 2049 1733 2077; x_wconf 85' lang='lat' dir='ltr'>attentare</span> <span class='ocrx_word' id='word_1_459' title='bbox 1747 2054 1836 2088; x_wconf 88' lang='lat' dir='ltr'>prae-</span> 
     </span>
     <span class='ocr_line' id='line_1_91' title="bbox 1091 2097 1835 2142; baseline 0 -12"><span class='ocrx_word' id='word_1_460' title='bbox 1091 2097 1767 2142; x_wconf 84' lang='lat' dir='ltr'>sumpserit,indignationemomnipotentis</span> <span class='ocrx_word' id='word_1_461' title='bbox 1779 2097 1835 2130; x_wconf 89' lang='lat' dir='ltr'>Dei</span> 
     </span>
     <span class='ocr_line' id='line_1_92' title="bbox 1091 2151 1834 2194; baseline -0.001 -10"><span class='ocrx_word' id='word_1_462' title='bbox 1091 2162 1126 2184; x_wconf 88' lang='lat' dir='ltr'>ac</span> <span class='ocrx_word' id='word_1_463' title='bbox 1150 2152 1316 2184; x_wconf 87' lang='lat' dir='ltr'>beatorum</span> <span class='ocrx_word' id='word_1_464' title='bbox 1341 2151 1424 2183; x_wconf 86' lang='lat' dir='ltr'>Petri</span> <span class='ocrx_word' id='word_1_465' title='bbox 1450 2156 1480 2183; x_wconf 85' lang='lat' dir='ltr'>et</span> <span class='ocrx_word' id='word_1_466' title='bbox 1505 2151 1590 2183; x_wconf 86' lang='lat' dir='ltr'>Pauli</span> <span class='ocrx_word' id='word_1_467' title='bbox 1618 2151 1834 2194; x_wconf 87' lang='lat' dir='ltr'>apostolorum</span> 
     </span>
     <span class='ocr_line' id='line_1_93' title="bbox 1091 2205 1576 2238; baseline -0.004 0"><span class='ocrx_word' id='word_1_468' title='bbox 1091 2205 1157 2238; x_wconf 88' lang='lat' dir='ltr'>eius</span> <span class='ocrx_word' id='word_1_469' title='bbox 1175 2216 1207 2238; x_wconf 88' lang='lat' dir='ltr'>se</span> <span class='ocrx_word' id='word_1_470' title='bbox 1224 2205 1347 2237; x_wconf 74' lang='lat' dir='ltr'>noverit</span> <span class='ocrx_word' id='word_1_471' title='bbox 1364 2205 1576 2237; x_wconf 89' lang='lat' dir='ltr'>incursurum.</span> 
     </span>
    </p>

    <p class='ocr_par' dir='ltr' id='par_1_16' title="bbox 1091 2257 1835 2453">
     <span class='ocr_line' id='line_1_94' title="bbox 1134 2257 1832 2302; baseline -0.001 -11"><span class='ocrx_word' id='word_1_472' title='bbox 1134 2259 1246 2291; x_wconf 84' lang='lat' dir='ltr'>Datum</span> <span class='ocrx_word' id='word_1_473' title='bbox 1273 2259 1410 2298; x_wconf 84' lang='lat' dir='ltr'>Rornae,</span> <span class='ocrx_word' id='word_1_474' title='bbox 1439 2258 1523 2302; x_wconf 89' lang='lat' dir='ltr'>apud</span> <span class='ocrx_word' id='word_1_475' title='bbox 1548 2258 1575 2291; x_wconf 87' lang='lat' dir='ltr'>S.</span> <span class='ocrx_word' id='word_1_476' title='bbox 1602 2257 1733 2290; x_wconf 81' lang='lat' dir='ltr'>Mariam</span> <span class='ocrx_word' id='word_1_477' title='bbox 1769 2258 1832 2291; x_wconf 87' lang='lat' dir='ltr'>Ma-</span> 
     </span>
     <span class='ocr_line' id='line_1_95' title="bbox 1091 2311 1832 2353; baseline 0 -8"><span class='ocrx_word' id='word_1_478' title='bbox 1091 2312 1191 2346; x_wconf 91' lang='lat' dir='ltr'>iorem</span> <span class='ocrx_word' id='word_1_479' title='bbox 1210 2339 1217 2353; x_wconf 96' lang='lat'>,</span> <span class='ocrx_word' id='word_1_480' title='bbox 1253 2322 1334 2346; x_wconf 88' lang='lat' dir='ltr'>anno</span> <span class='ocrx_word' id='word_1_481' title='bbox 1372 2312 1598 2346; x_wconf 86' lang='lat' dir='ltr'>lncarnationis</span> <span class='ocrx_word' id='word_1_482' title='bbox 1630 2311 1811 2345; x_wconf 86' lang='lat' dir='ltr'>Doininicae</span> <span class='ocrx_word' id='word_1_483' title='bbox 1825 2339 1832 2353; x_wconf 95' lang='lat'>,</span> 
     </span>
     <span class='ocr_line' id='line_1_96' title="bbox 1091 2365 1835 2409; baseline -0.001 -10"><span class='ocrx_word' id='word_1_484' title='bbox 1091 2375 1243 2406; x_wconf 79' lang='lat' dir='ltr'>Mncxxvl,</span> <span class='ocrx_word' id='word_1_485' title='bbox 1258 2375 1302 2398; x_wconf 89' lang='lat' dir='ltr'>vn</span> <span class='ocrx_word' id='word_1_486' title='bbox 1315 2365 1463 2399; x_wconf 87' lang='lat' dir='ltr'>kalendas</span> <span class='ocrx_word' id='word_1_487' title='bbox 1477 2366 1554 2406; x_wconf 88' lang='lat' dir='ltr'>iulii,</span> <span class='ocrx_word' id='word_1_488' title='bbox 1567 2365 1766 2409; x_wconf 85' lang='lat' dir='ltr'>pontificatus</span> <span class='ocrx_word' id='word_1_489' title='bbox 1782 2375 1835 2399; x_wconf 92' lang='lat' dir='ltr'>no-</span> 
     </span>
     <span class='ocr_line' id='line_1_97' title="bbox 1092 2420 1321 2453; baseline -0.004 0"><span class='ocrx_word' id='word_1_490' title='bbox 1092 2420 1148 2453; x_wconf 91' lang='lat' dir='ltr'>stri</span> <span class='ocrx_word' id='word_1_491' title='bbox 1172 2429 1254 2453; x_wconf 85' lang='lat' dir='ltr'>anno</span> <span class='ocrx_word' id='word_1_492' title='bbox 1279 2429 1321 2452; x_wconf 90' lang='lat'>111.</span> 
     </span>
    </p>

    <p class='ocr_par' dir='ltr' id='par_1_17' title="bbox 1127 2481 1726 2517">
     <span class='ocr_line' id='line_1_98' title="bbox 1127 2481 1726 2517; baseline -0.002 -8"><span class='ocrx_word' id='word_1_493' title='bbox 1127 2481 1186 2509; x_wconf 88' lang='lat' dir='ltr'>Dat.</span> <span class='ocrx_word' id='word_1_494' title='bbox 1203 2481 1247 2509; x_wconf 84' lang='lat' dir='ltr'>die</span> <span class='ocrx_word' id='word_1_495' title='bbox 1262 2481 1296 2509; x_wconf 74' lang='lat'>25</span> <span class='ocrx_word' id='word_1_496' title='bbox 1311 2481 1377 2509; x_wconf 87' lang='lat' dir='ltr'>iunii</span> <span class='ocrx_word' id='word_1_497' title='bbox 1395 2481 1473 2516; x_wconf 80' lang='lat'>1626,</span> <span class='ocrx_word' id='word_1_498' title='bbox 1490 2481 1585 2517; x_wconf 81' lang='lat' dir='ltr'>pontif.</span> <span class='ocrx_word' id='word_1_499' title='bbox 1602 2489 1672 2509; x_wconf 86' lang='lat' dir='ltr'>anno</span> <span class='ocrx_word' id='word_1_500' title='bbox 1687 2488 1726 2508; x_wconf 92' lang='lat'>111.</span> 
     </span>
    </p>
   </div>
   <div class='ocr_carea' id='block_1_9' title="bbox 1357 2584 1566 2588">
    <p class='ocr_par' dir='ltr' id='par_1_18' title="bbox 1357 2584 1566 2588">
     <span class='ocr_line' id='line_1_99' title="bbox 1357 2584 1566 2588; baseline 0 0"><span class='ocrx_word' id='word_1_501' title='bbox 1357 2584 1566 2588; x_wconf 95' lang='lat' dir='ltr'> </span> 
     </span>
    </p>
   </div>
  </div>
 </body>
</html>
