2269 3235
250 273 299 301 An.
318 274 346 301 C.
366 273 434 301 1625

295 548 379 567 Statura
395 552 431 572 pro

249 575 379 594 cismontana
403 574 432 593 su-

248 601 306 620 iuitia
374 601 432 620 colli-

249 627 324 652 gemla.

275 971 304 1001 Do
313 971 367 993 clavi
377 976 431 993 com-

248 1004 312 1019 munt.

280 1503 302 1525 In
317 1503 433 1530 provinciis

248 1537 301 1551 unus
309 1530 434 1556 semperde-

248 1558 318 1578 finitor
330 1564 353 1577 ex
367 1557 433 1577 recol-

248 1584 309 1631 ltpctis
332 1589 378 1605 esse
397 1584 434 1604 de-

266 1613 292 1631 et.

279 2092 294 2112 Α
305 2097 346 2118 qua
358 2090 435 2111 distan-

252 2119 282 2139 tia
298 2118 394 2139 delinitor
410 2117 437 2137 sit

252 2145 360 2165 vocandus
397 2150 436 2169 pre

252 2175 338 2192 actuum
362 2171 436 2192 validi·

253 2200 304 2219 tate.

270 2491 274 2495 .
290 2462 377 2494 Mortuov
388 2464 438 2494 dett-

254 2494 317 2512 nitori
343 2497 389 2517 quis
413 2494 438 2511 sit

255 2518 409 2544 subrogandus.

477 265 541 299 ,⁶39ss

449 323 567 355 iuriosa
591 327 620 355 et
644 321 918 354 contumeliosam
937 330 989 353 eos
1014 321 1187 364 proferunt,

449 376 479 408 iu
504 374 766 418 recognoscendis
785 374 886 417 culpis
911 373 976 407 siue
1002 373 1125 407 licentia
1147 375 1189 408 lo-

449 434 604 472 quuntur,
625 427 865 471 protestationes
882 427 911 459 in
930 427 1054 472 scriptis
1075 427 1188 461 afferre

448 492 524 513 ausu
544 481 710 513 temerario
730 485 944 524 praesumunt.

493 533 577 566 Sicut
598 533 891 575 incongregatione
915 533 1095 576 Segoviensi
1119 544 1189 578 pro-

448 587 529 619 xime
555 587 725 630 praeterita
756 587 788 619 in
817 598 915 620 unum
947 589 1078 622 collecta
1101 588 1187 622 suere

447 644 568 683 statuta,
595 651 674 683 quae
703 641 733 673 in
758 641 992 675 ultramontana
1016 641 1133 675 familia
1157 642 1188 674 in

448 699 609 736 posterum
642 693 803 726 observari
832 694 981 736 debeant,
1005 695 1047 727 ita
1075 695 1106 726 in
1130 694 1188 727 hac

447 746 640 779 cismontana
665 748 735 779 fiat:
758 747 940 781 huiusmodi
965 753 1068 781 autem
1094 747 1188 781 colle-

447 799 508 832 ctio
533 799 654 833 duobus
678 800 820 844 patribus
848 800 990 833 doctrina
1022 805 1052 833 et
1075 800 1189 843 pietate

446 853 637 896 pollentibus
650 864 667 886 a
677 855 871 887 cismontano
882 853 1059 887 definitorio
1076 853 1190 895 eligen-

447 906 494 938 dis
514 906 738 940 committatur.

497 960 644 992 Servetur
689 960 860 1003 apostolica
895 959 1098 1000 constitutio,
1129 969 1190 1003 qua

448 1012 592 1045 ministro
616 1012 802 1056 provinciali
828 1012 858 1044 in
884 1013 939 1044 sua
963 1012 1135 1056 provincia,
1161 1016 1191 1046 et

447 1065 620 1107 guardiano
645 1066 675 1097 in
694 1075 750 1098 suo
764 1070 918 1098 conventu
938 1065 1140 1109 praecipitur,
1156 1069 1191 1104 ut

447 1128 557 1150 eorum
583 1118 715 1161 quilibet
736 1118 855 1151 clavem
880 1129 1092 1159 communem,
1110 1129 1189 1163 quac

447 1171 597 1213 magistra
622 1177 760 1213 vocatur,
786 1172 867 1216 apud
892 1182 924 1205 se
949 1172 1062 1205 habeat
1086 1177 1116 1205 et
1140 1183 1191 1205 cu·

447 1224 578 1257 stodiat:
597 1236 658 1268 qua
675 1236 804 1258 suorum
822 1225 1020 1259 subditorum
1041 1226 1134 1259 cellas
1152 1225 1189 1258 ad

447 1278 584 1319 libitum,
599 1279 708 1311 saltem
727 1289 798 1312 cum
819 1279 944 1312 duobus
961 1279 1104 1313 discretis
1120 1290 1191 1313 con-

449 1337 567 1375 ventus,
586 1332 720 1376 aperire,
739 1332 861 1375 ingredi
879 1338 909 1366 et
925 1333 1051 1367 visitare
1069 1333 1177 1377 possit.

685 1413 752 1446 Pro
775 1412 946 1457 Hispanis.

493 1493 524 1526 Si
549 1493 718 1536 contingat,
736 1498 858 1537 patrem
876 1493 1073 1527 definitorem
1094 1493 1191 1527 recol-

449 1547 564 1580 lectum
582 1547 619 1579 ad
638 1547 802 1580 meliorem
819 1547 953 1580 transire
969 1546 1075 1588 vitam,
1089 1548 1190 1581 soluto

448 1600 559 1633 mortis
577 1600 704 1640 tributo,
722 1600 788 1633 eius
806 1601 920 1641 locum,
938 1611 1053 1633 munus
1077 1605 1107 1634 et
1123 1601 1191 1634 ossi-

450 1653 531 1686 cium
553 1653 709 1696 antiquior
736 1653 877 1686 eiusdem
894 1654 1124 1687 recollectionis
1142 1654 1191 1687 de-

448 1706 555 1739 finitor
573 1706 729 1747 obtineat;
747 1707 831 1750 quod
847 1707 872 1739 si
892 1708 997 1739 nullus
1017 1707 1191 1741 definitoris

449 1760 552 1792 officio
577 1760 702 1793 functus
727 1766 888 1804 superstes
917 1761 1111 1804 inveniatur,
1137 1762 1190 1805 qui

449 1813 509 1845 erit
533 1814 726 1856 guardianus
749 1814 917 1857 antiquior,
943 1820 995 1847 aut
1019 1815 1191 1848 secundum

448 1866 573 1899 tabulae
584 1867 728 1900 ordinem
745 1868 870 1910 dignior
883 1868 1030 1910 extiterit,
1045 1868 1191 1902 defuncto

449 1919 607 1953 definitori
627 1921 850 1954 substituatur:
877 1921 919 1954 ita
938 1926 972 1954 ut
995 1922 1062 1955 sine
1086 1922 1193 1955 defini-

450 1980 517 2008 tore
531 1976 699 2008 recollecto
716 1986 877 2020 nunquam
890 1976 1104 2010 definitorium
1122 1987 1193 2011 con-

451 2034 610 2072 gregetur.

495 2082 542 2115 Ad
577 2083 744 2116 electiones
779 2093 842 2116 non
878 2088 1007 2117 vocetur
1046 2083 1193 2117 definitor

453 2140 540 2168 extra
563 2137 723 2170 nationem
743 2138 887 2170 existens:
905 2138 931 2170 si
948 2148 1022 2171 vero
1044 2138 1125 2170 intra
1142 2148 1194 2170 na-

452 2189 580 2230 tionem,
605 2196 691 2223 extra
714 2191 908 2234 proxinciam
938 2196 1058 2232 tamen,
1083 2191 1191 2233 suerit,

452 2242 624 2277 dummodo
648 2255 712 2278 non
735 2245 816 2289 plus,
836 2256 931 2289 quam
956 2256 1013 2289 per
1037 2245 1113 2278 duas
1141 2250 1194 2277 aut

455 2302 517 2330 tres
542 2297 640 2331 dietas
664 2298 780 2345 distare
800 2298 1019 2342 dignoscatur,
1036 2299 1193 2332 vocandus

454 2351 529 2391 erit,
554 2351 694 2395 alioquin
724 2363 832 2386 omnes
864 2352 1033 2386 definitorii
1057 2353 1195 2387 actiones

453 2405 569 2438 nullius
586 2406 647 2438 sint
662 2406 779 2440 valoris
795 2411 826 2439 et
842 2406 1046 2440 auctoritatis.

498 2459 620 2493 Mortuo
637 2459 742 2504 aliquo
760 2460 935 2502 (letinitorc,
950 2461 1110 2505 antiquior
1126 2471 1196 2505 pro-

455 2512 574 2545 vinciae
608 2518 697 2557 pater
730 2514 869 2548 defuncti
904 2516 1010 2548 locum
1042 2514 1194 2559 accipiat:

456 2565 538 2608 ‹giitjid
560 2566 584 2598 si
608 2567 712 2599 nullus
733 2567 801 2600 talis
821 2568 968 2609 extiterit,
986 2568 1145 2612 antiquior
1165 2568 1196 2601 in

457 2618 629 2652 definitoris
646 2621 749 2654 otlicio
763 2621 963 2664 subrogetur.
981 2622 1067 2656 Idem
1084 2622 1153 2656 aliis
1166 2622 1198 2655 in

456 2672 637 2707 nationibus
656 2673 888 2710 observandum
905 2676 975 2711 erit.

1026 272 1203 297 BULLARIUM
1228 271 1381 297 ROMANUM

1972 270 2021 298 An.
2037 271 2066 298 C.
2088 271 2156 299 1625

1266 322 1309 354 Ne
1332 320 1548 362 bibliothecae,
1565 319 1708 362 lectores,
1725 319 1958 363 praedicatores
1988 332 2029 362 ,ne
2045 333 2156 355 uminum-

1221 379 1251 408 et
1278 375 1482 413 consessores,
1500 372 1589 405 libris
1615 373 1799 406 necessariis
1822 377 1957 414 careant,
1973 365 2013 407 3¹13.
2032 365 2158 387 ⁰⁰¹¹'¹¹“'³¹¹‘

1221 428 1352 471 singulis
1374 425 1619 471 provincialibus
1643 425 1794 458 ministris
1818 426 1959 460 concedi-

1222 485 1281 523 tur⁷
1305 485 1339 513 ut
1363 479 1494 523 quilibet
1513 479 1543 512 in
1564 480 1619 512 sua
1643 478 1805 522 provincia
1829 479 1959 512 eleemo-

1222 544 1311 579 synas
1335 537 1484 577 procuret
1500 543 1558 576 pro
1576 532 1679 565 missis
1696 531 1805 564 diebus
1825 531 1959 565 domini-

1222 588 1265 621 cis
1282 586 1477 621 celebrandis
1486 586 1525 618 ad
1534 585 1765 630 praescriptum
1776 585 1960 618 eorumdem

1221 641 1421 674 decretorum
1436 650 1542 673 sacrae
1559 638 1816 682 Congregationis
1832 638 1960 671 Concilii

1222 694 1259 727 de
1279 694 1488 727 celebratione
1508 693 1693 734 missarum,
1715 692 1887 725 dummodo
1904 691 1961 724 du-

1222 752 1385 781 centorum
1415 747 1601 780 ducatorum
1632 745 1787 790 quantitas
1821 745 1960 778 valorem

1222 811 1285 834 non
1321 800 1450 834 excedat
1480 799 1621 844 quolibet
1650 809 1741 832 anno.
1774 798 1961 832 Huiusmodi

1223 859 1327 887 autem
1345 853 1551 898 eleemosynis
1577 857 1721 886 emantur
1746 852 1828 895 libri,
1850 857 1880 885 et
1902 863 1961 896 pro

1222 907 1468 950 uniuscuiusque
1481 907 1675 948 necessitate,
1688 906 1802 939 iudicio
1814 905 1961 946 ministri,

1222 960 1466 1000 distribuantur;
1486 959 1570 1003 quod
1587 964 1621 992 ut
1638 959 1704 992 sine
1719 959 1792 992 dolo
1809 964 1838 992 et
1853 959 1962 992 fraude

1223 1013 1285 1056 fiat,
1304 1013 1444 1047 visitator
1468 1013 1600 1046 solerter
1624 1012 1770 1056 inquirat,
1795 1013 1962 1056 specialem

1223 1067 1377 1100 rationem
1402 1067 1434 1099 in
1458 1066 1589 1109 singulis
1614 1065 1818 1099 conventibus
1842 1065 1962 1108 exigat,

1223 1125 1253 1153 et
1277 1120 1308 1152 in
1332 1119 1468 1164 capitulo
1493 1118 1694 1163 provinciali,
1720 1129 1759 1151 an
1782 1118 1854 1150 libri
1878 1118 1963 1151 iuxta

1223 1173 1426 1218 quantitatem
1437 1173 1627 1216 assignatam
1642 1172 1802 1216 procurati
1819 1176 1849 1204 et
1862 1171 1965 1206 distri-

1223 1226 1288 1260 buti
1317 1226 1443 1266 suerint,
1461 1225 1509 1258 vel
1532 1235 1606 1266 non,
1629 1225 1756 1269 publice
1777 1230 1807 1258 et
1830 1224 1862 1257 in
1887 1234 1963 1258 con-

1224 1279 1352 1313 scientia
1388 1279 1533 1312 declaret.
1569 1279 1653 1318 Quae
1692 1283 1880 1322 supererunt
1914 1278 1963 1311 die

1223 1333 1382 1367 dominico
1406 1333 1519 1366 missae
1536 1343 1633 1377 supra
1655 1342 1834 1372 numerum,
1848 1343 1885 1365 ex
1902 1336 1963 1366 sta-

1224 1390 1363 1421 tutorum
1379 1392 1561 1420 nostrorum
1578 1386 1773 1431 praescripto
1789 1386 1965 1419 benefacto-

1224 1440 1311 1474 ribus
1328 1440 1359 1473 in
1376 1440 1536 1481 communi
1554 1440 1762 1484 applicentur.

1482 1521 1549 1554 Pro
1576 1520 1693 1554 Gallis.

1268 1601 1357 1640 Quod
1380 1601 1544 1634 unanimes
1567 1601 1599 1634 in
1623 1611 1679 1634 suo
1703 1600 1889 1634 discretorio
1912 1611 1966 1634 no·
2005 1612 2082 1633 Domus
2095 1611 2163 1642 repor-

1225 1665 1293 1687 vem
1312 1654 1492 1698 provinciae
1503 1654 1673 1688 Galliarum
1691 1665 1708 1687 a
1721 1654 1899 1688 definitorio
1913 1665 1963 1698 ge·
1979 1638 2163 1695 iiiciiigviissiissi‘s‘-

1225 1707 1324 1740 nerali
1343 1707 1455 1741 obnixe
1479 1708 1687 1752 postularunt,
1708 1707 1752 1740 eis
1770 1707 1905 1740 libenter
1925 1707 1965 1740 ad
1979 1692 2102 1718 &guandaffi

1225 1761 1377 1794 maiorem
1395 1761 1449 1794 Dei
1470 1762 1604 1804 gloriam
1621 1761 1814 1795 conceditur:
1834 1766 1868 1794 ut
1884 1761 1966 1794 vide·
1983 1775 1985 1777 ¹

1225 1816 1297 1848 licet
1324 1815 1357 1847 in
1385 1815 1523 1859 qualibet
1547 1815 1701 1848 dictarum
1729 1815 1965 1859 provinciarum

1226 1875 1288 1902 tres
1305 1869 1461 1912 eligantur
1477 1876 1508 1903 et
1522 1869 1720 1912 assignentur
1737 1874 1917 1911 conventus,
1934 1868 1966 1901 in

1227 1923 1341 1968 quibus
1361 1924 1490 1967 regulae
1506 1923 1705 1957 observantia
1729 1922 1807 1959 adeo
1827 1922 1966 1957 districte

1227 1980 1377 2018 servetur,
1394 1982 1429 2009 ut
1446 1977 1687 2010 recollectorum
1715 1986 1770 2009 seu
1786 1976 1968 2009 reformato-

1226 2041 1297 2063 rum
1326 2030 1449 2063 vivendi
1476 2030 1607 2064 modum
1639 2030 1751 2064 fratres
1786 2030 1964 2062 imitentur:

1227 2084 1296 2117 ideo
1318 2084 1489 2127 capitulum
1517 2083 1684 2127 generale,
1710 2088 1773 2116 tam
1800 2082 1966 2124 ministris,

1227 2149 1320 2181 quam
1337 2138 1561 2179 visitatoribus
1575 2138 1606 2170 in
1624 2138 1737 2170 virtute
1755 2140 1877 2170 sanctae
1893 2136 1967 2170 obe-

1227 2191 1360 2225 dientiae
1388 2191 1563 2235 praecipit,
1583 2195 1617 2224 ut
1641 2191 1701 2224 hoc
1727 2190 1967 2233 diligentissime

1227 2248 1436 2288 exequantur,
1462 2245 1505 2277 ita
1528 2249 1642 2285 tamen,
1659 2249 1693 2277 ut
1716 2243 1869 2288 praedicti
1894 2253 1968 2277 con-

1228 2304 1336 2331 ventus
1361 2298 1512 2331 ministris
1532 2298 1563 2330 in
1580 2298 1726 2331 omnibus
1743 2297 1967 2338 subiicstmtur,

1228 2352 1265 2385 iis
1290 2352 1413 2385 casibus
1438 2351 1595 2395 exceptis,
1621 2351 1674 2395 qui
1699 2351 1731 2384 in
1762 2351 1884 2384 statutis
1908 2361 1967 2395 pro

1228 2405 1406 2438 reformatis
1423 2404 1484 2437 iam
1502 2404 1589 2438 sactis
1606 2405 1815 2438 declarantur.

1273 2458 1390 2492 Eodem
1415 2459 1483 2492 iure
1500 2469 1536 2491 ac
1556 2458 1721 2502 privilegio
1742 2458 1896 2502 gaudeant
1922 2469 1968 2492 re·
1983 2465 2167 2514 <umn⁰¹¹⁰t³lflt¹tss

1229 2513 1433 2546 collectorum
1449 2513 1627 2557 provinciae
1638 2512 1668 2545 in
1680 2513 1778 2547 Gallia
1791 2513 1966 2556 existentes,
1982 2508 2076 2568 (Iigffint
2094 2518 2168 2540 denui-

1230 2578 1292 2611 quo
1313 2567 1392 2600 duae
1417 2567 1494 2600 aliae
1512 2567 1652 2600 eiusdem
1672 2567 1806 2600 nationis
1823 2566 1966 2607 familiae,
2051 2561 2056 2567 ”

1230 2626 1264 2655 ut
1280 2621 1423 2655 videlicet
1438 2633 1494 2655 suo
1510 2622 1621 2655 ordine
1645 2627 1675 2655 et
1692 2627 1834 2666 tempore
1849 2631 1969 2655 succes-

1231 2676 1297 2712 sivo
1313 2675 1511 2713 definitorem
1526 2675 1662 2711 habeant
1678 2676 1868 2721 generalem.
