2269 3235
233 255 281 282 An.
299 255 327 282 C.
347 254 417 283 1⁶25

260 319 282 338 tu
304 324 418 342 roupi-*ga-

234 346 290 364 tuum
302 344 418 367 seg-›tuen—

234 377 250 390 ει
269 373 346 390 statuta
370 371 416 390 tlar-

233 398 370 416 cliinonrnsia
395 402 417 417 e-

234 425 372 444 minutantur.

258 846 329 871 anue
341 848 417 871 petitur

235 874 361 893 confirm-iri.

311 1323 422 1343 Confirmat

238 1350 343 1371 Urbanus.

277 2547 384 2567 sitan-titas
397 2546 432 2566 avl-

250 2574 286 2593 dit.

462 246 527 280 410

478 307 492 347 ς’
512 304 540 336 l.
563 303 682 347 Exponi
701 301 855 346 siquidem
871 299 963 334 nobis
983 308 1085 343 nuper
1103 298 1173 332 feeit

433 356 564 389 dilectus
579 356 661 388 tilius
674 359 863 398 procurator
878 352 1033 397 generalis
1047 351 1172 385 Ordinis

433 411 564 442 t'ratrum
591 408 745 440 Minorum
770 407 799 440 S.
819 405 976 440 Francisci
1001 405 1039 438 de
1059 404 1172 438 Obser-

434 463 533 495 vantiz'i
559 465 822 504 nuncupatorum,
840 459 923 503 quod
948 459 978 491 in
1004 468 1173 501 congrega-

433 515 517 547 tione
531 513 670 556 generali
686 513 782 556 ipsius
793 512 917 547 Ordinis
928 512 959 545 in
978 512 1062 545 illius
1078 511 1173 544 domo

434 567 570 609 regulari
596 566 778 609 Segobiensi
814 565 983 599 novissime
1016 564 1173 599 celebrata

433 623 546 652 statuta
580 618 740 661 generalia
773 629 832 662 pro
857 618 1009 652 fratribus
1033 616 1173 650 eiusdem

433 672 557 705 Ordinis
590 672 839 704 ultramontanae
863 670 1007 711 familiae,
1034 670 1118 711 alias,
1143 669 1173 702 in

434 725 557 758 civitate
576 724 819 758 barchinonensi
840 724 931 765 edita,
964 723 1125 766 recognita
1145 728 1175 756 et

434 779 607 823 approbata
631 778 766 811 suerunt.

478 834 493 875 g
517 832 546 863 2.
564 832 641 865 Cum
661 836 775 872 autem,
794 831 874 863 sicut
894 829 1002 863 eadem
1020 828 1175 873 expositio

434 885 654 927 subiungebat,
678 889 865 927 procurator
885 882 1064 926 praedictus
1080 881 1177 925 pluri-

436 948 522 970 mum
549 937 651 980 cupiat
676 940 787 970 statuta
811 935 1009 974 huiusmodi,
1037 944 1096 978 pro
1120 933 1175 966 fir-

436 991 529 1024 miori
554 990 681 1023 illorum
707 989 863 1021 validitate
895 993 926 1021 et
956 987 1176 1027 subsistentia,

435 1043 623 1087 apostolicae
648 1048 772 1075 nostrae
797 1040 1046 1075 confirmationis
1069 1044 1176 1084 patro-

436 1097 518 1129 cinio
543 1095 748 1137 communiri,
774 1095 864 1128 nobis
888 1099 1057 1138 propterea
1078 1092 1178 1125 humi-

437 1150 507 1182 liter
532 1149 702 1193 supplicari
727 1148 815 1189 fecit,
840 1152 874 1181 ut
898 1147 1033 1191 desuper
1058 1156 1177 1190 oppor-

437 1208 508 1236 tune
532 1203 700 1247 providere.
724 1201 762 1235 de
785 1201 977 1245 benignitate
1005 1200 1178 1244 apostolica

437 1256 650 1299 dIgnaremur.

482 1312 497 1355 ἓ
521 1310 549 1343 3.
576 1311 638 1344 Nos
664 1310 776 1353 igitur,
796 1313 1037 1354 procuratorem
1060 1307 1180 1352 praedi-

438 1370 522 1397 ctum
536 1364 724 1408 specialibus
736 1363 898 1396 fitvoribus
911 1366 941 1396 et
955 1362 1063 1405 gratiis
1076 1371 1182 1406 prose-

438 1418 490 1461 qui
510 1419 660 1458 volentes,
674 1422 704 1450 et
720 1428 737 1449 a
754 1416 915 1460 quibusvis
933 1415 1181 1449 excommunica-

440 1471 541 1509 tionis,
567 1471 781 1515 suspensionis
806 1475 835 1503 et
859 1469 1026 1511 interdicti,
1050 1468 1181 1512 aliisque

439 1525 658 1558 ecclesiasticis
672 1524 843 1564 sententiis,
858 1523 998 1556 censuris
1015 1528 1045 1556 et
1061 1522 1181 1567 poenis,

439 1590 455 1611 u
472 1578 539 1611 iure
553 1578 600 1610 vel
617 1577 656 1610 ab
673 1577 811 1617 homine,
827 1577 936 1620 quavis
953 1576 1117 1609 occasione
1134 1575 1181 1608 vel

440 1633 533 1665 causa
547 1631 627 1671 latis,
641 1631 666 1664 si
680 1631 794 1674 quibus
807 1630 1044 1674 quomodolibet
1057 1629 1183 1662 innoda-

441 1693 490 1719 tus
509 1686 621 1727 existit,
642 1685 680 1718 ad
701 1686 846 1718 ess'ectum
864 1684 1076 1729 praesentium
1094 1684 1182 1716 dum-

441 1744 522 1772 taxat
548 1738 822 1782 consequendum,
843 1738 955 1771 harum
980 1737 1060 1770 serie
1084 1736 1185 1769 absol-

443 1798 549 1826 ventes
576 1798 606 1825 et
630 1793 808 1825 absolutum
836 1793 903 1825 sore
930 1796 1103 1830 censentes,
1131 1790 1184 1822 liu-

443 1846 577 1879 iusmodi
604 1845 882 1889 supplicationibus
901 1844 1051 1884 inclinati,
1072 1848 1185 1876 statuta

442 1900 610 1944 praedicta,
631 1899 684 1941 sic,
704 1905 738 1932 ut
762 1899 949 1943 praefertur,
970 1897 1132 1940 recognita
1155 1901 1186 1929 et

443 1953 632 1997 approbata,
659 1957 813 1995 quatenus
833 1956 939 1984 tamen
962 1950 1047 1984 licita
1071 1950 1132 1983 sint
1156 1955 1185 1982 et.

444 2006 574 2039 honesta
589 2033 596 2046 ,
623 2005 783 2048 sacrisque
808 2004 980 2037 canonibus
1008 2008 1038 2036 et
1056 2002 1185 2037 Concilii

443 2059 615 2091 Tridentini
632 2058 765 2092 decretis
783 2063 812 2090 et
829 2056 1103 2091 constitutionibus
1116 2067 1187 2100 apo-

444 2111 571 2153 stolicis,
598 2111 861 2154 regularilmsque
884 2110 983 2154 ipsius
1000 2110 1124 2144 Ordinis
1140 2109 1186 2142 in-

445 2165 559 2197 stitutis
583 2175 645 2197 non
677 2165 903 2205 adversentur,
931 2164 1102 2208 apostolica
1133 2174 1187 2196 au·

446 2219 606 2260 ctoritate,
639 2223 745 2252 tenore
776 2218 1010 2262 praesentium,
1034 2222 1187 2261 perpetuo

445 2272 658 2316 approbamus
682 2277 712 2304 et
736 2272 972 2313 confirmamus,
997 2270 1120 2314 illisque
1140 2271 1187 2303 in-

445 2326 600 2358 violabilis
620 2325 809 2369 apostolicae
826 2325 983 2358 firmitatis
999 2325 1098 2357 robur
1113 2324 1189 2357 adii-

448 2379 563 2411 eimus:
589 2390 625 2411 ae
654 2389 763 2411 omnes
794 2383 824 2411 et
854 2378 995 2421 singulos
1020 2383 1083 2410 tam
1110 2377 1188 2410 iuris

448 2444 541 2475 qaam
567 2432 639 2465 sacti
663 2432 813 2472 defectus,
831 2432 856 2464 si
881 2432 934 2476 qui
959 2431 1095 2475 desuper
1114 2442 1188 2475 quo-

449 2486 621 2518 modolibet
646 2485 881 2525 intervenerint,
899 2485 1092 2529 supplemus.

494 2540 507 2580 J}
539 2539 568 2571 ί.
600 2539 832 2580 Deeernentes,
861 2539 970 2572 eadem
1005 2543 1117 2572 statuta
1152 2549 1188 2571 ac

450 2598 631 2635 {na-:sentes
655 2593 773 2626 litteras
798 2593 909 2634 valida,
926 2593 1019 2626 firma
1039 2596 1069 2626 et
1089 2592 1188 2625 effica-

450 2657 497 2679 cia
514 2646 647 2679 existere
671 2652 700 2679 et
724 2648 801 2688 sore,
818 2657 954 2691 suosque
979 2646 1138 2691 plenarios
1159 2651 1187 2679 et

1015 249 1195 275 nULLAmtJM
1218 248 1373 274 ROMANUM

1960 243 2010 272 An.
2025 243 2054 272 C.
2073 242 2144 272 1625

1207 298 1346 341 integros
1369 295 1499 330 effeetus
1518 294 1624 330 sortiri
1647 297 1678 329 et
1699 293 1851 336 obtinere,
1876 302 1912 326 ac
1928 302 1947 326 a

1206 350 1357 384 fratribus
1380 349 1515 382 familiae
1535 347 1715 392 praedictae
1738 357 1821 381 nunc
1837 351 1868 380 et
1886 357 1946 391 pro

1206 409 1348 448 tempore
1373 401 1577 436 existentibus
1607 401 1639 433 in
1668 400 1814 434 omnibus
1837 404 1868 433 et
1889 409 1946 444 per

1206 458 1312 491 omnia
1330 455 1551 489 inviolabiliter
1565 453 1726 488 observari
1740 453 1866 493 debere,
1878 462 1947 486 nec-

1206 520 1269 543 non
1293 509 1419 542 irritum
1444 513 1474 541 et
1497 508 1598 550 inane,
1616 507 1642 540 si
1666 516 1756 540 secus
1780 515 1874 549 super
1897 505 1947 538 his

1206 573 1224 595 a
1247 572 1426 607 quoquam,
1451 560 1561 605 quavis
1584 558 1785 599 auctoritate,
1813 557 1947 592 scienter

1207 616 1255 649 vel
1273 616 1465 658 ignoranter,
1491 613 1660 657 contigerit
1682 613 1836 646 attentari.

1252 669 1267 712 g
1283 668 1312 701 fi.
1331 669 1399 701 Non
1417 666 1614 701 obstantibus
1627 664 1903 699 constitutionibus
1918 669 1949 697 et

1208 721 1456 755 ordinationibus
1475 719 1669 764 apostolicis,
1685 717 1858 763 privilegiis
1875 727 1950 761 quo-

1208 785 1279 819 que,
1296 774 1424 808 indultis
1440 779 1471 807 et
1486 773 1597 808 litteris
1621 771 1813 817 apostolicis,
1829 770 1862 804 in
1878 780 1950 804 con-

1209 829 1341 861 trarium
1358 827 1607 872 praemissorum
1623 825 1861 870 quomodolibet
1877 834 1951 858 con-

1210 881 1329 922 cessis,
1354 880 1548 914 confirmatis
1581 884 1611 912 et
1641 878 1804 913 innovatis.
1832 877 1950 917 Quibus

1210 934 1356 968 omnibus
1373 938 1403 966 et
1419 932 1560 976 singulis,
1577 943 1688 966 eorum
1704 932 1847 965 omnium
1867 936 1953 964 teno-

1210 998 1260 1021 res
1284 986 1503 1031 praesentibus
1526 996 1585 1029 pro
1608 985 1700 1029 plene
1717 990 1748 1017 et
1763 984 1953 1018 sufficienter

1211 1039 1369 1084 expressis
1392 1039 1560 1080 habentes,
1584 1038 1644 1071 illis
1668 1038 1743 1071 alias
1767 1037 1799 1070 in
1823 1047 1880 1070 suo
1903 1047 1953 1070 ro-

1210 1094 1289 1128 bore
1305 1093 1531 1138 permansuris,
1548 1092 1607 1125 hac
1622 1091 1689 1125 vice
1706 1091 1867 1124 dumtaxat
1885 1100 1954 1134 spe-

1211 1147 1331 1180 cialiter
1348 1150 1378 1180 et
1397 1156 1543 1190 expresse
1563 1145 1764 1189 derogamus,
1779 1143 1954 1187 ceterisque

1211 1200 1378 1235 contrariis
1401 1200 1662 1244 quibuscumque.

1208 1286 1223 1303 ·
1256 1256 1368 1288 Datum
1397 1255 1526 1295 Romae,
1548 1253 1632 1298 apud
1664 1253 1693 1287 S.
1723 1252 1862 1292 Petrum,
1893 1252 1952 1285 sub

1213 1309 1328 1342 annulo
1358 1307 1525 1342 Piscatoris
1543 1334 1550 1348 ,
1583 1306 1633 1339 die
1663 1315 1742 1340 xvnl
1775 1305 1954 1339 decembris

1214 1372 1354 1402 iuncxxv,
1375 1361 1578 1406 pontificatus
1601 1360 1701 1395 nostri
1725 1369 1807 1393 anno
1831 1369 1875 1393 111.

1250 1425 1309 1452 Dat.
1326 1424 1370 1451 die
1388 1424 1420 1451 18
1435 1423 1589 1451 decembris
1604 1422 1683 1458 1625,
1698 1422 1797 1459 pontif.
1813 1429 1883 1450 anno
1898 1428 1936 1450 111.

2011 676 2146 705 Deroxatque

1963 705 2081 724 contrariis.

1274 1505 1464 1549 Sequuntur
1488 1503 1710 1537 ordinationes
1733 1504 1837 1547 factae
1861 1503 1898 1536 in

1370 1556 1517 1601 aenei-ali
1544 1557 1801 1601 conyreyatz‘one.

1260 1617 1366 1663 Primo
1391 1629 1529 1662 declarat
1553 1628 1708 1671 generalis
1733 1627 1955 1671 congregatio,

1216 1684 1334 1716 nullam
1359 1682 1625 1726 dispensationem
1656 1686 1766 1715 contra
1788 1686 1957 1725 praecepta

1217 1741 1342 1770 nostrae
1374 1736 1503 1779 regulae
1535 1745 1603 1768 esse
1635 1735 1877 1775 admittendam3
1903 1735 1957 1768 sed

1218 1800 1327 1823 omnes
1356 1795 1387 1822 et
1410 1789 1551 1832 singulos
1574 1789 1687 1821 fratres
1710 1788 1811 1821 teneri
1826 1788 1830 1790 ’
1845 1788 1883 1821 ad
1907 1798 1958 1821 re-

1218 1844 1310 1887 gulae
1334 1842 1568 1876 observantiam
1592 1841 1765 1875 secundum
1789 1851 1877 1874 suam
1903 1852 1959 1885 pu-

1218 1897 1343 1930 ritatem
1367 1893 1453 1929 iuxta
1477 1895 1704 1929 declarationes
1727 1894 1846 1928 Nicolai
1870 1894 1910 1928 III
1930 1898 1961 1928 et

1218 1950 1384 1984 Clementis
1400 1951 1433 1991 V,
1455 1950 1535 1983 sieut
1558 1950 1590 1982 in
1614 1949 1721 1982 multis
1741 1948 1809 1982 aliis
1833 1959 1960 1992 genera-

1219 2003 1300 2036 libus
1314 2002 1589 2036 constitutionibus
1602 2002 1795 2035 declaratum
1818 2006 1873 2043 est,
1888 2012 1959 2034 cum

1220 2056 1324 2089 onmia
1340 2055 1515 2100 privilegia,
1536 2065 1592 2088 seu
1612 2055 1840 2095 eoncessiones,
1860 2054 1961 2087 cuius-

1220 2120 1355 2154 cumque
1379 2109 1569 2143 conditionis
1593 2109 1733 2150 existant,
1757 2109 1806 2141 vel
1825 2118 1961 2152 quomo-

1220 2163 1338 2196 dolibet
1368 2163 1535 2206 impetrata
1561 2163 1610 2195 vel
1634 2171 1782 2195 concessa
1806 2171 1863 2204 per
1886 2161 1961 2194 Bre-

1222 2217 1268 2249 via
1284 2217 1465 2260 apostoliea,
1479 2227 1535 2260 per
1554 2215 1683 2257 indulta,
1696 2226 1753 2259 per
1769 2215 1857 2248 vivae
1877 2215 1962 2248 vocis

1221 2270 1348 2303 oracula
1367 2274 1477 2303 contra
1493 2270 1620 2312 regulae
1636 2268 1816 2312 puritatem,
1834 2267 1860 2301 si
1880 2268 1960 2313 qua¹

1220 2325 1333 2364 forent,
1350 2323 1475 2367 penitus
1491 2323 1642 2365 abrogata
1658 2322 1775 2355 fuerint
1790 2333 1847 2366 per
1863 2323 1961 2356 Breve

1221 2378 1271 2411 SS.
1296 2377 1420 2410 Domini
1444 2376 1542 2410 nostri
1568 2376 1685 2410 Urbani
1710 2376 1784 2409 t'tll.
1802 2376 1860 2415 Qui
1885 2386 1961 2409 vero

1221 2430 1480 2472 contrafecerint,
1505 2435 1667 2474 tamquam
1699 2430 1827 2473 regulae
1855 2433 1957 2463 trans-

1221 2494 1384 2527 gressores
1408 2494 1516 2517 severe
1540 2484 1720 2528 puniantur.

1264 2539 1299 2572 Et
1318 2539 1466 2583 quoniam
1486 2538 1517 2571 in
1535 2538 1723 2582 quibusdam
1741 2537 1880 2571 ecclesiis
1898 2542 1959 2571 tam
1998 2575 2000 2578 .
2015 2549 2044 2569 no
2060 2549 2160 2570 oneribus

1221 2603 1354 2636 magnus
1383 2602 1535 2625 numerus
1560 2592 1728 2625 missarum
1752 2591 1956 2625 celebranda·
1975 2577 2160 2624 32¹33‘33l¹.lm.⁰⁰¹⁰‘

1257 2656 1268 2682 1
1286 2654 1356 2687 Edit,
1373 2654 1455 2682 Main.
1470 2654 1555 2682 habet
1568 2654 1594 2682 si
1609 2662 1683 2690 quae
1698 2654 1735 2691 (n.
1751 2653 1800 2689 ⁹13).

1998 1638 2028 1660 De
2043 1639 2156 1659 observan-

1971 1667 2001 1687 tia
2017 1666 2111 1691 regulae.
