2269 3235
71 237 119 266 An.
140 237 170 266 C.
187 236 252 265 1627

121 1682 252 1703 Obstantium

68 1706 187 1734 derogatio.

873 234 1015 258 URBANUS
1040 234 1096 258 VIII
1119 235 1167 259 1³1².

267 284 393 317 illorum
418 281 560 325 fructus,
586 281 725 315 redditus
757 287 787 314 et
818 286 1006 325 proventus,

267 335 387 369 etiamsi
402 335 432 368 in
446 335 721 369 distributionibus
737 334 925 378 quotidianis
938 346 1008 367 con-

267 390 386 430 sistant,
411 389 514 423 ossieio
535 389 747 433 inquisitionis
772 388 951 421 huiusmodi
978 388 1006 419 in

267 443 357 476 dietis
380 443 497 486 regnis,
521 442 706 476 auctoritate
731 447 761 474 et
785 447 892 474 tenore
916 451 1025 484 prae-,

267 496 368 537 dictis,
383 496 476 529 etiam
500 499 655 540 perpetuo
679 495 874 539 applicamus
900 499 929 526 et
953 504 1007 537 ap-

267 550 479 594 propriamus,
497 550 539 582 ita
560 549 644 593 quod
668 548 779 592 quovis
803 548 945 592 ipsarum
962 558 1008 579 ee-

268 604 435 637 clesiarum
461 604 633 643 canonico,
657 607 710 635 aut
734 602 859 635 illarum
880 601 1006 634 eanoni-

268 661 371 692 catum
406 663 436 691 et
469 655 683 701 praehendam
724 655 755 688 in
788 654 1005 688 commendam

268 711 437 752 obtinente,
461 710 563 754 primo
581 708 719 750 cedente,
741 719 796 742 seu
821 708 1007 742 canonicatu

268 769 298 797 et
321 763 499 808 praebenda
522 760 707 806 praedietis*
729 772 786 806 per
802 772 855 795 eos
873 772 1006 805 quomo-

268 817 384 851 dolibet
401 815 593 849 dimittendis
618 815 665 848 vel
683 815 870 856 amittendis,
895 819 924 848 et
946 815 1007 848 illis

267 869 376 913 quovis
396 868 492 902 modo
516 869 708 910 vacantibus,
734 868 825 902 liceat
855 868 1007 901 moderno

266 927 296 955 et
318 933 377 966 pro
400 927 544 966 tempore
569 922 713 955 existenti
739 922 878 965 generali
907 921 1008 966 pravi-

267 977 337 1010 tatis
362 977 542 1010 huiusmodi
568 977 600 1009 in
624 976 742 1010 eisdem
759 977 854 1010 Indiis
879 977 1008 1020 inquisi-

266 1031 336 1071 tori,
353 1041 412 1075 per
435 1041 477 1072 se,
495 1031 542 1064 vel
567 1030 674 1073 alium,
696 1041 751 1064 seu
771 1031 858 1073 alios,
883 1041 1007 1074 posses·
1024 1057 1025 1066 i

266 1085 396 1125 sionem,
417 1095 472 1118 seu
494 1084 591 1128 quasi,
610 1085 820 1129 perceptionis
840 1085 1007 1126 fruetuum,

266 1138 446 1172 reddituum
472 1143 501 1171 et
528 1144 738 1182 proventuum
767 1139 1007 1172 canonicatuum

267 1196 296 1224 et
315 1191 570 1235 praebendarum
595 1192 638 1225 sic
663 1203 918 1236 suppl-esserum,
936 1203 1008 1236 pro-

266 1244 337 1288 pria
369 1245 554 1278 auctoritate
586 1245 684 1278 libere
717 1246 953 1289 apprehendere
978 1250 1008 1278 et

265 1303 420 1343 perpetuo
449 1298 597 1339 retinere,
626 1309 663 1331 ae
694 1298 836 1342 ipsorum
864 1292 1006 1341 fruetus,

266 1352 407 1385 redditus
431 1357 460 1385 et
483 1358 655 1396 proventus
673 1353 805 1395 singulis
825 1354 913 1387 annis
939 1364 1008 1398 per—

267 1406 394 1450 cipere,
420 1406 545 1449 exigere
576 1409 606 1439 et
637 1407 761 1448 levare,
788 1417 823 1439 ae
855 1407 886 1439 in
911 1408 1008 1451 ipsius

267 1460 361 1493 oflicii
375 1459 595 1503 inquisitionis,
608 1464 637 1492 et
650 1470 714 1492 non
728 1460 804 1493 alios
818 1471 901 1501 usus,
915 1472 1008 1504 quan-

267 1513 444 1557 documque
469 1514 645 1556 eontigerit,
672 1518 865 1555 convertere,
885 1515 1009 1548 Dioeee-

268 1567 333 1600 sani
356 1567 418 1600 loci
446 1567 495 1599 vel
519 1567 654 1600 cuiusvis
671 1567 799 1600 alterius
819 1568 944 1601 lieentia
962 1579 1009 1601 su-

268 1632 326 1666 per
343 1622 402 1655 hoe
420 1621 550 1654 minime
563 1620 723 1664 requisita.

313 1676 328 1720 ξ
352 1675 381 1708 02.
408 1676 476 1709 Non
501 1675 699 1708 obstantibus
724 1674 825 1718 priori
849 1675 1007 1708 voluntate

268 1731 376 1764 nostra
399 1728 571 1773 praedicta,
590 1733 619 1761 et
638 1728 855 1761 Lateranensis
879 1728 1007 1762 Concilii

267 1783 437 1817 novissime
472 1781 642 1824 celebrati,
676 1782 807 1815 uniones
838 1787 1008 1826 perpetuas

268 1836 327 1870 nisi
348 1837 379 1869 in
404 1835 529 1876 casibus
549 1846 566 1868 a
583 1835 650 1868 iure
667 1835 828 1879 permissis
852 1836 921 1868 lieri
939 1846 1009 1879 pro-

268 1890 414 1930 hibentis,
428 1900 464 1922 ae
477 1889 639 1933 quibusvis
653 1889 720 1922 aliis
734 1889 1008 1923 constitutionibus

249 1947 298 1978 ‘et
314 1942 565 1976 ordinationibus
590 1942 780 1986 apostolicis,
797 1953 919 1976 necnon
945 1943 1008 1976 sin-

268 1997 414 2040 gularum
433 1995 638 2029 ecclesiarum
655 1995 900 2039 praedictarum,
915 1996 1008 2029 etiam

267 2051 454 2090 iuramento,
480 2049 719 2082 confirmatione
745 2049 935 2093 apostolica,
960 2050 1009 2083 rel

267 2103 376 2148 quavis
399 2103 548 2136 firmitate
572 2103 632 2136 alia
650 2103 817 2143 roboratis,
835 2103 956 2137 statutis
981 2107 1010 2137 et

269 2157 559 2197 consuetudinibus,
578 2162 608 2189 et
627 2157 789 2200 quibusvis
813 2157 881 2190 aliis
905 2157 1005 2201 privi-

269 2211 378 2254 legiis,
404 2211 606 2254 indulgentiis
630 2216 660 2243 et
684 2211 795 2245 litteris
817 2211 1007 2255 apostolicis,

270 2264 456 2308 specialibus
480 2266 527 2298 vel
551 2265 761 2308 generalibus,
787 2276 1010 2309 (ptorumeum-

271 2329 331 2363 que
348 2324 492 2352 tenorum
509 2319 649 2361 existant,
667 2330 725 2363 per
743 2330 804 2364 qua
822 2320 1010 2363 epraesenti-

270 2372 329 2406 bus
353 2382 416 2405 non
433 2383 579 2416 expressa
595 2374 642 2406 vel
660 2374 796 2407 totaliter
813 2384 876 2407 non
893 2374 1010 2407 inserta

271 2425 399 2458 effeetus
424 2435 532 2458 earum
551 2426 698 2470 impediri
716 2428 815 2460 valeat
838 2428 1010 2471 quomodo-

270 2479 354 2521 libet,
372 2479 419 2512 vel
433 2478 562 2520 differri,
576 2485 605 2513 et
620 2480 658 2514 de
670 2481 795 2525 quibttS,
809 2492 1009 2525 quorumque

271 2533 343 2566 totis
352 2533 515 2566 tenoribus
524 2533 562 2566 de
571 2534 667 2568 verbo
677 2535 714 2568 ad
724 2536 856 2569 verbum
866 2536 1009 2569 habenda

306 2605 319 2630 1
336 2603 406 2631 Edit.
418 2604 502 2632 Main.
514 2605 542 2632 h.
554 2607 758 2636 canonicatum
769 2610 796 2636 et
806 2608 1008 2642 praebendam

266 2648 431 2684 praedictos
446 2651 483 2685 (n.
498 2651 546 2684 τ.).

1687 225 1749 259 527
1797 236 1845 263 An.
1866 236 1978 265 ciem

1042 283 1079 315 sit
1100 283 1128 315 in
1147 282 1263 315 eisdem
1281 282 1498 326 praesentibus
1522 281 1639 314 mentio
1664 283 1781 326 specia-

1043 336 1088 368 lis.
1116 338 1176 369 Nos
1202 336 1283 367 enim
1310 348 1344 368 ex
1371 346 1452 368 nunc
1484 335 1607 368 irritum
1634 335 1779 368 decerni-

1043 393 1149 422 muset
1160 389 1258 430 inane,
1274 389 1298 421 si
1314 400 1402 422 sectis
1416 401 1510 433 super
1522 389 1568 421 his·
1583 400 1599 421 a
1613 400 1781 432 quoquam,

1041 442 1151 485 quavis
1168 442 1363 482 auctoritate,
1376 443 1510 476 scienter
1529 443 1574 475 vel
1591 443 1781 485 ignoranter,

1042 495 1206 537 contigerit
1228 496 1382 528 attentari.

1086 549 1100 591 g
1129 549 1158 580 :t
1185 550 1335 581 Volumus
1365 549 1478 591 etiam,
1504 556 1537 582 ut
1568 551 1780 594 praesentium

1043 602 1255 645 transumptis,
1273 603 1366 635 etiarn
1385 603 1556 646 impressis,
1575 615 1668 636 mann
1685 605 1782 637 alien-

1042 655 1089 687 ius
1114 655 1227 688 notarii
1252 655 1371 699 publici
1397 656 1591 699 subscriptis,
1616 658 1782 700 sigilloque

1041 718 1195 752 personae
1220 708 1250 740 in
1275 708 1426 751 dignitate
1443 709 1653 741 ecclesiastiea
1671 710 1783 742 consti-

1043 766 1126 794 tutae
1152 761 1290 801 munitis,
1311 762 1418 794 eadem
1444 772 1575 805 prorsus
1600 762 1677 794 sides
1694 763 1724 794 in
1742 763 1783 795 iu-

1042 815 1124 848 dicio
1149 820 1179 848 et
1203 820 1308 856 extra,
1332 815 1450 859 ubique
1475 815 1678 857 adhibeatur,
1703 827 1783 859 quae

1044 868 1117 912 ipsis
1143 868 1349 911 originalibus
1374 868 1485 902 litteris
1510 868 1730 911 adhiberetur,
1757 870 1781 901 si

1043 924 1145 955 serent
1170 922 1326 955 exhibitae
1343 923 1390 955 vel
1415 926 1566 956 ostensae.

1087 977 1198 1008 Datum
1223 976 1349 1016 Romae,
1363 975 1445 1019 apud
1458 976 1486 1008 S.
1502 976 1639 1016 Petrum,
1654 975 1711 1009 sub
1728 986 1782 1008 an-

1042 1031 1116 1062 nulo
1127 1030 1304 1070 Piscatoi-is,
1314 1030 1364 1062 die
1375 1040 1393 1063 x
1412 1030 1516 1062 martii
1527 1040 1690 1072 xinexxvn,
1707 1040 1783 1074 pon-

1043 1084 1159 1116 tifiatus
1183 1083 1284 1116 nostri
1309 1094 1390 1116 anno
1415 1093 1456 1116 lv.

1834 564 1980 590 Trans-imptis

1797 591 1866 611 danda
1883 591 1941 612 sides.

1078 1145 1136 1172 Dat.
1154 1144 1198 1173 die
1216 1146 1247 1172 10
1261 1145 1350 1172 martii
1373 1145 1456 1180 1627,
1477 1145 1572 1181 pontif.
1592 1153 1662 1173 anno
1682 1153 1718 1173 w.

1328 1262 1503 1296 ccxxxix.

1024 1350 1026 1362 ι
1042 1334 1232 1377 Sttppressio
1253 1334 1353 1377 officii
1363 1335 1512 1378 perpetui
1525 1335 1682 1378 praefecti
1701 1346 1784 1368 com<

1084 1392 1241 1431 palorum
1259 1388 1408 1421 (lutariae
1424 1389 1628 1432 apostolicae,
1642 1393 1669 1422 el
1686 1389 1782 1421 redu-

1086 1442 1147 1474 clz'o
1172 1442 1214 1474 ad
1239 1442 1382 1484 officium
1411 1442 1582 1475 amoribile
1613 1444 1784 1486 recepturis

1086 1495 1330 1538 peezcniccrunffi.

1237 1567 1373 1593 Urbanus
1395 1566 1473 1600 Papa
1492 1567 1573 1601 VIII,

1166 1611 1202 1637 ad
1221 1615 1397 1644 perpetuam
1417 1612 1462 1637 rei
1482 1611 1660 1638 memoriam.

1086 1674 1246 1706 Romanus
1271 1673 1426 1713 Pontifex,
1452 1673 1543 1716 aequi
1568 1673 1704 1716 bonique
1732 1685 1783 1707 su-
1827 1689 1956 1709 inu-affluam,

1043 1738 1171 1771 premus
1190 1732 1337 1767 assertor,
1351 1727 1480 1770 provide
1498 1727 1712 1768 considerans,
1730 1728 1785 1760 hu-

1044 1792 1134 1814 {uana
1163 1781 1206 1814 sic
1238 1782 1319 1813 serre
1355 1781 1544 1824 quandoque
1576 1781 1721 1822 consilia,
1750 1788 1785 1814 ut

1042 1846 1121 1878 quae
1147 1835 1193 1867 vel
1220 1834 1370 1878 temporis
1387 1834 1567 1867 conditione
1581 1835 1621 1867 ita
1641 1835 1785 1878 exigente

1042 1890 1080 1921 ab
1099 1889 1187 1922 initio
1205 1889 1445 1929 constittutntnr,
1465 1899 1581 1932 operae
1596 1889 1732 1932 pretium
1747 1890 1786 1922 sit

1042 1949 1148 1986 postea
1181 1943 1366 1982 immutare;
1399 1946 1429 1976 et
1460 1942 1634 1983 interdum,
1659 1953 1739 1986 qnae
1768 1954 1784 1975 a

1042 1996 1340 2040 praedecessoribus
1364 1996 1427 2029 suis
1453 1996 1570 2028 sancita
1589 2001 1618 2027 et
1635 2007 1784 2029 concessa

1043 2050 1266 2093 reperiuntur,
1291 2050 1357 2093 ipsa
1383 2049 1514 2082 subinde
1545 2060 1653 2081 rerum
1683 2060 1780 2093 expe-

1043 2104 1155 2137 rientia
1179 2104 1342 2143 suadente,
1367 2104 1496 2143 alterat,
1521 2108 1647 2136 revocat
1672 2108 1701 2136 et
1726 2104 1784 2135 im-

1043 2162 1150 2199 mutat,
1176 2162 1281 2201 prout,
1309 2157 1404 2190 rebus
1429 2157 1585 2197 omnibus,
1611 2168 1784 2200 earumque

1025 2212 1286 2245 lcircumstantiis
1308 2211 1462 2243 universis
1481 2212 1602 2243 matura
1627 2211 1784 2244 consulta-

1044 2266 1125 2299 tione
1151 2265 1309 2305 discussis,
1327 2265 1359 2297 in
1374 2264 1506 2298 Domino
1532 2264 1684 2308 conspicit
1705 2265 1785 2297 salu-

1043 2319 1142 2352 briter
1166 2319 1322 2363 expedire.

1087 2374 1102 2417 ἓ
1130 2374 1154 2406 l.
1180 2373 1262 2405 Alias
1292 2372 1466 2416 siquidem,
1490 2376 1656 2416 postquam
1686 2372 1783 2405 felicis
1831 2386 1982 2415 xonebstame

1043 2427 1270 2461 recordationis
1302 2426 1374 2459 Pius
1407 2426 1487 2469 Papa
1514 2426 1536 2458 V
1560 2426 1784 2469 praedeeessor
1799 2413 1983 2470 {i2{‘i*'⁴}t1¹,]l›¹spo“i{

1042 2486 1150 2514 noster
1175 2479 1333 2524 quondam
1359 2479 1568 2522 Augustinum
1598 2479 1783 2512 Iunetenum
1798 2468 1982 2523 ssssss?.1l{3ssfil'.l”ff5.

1042 2536 1080 2568 ab
1105 2534 1208 2568 officio
1232 2533 1405 2577 recepturis
1429 2533 1653 2577 pecuniarum,
1678 2533 1783 2566 reddi·
1799 2522 1878 2543 tm*

1043 2594 1194 2632 tuumque
1219 2593 1249 2621 et
1272 2593 1481 2631 proventuum
1506 2587 1643 2621 datariae
1672 2588 1784 2621 Roma-

1079 2654 1090 2678 1
1112 2651 1150 2678 Ex
1170 2650 1276 2686 [legest.
1298 2649 1325 2677 in
1346 2650 1450 2677 Secret.
1472 2649 1550 2677 Brev.
