2269 3235
256 256 305 283 An.
323 256 352 283 c.
371 255 438 283 1628
481 247 545 282 640

454 304 666 348 pensionibus,
683 301 930 341 limitationibus,
948 304 1001 332 aut
1024 299 1092 332 aliis
1117 308 1190 332 con-

455 358 558 390 trariis
582 355 842 399 dispositionibus
867 364 925 397 pro
953 357 1094 395 tempore
1118 362 1192 395 quo-

456 411 626 444 modolibet
663 408 811 441 iaciendis
851 406 1099 450 roniprclicutli,
1138 406 1190 438 scd

456 475 579 508 semper
603 463 641 495 ab
667 462 727 494 illis
752 466 907 505 exceptas,
925 464 963 500 et,
982 460 1104 503 quotics
1122 459 1192 491 illac

456 516 653 554 cmanabunt,
673 515 763 547 toties
788 513 817 545 in
844 513 1033 557 pristinum,
1057 516 1087 546 ct
1110 523 1192 552 cuni,

457 571 486 602 in
511 579 573 612 quo
597 573 687 600 antea
707 566 946 611 spioinodolibet
963 570 1061 606 crant,
1079 570 1192 598 statum

455 623 634 662 restitutas⁷
660 621 812 664 repositas
844 625 873 653 ct
906 619 1043 663 plenarie
1072 619 1190 651 reinte-

455 682 584 719 grat-as,
617 686 652 708 ac
685 675 722 707 (le
754 685 834 708 novo
871 674 963 706 etiam
995 673 1053 705 snb
1084 676 1191 716 poste-

457 730 533 764 riori
562 729 632 762 data
656 739 713 772 per
738 728 837 761 dictos
861 726 1194 770 areliipresbyterum,

458 788 488 815 et
513 783 679 816 canonicos
699 786 730 814 ct
754 781 925 824 capitulum
946 777 1106 821 eligenda¹
1126 787 1196 810 con-

457 847 558 870 cessas
583 846 650 868 esse
674 840 703 868 et
729 836 803 875 sore,
825 844 860 865 ac
885 831 1016 872 censeri,
1033 836 1197 875 perpetuo-

457 901 518 934 que
542 889 679 931 validas,
710 888 817 920 sirmas
842 891 872 919 et
896 886 1038 918 efficaces
1063 884 1196 917 existere

457 949 487 977 et
512 945 588 984 sore,
614 942 767 985 dictisque
792 939 1067 983 archipresbytero
1091 947 1127 970 ac
1151 947 1198 970 ea-

458 998 557 1041 pitulo
589 1001 619 1028 et
650 994 808 1028 canonicis
841 993 871 1025 in
904 991 1049 1025 omnibus
1081 994 1111 1024 et
1140 1000 1198 1033 per

458 1050 563 1083 onmia
587 1048 767 1093 plenissime
800 1044 988 1088 suffragari,
1014 1049 1043 1077 et
1067 1043 1105 1075 ab
1130 1053 1197 1075 om—

459 1104 553 1136 nibus
578 1108 605 1135 et
630 1101 781 1144 singulis,
808 1099 845 1132 ad
870 1109 950 1142 quos
974 1100 1091 1141 spectat
1114 1101 1144 1129 et
1168 1096 1199 1128 in

459 1158 600 1189 futurum
636 1154 809 1199 spectabit,
839 1151 1059 1185 inviolabiliter
1089 1150 1198 1183 obser-

460 1211 545 1250 vari,
571 1210 677 1252 sicque
702 1219 759 1251 per
777 1215 992 1250 quoscumque
1013 1203 1131 1236 iudices
1151 1214 1201 1236 or-

460 1264 597 1297 dinarios
615 1267 644 1296 et
663 1262 831 1303 delegatos,
850 1259 942 1292 etiam
964 1267 1129 1291 causarum
1150 1267 1201 1300 pa-

461 1318 525 1351 latii
543 1316 705 1361 apostolici
723 1315 891 1355 auditores,
906 1319 936 1346 et
953 1316 1076 1346 sanctae
1093 1312 1203 1344 Roma-

461 1382 518 1405 nae
542 1370 698 1404 Ecclesiae
723 1368 908 1408 cardinales,
927 1371 957 1399 et
980 1365 1200 1404 camerarium,

462 1430 492 1458 ct
508 1435 651 1458 camerae
675 1428 802 1456 nostrae
826 1420 1039 1465 praesidentes
1060 1418 1202 1458 clericos,

463 1479 583 1511 sublata
601 1477 645 1510 eis
666 1481 695 1509 et
712 1486 822 1509 eorum
843 1474 971 1507 cuilibet
988 1472 1096 1516 quavis
1114 1471 1203 1503 aliter

462 1531 620 1565 iudicandi
645 1535 671 1563 et
698 1528 923 1572 interpretandi
948 1527 1092 1560 facultate
1108 1530 1138 1558 et
1154 1536 1205 1557 an-

464 1585 608 1619 ctoritate
626 1611 633 1625 ,
658 1583 789 1615 iudicari
815 1587 845 1614 et
868 1581 991 1613 definiri
1017 1579 1148 1619 debere,
1169 1589 1204 1611 ac

465 1639 590 1672 irritum
608 1643 637 1670 ct
654 1637 755 1678 inane,
773 1636 797 1668 si
816 1645 906 1668 secus
923 1644 1016 1677 super
1034 1632 1082 1665 liis
1099 1643 1115 1664 a
1131 1643 1206 1676 quo-

466 1703 581 1737 quam,
613 1690 720 1735 quavis
756 1689 962 1728 auctoritate,
988 1687 1123 1720 scienter
1158 1686 1205 1718 vel

466 1747 664 1789 ignoranter,
687 1743 856 1786 contigerit
879 1741 1033 1775 attentari.

511 1800 525 1843 ἓ
550 1798 600 1831 17.
626 1797 778 1837 Quocirca
802 1795 923 1828 dilectis
948 1794 1029 1834 filiis,
1046 1798 1155 1826 nostro
1176 1792 1207 1824 in

467 1853 549 1887 dicta
570 1852 653 1885 Urbe
670 1850 788 1883 vicario
806 1850 836 1881 in
855 1847 1078 1892 spiritualibus,
1092 1852 1122 1879 et
1139 1857 1208 1879 cau-

467 1916 573 1939 sarum
598 1905 704 1938 curiae
729 1903 828 1937 dictae
853 1911 995 1934 camerae
1020 1900 1208 1944 apostolicae

466 1959 601 1993 auditori
626 1957 835 2001 generalibus,
852 1967 908 1999 per
927 1959 1108 1999 praesentes
1128 1964 1210 1987 com-

469 2013 621 2046 mittimus
654 2017 683 2044 et
717 2010 923 2050 mandamus,
951 2013 1104 2053 quatenus
1128 2007 1208 2051 ipsi,

469 2068 516 2100 vel
541 2067 619 2099 alter
641 2075 769 2106 eorum,
791 2074 848 2107 per
868 2073 917 2104 se,
942 2063 991 2095 vel
1015 2062 1129 2104 alium,
1155 2072 1210 2094 seu

470 2121 557 2161 alios,
574 2123 755 2163 praesentes
773 2118 901 2158 litteras,
920 2121 949 2149 ct
964 2116 994 2148 in
1009 2116 1052 2148 eis
1066 2118 1210 2148 contenta

471 2182 697 2218 quaecumque,
723 2171 776 2203 ubi
801 2176 831 2203 ct
854 2169 978 2214 quando
1003 2180 1082 2213 opus
1106 2168 1210 2208 suerit,

471 2233 501 2260 ct
525 2227 647 2271 quoties
671 2235 730 2270 pro
756 2229 846 2268 parte
871 2224 1029 2257 dictorum
1054 2222 1211 2266 archipre-

472 2280 588 2325 sbyteri
616 2290 651 2312 ac
680 2278 807 2322 capituli
836 2282 866 2310 et
893 2277 1119 2310 canonicorum
1147 2276 1210 2308 fuc-

473 2335 536 2367 rint
559 2332 712 2377 requisiti,
738 2331 920 2365 solemniter
944 2330 1156 2374 publicantes,
1174 2329 1210 2361 il-

473 2388 572 2431 lisque
597 2388 629 2420 in
652 2385 834 2430 praemissis
864 2384 998 2418 efficacis
1022 2383 1211 2416 defensionis

474 2440 630 2484 pracsidio
658 2439 859 2479 assistentes,
884 2438 997 2471 saciant
1027 2437 1211 2470 auctoritate

474 2496 582 2527 nostra
607 2493 733 2526 eosdem
757 2492 1066 2536 areliiprcsbyterum
1096 2501 1131 2524 ac
1160 2501 1211 2524 ea-

478 2547 610 2590 pitu'tum
632 2550 661 2580 ct
685 2545 852 2579 canonicos
874 2545 1122 2589 praemissorum
1149 2555 1213 2577 om-

476 2601 562 2632 nium
587 2605 617 2632 et
641 2600 836 2642 singulorum
862 2599 974 2632 effectu
1001 2599 1131 2643 pacifice
1151 2598 1212 2631 frui

513 2663 524 2689 1
541 2661 613 2690 Edit.
627 2661 706 2691 Main.
721 2662 804 2690 habet
819 2662 958 2698 eriyenda
973 2662 1012 2697 (n.
1028 2661 1077 2696 T.).

1026 250 1205 275 BULLAIUUM
1228 250 1383 274 ROMANUM

1225 302 1254 330 et
1274 297 1426 340 gaudere3
1442 307 1505 331 non
1522 296 1740 341 permittentes
1756 307 1810 331 eos
1826 297 1962 342 desuper

1225 362 1241 384 a
1266 362 1435 395 quoquam,
1453 350 1562 395 quavis
1585 350 1779 392 auctoritate,
1793 351 1964 394 quomodo-

1227 405 1301 437 libet
1333 404 1468 436 indebite
1504 403 1685 444 molestari,
1719 403 1964 437 contradictores

1227 457 1382 501 quoslibet
1406 460 1436 490 ct
1460 456 1595 489 rebelles
1619 466 1676 499 per
1701 456 1880 496 sententias,
1898 467 1966 489 cen-

1228 522 1316 544 suras
1336 515 1365 543 et
1385 520 1502 554 poenas
1518 509 1754 550 ecclesiasticas,
1771 509 1894 552 aliaque
1911 520 1966 553 op-

1230 570 1364 609 portuna
1389 564 1466 597 iuris
1491 568 1521 596 ct
1544 563 1615 596 sacti
1645 563 1803 605 remedia,
1829 563 1966 606 appella-

1229 619 1313 651 tione
1342 617 1526 662 postposita,
1552 616 1799 659 compescendo,
1824 615 1967 649 invocato

1229 672 1322 704 etiam
1346 671 1385 704 ad
1409 671 1479 711 hoc,
1495 671 1521 703 si
1539 680 1617 714 opus
1636 669 1742 710 suerit,
1762 668 1879 702 auxilio
1901 668 1968 701 bra-

1230 725 1291 759 cliii
1317 724 1477 757 secularis.

1274 776 1349 820 5‘18.
1360 778 1428 811 Non
1438 776 1634 812 obstantibus
1645 774 1838 819 praemissis,
1847 784 1969 807 necnon

1230 831 1415 864 recolendae
1432 829 1611 863 memoriae
1628 828 1817 874 Symmachi,
1828 828 1915 860 Pauli
1932 828 1968 868 ΙΙ,

1231 883 1316 916 Pauli
1341 883 1395 925 lv,
1419 882 1464 915 Pii
1490 883 1511 915 V
1544 887 1573 915 et
1597 882 1730 915 aliorum
1754 882 1969 915 Romanorum

1232 936 1428 976 Pontificum,
1446 935 1539 969 etiarn
1556 935 1834 979 praedecessorum
1851 940 1971 968 nostro-

1232 1000 1313 1032 rum,
1332 989 1369 1021 de
1390 988 1484 1022 rebus
1501 987 1658 1021 Ecclesiae
1676 991 1705 1020 et
1724 997 1867 1020 camerae
1884 997 1972 1030 prae-

1232 1043 1332 1076 dictae
1356 1052 1420 1075 non
1445 1041 1626 1082 alienandis,
1644 1051 1689 1083 ac,
1715 1045 1869 1084 quatenus
1893 1050 1973 1083 opus

1234 1097 1323 1137 soret,
1340 1096 1451 1139 regula
1475 1097 1582 1128 nostra
1598 1094 1637 1127 de
1660 1095 1730 1127 iure
1753 1093 1895 1137 quaesito
1910 1103 1974 1126 non

1234 1149 1388 1192 tollendo,
1414 1149 1545 1192 aliisque
1564 1147 1725 1192 quibusvis
1750 1146 1975 1180 constitutioni-

1235 1204 1292 1238 bus
1318 1208 1347 1238 ct
1370 1202 1621 1236 ordinationibus
1645 1201 1836 1246 apostolicis,
1852 1210 1975 1234 necnon

1235 1257 1375 1290 eiusdem
1397 1266 1541 1289 camerae
1561 1261 1591 1289 et
1617 1255 1717 1288 almae
1741 1255 1834 1288 Urbis
1857 1254 1976 1298 praefa-

1236 1317 1293 1354 tae,
1317 1316 1347 1344 et
1366 1311 1435 1343 aliis
1452 1310 1705 1354 quibuscumque
1723 1307 1844 1342 statutis
1860 1312 1891 1340 et
1907 1317 1977 1341 con-

1236 1364 1465 1404 suctudinibus,
1481 1363 1576 1396 etiam
1600 1362 1787 1403 iuramento,
1812 1361 1977 1395 confirma-

1237 1418 1321 1451 tione
1345 1417 1524 1461 apostolica,
1545 1416 1593 1449 vel
1618 1415 1727 1459 quavis
1746 1415 1894 1448 firmitate
1917 1415 1978 1447 alia

1238 1472 1405 1511 roboratis,
1431 1469 1606 1514 privilegiis
1630 1479 1765 1513 quoque,
1790 1468 1917 1501 indultis
1948 1473 1978 1501 et

1238 1525 1350 1558 litteris
1368 1523 1557 1568 apostolicis,
1571 1523 1671 1556 dictae
1685 1521 1771 1563 Urbi,
1788 1522 1904 1566 populo
1921 1522 1979 1555 Ro-

1240 1589 1342 1619 mano,
1361 1582 1391 1610 et
1405 1576 1566 1621 quibusvis
1587 1576 1655 1609 aliis
1670 1575 1823 1620 personis,
1840 1575 1898 1608 sub
1915 1575 1980 1618 qui-

1239 1633 1435 1675 buscumque
1458 1630 1622 1664 tenoribus
1647 1633 1676 1664 et
1704 1629 1824 1670 formis,
1848 1639 1884 1662 ac
1907 1639 1979 1661 cum

1240 1685 1412 1729 quibusvis,
1434 1684 1527 1717 etiam
1552 1682 1825 1726 derogatoriarum
1851 1681 1980 1724 deroga—

1241 1739 1351 1779 toriis,
1375 1738 1506 1782 aliisque
1531 1736 1761 1770 efficacioribus
1791 1740 1821 1768 et
1846 1735 1979 1768 insolitis

1241 1793 1398 1833 clausulis,
1418 1802 1453 1825 ac
1477 1791 1673 1824 irritantibus
1696 1794 1726 1824 et
1750 1789 1817 1823 aliis
1835 1789 1979 1831 decretis,

1242 1847 1273 1878 in
1298 1846 1491 1880 contrarium
1512 1844 1760 1889 praemissorum
1789 1842 1983 1886 quomodoli-

1241 1900 1294 1932 bet
1324 1898 1480 1932 concessis
1497 1925 1505 1939 ,
1530 1897 1723 1931 confirmatis
1754 1901 1784 1929 et
1807 1895 1982 1936 innovatis,

1243 1963 1364 1986 necnon
1380 1951 1510 1996 reliquis
1527 1951 1684 1991 omnibus,
1702 1960 1782 1993 quae
1798 1949 1829 1982 in
1846 1949 1983 1982 secundo

1243 2006 1445 2052 praeinsertis
1476 2005 1553 2039 Sixti
1583 2003 1836 2049 praedecessoris
1872 2002 1983 2036 litteris

1244 2071 1393 2094 concessa
1417 2064 1490 2093 sunt
1512 2069 1575 2092 non
1600 2059 1734 2092 obstare.
1751 2057 1868 2096 Quibus
1887 2056 1985 2090 omni-

1245 2115 1313 2157 bus,
1333 2114 1454 2148 etiamsi
1478 2123 1537 2157 pro
1564 2113 1690 2145 illorum
1711 2110 1876 2144 sufficienti
1896 2110 1986 2143 dero-

1245 2168 1369 2211 gatione
1389 2167 1427 2200 de
1451 2167 1521 2208 illis,
1536 2164 1796 2209 eorumquetotis
1820 2163 1985 2196 tenoribus

1246 2221 1409 2265 specialis,
1442 2220 1606 2264 specifica,
1637 2228 1785 2262 expressa
1814 2222 1844 2250 et
1867 2216 1986 2249 indivi-

1245 2274 1316 2316 dua,
1335 2284 1370 2306 ac
1387 2273 1424 2306 dc
1448 2273 1544 2306 verbo
1569 2271 1607 2305 ad
1632 2271 1773 2312 verbum,
1799 2280 1862 2303 non
1881 2274 1986 2302 autem

1245 2339 1302 2372 per
1319 2327 1472 2361 clausulas
1489 2326 1651 2370 generales
1669 2325 1752 2358 idem
1769 2324 1985 2368 importantes,

1245 2382 1362 2415 mentio
1383 2391 1437 2414 seu
1457 2379 1584 2424 quaevis
1608 2379 1668 2411 alia
1692 2377 1852 2422 expressio
1873 2376 1988 2410 liaben-

1245 2436 1284 2468 da
1308 2441 1360 2468 aut
1384 2435 1486 2479 aliqua
1502 2434 1561 2467 alia
1581 2432 1734 2476 exquisita
1748 2432 1849 2465 forma
1865 2430 1903 2463 ad
1926 2431 1987 2464 hoc

1246 2488 1399 2522 servanda
1425 2488 1515 2529 soret,
1547 2487 1674 2520 illorum
1699 2489 1823 2520 tenores
1842 2493 1989 2529 praesen-

1247 2543 1329 2576 tibus
1360 2553 1418 2587 pro
1447 2542 1539 2586 plene
1564 2546 1593 2574 et
1618 2539 1810 2573 sufficienter
1834 2537 1988 2582 expressis

1246 2597 1413 2639 habentes,
1439 2595 1499 2628 illis
1533 2595 1607 2627 alias
1632 2594 1664 2627 in
1688 2603 1744 2626 suo
1768 2591 1884 2626 robore
1915 2600 1988 2634 per-

1248 2649 1424 2693 mansuris,
1449 2649 1508 2683 hac
1532 2648 1598 2682 vice
1622 2647 1783 2682 dumtaxat
1812 2643 1987 2690 specialiter

1974 249 2024 278 An.
2040 249 2069 278 C.
2091 249 2160 278 ¹628

2052 788 2167 810 Contrariis

1984 816 2080 842 derogat.
