2269 3235
276 214 323 239 Λιι.
343 215 369 240 u.
396 215 460 241 ¹5:³8
506 207 570 239 nat

299 914 415 933 l'rulubutio
430 920 454 934 ne

273 940 345 960 {ratres
362 941 454 960 (lati-van

278 973 332 986 intus
370 968 454 987 ordint>

271 993 276 1012 t
279 1000 367 1012 ιιιιιιιιιιιι
371 994 454 1013 nitran-
481 1010 484 1015 ,
844 1007 848 1011 .
1133 1001 1135 1003 -

275 1026 277 1028 -
340 1026 354 1032 v
406 1026 454 1040 m·
471 1010 581 1040 tratres
607 1008 801 1040 Reform-atos
826 1017 879 1048 sic,
900 1011 933 1039 ut
958 1006 1146 1050 praefertur,
1172 1006 1210 1038 de

295 2190 407 2211 Decretum
424 2191 450 2211 ir-

340 2562 452 2587 peragant]

270 2590 421 2609 contrariorum

473 274 567 307 super
592 248 651 297 buer
677 265 838 297 humiliter
870 262 1023 306 porrectis
1057 263 1211 303 inclinati,

472 318 555 360 quod
581 318 618 350 de
643 323 747 349 cetero
772 316 932 360 perpetuis
957 316 1070 348 futuris
1096 321 1213 359 tempo-

473 371 560 403 ribus
596 371 671 402 nulli
705 372 836 402 fratrum
870 370 1122 402 lteformatorum
1155 369 1212 401 liu-

475 423 606 456 iusmodi
636 424 755 465 absque
781 421 907 465 speciali
941 424 1048 455 nostra
1071 427 1101 454 et
1125 422 1212 455 Sedis

474 476 668 521 Apostolirae
694 475 817 507 lieentia
851 475 889 507 ad
918 476 1030 508 fratres
1054 475 1212 508 Calccatos

473 529 660 574 praedictos,
684 528 794 571 quovis
818 533 991 571 praetextu,
1010 533 1062 560 aut
1080 539 1115 561 ex
1136 540 1211 572 qua-

474 583 517 614 vis
542 581 740 625 quantumvis
770 582 872 621 iusta,
898 582 1039 624 legitima
1063 587 1092 614 et
1115 582 1212 626 privi-

472 636 584 678 legiata
610 637 713 675 eausa,
732 635 790 667 sul)
816 635 988 678 apostasiae
1014 640 1044 667 et
1068 635 1211 668 infamiae

472 693 644 731 perpetuae
669 689 753 728 nota,
772 698 894 720 necnon
919 688 1213 721 excommunicatio-

471 741 518 774 nis
551 752 585 774 ac
618 740 802 784 privationis
828 741 912 774 voeis
947 741 1063 774 activae
1088 746 1117 773 et,
1141 752 1211 784 pas-

471 796 553 828 sivae
579 795 708 839 poenis,
734 796 800 839 ipso
825 796 906 828 facto
934 795 1051 838 absque
1076 795 1138 827 ulla
1163 795 1212 827 de-

471 839 641 882 claratione
667 848 874 887 incurrendis,
901 848 1051 887 transire;

515 902 529 945 g
553 901 582 934 3
608 901 771 944 Minusque
793 900 941 933 fratribus
955 900 1104 933 Calceatis
1124 910 1212 943 prae-

471 955 578 996 dietis,
612 955 801 997 illorumque
826 953 1058 996 superioribus,
1084 953 1209 985 eosdem

470 1063 549 1094 facto
575 1066 781 1100 transeuntes,
807 1060 927 1093 etiamsi
953 1070 1065 1093 noram
1090 1060 1210 1103 profes-

470 1115 588 1147 sionem
614 1114 791 1155 regularem
817 1113 1001 1155 emiserint,
1031 1112 1088 1145 sub
1112 1113 1212 1156 prita-

470 1168 563 1200 tionis
595 1178 723 1199 suorum
760 1166 935 1200 officiorum
970 1177 1006 1199 ac
1034 1176 1211 1199 exeommu-

469 1221 633 1254 nicationis
670 1220 779 1264 poenis
816 1220 996 1252 huiusmodi
1033 1220 1148 1260 etiam,
1178 1226 1211 1252 ut

469 1275 654 1318 praefertur,
683 1273 897 1314 incurrendis,
919 1273 1061 1317 recipere
1089 1274 1136 1305 vel
1164 1284 1211 1306 re-

471 1329 568 1361 tinere
593 1329 657 1361 ullo
683 1327 776 1360 modo
802 1328 910 1366 lieeat3
938 1327 991 1359 sed
1016 1327 1128 1360 fratres
1152 1328 1210 1360 Re-

469 1382 593 1415 formati
619 1381 781 1426 praedicti,
800 1381 853 1425 qui
875 1392 963 1414 secus
977 1381 1116 1423 fecerint,
1138 1392 1209 1414 eum

469 1436 608 1480 primum
627 1435 762 1478 desuper
780 1434 889 1467 moniti
908 1434 1033 1475 fuerint,
1047 1435 1131 1467 nulla
1148 1444 1211 1466 mo-

468 1491 504 1522 ra
523 1495 575 1521 aut
600 1489 798 1522 ex‹·usatione
819 1489 866 1521 rel
887 1489 1095 1532 appellatione
1116 1489 1209 1521 etiam

468 1543 506 1576 ad
530 1553 587 1575 nos
615 1553 669 1575 seu
694 1542 806 1574 Sedem
829 1542 1041 1585 Apostolicam
1072 1542 1209 1585 interpo-

468 1596 543 1636 sitis,
568 1595 605 1628 ad
630 1606 716 1627 suam
743 1595 906 1638 propriam
932 1595 1208 1637 congregationem

468 1649 581 1690 redire,
599 1655 626 1682 et
647 1660 780 1681 suorum
798 1648 997 1692 superiorum
1022 1649 1207 1681 correctioni

468 1713 500 1735 se
526 1703 730 1742 submittere3
756 1703 868 1734 fratres
892 1713 967 1735 vero
991 1701 1123 1735 Calceati
1154 1713 1209 1735 seu

468 1756 594 1789 illorum
620 1756 800 1799 superiores
832 1755 1013 1788 huiusmodi
1042 1755 1127 1799 ipsos
1151 1756 1210 1788 fra-

470 1814 531 1842 tres
555 1809 751 1842 Reformatos
776 1809 813 1841 de
838 1809 919 1841 sacto
944 1812 1151 1849 transeuntes,
1176 1815 1207 1842 ut

467 1863 652 1906 praefertur,
675 1863 817 1905 ipsorum
842 1863 1096 1895 Reformatorum
1121 1873 1209 1906 snpe-

467 1915 622 1956 rioribus,
653 1926 707 1947 seu
731 1915 769 1947 ab
796 1915 839 1947 eis
864 1915 1069 1958 deputandis,
1104 1915 1207 1949 statim

466 1969 582 2012 absque
606 1969 718 2001 iudicis
743 1968 917 2001 ministerIO
943 1968 1064 2001 tradere
1090 1972 1118 2002 et
1139 1979 1209 2002 con-

466 2022 591 2065 signare
615 2022 748 2055 debeant
773 2027 803 2054 et
828 2027 1009 2064 teneantur,
1037 2022 1207 2065 apostolica

466 2076 658 2118 auctoritate,
684 2080 793 2109 tenore
817 2075 1047 2119 praesentium,
1073 2075 1209 2109 declara-

467 2140 545 2162 mus.

511 2184 524 2226 ξ
548 2182 578 2215 4.
603 2183 812 2216 Deeernentes
830 2182 884 2223 sie,
902 2187 932 2215 et
952 2192 1014 2216 non
1034 2183 1134 2225 aliter,
1152 2193 1208 2226 per

466 2246 682 2279 quoscumque
714 2235 831 2268 iudices
863 2235 1039 2268 ordinarios
1064 2241 1094 2268 et
1118 2236 1204 2268 dele-

466 2295 576 2331 gatos,
602 2289 694 2321 etiam
720 2299 886 2321 causarum
917 2289 1023 2332 palatii
1044 2289 1207 2333 apostolici

467 2342 637 2382 auditores,
662 2341 793 2374 iudicari
818 2347 847 2374 et
871 2342 995 2374 definiri
1019 2342 1144 2385 debere,
1172 2353 1208 2375 ac

468 2395 593 2427 irritum
611 2401 639 2428 et
658 2395 758 2436 inane,
772 2395 797 2428 si
819 2406 908 2428 secus
925 2406 1020 2440 super
1037 2396 1085 2428 his
1102 2406 1119 2428 a
1134 2407 1209 2441 quo-

468 2458 570 2488 quam,
585 2448 691 2491 quavis
708 2449 903 2489 auctoritate,
917 2449 1052 2482 scienter
1062 2449 1108 2482 vel
1122 2449 1209 2492 igno-

468 2507 581 2541 ranter,
607 2502 772 2545 contigerit
792 2503 945 2536 attentari.

512 2556 525 2597 ,ἓ-
544 2555 572 2587 ἶ).
590 2556 657 2588 Non
673 2556 868 2589 obstantibus
887 2556 1161 2590 constitutionibus
1177 2561 1207 2589 et

469 2608 715 2642 ordinationibus
750 2609 950 2654 apostolicis,
980 2615 1027 2653 et,
1052 2615 1206 2655 quatenus

1058 216 1235 239 {intimatum
1261 215 1413 239 ROMANUM

1998 217 2047 244 An.
2064 216 2092 245 C.
2115 217 2182 246 1628

1245 273 1325 306 opus
1351 262 1399 302 sit,
1425 261 1549 296 Ordinis
1574 262 1752 296 huiusmodi
1774 264 1879 307 (etiam
1905 265 1985 297 iura-

1246 320 1360 357 mento,
1387 315 1624 348 confirmatione
1648 316 1831 359 apostolica,
1848 317 1895 350 vel
1912 329 1985 362 qna-

1246 369 1290 402 ris
1322 369 1470 402 firmitate
1507 368 1566 401 alia
1600 368 1769 413 roboratis)
1799 370 1919 404 statutis
1955 376 1985 404 et

1246 422 1543 462 consuetudinibus,
1568 421 1742 465 privilegiis
1774 433 1917 466 quoque,
1938 423 1985 455 in-

1246 475 1340 507 dultis
1364 478 1394 508 et
1417 474 1528 508 litteris
1545 474 1725 517 apostolicis
1743 474 1773 506 in
1791 475 1983 508 eontrarium

1246 526 1492 571 praemissorum
1528 526 1765 570 quomodolibet
1805 527 1962 560 concessis
1977 554 1984 568 ,

1246 581 1438 614 confirmatis
1461 586 1492 614 et
1515 579 1679 613 innovatis.
1696 580 1815 619 Quibus
1839 581 1985 613 omnibus

1245 640 1275 667 et
1299 634 1439 677 singulis,
1456 644 1566 666 corum
1592 633 1733 666 omnium
1758 638 1882 666 tenores
1898 644 1986 677 prae-

1245 688 1386 720 sentibus
1406 698 1464 731 pro
1481 688 1573 731 plene
1598 692 1628 719 et
1652 687 1843 721 sufficienter
1860 698 1986 731 expres-

1245 741 1287 773 sis
1311 741 1470 782 habentes,
1488 741 1549 773 illis
1566 741 1641 773 alias
1661 741 1692 773 in
1713 751 1769 774 suo
1786 741 1902 774 robore
1918 751 1986 784 per-

1246 794 1412 835 mansuris,
1437 794 1495 826 hac
1520 793 1587 827 vice
1612 794 1781 836 dumtaxat,
1808 794 1985 838 specialiter

1245 853 1274 879 et
1298 857 1444 890 expresse
1468 847 1678 889 derogamus,
1707 847 1882 891 ceterisque
1911 858 1985 881 con-

1245 899 1348 932 trariis
1373 899 1634 942 quibuscumque.

1289 952 1303 995 ἓ
1328 952 1357 984 6.
1384 952 1533 985 Volumus
1558 957 1671 992 autem,
1698 952 1782 995 quod
1805 957 1985 996 praesentes

1245 1005 1386 1046 litterae,
1417 1009 1583 1048 postquam
1608 1004 1639 1036 in
1663 1004 1746 1037 alma
1771 1005 1854 1038 Urbe
1878 1008 1985 1039 nostra

1244 1058 1431 1101 publicatae,
1448 1069 1484 1091 ac
1500 1059 1634 1091 fratrum
1651 1063 1714 1090 tam
1731 1058 1985 1092 Reformatorum

1245 1123 1339 1155 quam
1364 1113 1578 1146 Calceatorum
1599 1112 1780 1145 huiusmodi
1804 1118 1986 1156 procurato-

1245 1166 1331 1198 ribus
1345 1165 1505 1199 intimatae
1523 1166 1648 1206 fuerint,
1662 1175 1771 1199 omnes
1788 1171 1818 1198 et
1834 1166 1983 1209 singulos,

1244 1230 1323 1263 ques
1353 1219 1423 1252 illae
1456 1224 1650 1252 concernunt
1680 1224 1710 1251 et
1739 1225 1930 1253 concernent
1953 1220 1984 1253 in

1245 1274 1395 1315 futurum,
1421 1273 1553 1317 perinde
1577 1278 1699 1306 arctent
1722 1278 1752 1306 et
1776 1273 1922 1315 afficiant,
1948 1285 1984 1308 ac

1245 1326 1270 1359 si
1294 1326 1463 1370 unicuique
1493 1326 1701 1370 personaliter
1725 1326 1885 1360 intimatae
1909 1327 1985 1360 fuis-

1244 1385 1327 1419 sent;

1288 1434 1302 1476 g
1321 1434 1348 1466 7.
1367 1433 1517 1476 Quodque
1534 1433 1747 1477 praesentium
1766 1434 1981 1478 transumptis,

1243 1486 1336 1518 etiam
1368 1486 1551 1530 impressis,
1584 1496 1680 1519 manu
1710 1487 1843 1520 alicuius
1867 1487 1982 1520 notarii

1244 1539 1360 1582 publici
1385 1539 1580 1583 subscriptis,
1598 1545 1628 1572 et
1644 1539 1747 1583 sigillo
1765 1539 1895 1573 alicuius
1913 1550 1983 1583 per-

1243 1603 1337 1626 sonae
1354 1593 1385 1625 in
1399 1593 1548 1635 dignitate
1565 1593 1777 1626 ecclesiastica
1795 1593 1983 1627 constitutae

1243 1645 1380 1686 munitis,
1399 1646 1507 1678 eadem
1521 1656 1651 1689 prorsus
1667 1646 1744 1679 fides
1760 1647 1877 1690 ubique
1897 1646 1983 1679 adbi-

1242 1701 1362 1741 beatur,
1382 1711 1462 1744 quae
1482 1700 1600 1733 eisdem
1619 1701 1838 1744 praesentibus
1855 1700 1983 1734 adbibe-

1241 1758 1337 1795 retur,
1363 1753 1387 1785 si
1412 1754 1514 1786 forent
1538 1753 1694 1786 exhibitae
1718 1754 1766 1786 vel
1791 1759 1945 1786 ostensae.

1285 1807 1396 1839 Datum
1421 1807 1548 1847 Romae,
1562 1806 1645 1850 apud
1665 1807 1694 1839 S.
1713 1807 1850 1847 Petrum,
1865 1806 1922 1839 sub
1933 1817 1984 1839 an-

1240 1860 1315 1893 nulo
1333 1860 1511 1900 Piscatoris‚
1525 1860 1575 1892 die
1596 1870 1649 1893 xix
1662 1860 1795 1893 ianuarii
1805 1869 1982 1901 Mnuxxvm,

1240 1913 1441 1957 pontificatus
1458 1913 1557 1946 nostri
1581 1923 1662 1946 anno
1676 1923 1706 1946 v.

1276 1975 1334 2003 Dat.
1353 1975 1394 2003 die
1412 1975 1444 2003 19
1459 1974 1573 2003 ianuarii
1594 1974 1672 2009 1628,
1694 1975 1790 2010 pontif.
1808 1983 1877 2003 anno
1892 1982 1919 2003 v.

2045 966 2184 990 animationis

2000 994 2094 1016 effectus.

2033 1447 2183 1474 'transumpto-

1998 1479 2043 1494 rum
2058 1473 2116 1494 tides.

1523 2100 1693 2133 CCLXXVI.

1240 2172 1372 2206 Statura
1396 2171 1560 2205 nonnulla
1577 2182 1637 2215 pro
1662 2172 1891 2215 reformatione
1914 2183 1979 2205 mo-

1284 2225 1465 2258 nachorum
1499 2224 1634 2258 Ordinis
1668 2226 1774 2258 sancti
1812 2225 1981 2259 Benedicti

1286 2279 1552 2323 Conyregyati'onis
1576 2279 1681 2312 sancti
1704 2279 1815 2312 Mauri
1828 2278 1846 2312 ¹.

1449 2350 1584 2377 Urbanus
1600 2350 1769 2384 episcopus,

1427 2402 1532 2422 servus
1553 2402 1705 2423 servorum
1725 2395 1792 2428 Dei,

1361 2439 1397 2466 ad
1416 2443 1593 2474 perpetuam
1612 2440 1656 2467 rei
1676 2440 1858 2468 memoriam.

1285 2502 1319 2535 In
1343 2502 1590 2546 supereminenti
1614 2502 1805 2546 apostolicae
1822 2503 1980 2546 dignitatis
2023 2509 2143 2531 Exordium·

1241 2556 1376 2601 specula,
1406 2556 1527 2588 meritis
1553 2555 1625 2588 licet
1653 2556 1826 2600 imparibus
1839 2583 1847 2599 ,
1875 2556 1980 2590 divina

1276 2621 1288 2646 1
1305 2618 1344 2646 Ex
1358 2617 1465 2654 Regest.
1481 2617 1509 2645 in
1523 2617 1625 2646 secret.
1641 2617 1719 2646 Brev.
