2269 3235
135 235 185 263 An.
206 234 234 262 C.
252 233 321 263 1625

952 233 1093 258 URBANUS
1118 233 1174 258 VIII
1198 234 1246 258 1²1³.

335 281 390 315 tuti
415 280 661 322 custodirentur,
684 281 734 315 SS.
752 281 785 314 D.
807 281 841 315 N.
860 281 1072 324 insi·.¹iseriptas
1106 282 1192 314 dium
1217 281 1375 321 atthratur,
1392 283 1427 311 ut
1446 287 1540 322 penes
1565 286 1643 321 quos
1669 276 1846 320 praedictae

334 333 547 368 ordinationes
571 335 749 377 declaravit,
774 346 809 368 ae
844 335 982 367 decrerit
1006 346 1073 367 esse
1107 340 1211 367 extent
1243 336 1368 375 clares,
1403 332 1490 365 facile
1527 330 1673 365 omnibus
1704 335 1846 362 constare

334 388 496 431 perpetuis
516 387 629 421 suturis
643 388 838 431 temporibus
851 387 1074 420 inviolabiliter
1107 389 1213 431 possit.

333 440 554 483 observandas,
579 441 729 474 nimirum
753 445 807 473 ut:

377 494 568 527 Conficiatur
592 493 672 527 liber
692 498 844 537 perpetuo
868 492 1074 526 asservandus

335 547 366 579 in
389 547 530 580 archivio
554 546 634 579 sacri
660 546 803 589 collegii,
829 546 860 578 in
884 556 946 589 quo
972 556 1074 578 seere-

335 599 431 633 tarius
455 599 550 632 sidem
575 599 666 632 saciat
689 599 727 631 de
752 599 989 641 consignatione
1014 599 1074 631 ela-

334 652 419 684 vium
438 663 496 696 pro
520 656 665 695 tempore
690 652 768 684 saeta
789 651 921 694 singulis
938 651 1076 684 cardina-

334 705 426 746 libus,
450 705 580 748 aliisque
609 705 657 737 ius
681 704 719 737 ad
743 703 799 737 ea¹
825 704 1020 746 habentibus,
1046 709 1075 737 et

334 759 449 792 horum
472 758 688 802 unusquisque
706 768 722 790 a
739 769 772 791 se
797 758 1010 802 conscriptum
1030 758 1076 790 iu—

334 816 512 845 ramentum
537 822 644 844 coram
671 812 841 845 secretario
873 812 1015 852 emittat,
1044 822 1074 844 se

335 864 520 905 subscribat,
541 875 695 908 suumque
721 865 846 908 signum
871 870 1007 908 apponat
1025 876 1030 896 :

379 918 568 959 Cardinales,
596 918 763 951 transitum
788 918 899 951 facturi
924 918 962 950 ad
987 918 1076 951 altio-

334 982 401 1005 rem
426 972 589 1013 ordinem,
613 972 795 1016 promoveri
827 976 879 1006 aut
914 976 1022 1016 optare
1046 972 1077 1004 in

335 1025 523 1059 consistorio
539 1035 603 1059 non
619 1025 750 1069 possint,
767 1025 827 1058 nisi
847 1025 935 1069 prius
953 1025 990 1058 de
1008 1036 1078 1058 sua-

335 1089 407 1111 rum
420 1078 553 1112 clavium
567 1079 803 1121 consignatione
816 1079 984 1111 secretario
998 1080 1078 1112 sacta

336 1132 530 1174 constiterit,
559 1133 612 1176 qui
644 1132 885 1165 succedentibus
912 1133 1077 1176 episeopis,

334 1186 526 1230 presbyteris
559 1191 589 1218 et
625 1185 757 1219 diaeono
789 1185 951 1230 praedicto
983 1186 1078 1219 modo

336 1239 453 1272 tradet:

380 1293 414 1326 In
439 1303 513 1326 casu
536 1292 695 1326 absentiae
720 1302 737 1325 a
761 1292 860 1333 curia,
888 1303 968 1336 quae
992 1283 1079 1326 exee-

336 1346 389 1379 dat
413 1346 622 1390 quadraginta
646 1346 803 1386 milliaria,
821 1346 996 1380 cardinales
1025 1357 1078 1379 an-

336 1405 463 1444 tequam
487 1400 525 1432 ab
547 1400 631 1433 Urbe
647 1400 817 1440 discedant,
835 1404 965 1434 evocent
981 1411 1080 1433 seere-

336 1453 462 1494 tarium,
479 1453 532 1496 qui
551 1453 653 1486 claves
671 1458 815 1496 acceptas
841 1453 943 1486 statim
960 1453 1077 1486 deserat

335 1506 404 1539 aliis
427 1506 460 1539 in
484 1505 594 1539 ordine
616 1506 872 1539 suceedentibus:

379 1560 522 1593 Deeanus
546 1569 688 1592 camerae
708 1559 898 1602 apostolieae
917 1559 1080 1602 consignet

336 1613 452 1647 elerico
472 1612 651 1646 succedenti
677 1623 783 1645 eoram
809 1612 931 1645 duobus
957 1612 1080 1645 clericis

335 1671 366 1700 et
389 1666 575 1700 secretario:

380 1719 608 1753 Thesaurarius
633 1724 696 1752 tam
721 1718 887 1762 generalis⁷
912 1729 1007 1762 quam
1032 1729 1080 1752 se-

336 1778 450 1816 cretus,
472 1772 574 1806 eidem
599 1772 779 1814 secretario,
796 1772 849 1816 qui
867 1776 1009 1806 teneatur
1033 1782 1081 1805 su-

335 1827 401 1861 bito
425 1827 457 1859 id
477 1827 558 1861 Suae
582 1826 743 1860 Sanctitati
765 1826 960 1869 significare:

381 1881 412 1914 Si
429 1881 589 1924 contingat
605 1880 709 1914 obitus
723 1880 950 1913 asservantium
969 1881 1079 1921 claves,

337 1934 421 1968 idem
445 1933 633 1968 secretarius
658 1933 750 1968 instet
766 1944 823 1977 pro
841 1933 1080 1977 recuperatione

337 1988 422 2033 apud
446 1988 614 2021 haeredes:
639 1993 678 2028 et,
696 1988 721 2020 si
743 1987 803 2020 sint
821 1987 852 2019 in
870 1988 971 2027 morsi,
990 1987 1081 2020 addat

336 2043 596 2087 protestationem
621 2052 694 2075 cum
726 2041 868 2074 censuris
899 2051 1005 2074 coram
1029 2051 1082 2074 no-

339 2096 418 2129 tario
442 2101 473 2129 et
496 2096 644 2128 testibus:

381 2149 560 2183 Praefectus
584 2148 678 2182 castri
703 2149 731 2182 S.
752 2148 872 2191 Augen,
890 2148 973 2181 ultra
996 2148 1080 2180 iura-

338 2208 480 2236 mentum
504 2202 634 2236 Summo
658 2202 801 2236 Pontifici
830 2202 983 2245 praestari
1008 2202 1081 2235 soli—

340 2261 406 2289 tum
425 2267 483 2300 pro
508 2256 593 2289 fideli
619 2256 700 2289 arcis
717 2256 868 2297 custodi-[17
889 2256 970 2288 iuret
988 2256 1080 2288 etiam

1152 442 1196 473 lta
1220 446 1275 473 est¹

1152 494 1310 528 oum-ms
1335 494 1503 537 episcopus
1524 491 1704 526 Portuensis
1725 495 1849 523 sanetae

1196 548 1354 579 Romanae
1379 546 1534 579 Ecclesiae
1566 544 1732 577 cardinalis
1763 544 1847 576 Bax-

1198 610 1299 633 DINUS.

1153 653 1297 686 CAROLUS
1323 652 1489 685 cardinalis
1514 652 1709 684 §liniturus

1153 707 1288 740 lom-*Es
1322 706 1479 738 luerim
1512 704 1678 737 cardinalis
1713 705 1850 743 Luxus,

1198 759 1278 792 sacri
1303 758 1426 801 collegii
1451 757 1652 790 camerarius.

1154 813 1334 846 Lrnovicrs
1351 811 1517 844 cardinalis
1536 811 1734 851 Lroovisus
1749 810 1778 842 S.
1796 810 1853 841 llo-

1198 876 1309 898 manae
1334 864 1492 898 Ecclesiae
1517 863 1802 896 vicecancellarius,

1154 920 1330 953 annmrs
1356 920 1384 952 S.
1403 919 1437 951 R.
1456 918 1489 950 E.
1510 917 1661 949 diaconus
1686 916 1852 949 cardinalis

1199 973 1237 1006 de
1261 972 1425 1006 Sabaudia.

1155 1027 1293 1060 Ioannes
1317 1026 1349 1058 Β.
1375 1026 1519 1065 Laeni-s,
1544 1023 1741 1058 secretarius.

1394 1176 1569 1211 CLXXXYI.

1114 1258 1326 1301 Confirmatio
1335 1262 1530 1291 statutorum
1543 1256 1856 1290 Barcleinoscusinm

1159 1312 1294 1346 Ordinis
1318 1312 1462 1354 fratrum
1487 1311 1654 1343 ‚asinorum
1680 1309 1718 1342 de
1736 1309 1853 1343 obser--

1156 1363 1271 1395 ὐαηὶἰά
1285 1373 1345 1406 pro
1362 1361 1611 1394 ultramontana?
1633 1360 1778 1404 familia,
1799 1371 1855 1393 no-

1156 1416 1286 1449 vissime
1311 1416 1464 1459 Seqobiac
1489 1414 1727 1457 recoqm'lorum
1745 1417 1773 1446 et
1798 1424 1855 1457 ap-

1156 1469 1373 1514 probatorum,
1401 1468 1574 1501 ‹Iunzmodo
1598 1468 1699 1500 sacris
1723 1467 1857 1500 canoni-

1160 1523 1227 1565 bns,
1254 1522 1396 1557 Concilio
1425 1521 1627 1561 Tridentino,
1656 1520 1857 1553 constitutio-

1161 1577 1218 1609 bus
1242 1575 1439 1619 apostolicis,
1462 1585 1498 1607 ac
1522 1574 1730 1617 reyularibus
1750 1572 1855 1616 ipsius

1161 1629 1295 1663 Ordinis
1320 1629 1482 1661 institutis
1502 1638 1568 1661 non
1591 1625 1831 1661 adversorum&

1318 1709 1454 1737 Urbanus
1475 1709 1556 1743 Papa
1574 1708 1652 1741 VIII,

1239 1754 1276 1781 ad
1295 1756 1472 1788 perpetuam
1491 1753 1535 1780 rei
1556 1752 1737 1780 memoriam.

1159 1825 1292 1859 iniuncti
1312 1825 1402 1859 nobis
1426 1824 1589 1868 apostolici
1614 1823 1753 1857 muneris
1778 1822 1858 1856 ratio

1115 1879 1261 1923 postulat,
1280 1884 1324 1920 ut,
1342 1878 1565 1921 religiosorum
1583 1877 1736 1911 Ordinum
1754 1877 1785 1909 in
1802 1877 1859 1909 Ec-

1116 1932 1209 1965 clesia
1233 1932 1287 1965 Dei
1317 1932 1518 1964 militantium
1553 1941 1707 1974 prospero
1743 1930 1858 1970 statui,

1116 1986 1261 2030 felicique
1285 1985 1451 2019 directioni
1477 1984 1685 2027 invigilantes,
1706 1984 1764 2025 his,
1779 1994 1859 2027 quae

1115 2045 1285 2084 propterea
1308 2038 1439 2083 provide
1468 2038 1548 2071 saeta
1571 2037 1668 2070 fuisse
1691 2037 1858 2078 dicuntur,

1115 2099 1150 2127 ut
1173 2094 1265 2126 firma
1288 2097 1441 2136 perpetuo
1466 2097 1496 2124 et
1520 2091 1637 2123 illibata
1668 2090 1858 2134 persistant,

1116 2148 1258 2190 libenter7
1276 2158 1347 2179 eum
1372 2157 1389 2179 a
1413 2145 1503 2179 nobis
1520 2145 1649 2189 petitur,
1667 2143 1859 2187 apostolicae

1116 2206 1241 2235 nostrae
1266 2199 1514 2233 confirmationis
1532 2198 1704 2231 munimine
1729 2197 1860 2230 robore-

1117 2254 1215 2297 musi
1236 2258 1331 2299 prout
1351 2253 1562 2297 conspicimus
1579 2252 1611 2284 in
1628 2251 1760 2285 Domino
1777 2251 1860 2284 salu-

340 2309 380 2342 de
403 2310 525 2344 aerario
549 2310 684 2343 fideliter
709 2310 913 2343 custodiendo
939 2309 971 2342 in
987 2310 1082 2342 mani-
1115 2309 1216 2342 briter
1235 2308 1393 2352 expedire.

341 2363 400 2396 bus
424 2363 564 2396 eiusdem
584 2364 634 2397 SS.
660 2364 693 2397 D.
719 2364 767 2396 vel
793 2364 821 2397 S.
840 2364 874 2396 Ii.
893 2364 925 2396 E.
948 2374 1083 2396 camera-

340 2416 391 2457 rii,
408 2416 493 2449 iuxta
516 2416 648 2449 formam
667 2417 782 2457 Bullae,
800 2416 889 2450 euius
914 2417 1083 2450 iuramenti

342 2470 374 2502 in
397 2470 479 2503 libro
504 2470 558 2503 siat
580 2471 716 2504 mentio:

386 2524 472 2558 Idem
489 2534 563 2558 vero
576 2524 656 2557 liber
669 2525 837 2568 quotannis
851 2524 880 2557 in
897 2525 1001 2569 prima
1015 2535 1084 2559 con-

1154 2372 1163 2397 1
1183 2370 1250 2397 Vide
1265 2369 1317 2396 alia
1332 2369 1443 2397 decreta
1464 2376 1546 2404 supra
1562 2375 1623 2403 pag.
1641 2367 1702 2395 303.
1720 2366 1861 2394 Adduntur

1118 2415 1198 2443 etiam
1213 2414 1398 2441 ordinationes
1413 2414 1498 2440 factae
1513 2413 1539 2439 in
1556 2412 1765 2447 congregatione
1780 2419 1862 2445 gene-

1118 2461 1166 2487 rali
1182 2460 1303 2487 eiusdem
1315 2459 1420 2486 Ordinis
1436 2467 1479 2485 an.
1492 2464 1638 2490 mocxxx'ui,
1651 2461 1676 2483 et
1691 2456 1801 2484 decreta
1816 2465 1860 2483 sa-

1119 2513 1180 2532 crae
1194 2503 1415 2539 Congregationis
1426 2510 1441 2529 a
1452 2502 1499 2534 ,SS.
1513 2502 1541 2528 D.
1560 2501 1591 2528 N.
1607 2501 1780 2536 praepositae
1796 2508 1861 2527 con-

1119 2549 1309 2578 sultationibus
1329 2556 1379 2583 pro
1400 2547 1567 2574 cismontaua
1585 2546 1688 2574 familia
1704 2546 1861 2573 eorumdem

342 2577 526 2622 gregatione
557 2578 697 2621 generali
721 2589 738 2611 a
762 2579 931 2612 secretario
962 2579 993 2611 in
1024 2590 1085 2613 me-
1120 2596 1232 2623 fratrum
1247 2596 1286 2629 (R⁸
1303 2594 1352 2627 T‚)‚

378 2642 389 2668 1
408 2639 549 2667 videretur
564 2639 708 2675 legendum
723 2640 760 2667 ad
775 2648 821 2668 eas
837 2640 876 2676 (u.
893 2640 941 2675 T.).

428 2695 506 2722 Ball.
527 2695 603 2722 Rom.
624 2710 658 2713 —
681 2695 740 2721 Vol.
757 2694 836 2722 XIII.
964 2694 997 2721 5⁶2

1154 2640 1170 2668 Ε.)
1181 2638 1301 2675 Syntaxis
1311 2637 1428 2674 postulat
1438 2637 1589 2666 munimen
1598 2637 1776 2666 adiiciamus
1784 2636 1859 2672 (uxr).

1747 219 1810 252 409
1857 228 1909 255 An.
1927 228 1957 256 C.
1977 228 2045 256 1625

1901 1831 2040 1851 Prooemium.
