2269 3235
240 287 289 314 an.
305 286 330 314 a.
356 285 423 313 1623
469 276 512 309 94

262 771 373 792 clausulae
384 776 422 796 pro

240 798 313 818 harum
344 799 423 818 littera-

240 830 285 845 rum
301 824 407 845 firmitate.

437 338 578 367 tutorum
606 343 660 366 seu
686 332 971 365 stabiliiueutorum
1002 330 1176 374 praedicto-

437 397 519 427 rum,
535 397 608 420 usus
628 391 658 419 et
675 386 838 420 utilitatem
857 389 1051 425 convertere,
1069 384 1174 427 magni

437 440 598 483 magisteri
616 439 779 483 hospitalis
796 438 988 479 huiusmodi,
1006 448 1042 471 ac
1059 438 1176 481 prioris

438 493 647 534 Venetiarum,
662 503 717 525 seu
736 491 865 525 alterius
890 492 1058 536 prioratuS,
1076 501 1094 523 a
1114 502 1176 534 quo

437 546 653 589 praeceptoria
688 555 743 578 seu
775 544 964 579 commenda
995 543 1175 577 huiusmodi

437 598 541 630 forsan
564 598 728 642 dependet,
753 609 789 631 ac
820 597 1000 631 Dioecesani
1026 597 1103 638 loci,
1130 596 1176 630 vel

437 651 573 683 cuiusvis
598 651 726 685 alterius
750 650 877 685 licentia
896 651 1031 694 desuper
1049 650 1177 683 minime

438 705 599 748 requisita.

483 760 497 802 ἓ
514 758 543 791 4.
565 759 784 799 Decernentes,
802 763 982 802 praesentes
1003 758 1131 798 litteras,
1149 762 1179 790 ct

439 812 470 845 in
483 813 528 845 eis
540 816 685 846 contenta
698 822 926 856 quaecumque,
937 811 994 844 sub
1005 815 1178 855 praetextu,

438 865 522 909 quod
547 876 681 909 magnus
707 865 868 908 magister,
889 875 943 897 seu
968 864 1056 907 prior
1081 864 1178 896 Vene-

440 919 552 952 tiarum
571 919 762 959 huiusmodi,
777 918 841 951 sive
858 918 1051 961 quicumque
1068 917 1131 957 alii,
1150 917 1179 949 in

439 972 620 1017 praemissis
638 973 742 1004 forsan
767 972 918 1003 interesse
943 971 1104 1010 habentes,
1126 980 1180 1002 seu

440 1025 678 1070 quomodolibet
690 1025 805 1057 babere
816 1024 1067 1067 praetendentes,
1080 1023 1179 1056 vocati

440 1090 502 1112 non
528 1079 653 1119 suerint,
679 1089 733 1111 seu
745 1089 794 1113 ‚ex
820 1078 982 1121 quibusvis
999 1077 1068 1110 aliis
1092 1087 1181 1121 prae-

441 1133 531 1166 textis
556 1138 586 1165 et
614 1132 733 1173 causis,
758 1131 960 1175 quantumvis
986 1131 1180 1171 iustissimis,

440 1186 526 1219 nullo
560 1196 698 1229 unquam
734 1191 875 1229 tempore
900 1185 937 1218 de
969 1185 1181 1228 subreptionis

441 1239 487 1272 vel
512 1238 724 1283 obreptionis,
757 1249 811 1271 seu
837 1238 987 1272 nullitatis
1012 1238 1105 1278 vitio,
1130 1243 1183 1270 aut

441 1292 621 1327 intentionis
646 1297 780 1333 nostrae,
806 1292 854 1325 vel
879 1291 1027 1336 quopiam
1048 1291 1109 1324 alio
1133 1291 1183 1323 dc—

441 1347 533 1388 t'ectu,
558 1358 595 1380 ex
623 1347 734 1391 quovis
759 1346 861 1390 capite
883 1346 930 1379 vel
951 1349 1045 1379 causa
1069 1345 1182 1386 notari,

442 1401 638 1445 impugnari,
663 1411 718 1433 seu
738 1400 769 1433 in
790 1400 838 1433 ius
862 1400 909 1433 vel
934 1399 1180 1433 controversiam

442 1454 558 1495 vocari,
568 1459 621 1487 aut
633 1460 742 1487 contra
754 1464 805 1487 eas
819 1453 1057 1498 quomodolibet
1065 1453 1181 1497 opponi

442 1517 545 1552 posse,
570 1507 623 1540 sed
648 1518 772 1552 semper
797 1512 827 1540 et
851 1512 1006 1551 perpetuo
1030 1517 1066 1539 ac
1097 1506 1181 1540 omni

442 1567 585 1606 tempore
609 1562 726 1595 validas
743 1567 773 1595 et
789 1561 932 1595 efficaces
956 1561 1103 1597 existere,
1125 1571 1182 1593 nec

442 1615 501 1649 sub
515 1616 587 1649 ullis
604 1616 733 1649 omnino
750 1615 899 1648 similium
917 1615 964 1647 vel
982 1614 1182 1647 dissimilium

443 1668 648 1710 erectionum,
669 1669 716 1702 vel
734 1669 867 1702 aliarum
888 1658 1063 1711 gratiarum
1088 1667 1184 1700 resor-

443 1723 644 1763 mationibus,
661 1722 910 1764 limitationibus,
924 1721 1183 1765 suspensionibus

443 1780 473 1810 et
489 1776 557 1809 aliis
577 1776 745 1810 contrariis
763 1776 1025 1820 dispositionibus
1042 1785 1184 1819 compre-

444 1829 555 1871 hendi,
580 1830 634 1863 sed
666 1840 791 1873 semper
815 1829 853 1861 ab
879 1829 939 1861 illis
964 1834 1129 1872 exceptas,
1155 1832 1184 1861 et

444 1883 566 1927 quoties
591 1884 661 1916 illae
686 1883 884 1923 emanabunt,
906 1882 996 1917 toties
1025 1882 1055 1914 in
1080 1881 1184 1925 pristi-

444 1947 530 1977 num,
555 1941 585 1969 et
609 1947 690 1977 eum,
708 1936 739 1969 in
756 1946 818 1980 quo
843 1941 941 1976 erant,
958 1940 1071 1968 statum
1093 1934 1183 1967 resti-

444 1995 542 2031 tutas,
568 1990 720 2034 repositas
744 1994 774 2022 et
798 1989 937 2033 plenarie
962 1989 1182 2031 reintegratus,

445 2053 480 2076 ac
497 2043 535 2076 de
552 2054 634 2076 novo
651 2043 744 2076 etiam
769 2043 827 2076 sub
851 2041 1019 2075 anteriori¹
1040 2042 1110 2073 data
1128 2052 1185 2084 per

445 2107 509 2138 eos,
527 2108 663 2141 quorum
682 2096 834 2137 intererit,
851 2095 1115 2139 quandocumque
1133 2095 1185 2127 eli-

446 2151 548 2193 genda
577 2161 760 2191 concessas,
785 2149 965 2193 validasque
990 2154 1019 2181 et
1044 2148 1185 2181 efficaces

447 2204 523 2245 sore,
548 2214 684 2248 suosque
708 2203 866 2247 plenarios
898 2206 927 2236 et
952 2202 1092 2245 integros
1116 2201 1186 2234 effe-

447 2263 515 2291 ctus
539 2257 655 2299 sortiri,
680 2267 716 2289 ac
739 2261 892 2300 perpetuo
917 2255 1100 2298 suffragari;
1126 2255 1186 2287 sic-

447 2321 518 2355 que,
532 2316 562 2343 et
573 2320 636 2343 non
649 2310 749 2350 aliter,
766 2320 822 2353 per
837 2319 1054 2353 quoscumque
1069 2308 1187 2341 iudices

447 2364 623 2397 ordinarios
644 2370 673 2397 et
692 2363 852 2407 delegatos
869 2364 978 2408 quavis
994 2361 1187 2395 'auctoritate

448 2419 620 2461 fungentes,
635 2418 729 2451 etiam
753 2428 918 2451 causarum
938 2417 1044 2460 palatii
1069 2421 1189 2460 aposto-

449 2471 498 2504 lici
524 2471 693 2512 auditores,
718 2482 754 2504 ac
778 2471 807 2504 S.
826 2472 860 2504 R.
877 2471 910 2504 Ε.
929 2470 1102 2504 cardinales
1128 2470 1189 2513 (su-

450 2526 532 2558 blata
555 2525 600 2558 eis
623 2531 653 2558 et
677 2536 788 2559 eorum
811 2525 942 2558 cuilibet
965 2524 1074 2569 quavis
1098 2524 1189 2556 aliter

450 2578 606 2612 iudicandi
626 2584 656 2612 et
676 2579 899 2623 interpretandi
925 2579 1070 2613 facultate
1091 2583 1121 2611 et
1138 2588 1189 2610 au-

451 2631 619 2676 ctoritate),
644 2632 776 2665 iudicari
801 2637 831 2665 et
855 2632 980 2665 definiri
1005 2632 1131 2673 debere,
1154 2641 1189 2664 ac

487 2695 497 2722 1
521 2694 622 2723 Forsan
641 2694 783 2731 legendum
800 2695 955 2730 posteriori
975 2697 1011 2730 (a.
1032 2695 1082 2731 r).

1021 281 1204 308 BULLARIUM
1222 281 1375 308 ROMANUM

1209 330 1334 364 irritum
1348 333 1378 364 et
1395 330 1497 369 inane,
1515 329 1539 362 si
1557 340 1648 362 secus
1663 339 1760 373 super
1777 329 1825 364 his
1841 340 1859 363 a
1875 341 1949 374 quo-

1209 394 1314 427 quam,
1328 383 1437 427 quavis
1448 382 1644 423 auctoritate,
1656 382 1790 417 scienter
1803 383 1850 416 vel
1863 383 1949 426 igno-

1210 442 1326 477 ranter,
1351 436 1518 480 contigerit
1543 435 1698 468 attentari.

1254 490 1269 533 ἓ
1293 490 1322 523 5.
1347 490 1500 529 Quocirca
1529 489 1643 532 dilecto
1667 489 1732 521 tilio
1763 492 1871 522 nostro
1895 490 1952 523 Ro-

1210 543 1300 577 berto
1326 543 1405 578 tituli
1430 544 1459 576 S.
1477 543 1576 576 Alexii
1597 542 1780 586 presbytero
1801 541 1951 575 cardinali

1212 660 1289 693 pore
1306 650 1448 684 existenti
1469 655 1578 683 nostro
1598 655 1629 683 et
1648 649 1736 683 Sedis
1752 649 1952 693 Apostolicae

1213 703 1243 736 in
1263 704 1347 737 dicta
1366 704 1490 737 civitate
1507 703 1695 737 Bononiensi
1715 703 1829 745 legato,
1853 712 1889 735 ac
1909 702 1952 735 vi-

1212 757 1370 800 celegatis,
1395 767 1517 790 necnon
1534 767 1701 790 causarum
1718 756 1824 789 curiae
1844 763 1950 789 came-

1214 821 1266 843 rae
1282 811 1473 854 apostolicae
1491 810 1629 853 generali
1646 809 1793 851 auditori,
1812 820 1869 853 per
1882 819 1956 853 apo-

1213 864 1322 897 stolica
1347 865 1463 907 scripta
1488 864 1683 906 mandamus,
1708 869 1860 907 quatenus
1885 863 1954 907 ipsi,

1215 917 1261 948 vel
1275 917 1347 957 duo,
1362 923 1412 949 aut
1427 927 1507 949 unus
1520 928 1642 957 eorum,
1656 928 1712 961 per
1725 928 1768 958 se,
1782 917 1830 950 vel
1847 916 1954 958 alium,

1215 979 1270 1001 seu
1294 969 1387 1009 alios,
1412 970 1536 1002 easdem
1561 975 1740 1013 praesentes
1765 971 1900 1011 litteras,
1926 975 1955 1002 et

1216 1022 1245 1054 in
1259 1022 1305 1055 eis
1322 1026 1467 1056 contenta
1481 1033 1707 1068 quaecumque,
1719 1023 1774 1056 ubi
1788 1029 1818 1056 et
1830 1023 1955 1067 quando

1215 1086 1294 1119 opus
1319 1076 1422 1116 suerit,
1440 1086 1475 1109 ac
1492 1076 1615 1119 quoties
1636 1087 1696 1120 pro
1721 1082 1809 1120 parte
1827 1077 1956 1110 existen-

1217 1130 1254 1162 tis
1270 1129 1409 1170 baiulivi,
1434 1129 1550 1173 prioris
1574 1129 1787 1174 nuncupandi,
1805 1130 1956 1163 baiuliva—

1218 1189 1264 1216 tus
1285 1194 1341 1227 per
1366 1188 1545 1227 praesentes
1569 1184 1665 1217 erecti
1690 1183 1871 1217 huiusmodi
1896 1183 1957 1217 sue-

1216 1238 1279 1270 rint
1293 1238 1445 1281 requisiti,
1463 1238 1647 1271 solemniter
1663 1237 1849 1281 publicare¹,
1867 1237 1957 1281 eique

1217 1290 1247 1322 in
1265 1290 1446 1334 praemissis
1470 1291 1605 1324 efficacis
1629 1290 1819 1323 defensionis
1838 1290 1956 1334 praesi—

1216 1343 1268 1377 dio
1292 1344 1479 1386 assistentes,
1499 1344 1612 1377 faciant
1635 1343 1821 1378 auctoritate
1847 1345 1957 1379 nostra

1216 1397 1341 1430 easdem
1367 1403 1547 1442 praesentes
1571 1398 1690 1431 litteras
1710 1403 1741 1430 et
1765 1398 1796 1430 in
1818 1398 1863 1431 eis
1888 1408 1958 1431 con-

1218 1456 1300 1484 tenta
1324 1461 1544 1495 quaecumque
1567 1451 1606 1484 ab
1630 1451 1794 1492 omnibus,
1819 1451 1857 1484 ad
1879 1462 1958 1495 quos

1216 1510 1335 1548 spectat
1359 1510 1389 1537 et
1412 1515 1471 1548 pro
1495 1510 1640 1549 tempore
1665 1504 1827 1549 spectabit,
1857 1504 1957 1538 invio-

1217 1558 1353 1591 labiliter
1369 1558 1540 1591 observari.
1554 1559 1623 1591 Non
1643 1557 1860 1602 permittentes
1873 1557 1958 1601 ipsos

1218 1611 1264 1645 vel
1289 1612 1471 1656 quempiam
1489 1622 1525 1645 ex
1543 1611 1587 1644 eis
1604 1622 1663 1656 per
1687 1621 1836 1654 magnum
1862 1611 1961 1655 magi-

1217 1671 1326 1707 strum,
1353 1677 1408 1699 seu
1433 1666 1611 1706 consilium,
1637 1665 1801 1709 hospitale,
1821 1675 1877 1698 seu
1898 1665 1959 1709 pri-

1217 1731 1304 1753 orem
1334 1720 1533 1753 Venetiarnm
1567 1719 1766 1760 huiusmodi,
1791 1719 1839 1752 vel
1863 1729 1959 1763 quos-

1217 1785 1351 1818 cumque
1375 1775 1470 1815 alios,
1494 1774 1630 1818 desuper
1655 1773 1891 1817 quomodolibet
1917 1773 1959 1806 in-

1217 1827 1320 1860 debite
1340 1827 1510 1869 molestari,
1531 1827 1712 1871 perturbari
1727 1827 1774 1859 vel
1791 1825 1958 1870 inquietari

1217 1886 1270 1914 aut
1294 1880 1455 1924 impediri;
1480 1880 1729 1913 contradictores
1753 1879 1911 1923 quoslibet
1930 1884 1961 1912 et

1218 1935 1350 1968 rebelles
1364 1945 1421 1978 per
1439 1935 1618 1974 sententias
1633 1944 1781 1967 censuras
1798 1938 1828 1966 et
1844 1943 1961 1977 poenas

1218 1989 1454 2029 ecclesiasticas,
1479 1988 1602 2032 aliaque
1626 1993 1803 2031 opportuna
1829 1987 1906 2020 iuris
1930 1993 1960 2019 ct

1219 2042 1288 2075 facti
1305 2042 1670 2086 remedia‚appellatione
1685 2041 1961 2085 postposita,com—

1218 2095 1385 2138 pescendo,
1402 2095 1614 2138 legitimisque
1632 2105 1728 2138 super
1744 2094 1792 2126 his
1808 2093 1959 2126 habendis

1219 2149 1349 2181 servatis
1372 2149 1583 2192 processibus,
1609 2148 1787 2187 sententias,
1813 2157 1960 2180 censuras

1220 2207 1249 2234 et
1269 2212 1385 2245 poenas
1410 2202 1492 2245 ipsas
1517 2201 1610 2235 etiam
1632 2201 1749 2233 iteratis
1770 2200 1890 2233 vicibus
1910 2210 1961 2243 ag-

1220 2254 1401 2298 gravmdo',
1424 2254 1567 2288 invocato
1584 2254 1677 2287 etiam
1695 2253 1733 2286 ad
1751 2254 1821 2294 boc,
1839 2253 1863 2286 si
1881 2263 1961 2297 opus

1220 2308 1323 2347 suerit,
1348 2307 1464 2340 auxilio
1488 2307 1608 2340 brachii
1633 2307 1791 2340 secularis.

1266 2362 1280 2404 ᾗ
1305 2360 1334 2393 6.
1353 2361 1420 2394 Non
1437 2361 1634 2395 obstantibus
1650 2360 1840 2404 praemissis,
1859 2371 1894 2393 ac
1911 2371 1961 2393 no-

1221 2418 1286 2448 stra
1306 2415 1344 2448 de
1365 2416 1433 2448 iure
1457 2415 1578 2459 quesito
1596 2426 1657 2448 non
1676 2415 1823 2456 tollendo,
1840 2425 1961 2448 necnon

1221 2469 1382 2513 quibusvis
1406 2469 1475 2502 aliis
1499 2469 1696 2513 apostolicis,
1721 2480 1756 2502 ac
1781 2469 1813 2501 in
1838 2468 1961 2501 univer-

1222 2523 1352 2565 salibus,
1378 2522 1686 2567 provincialibusque
1710 2527 1740 2555 et
1761 2521 1961 2566 synodalibus

1260 2605 1270 2630 1
1294 2602 1435 2630 videretur
1455 2602 1488 2630 de
1516 2611 1591 2630 more
1616 2602 1760 2638 legendum
1782 2602 1961 2637 publicantes

1233 2654 1259 2675 n.
1275 2655 1300 2675 T.
1315 2666 1321 2672 .

1223 2649 1230 2684 <
1257 2693 1274 2721 2
1290 2648 1409 2722 tgrronee
1424 2693 1488 2721 edit.
1506 2693 1583 2721 Maia.
1601 2693 1664 2729 legit
1678 2692 1860 2729 aqyravandi
1875 2699 1911 2728 (a.
1925 2699 1962 2721 rt

1969 283 2016 309 An.
2031 282 2059 309 (1.
2083 282 2152 310 ¹823

2024 554 2152 576 Earumdem

1967 583 2109 607 exequutores
2118 582 2153 603 de-

1212 597 1365 630 Ubaldino
1378 602 1572 640 nuncupato;
1587 595 1750 636 moderno,
1764 600 1794 628 et
1806 605 1865 639 pro
1879 600 1953 629 tem·
1967 608 2084 634 signantur.

2049 2366 2159 2386 Contraria

1977 2398 2073 2418 quaeque
2086 2394 2156 2412 tuttun-
