2269 3235
487 174 552 208 704
1034 182 1212 208 nummum
1236 182 1388 208 ROMANUM

1199 313 1220 347 S

441 449 603 482 Sardiniae
619 447 841 481 ecclesiasticis
859 445 1016 479 indultum
1032 445 1218 479 conceditur
1233 444 1411 480 subsidium
1429 447 1496 490 regi
1514 445 1728 490 persolvendi,
1749 447 1812 480 493
1830 457 1850 479 a
1867 450 1974 491 etseq.

441 503 635 534 Sassai·oiisis
659 511 715 533 seu
739 500 924 532 Turi-itunae
949 501 1087 533 civitatis
1111 499 1263 533 adversus
1287 499 1483 533 (Ialaritanos
1508 499 1580 533 odia
1605 499 1677 533 vide
1699 499 1907 534 Calaritanae.

442 555 546 597 Scipio
570 553 739 587 cardInalis
764 552 956 595 Burgliesius
981 552 1128 587 abbatiae
1153 553 1183 587 S.
1208 553 1355 597 Gregorii
1379 552 1419 586 de
1444 552 1528 586 Urbe
1558 552 1655 586 abbas
1680 552 1978 596 commendatarius,

533 607 596 639 510
620 617 650 639 α.

443 662 575 693 Senatus
601 659 801 703 populusque
825 658 986 693 Romanus
1011 669 1067 702 pro
1092 659 1121 693 S.
1147 659 1287 704 Philippi
1310 659 1399 695 Nerii
1423 662 1671 703 canonizatione,
1697 661 1735 694 11
1764 661 1791 694 b.

443 713 688 756 senogalliensis
713 714 825 747 civitas
851 722 923 746 eum
948 713 1064 747 ducatu
1090 712 1200 747 Urbini
1224 713 1404 748 devolvitur
1428 714 1468 748 ad
1492 714 1607 748 Sedem
1631 714 1858 759 Apostolicam,
1879 714 1942 748 179
1960 725 1980 749 a

533 771 563 801 et
587 768 613 805 b,
641 768 700 801 181
728 778 757 800 a.

443 821 614 864 Septimius
639 821 802 863 Eugenius
827 820 1045 853 universitatis
1069 819 1242 853 Perusinae
1266 819 1375 863 lector,
1401 820 1463 855 377
1490 821 1515 855 b.

442 875 638 917 Seraphinus
662 874 836 907 Levisellus
862 877 1048 917 procurator
1072 873 1232 916 generalis
1257 873 1520 917 Congregationis
1544 874 1601 909 FF.
1625 874 1751 908 Ioannis
1774 874 1842 917 Dei,
1864 875 1927 909 617
1951 885 1980 909 a.

442 928 570 961 Siciliae
595 937 738 970 regnum,
764 928 804 960 83
830 927 856 960 b.
881 926 997 960 Paulus
1022 926 1047 959 V
1072 928 1172 967 eavit,
1198 928 1368 971 quominus
1392 926 1491 961 boves
1515 927 1641 972 aliaque
1677 937 1794 972 pecora
1829 928 1867 961 ad
1893 938 1982 962 aran-

531 982 605 1014 dum
632 985 703 1024 apta
729 984 952 1021 mactarentur,
978 979 1056 1012 ibid.
1083 979 1174 1021 Quod
1201 981 1365 1014 decretum
1390 984 1499 1024 postea
1520 982 1719 1015 confirmavit
1738 980 1883 1014 Urbanus
1899 981 1980 1024 VIII,

532 1035 569 1067 84
589 1044 617 1066 a.
642 1033 873 1066 Ecclesiastieis
898 1034 1091 1076 permissum
1116 1032 1238 1076 Phippo
1254 1033 1295 1066 IV
1319 1033 1400 1077 Regi
1425 1034 1585 1079 quoddam
1609 1034 1765 1078 praebere
1790 1035 1980 1078 subsidium,

533 1088 596 1121 ⁶240
621 1098 650 1120 a.
676 1087 825 1120 Pestit'cra
853 1088 998 1129 contagio
1023 1088 1172 1120 saeviens
1197 1096 1279 1120 anno
1303 1086 1434 1121 iubilaei
1459 1098 1598 1129 iuncxxv,
1625 1088 1687 1121 280
1712 1098 1741 1130 a,
1766 1088 1826 1122 281
1853 1099 1882 1121 a.

445 1140 667 1183 Sigismundus
691 1140 731 1172 Ill
757 1140 905 1172 I'oloniae
931 1140 1009 1181 Rex,
1037 1140 1099 1173 198
1123 1151 1152 1173 α.
1178 1139 1226 1173 llli
1244 1140 1316 1174 data
1340 1140 1471 1175 facultas
1492 1142 1689 1185 procedendi
1709 1145 1818 1175 eontra
1836 1141 1984 1176 eeclesia-

533 1195 627 1226 sticos
651 1193 798 1232 rebelles,
825 1195 920 1226 etiam
945 1193 1112 1236 episcopos
1137 1196 1168 1227 et
1191 1192 1468 1238 archiepiscopos,
1495 1195 1591 1235 ibid.;
1622 1195 1741 1229 bellum
1766 1199 1874 1229 contra
1901 1196 1980 1229 hae-

534 1248 648 1280 reticos
674 1247 822 1280 Prussiac
848 1250 946 1289 parat,
976 1247 1039 1279 610
1064 1247 1090 1279 b.

445 1300 584 1333 Societas
608 1300 681 1332 Iesu
705 1299 874 1342 collegium
899 1299 1009 1333 Nissae
1034 1309 1106 1333 cum
1129 1300 1305 1334 studiorum
1330 1302 1538 1335 universitate
1564 1305 1714 1343 ereetum,
1740 1301 1804 1336 492
1829 1312 1858 1335 a.
1885 1301 1985 1336 Datur

533 1352 579 1386 illi
610 1353 787 1395 regendum
813 1353 984 1396 collegium
1014 1353 1213 1397 Illyricorum
1242 1354 1385 1397 Laureti,
1412 1355 1475 1389 544
1500 1355 1532 1395 b;
1565 1359 1595 1389 et
1623 1356 1791 1399 collegium
1823 1355 1984 1399 Pragense

535 1416 592 1449 pro
616 1406 873 1440 adolescentibus
899 1406 1082 1448 Germanis,
1109 1407 1172 1440 552
1198 1408 1231 1450 b,
1257 1416 1316 1441 nec
1340 1418 1402 1442 non
1428 1408 1622 1450 Viennense,
1639 1409 1701 1442 557
1726 1408 1742 1442 b
1768 1412 1875 1453 etseq.
1897 1409 1985 1442 Pres-

532 1459 654 1503 byter-is
678 1460 842 1493 societatis
866 1470 1053 1494 concessum
1077 1462 1235 1496 i1idultum
1260 1461 1446 1496 celebrandi
1470 1462 1658 1507 missam—de
1678 1462 1778 1507 tribus
1794 1462 1984 1506 Martyribus

534 1514 694 1557 Iaponiae‚
721 1515 783 1548 595
808 1525 829 1547 a
853 1518 883 1549 et
908 1515 935 1548 b.

1207 1647 1231 1681 T

446 1782 713 1816 Tbeutonicorum
739 1783 784 1826 (Β.
810 1782 940 1824 Mariae)
966 1782 1096 1816 militiae
1122 1783 1162 1816 95
1188 1782 1221 1823 b;
1245 1781 1290 1815 illi
1315 1785 1434 1815 asserta
1458 1780 1639 1825 privilegia,
1665 1779 1744 1813 ibid.

446 1835 592 1869 Tiberius
617 1835 787 1869 cardinalis
811 1835 914 1869 Mutus
935 1835 1017 1869 tituli
1042 1836 1071 1869 S.
1098 1835 1235 1877 Priscae,
1261 1835 1323 1868 617
1350 1845 1378 1867 a.

448 1889 651 1922 Tiniensibus
676 1899 862 1922 concessum
885 1889 1042 1923 indultum
1072 1888 1287 1932 indulgentias
1311 1889 1386 1922 anni
1408 1887 1541 1922 iubilaei
1564 1887 1634 1931 ipsa
1657 1887 1689 1920 in
1713 1886 1856 1921 Tiniensi
1887 1886 1990 1921 insula

537 1942 690 1984 lucrandi,
718 1943 779 1975 ⁶293
805 1953 824 1975 a
849 1946 879 1976 et
904 1943 931 1976 b.

448 1994 624 2038 Torquatus
656 1995 696 2028 de
725 1994 900 2029 Comitibns
932 1995 1099 2037 delegatur
1130 1995 1168 2028 ad
1199 1994 1347 2029 fortalitia
1377 2004 1414 2029 ae
1447 1995 1689 2039 propugnacula
1719 1993 1817 2028 Vallis
1848 1993 1990 2028 Tellinae

538 2048 568 2080 S.
594 2047 686 2081 Sedis
711 2049 838 2081 nomine
862 2049 1065 2092 recipienda,
1096 2049 1157 2082 4⁶25
1183 2060 1203 2082 a
1226 2052 1258 2083 et
1283 2049 1345 2083 483
1377 2049 1404 2082 b.
1435 2049 1556 2084 Eadem
1587 2048 1827 2093 propugnacula
1860 2048 1990 2093 Aloysio

538 2101 643 2135 Trotto
669 2112 725 2145 pro
751 2112 828 2145 rege
852 2102 1007 2136 catholico
1033 2104 1180 2143 restituit,
1206 2103 1269 2136 609
1295 2103 1323 2136 b.

449 2156 646 2198 Turritanae,
672 2166 729 2190 seu
754 2156 962 2198 Sassarensis,
989 2159 1020 2190 et
1043 2155 1241 2190 Calaritanae
1265 2157 1430 2190 civitatum
1454 2155 1595 2198 diSsidia‚
1619 2154 1693 2188 vide
1716 2154 1923 2189 Calaritanae.

1212 2288 1238 2322 U

451 2425 598 2460 Urbanus
624 2426 708 2469 Papa
733 2424 811 2466 VIII,
838 2426 854 2458 1
882 2436 910 2458 α.
936 2423 1143 2457 Conclavistis
1167 2420 1338 2467 privilegia
1360 2420 1557 2464 elargitur,1
1586 2420 1603 2453 b
1625 2423 1656 2455 et
1678 2430 1740 2464 seq.
1765 2419 1898 2454 Beatum
1922 2420 1992 2454 Phi-

541 2479 664 2523 lippum
688 2479 817 2512 Nerium
843 2479 926 2512 inter
951 2477 1080 2510 Sanctos
1104 2476 1237 2510 relatum
1268 2475 1366 2509 fuisse
1392 2474 1553 2515 declarat,
1579 2474 1616 2508 21
1644 2473 1675 2510 b;
1708 2473 1839 2507 Beatum
1864 2484 1992 2519 quoque

544 2533 699 2573 ignatium
718 2532 875 2575 Loyolam,
893 2532 931 2565 31
950 2531 976 2564 b.
1001 2531 1131 2565 Beatum
1150 2530 1352 2563 Franciscum
1369 2529 1548 2571 Xaverium,
1570 2528 1610 2562 44
1629 2527 1654 2560 b.
1673 2527 1745 2561 Unit
1764 2530 1991 2562 monasterium

544 2586 575 2620 B.
593 2586 709 2619 Mariae
727 2585 766 2619 de
784 2585 972 2620 Castellariis
997 2584 1105 2620 domui
1129 2583 1388 2627 Congregationis
1413 2580 1550 2619 Oratorii
1566 2582 1766 2626 Parisiensis,
1784 2582 1825 2616 46
1842 2592 1863 2616 a
1879 2585 1911 2617 et
1925 2592 1986 2626 seq.
