2269 3235
85 268 138 295 An.
155 267 184 296 G.
203 265 269 295 1627

117 1445 239 1466 Exordium.

145 2033 211 2060 Regni
226 2027 279 2055 13⁴0&-

97 2060 151 2082 miao
172 2060 279 2081 catamita-

97 2089 128 2108 tes
143 2089 245 2109 recenset.

887 262 1029 286 nnmuns
1054 262 1109 285 vni
1132 261 1178 285 re.

285 312 436 347 ramensis
465 317 494 346 et
526 312 695 355 Principis
725 311 956 354 Apostolorum
987 310 1041 341 det

289 366 380 406 Urbe,
409 370 435 399 et
454 367 488 398 in
509 365 577 398 acic
601 364 708 407 campi?
730 363 857 403 Florae,
878 362 1023 394 dimissis

285 419 407 453 ibidem
427 419 545 452 eisdem
571 417 687 451 litteris
700 427 758 460 per
775 416 1023 459 aliquantutum

288 473 438 517 temporis
454 472 595 516 spatium
618 469 779 514 appensis,
804 468 920 500 detmte
937 478 1024 500 scuto-

288 528 328 560 tis
347 537 406 570 per
429 536 486 559 uos
510 524 657 559 Paulum
681 522 888 556 Bartoccimn
913 525 941 554 ct
968 521 1024 555 Ca-

287 580 420 613 mittum
443 577 634 613 Fundatura
658 575 867 610 Sanctissz'mi
889 575 1024 608 Domini

288 633 390 667 nostri
404 633 517 677 Papae
541 639 693 663 cursores.

376 704 620 737 BRANDIMARTES
644 699 771 733 Latinus
785 699 910 733 SS.D.N.
922 700 1024 743 Papae

490 762 611 792 cursor,
635 762 694 795 pro
719 751 797 794 Mag.
822 751 908 785 Curs.

572 902 716 936 CCXLVI.

286 983 377 1017 Nova
393 983 508 1016 erectio
524 981 653 1026 colleqii
668 982 703 1014 in
721 981 849 1015 cii-itate
866 982 1028 1025 Prayemz·

331 1037 426 1080 reyni
442 1036 594 1070 Boe'miae
605 1046 665 1079 pro
682 1035 935 1068 adolescentibus
955 1035 1028 1069 Ger-

332 1090 480 1123 manicae
496 1089 653 1127 nacionis,
674 1099 711 1120 ac
724 1088 911 1121 reddituum
931 1090 1027 1121 attri-

333 1143 432 1183 butio,
456 1142 725 1184 infinitorumque
736 1142 892 1175 concessio
903 1146 932 1175 et
949 1153 1028 1175 com-

333 1196 513 1229 mum‘catio
527 1195 546 1228 ¹.

495 1267 630 1294 Urbanus
645 1265 819 1300 Episcopus,

463 1312 572 1339 Servus
593 1310 750 1338 Servorum
769 1310 838 1343 Dei,

408 1357 444 1384 ad
463 1359 639 1390 perpetuam
658 1355 704 1383 rei
723 1356 903 1383 memoriam

333 1427 486 1468 Quoniam
510 1427 632 1460 divinae
645 1427 776 1461 bonitati
795 1427 896 1460 visum
914 1432 960 1460 cst
977 1427 1030 1461 lm-

290 1483 453 1518 militatem
478 1488 618 1516 nostram
644 1482 922 1516 turholentissimis
946 1482 1030 1515 chri-

290 1538 407 1571 stianae
424 1537 616 1581 reipublicae
636 1535 832 1580 temporibus
849 1536 886 1568 ad
904 1536 1030 1569 univer—

289 1591 362 1625 salis
379 1590 535 1624 Ecclesiae
551 1590 695 1633 regimen
712 1600 834 1629 vocare,
849 1599 885 1621 ex
903 1600 940 1622 eo
958 1594 1031 1622 tem-

288 1655 367 1690 pore
390 1655 465 1687 nos,
491 1643 631 1677 eiusdem
663 1643 828 1675 adiuvante
853 1642 970 1685 gratia,
996 1654 1030 1675 ea

288 1699 497 1744 potissimum,
511 1697 591 1731 sicut
607 1697 700 1731 officii
718 1697 818 1730 nostri
832 1697 912 1730 ratio
926 1702 1031 1740 postu-

288 1754 340 1794 lat,
355 1753 493 1796 cogitare
510 1757 541 1785 et
559 1762 653 1794 agere
675 1762 737 1784 non
750 1750 937 1791 destitimus,
951 1761 1031 1794 quae

290 1805 329 1838 ad
345 1805 485 1838 divinum
506 1804 623 1848 ubique
640 1804 757 1837 cultum
779 1803 1029 1848 propagandum,

292 1859 571 1892 aecclesiasticam
585 1858 781 1902 disciplinam
795 1858 1030 1892 restaurandam

293 1916 323 1947 et
339 1912 525 1956 augendam,
547 1912 786 1956 animarumque
812 1912 944 1945 salutem
962 1924 1031 1956 pro-

293 1966 464 2000 curandam
489 1966 693 2009 cognovimus
717 1965 885 2009 pertinere.

338 2021 353 2065 ἓ
377 2021 406 2053 1.
432 2020 466 2053 In
490 2019 602 2064 primis
627 2030 712 2060 vero,
729 2019 833 2053 animo
858 2020 1032 2053 recolentes

294 2074 523 2119 amplissimum
548 2074 692 2107 Bo'emiae
715 2084 861 2116 regnum,
879 2074 963 2118 quod
981 2085 1032 2107 su-

293 2129 472 2173 perioribus
482 2128 595 2161 seculis
608 2128 689 2161 inter
699 2133 817 2161 ceteras
827 2128 1032 2162 Germanicae

294 2183 428 2216 nationis
451 2183 558 2216 laudes
583 2188 675 2226 atque
699 2183 830 2215 virtutes
856 2187 940 2216 tanto
969 2184 1032 2216 sin-

296 2246 386 2269 cerae
404 2235 477 2269 fidei
502 2240 532 2270 et
555 2236 742 2270 christianae
766 2236 928 2279 religionis
946 2237 1031 2269 cultu

295 2288 433 2322 eminere
464 2289 602 2330 solebat,
626 2293 660 2324 ut
684 2290 813 2334 reliquis
844 2290 1032 2324 christianae

295 2342 486 2386 reipublicae
502 2343 645 2387 partibus
661 2353 725 2377 non
742 2343 858 2377 minori
875 2344 1032 2388 exemplo,

331 2453 343 2477 1
368 2449 484 2477 Instituit
506 2450 568 2478 olim
591 2451 644 2479 hoc
668 2451 808 2488 collegium
828 2452 942 2487 Gregor.
963 2452 1031 2480 xm.

295 2494 381 2522 Unum
402 2495 545 2531 collegium
565 2504 612 2531 pro
632 2496 849 2525 adolescentibus
873 2506 903 2525 ec
923 2497 1034 2533 Illyricis

294 2539 440 2575 provinciis
466 2539 494 2566 in
514 2539 620 2568 civitate
641 2540 791 2569 Lauretana
814 2542 966 2577 sumptibus
989 2551 1033 2569 sa-

295 2587 453 2611 crosanctae
473 2584 571 2612 Domus
591 2584 694 2612 alendis
713 2590 740 2613 et
757 2590 787 2614 ut
805 2595 887 2622 supra
907 2587 1034 2614 imbuen-

296 2629 337 2656 dis
350 2628 472 2656 fundavit
482 2628 526 2656 hic
536 2629 606 2657 idern
619 2629 740 2658 Pontifex
751 2635 780 2658 ut
789 2631 817 2658 in
829 2631 919 2661 Const.
929 2637 1033 2667 ccxmv,

295 2674 362 2702 Zeto
376 2674 486 2703 Domus
500 2674 566 2710 Dei,
583 2674 626 2702 hic
640 2683 722 2711 supra
737 2683 798 2712 pag.
818 2676 879 2705 541.

1698 250 1756 283 551

1055 320 1148 352 quam
1166 314 1351 342 ornamento
1366 313 1460 352 atque
1474 307 1579 341 decori
1598 312 1687 348 essct,
1702 318 1792 350 nuuc,

1058 366 1101 396 tot
1127 363 1279 406 tantisque
1298 363 1327 395 in
1353 374 1389 395 eo
1417 362 1563 395 instinctu
1587 367 1712 394 satanae
1742 372 1793 393 ex-

1056 416 1156 448 citatis
1181 416 1218 447 de
1244 416 1396 457 religione
1420 415 1567 455 dissidiis,
1586 415 1626 446 itu
1643 415 1794 447 miserau—

1056 469 1130 501 duiu
1155 469 1185 500 iu
1211 469 1338 501 iuodtuu
1364 469 1512 500 uillictuui
1534 474 1562 500 et,
1587 468 1793 512 deloruiatuui

1056 532 1133 561 csse,
1154 527 1188 553 ut
1210 532 1313 561 neruo,
1332 522 1377 553 vel
1399 522 1549 554 mediocri
1573 521 1684 565 pietate
1704 532 1794 565 piae-

1808 259 1856 286 Αη.
1873 259 1901 285 C.
1924 258 1990 285 tffl'l

1056 575 1148 617 ditus,
1167 574 1232 607 sins·
1252 575 1428 618 lachrymis,
1451 580 1512 607 tatu
1532 586 1659 617 gravem
1681 575 1795 607 :ininiu-

1057 639 1127 661 runi
1154 628 1305 661 iacturam
1335 628 1512 668 recordari,
1539 629 1653 661 nedum
1680 629 1793 669 intueri

1057 686 1170 725 queat,
1197 692 1304 714 curam
1335 681 1547 724 suscel‘iiuius,
1574 686 1606 713 ut
1634 682 1795 725 quibusvis

1057 734 1215 779 possimus
1233 734 1344 774 niodis,
1362 734 1455 766 nullis
1475 734 1647 773 laboribus,
1663 735 1797 767 nullisve

1058 787 1236 831 sumptibus
1259 792 1435 830 parcentes,
1458 792 1530 830 apta
1547 787 1692 819 sanandis
1718 787 1798 819 illius

1059 841 1241 873 vulneribus
1266 840 1406 873 remedia
1429 840 1651 880 adliibcanius3

1103 894 1118 937 ἓ
1136 894 1164 926 2.
1183 895 1226 927 Ac
1243 893 1372 937 provide
1389 893 1622 926 considerantes
1639 893 1737 926 felicis
1754 904 1799 926 re-
1814 933 1817 935 Δ
1832 906 1997 930 orias-mixtu

1060 947 1252 981 cordationis
1274 947 1462 990 Gregoriuin
1488 948 1602 991 Papam
1620 947 1687 980 Xlll
1712 935 1999 991 prae.251.,s;',*f¹²⁸¹¹'„‡s.'{2[

1060 1000 1258 1033 decessorem
1275 1006 1430 1041 nostrum,
1447 1000 1568 1044 optimo
1584 1000 1711 1043 quidem
1729 1010 1799 1033 con·
1814 988 1998 1045 {}J¹}{iiss¹f¹.¹?„it25.‘3

1060 1054 1139 1096 silio,
1158 1054 1327 1097 collegium
1353 1054 1384 1086 in
1408 1054 1531 1088 civitate
1552 1054 1699 1096 Pragensi
1725 1053 1798 1086 dicti
1815 1040 1884 1091 3¹51OE
1938 1046 1998 1086 ¹3⁰³?

1060 1109 1150 1151 regni
1173 1109 1351 1152 metropoli,
1373 1108 1580 1152 quadraginta
1603 1108 1799 1148 alendorum,
1814 1094 2000 1149 2551-03'.?¹,ll1.2?1¹{1

1061 1173 1096 1195 ac
1120 1162 1222 1196 latinis
1242 1162 1362 1202 litteris,
1380 1162 1492 1205 logica,
1510 1162 1650 1206 physica,
1668 1162 1800 1206 aliisque
1816 1147 1998 1198 [fift'fssttffitff'nfiif

1061 1216 1245 1249 liberalibus
1280 1216 1474 1261 disciplinis,
1500 1227 1535 1249 ac
1560 1218 1647 1249 sacra
1673 1216 1799 1248 demum
1816 1200 1924 1220 ³⁴³¹⁸⁰¹¹¹¹³'

1063 1270 1237 1313 theologia,
1267 1279 1390 1303 necnon
1413 1270 1473 1313 piis
1497 1274 1528 1302 et
1551 1269 1722 1302 christiano
1749 1279 1802 1302 no-

1062 1323 1146 1357 mine
1163 1324 1266 1366 dignis
1284 1323 1426 1356 moribus
1450 1323 1712 1356 instituendorum
1731 1324 1803 1357 Ger-

1064 1377 1202 1410 manicae
1227 1377 1362 1410 nationis
1385 1388 1558 1421 puerorum
1580 1379 1682 1417 eausa,
1702 1377 1801 1410 eidem

1063 1431 1196 1473 collegio
1221 1431 1308 1463 inille
1333 1430 1579 1474 quingentorum
1611 1431 1738 1473 triginta
1764 1437 1804 1463 ta-

1063 1485 1203 1517 lerorum
1229 1484 1442 1527 imperialium
1474 1486 1596 1516 sumina
1625 1485 1780 1527 assignati]
1797 1512 1804 1525 ‚

1064 1548 1158 1580 quatu
1175 1537 1213 1570 de
1234 1538 1389 1581 praesenti
1407 1547 1532 1569 camera
1555 1542 1663 1570 nostra
1683 1541 1805 1580 aposto-

1064 1591 1123 1623 lica
1147 1590 1307 1634 persolvit,
1325 1590 1400 1623 alias
1424 1590 1595 1633 apostolica
1620 1591 1804 1625 auctoritate

1065 1645 1202 1677 erexisse
1227 1650 1255 1677 et
1285 1644 1475 1684 instituisse,
1501 1649 1534 1675 ut
1558 1644 1578 1675 ii
1603 1654 1665 1676 non
1690 1655 1748 1687 per
1772 1655 1803 1677 se

1065 1699 1166 1732 solum
1191 1698 1267 1731 boni
1295 1698 1441 1741 doctique
1466 1697 1643 1737 evaderent,
1669 1698 1722 1730 sed
1747 1698 1802 1730 ha-

1064 1752 1174 1785 bendis
1211 1751 1414 1785 concionibus
1449 1762 1484 1783 ac
1520 1751 1803 1794 disputationibus,

1065 1806 1242 1839 refellendis
1256 1805 1450 1845 haeresibus,
1464 1804 1598 1848 fideique
1612 1805 1804 1838 orthodoxae

1065 1860 1186 1894 veritati
1211 1858 1427 1892 dilucidandae
1442 1885 1449 1899 ⁷
1470 1869 1505 1891 ac
1529 1864 1692 1902 praeterea
1716 1869 1804 1891 exer-

1065 1914 1181 1947 cendae
1206 1914 1383 1946 animarum
1409 1924 1513 1955 curae7
1534 1913 1664 1956 aliisque
1689 1913 1749 1956 piis
1777 1916 1806 1947 et

1065 1968 1179 2001 sanctis
1204 1968 1352 2011 operibus
1373 1967 1438 2011 apti
1461 1971 1490 1999 et
1511 1966 1614 1999 idonei
1639 1970 1751 2006 essent,
1775 1971 1804 1999 et

1064 2032 1157 2065 qtuun
1182 2021 1355 2054 niaximum
1380 2021 1411 2053 in
1428 2020 1565 2053 Ecclesia
1590 2019 1643 2052 Dei
1667 2020 1803 2052 fructum

1066 2087 1102 2108 ex
1128 2086 1160 2108 se
1185 2076 1380 2119 proferrent;

1110 2130 1125 2173 ἓ
1148 2129 1178 2162 3.
1200 2129 1232 2161 ld
1255 2134 1357 2161 tamen
1382 2129 1448 2161 eius
1472 2132 1628 2171 coeptum,
1645 2132 1737 2170 atque
1755 2138 1805 2160 co-

1065 2188 1183 2224 natum,
1209 2188 1274 2215 tum
1298 2187 1428 2226 propter
1452 2182 1573 2215 obitum
1598 2181 1713 2225 ipsius,
1738 2186 1804 2213 turn

1065 2238 1105 2271 ob
1123 2237 1235 2279 varias⁷
1254 2247 1332 2280 quae
1350 2241 1457 2280 postea
1472 2240 1619 2279 sequutae
1633 2240 1714 2274 sunt,
1730 2239 1806 2267 tem-

1066 2301 1181 2334 porum
1201 2295 1231 2323 et
1248 2301 1355 2322 reruni
1381 2289 1590 2328 dillicultates,
1606 2299 1717 2332 parum
1735 2299 1806 2332 pro-

1065 2344 1214 2384 cessisse„
1233 2344 1296 2377 imo
1320 2354 1377 2376 nec
1402 2343 1520 2376 litteras
1545 2342 1731 2386 apostolicas
1755 2353 1806 2375 su-

1065 2409 1122 2442 per
1145 2396 1326 2430 huiusmodi
1362 2396 1520 2429 erectione
1552 2401 1582 2428 et
1613 2395 1806 2429 institutione

1066 2452 1225 2496 expeditas
1250 2451 1346 2484 fuisse
1377 2449 1590 2483 verisimiliter
1614 2449 1806 2482 credendum

1068 2516 1156 2547 esse,
1181 2516 1273 2546 cuni,
1302 2504 1390 2537 sactis
1418 2504 1563 2548 plurimis
1591 2508 1655 2536 tam
1683 2503 1715 2536 in
1739 2504 1803 2537 Ro-

1069 2560 1161 2592 mana
1193 2558 1281 2591 curia
1312 2568 1406 2601 quain
1438 2557 1470 2590 in
1502 2557 1625 2591 civitate
1657 2557 1805 2601 pragensi

1068 2613 1339 2656 diligentiis,.tales
1364 2613 1484 2647 litterae
1508 2611 1643 2656 reperiri
1667 2622 1729 2646 non
1753 2622 1807 2656 po-

1070 2667 1200 2702 tuerint:

1859 2133 1918 2157 Quod
1934 2135 2003 2153 tamen

1819 2166 1892 2186 ltdrtuu
1906 2162 2002 2186 proiecit.
