2269 3235
79 277 129 305 An.
149 275 179 305 C.
195 274 263 304 1625

141 1615 264 1641 Designatio

105 1645 237 1670 aquatorum.

884 272 1026 297 unnANUS

274 322 329 356 sed
353 330 478 366 semper
494 320 532 354 ab
548 321 609 355 illis
627 320 737 366 excipi,
758 325 788 354 et
804 320 927 364 quoties
944 321 1013 353 illae

275 374 474 418 emanabant,
492 376 583 409 toties
600 375 630 408 in
647 375 815 419 pristinum
832 379 861 407 et
877 384 959 413 eum,
984 373 1014 405 in

274 439 337 473 quo
354 433 451 470 erant,
468 428 695 462 validissimum
716 432 829 461 statum
846 426 1013 467 restitutas,

274 481 428 525 repositas
456 487 486 515 et
512 481 652 526 plenarie
676 480 892 523 reintegratas,
917 489 952 511 ac
977 479 1015 511 dc

275 545 357 569 novo
371 534 463 568 etiam
481 534 538 568 sub
551 544 748 578 quacumque
762 531 929 576 posteriori
945 531 1016 564 data

276 599 332 633 per
345 599 404 633 pro
422 591 562 632 tempore
578 586 745 620 existentes
759 585 952 619 cardinalem
970 596 1017 618 su-

275 641 545 686 perintendentem
561 645 591 674 et
608 643 863 673 conservatorem
880 638 954 672 dicti
971 649 1018 671 ar-

277 695 370 729 chivii
398 693 553 738 generalis
585 693 847 737 quandocumque
875 692 1018 735 eligenda

277 758 459 788 concessas,
483 746 663 790 validasque
688 751 718 779 et
743 746 898 788 efficaces,
924 746 1016 778 etiam

276 802 361 846 quod
377 802 408 834 in
425 801 507 834 dicta
526 802 651 834 camera
668 800 840 844 apostolica
857 800 943 833 nullo
960 810 1017 832 un-

276 865 371 899 quam
396 859 538 899 tempore
561 858 839 898 praesentarentur
864 857 916 888 aut
940 853 1019 896 regi-

276 912 460 951 strarentur,
486 908 553 942 sore
577 913 606 941 et
624 918 708 948 esse;
1034 911 1036 952 j

321 962 336 1006 g
353 960 382 994 8.
404 961 527 1005 Sicque,
544 965 575 994 et
590 971 653 995 non
670 961 756 1002 alias,
775 971 832 1005 per
848 971 1017 1005 quoscum-

276 1026 338 1060 que
358 1015 487 1056 iudices,
507 1014 601 1048 etiam
627 1025 791 1048 causarum
817 1014 922 1058 palatii
947 1024 1019 1058 apo—

277 1068 378 1103 stolici
403 1068 582 1111 auditores,
607 1073 637 1102 et
661 1078 805 1101 camerae
828 1068 1018 1112 apostolicae

277 1122 491 1167 praesidentes
523 1122 675 1163 clericos,
700 1133 736 1155 ae
760 1122 854 1155 etiarn
878 1121 1017 1155 eiusdem

277 1181 403 1210 sanctae
426 1176 584 1209 Romanae
608 1176 763 1209 Ecclesiae
788 1175 1036 1216 camerarium,.

277 1235 307 1263 et
331 1229 409 1263 alios
433 1229 616 1270 cardinales,
641 1229 763 1262 sublata
789 1229 833 1262 eis
854 1233 883 1263 et
907 1210 1036 1262 eorumi

277 1282 404 1316 cuilibet
427 1281 536 1326 quavis
561 1282 651 1315 aliter
676 1282 834 1315 iudicandi
865 1288 894 1315 et
922 1282 1018 1315 inter-

276 1335 420 1380 pretandi
442 1336 597 1378 facultate,
619 1335 750 1369 iudicari
768 1341 798 1369 et
823 1335 947 1369 definiri
970 1335 1037 1368 de-;

277 1389 363 1430 bere,
387 1389 513 1423 irritum
538 1400 662 1434 quoque
688 1394 717 1423 et
741 1390 849 1430 inane,
882 1390 907 1423 si
931 1400 1037 1423 secus*

279 1454 373 1488 super
392 1443 441 1477 his
465 1454 483 1476 a
507 1454 676 1487 quoquam,
693 1443 801 1488 quavis
825 1444 1018 1485 auctoritate,

278 1498 414 1531 scienter
452 1498 499 1530 vel
530 1498 734 1541 ignoranter,
767 1498 934 1541 contigerit
967 1499 1037 1529 at-'

279 1551 402 1585 tentari.

324 1605 339 1649 ξ
363 1605 391 1638 9.
416 1604 569 1644 Quocirca
597 1604 718 1638 dilectis
752 1605 825 1637 filiis
849 1605 941 1638 Urbis
965 1615 1019 1637 no-

280 1662 362 1691 strae
386 1657 600 1701 gubernatori,
618 1662 648 1690 et
665 1668 830 1690 causarum
852 1657 957 1690 curiae
977 1658 1021 1690 di-

280 1714 346 1745 ctae
371 1721 514 1744 camerae
539 1711 678 1754 generali
703 1711 849 1753 auditori,
867 1715 896 1745 et
916 1706 1039 1744 dilecti'

279 1764 336 1797 filii
359 1765 459 1798 nostri
482 1765 514 1797 in
531 1764 639 1798 eadem
658 1764 752 1804 Urbe,
772 1764 902 1808 eiusque
919 1764 1039 1797 distri-'

279 1822 331 1851 ctu
355 1818 463 1852 vicarii
495 1819 525 1851 in
558 1818 773 1862 spiritualibus
809 1819 965 1861 generalis
990 1819 1039 1852 inl

279 1872 422 1906 civilibus
446 1872 547 1906 causis
575 1873 800 1906 locumtenenti
835 1877 923 1906 motu
952 1873 1021 1917 pari

280 1936 338 1970 per
362 1926 532 1970 apostolica
566 1925 683 1970 scripta
707 1925 893 1959 mandamus
908 1953 915 1967 ,
944 1937 1021 1970 qua-

280 1984 370 2013 tenus
394 1980 465 2024 ipsi,
483 1981 530 2014 vel
556 1980 628 2021 duo,
651 1986 703 2013 aut
723 1990 803 2013 unus
824 1991 945 2021 eorum,
964 1988 1039 2024 per:

280 2044 322 2076 se,
336 2034 383 2067 vel
400 2034 507 2075 aliurn,
520 2045 574 2067 seu
591 2034 679 2075 alios,
693 2039 875 2078 praesentes
892 2035 1020 2076 litteras,

280 2092 310 2120 et
340 2087 372 2120 in
404 2087 449 2120 eis
480 2092 624 2121 contenta
648 2098 880 2132 quaecumque,
905 2088 959 2121 ubi
992 2093 1021 2121 et

279 2142 404 2185 quando
429 2152 508 2186 opus
528 2142 632 2184 fuerit,
650 2152 685 2175 ac
705 2142 827 2186 quoties
849 2153 908 2186 pro
932 2147 1020 2186 parte

281 2194 437 2228 Francisci
458 2195 624 2228 cardinalis
649 2200 679 2228 et
702 2195 822 2228 Camilli
847 2195 1021 2239 praedicto—

281 2258 363 2287 rum,
383 2258 419 2281 ae
434 2259 492 2292 pro
509 2253 650 2293 tempore
667 2249 866 2282 existentium
883 2249 956 2283 dicti
973 2260 1021 2282 ar-

283 2300 376 2333 chivii
394 2305 582 2345 protectoris
599 2308 629 2336 et
650 2304 887 2344 conservatoris,
904 2303 1021 2337 suerint

283 2353 443 2397 requisiti,
469 2355 650 2389 solemniter
674 2356 879 2400 publicantes,
897 2356 1020 2401 illisque

283 2407 417 2441 efficacis
441 2407 628 2443 defensionis
651 2410 807 2454 praesidio
832 2410 1019 2453 assistentes,

283 2461 398 2494 saciant
421 2461 545 2494 easdem
568 2468 757 2507 praesentes,
775 2465 852 2498 etin
877 2465 922 2498 eis
946 2475 1021 2498 con-

283 2519 367 2547 tenta
383 2514 627 2559 huiusmodi,ab
640 2518 795 2560 omnibus,
811 2517 849 2550 ad
862 2529 940 2561 quos
957 2529 1023 2562 spe-

284 2570 345 2601 etat
362 2572 392 2600 et
407 2578 465 2611 pro
486 2572 628 2612 tempore
652 2571 814 2614 spectabit,
839 2571 972 2604 firmiter
993 2577 1022 2604 et

284 2619 504 2654 inviolabiliter
535 2621 715 2663 observari3
750 2634 786 2657 ac
820 2623 1021 2657 Franciscum

284 2674 475 2709 cardinalem
499 2680 529 2710 et
548 2676 721 2719 Camillum,
738 2688 773 2712 ac
796 2689 857 2723 pro
882 2684 1023 2723 tempore

1051 272 1107 296 vm
1134 272 1182 296 rr.
1692 261 1750 295 391

1047 320 1214 353 existentes
1238 325 1449 364 protectorem
1475 324 1506 352 et
1536 324 1788 352 conservatorem

1048 372 1237 413 huiusmodi,
1262 373 1323 405 illis
1348 373 1478 417 pacifice
1504 372 1564 405 l'rui
1589 377 1619 405 et
1643 372 1789 415 gaudere,

1048 436 1110 457 non
1134 426 1350 469 permittentes
1374 437 1427 459 eos
1457 426 1592 470 desuper
1616 436 1673 469 pcr
1696 436 1790 469 quos—

1049 489 1184 521 cumque
1201 478 1439 522 quomodolibet
1460 479 1597 517 in‹lcl›ite
1613 478 1790 519 molestari,

1049 531 1296 564 contradictores
1327 532 1483 575 quoslibet
1514 538 1544 565 ct
1573 532 1706 565 rebelles
1734 542 1791 576 per

1050 595 1197 617 censuras
1223 588 1252 619 ct
1272 595 1388 628 poenas
1413 586 1648 626 ecclesiasticas,
1669 586 1791 629 aliaque

1050 643 1227 681 opportuna
1252 638 1329 670 iuris
1365 644 1395 670 ct
1418 638 1489 671 facti
1514 639 1662 679 remedia,
1687 640 1790 683 appel-

1051 691 1164 725 latione
1188 691 1372 736 postposita,
1398 692 1638 735 compescendo,
1663 704 1698 725 ac
1726 703 1790 725 sen-

1053 745 1173 785 tentias,
1191 755 1339 778 censuras
1364 750 1394 778 ct
1418 755 1534 789 poenas
1560 746 1651 789 ipsas,
1669 748 1788 779 servata

1052 799 1154 832 forma
1178 799 1306 833 Concilii
1331 799 1525 840 Tridentini,
1550 799 1643 833 etiam
1674 799 1791 833 iteratis

1052 852 1173 885 vicibus
1205 853 1423 896 aggravando,
1455 853 1598 885 invocato
1634 852 1727 885 etiam
1754 853 1791 885 ad

1052 906 1133 947 hoc,
1162 906 1186 939 si
1219 917 1300 950 opus
1322 906 1437 947 suerit,
1458 906 1574 939 auxilio
1599 905 1719 939 brachii
1744 916 1792 939 se-

1052 960 1176 993 cularis.

1096 1013 1171 1057 510.
1184 1014 1252 1047 Non
1263 1013 1458 1047 obstantibus
1472 1013 1661 1058 praemissis,
1671 1017 1710 1055 et,
1720 1025 1792 1058 qua-

1052 1072 1141 1101 tenus
1155 1078 1234 1112 opus
1248 1067 1296 1108 sit,
1313 1069 1421 1101 nostra
1437 1067 1474 1100 de
1491 1077 1553 1101 non
1570 1068 1708 1101 tollendo
1723 1068 1792 1101 iure

1051 1121 1207 1165 quaesito,
1237 1132 1272 1154 ac
1292 1120 1390 1154 felicis
1414 1121 1642 1155 reeordationis
1666 1121 1710 1153 Pii
1735 1122 1791 1154 Pa-

1052 1185 1109 1218 pae
1118 1175 1166 1215 lv,
1181 1175 1274 1207 etiam
1287 1175 1540 1219 praedecessoris
1552 1174 1663 1215 nostri,
1675 1174 1733 1207 sub
1743 1174 1793 1207 da-

1052 1233 1119 1261 tum
1132 1228 1276 1261 videlicet
1293 1238 1347 1262 vm
1361 1228 1430 1261 idus
1444 1228 1578 1271 augusti,
1591 1227 1793 1272 pontificatus

1052 1282 1099 1314 sui
1123 1292 1204 1315 anno
1225 1292 1257 1315 vl
1274 1281 1355 1316 edita
1368 1280 1386 1322 ¹,
1412 1281 1494 1314 inter
1517 1282 1576 1314 alia
1596 1281 1792 1325 disponente,

1052 1336 1136 1380 quod
1150 1346 1258 1369 omnes
1269 1336 1388 1379 gratiae
1402 1337 1631 1380 qualecumque
1642 1337 1793 1369 interesse

1053 1400 1195 1422 camerae
1220 1395 1443 1422 concernentes
1467 1390 1548 1422 infra
1573 1394 1692 1422 certum
1717 1389 1793 1422 inibi

1053 1453 1236 1487 expressum
1252 1448 1376 1487 tempus
1394 1443 1425 1475 in
1441 1443 1551 1476 eadem
1566 1444 1690 1475 camera
1707 1453 1794 1486 prae-

1054 1496 1170 1529 sentari
1187 1502 1218 1529 et
1234 1496 1396 1539 registrari
1415 1496 1558 1537 debeant,
1576 1496 1707 1540 aliisque
1724 1507 1795 1530 con-

1054 1551 1268 1584 stitutionibus
1285 1555 1314 1585 et
1330 1551 1579 1584 ordinationibus
1603 1550 1794 1594 apostolicis,

1054 1615 1089 1637 ac
1114 1604 1205 1637 L'rbis
1230 1610 1257 1637 et
1276 1604 1409 1637 aliarum
1426 1615 1698 1648 quarumcumque
1723 1604 1795 1638 civi-

1054 1663 1163 1699 tatum,
1188 1658 1342 1698 locorum,
1363 1658 1562 1701 oppidorum,
1584 1657 1795 1699 districtuum,

1054 1722 1176 1744 necnon
1201 1711 1419 1754 collegiorum,
1444 1711 1725 1753 monasteriorum,
1750 1722 1796 1744 ec-

1055 1764 1222 1798 clesiarum
1244 1769 1274 1797 et
1291 1764 1425 1797 aliorum
1449 1764 1575 1808 piorum
1600 1769 1630 1797 et
1648 1774 1711 1797 non
1727 1764 1796 1808 pio-

1055 1830 1126 1852 rum
1150 1819 1305 1859 locorum,
1330 1819 1424 1851 etiam
1448 1818 1642 1860 iuramento,
1674 1819 1793 1852 confir-

1055 1872 1191 1906 matione
1216 1872 1411 1916 apostolica,
1440 1872 1488 1904 vel
1516 1872 1623 1915 quavis
1647 1871 1796 1905 firmitate

1055 1927 1115 1959 alia
1143 1926 1309 1968 roboratis,
1339 1925 1475 1965 statutis,
1504 1926 1794 1966 reformationibus,

1055 1981 1188 2015 decretis
1220 1986 1250 2012 et
1288 1980 1589 2021 consuetudinibus,
1622 1980 1795 2024 privilegiis

1055 2045 1192 2079 quoque,
1209 2033 1337 2067 indultis
1355 2037 1384 2067 et
1407 2034 1519 2067 litteris
1535 2034 1725 2078 apostolicis,
1747 2045 1796 2067 ex-

1055 2088 1277 2132 emptionibus,
1304 2087 1554 2120 immunitatibus
1576 2092 1606 2120 et
1622 2088 1795 2121 concessio-

1054 2141 1146 2174 nibus
1170 2142 1347 2175 officiorum
1377 2147 1407 2173 et
1430 2141 1665 2183 notariatuum,
1701 2141 1794 2174 etiam

1036 2195 1143 2241 ,titulo
1169 2205 1313 2238 oneroso,
1332 2200 1395 2227 tam
1419 2205 1437 2227 a
1462 2194 1562 2236 nobis,
1584 2205 1677 2237 quam
1698 2205 1715 2227 a
1739 2195 1796 2228 Ro-

1054 2249 1154 2282 manis
1186 2249 1388 2282 Pontificibus
1419 2248 1715 2292 praedecessoribus
1738 2259 1795 2281 no-

1054 2303 1126 2336 stris
1144 2308 1174 2336 et
1190 2304 1315 2336 camera
1339 2303 1508 2347 praedicta,
1530 2303 1623 2335 etiam
1640 2313 1697 2346 per
1713 2303 1794 2335 viam

1054 2361 1242 2399 contractus,
1268 2367 1323 2389 seu
1353 2357 1429 2389 alias
1453 2356 1707 2400 quomodolibet,
1731 2360 1793 2389 tam

1054 2410 1222 2455 praedictis
1259 2410 1405 2443 omnibus
1445 2415 1474 2442 et
1510 2410 1640 2453 singulis
1657 2437 1665 2451 ‚
1701 2420 1794 2454 quam

1055 2465 1147 2498 etiam
1172 2463 1337 2503 iudicibus
1363 2463 1557 2503 officialibus,
1577 2463 1794 2507 scriptoribus,

1055 2518 1205 2559 notariis,
1227 2528 1400 2561 eorumque
1426 2517 1566 2560 collegiis
1591 2522 1620 2550 et
1644 2518 1791 2562 superio-

1056 2572 1154 2614 ribus,
1172 2571 1354 2615 dictaequae
1378 2581 1531 2613 camerae,
1546 2571 1674 2616 eiusque
1691 2582 1795 2605 causa-

1093 2644 1104 2670 1
1131 2643 1203 2670 Haec
1226 2642 1328 2678 pluries
1353 2642 1434 2670 citata
1458 2642 1612 2672 constitutio
1641 2642 1738 2679 legitur
1767 2644 1794 2671 in

1055 2690 1122 2717 tom.
1138 2694 1186 2723 vu,
1202 2695 1264 2723 pag.
1280 2686 1331 2714 375
1347 2687 1383 2722 (n.
1400 2686 1447 2723 τ.).

1803 271 1986 299 An.c.1625

1857 1028 1990 1048 Obstanumu

1808 1053 1924 1079 derogatio.
