2269 3235
101 263 149 290 An.
166 261 194 289 C.
216 260 283 288 1624

135 1763 164 1784 Ad
181 1762 292 1789 pontifica—

109 1792 151 1811 tum
162 1792 245 1810 erectus
253 1788 292 1810 Ui·-

109 1816 175 1838 banus
185 1816 290 1837 huiusmo-

109 1843 129 1864 d·
159 1842 294 1864 constitutio-

109 1875 146 1891 ne·
160 1869 276 1895 coufirmat,

903 258 1046 283 URBANUS
1064 258 1120 283 vm
1140 259 1187 283 Pr.

1709 247 1775 282 255
1821 258 1871 284 An.
1887 258 1914 285 c.
1937 256 2004 285 162⁴

299 308 471 342 desiderari
486 308 718 349 monstraverit,
731 313 783 341 aut
796 308 965 341 obscurum
980 307 1041 339 suc-
1055 309 1058 322 ¹
1074 318 1166 350 quam
1192 307 1262 340 facti
1287 306 1435 347 desectus,
1460 306 1485 339 si
1510 306 1563 350 qui
1584 305 1718 350 desuper
1738 316 1811 350 quo-

300 361 350 402 rit,
368 361 414 394 vel
432 360 626 403 ambiguum,
642 361 672 394 id
689 366 884 405 protectores
901 364 931 392 et
951 371 1040 404 supe-

299 415 411 455 riores,
435 425 470 448 re
494 420 617 448 mature
641 425 747 448 coram
772 413 905 447 Domino
930 413 1037 446 consi-

302 467 419 510 derata,
437 479 472 501 ex
489 468 649 502 communi
666 467 819 507 omnium,
844 466 897 510 qui
923 466 1040 500 Romae

304 521 429 564 suerint,
455 531 608 555 consensu
631 521 808 565 suppleant,
832 519 992 553 declarent
1011 524 1041 553 et

301 574 475 608 extendant.

343 628 453 662 Nullus
483 631 587 660 autem
619 629 779 671 protector
811 629 863 660 aut
896 626 1040 670 superior

300 680 499 725 dispensandi
524 690 620 724 super
646 679 920 713 constitutionibus
946 685 1037 724 pote-

301 739 411 768 statem
436 734 559 774 habeat,
583 733 644 766 illis
669 733 791 766 casibus
815 733 963 778 exceptis,
987 734 1040 777 qui

301 798 449 832 expresse
476 787 507 820 in
538 786 745 819 instructione
773 790 802 821 et
829 786 1041 820 declaratione

300 842 407 875 nostra
422 844 637 874 numerantur.
655 840 715 873 Sed
732 840 757 873 si
777 842 839 884 qua
858 841 888 873 in
906 850 940 873 re
955 851 1043 885 prae-

300 899 385 927 terea
398 893 642 938 dispensandum
657 894 705 934 sit,
719 894 750 926 id
764 894 817 927 fiat
830 893 867 927 de
879 894 1041 928 communi

300 946 441 982 omnium
459 952 687 991 protectorum,
707 948 760 992 qui
781 948 899 981 Romae
916 948 1042 989 suerint,

300 1006 331 1035 et
347 1002 547 1046 superiorum
564 1011 729 1041 consensu,
750 1001 845 1045 idque
862 1012 945 1043 raro,
971 1012 1041 1045 gra-

300 1066 353 1089 ves
368 1055 409 1089 ob
429 1065 551 1096 causas,
576 1060 668 1099 atque
688 1054 741 1087 ubi
765 1055 850 1088 nulla
870 1055 909 1088 sit
929 1055 1042 1099 privati

302 1109 459 1143 commodi
474 1114 526 1142 aut
538 1109 657 1152 gratiae
678 1108 825 1152 suspicio.
839 1108 923 1147 Quae
938 1109 1042 1141 omnia

301 1167 331 1196 et
355 1162 489 1206 singula,
509 1163 595 1197 iuxta
608 1162 846 1195 instructionem
863 1172 956 1205 quam
974 1173 1044 1206 pro-

301 1221 437 1250 tectores
464 1220 495 1248 et
519 1220 624 1249 rector
648 1225 666 1248 a
688 1215 780 1249 nobis
797 1215 975 1259 specialiter
988 1216 1044 1248 ha-

301 1269 441 1310 bebunt,
470 1268 509 1302 ab
531 1268 677 1302 omnibus
701 1273 764 1301 tam
789 1268 925 1301 alumnis
949 1279 1043 1312 quam

302 1323 372 1355 aliis
404 1322 657 1367 quibuscumque
685 1322 723 1355 ad
752 1322 921 1365 collegium
947 1323 1044 1366 perti-

302 1376 458 1416 nentibus,
476 1376 570 1409 etiam
594 1375 810 1409 sacerdotibus
827 1380 857 1409 et
877 1376 1044 1418 religiosis,

302 1429 361 1464 sub
386 1430 496 1474 poenis
520 1434 550 1464 et
573 1429 724 1469 censuris,
744 1435 863 1472 nostro,
888 1434 1045 1473 protecto-

303 1494 374 1517 rum
400 1489 453 1517 aut
477 1484 677 1528 superiorum
702 1483 834 1516 arbitrio
858 1494 917 1527 pro
934 1484 1045 1528 culpae

305 1537 400 1572 modo
413 1537 602 1580 infligendis,
620 1537 806 1569 mandamus
824 1536 1046 1570 inviolabiliter

305 1591 477 1625 observari.

372 1672 549 1716 Hucusque
573 1671 703 1715 collegii
726 1671 980 1704 constitutiones.

350 1753 365 1797 ἓ
385 1752 415 1786 3.
439 1752 636 1796 Quapropter
660 1751 698 1785 ad
716 1752 832 1785 summi
856 1752 1049 1796 apostolatus

307 1807 428 1851 apicem
449 1805 551 1840 divina
570 1806 690 1839 favente
715 1806 894 1845 clementia,
916 1806 1049 1839 subinde

307 1860 416 1901 evecti,
439 1860 628 1904 praecipuae
653 1870 688 1892 ac
711 1865 860 1903 paternae
876 1864 1001 1892 nostrae
1019 1860 1048 1892 in

308 1914 500 1949 Graecorum
520 1913 679 1946 nationem
701 1912 861 1947 charitatis
878 1923 946 1946 esse
963 1913 1051 1946 duxi-

309 1979 388 2009 muS‚
412 1978 451 2001 ne
475 1967 551 2011 quid
575 1966 613 2000 ad
638 1966 759 2000 felicem
789 1966 889 2010 ipsius
915 1967 1049 2009 collegii,

309 2022 439 2065 eiusque
455 2030 661 2065 personarum
675 2025 789 2053 statum
806 2020 1050 2061 desideraretur,

310 2080 422 2108 statuta
435 2079 465 2108 et
478 2073 719 2108 constitutiones
732 2074 922 2115 huiusmodi,
936 2085 993 2117 pro
1009 2074 1052 2106 in-

312 2128 446 2162 violabili
467 2127 594 2161 itlorum
612 2126 839 2168 observatione,
860 2128 1051 2171 apostolicae

310 2187 435 2216 nostrae
452 2181 699 2215 confirmationis
714 2181 829 2214 robore
843 2181 1050 2215 communire.
1068 2199 1070 2224 t

311 2235 395 2269 Motu
414 2235 519 2279 itaque
536 2234 679 2279 proprio,
693 2244 755 2268 non
770 2234 808 2267 ad
819 2235 950 2268 alicuius
962 2235 1052 2268 nobis
1068 2230 1069 2254 ἶ

313 2298 406 2332 super
428 2288 489 2321 hoc
513 2288 636 2321 oblatae
660 2287 819 2332 petitionis
850 2288 1030 2321 instantiam
1046 2292 1070 2336 ,ζ

314 2340 367 2374 sed
391 2340 429 2374 de
453 2343 538 2374 certa
563 2341 694 2375 scientia
718 2352 754 2375 ac
779 2344 903 2375 matura
929 2342 1049 2375 delibe-
1069 2341 1070 2358 ³
1088 2341 1273 2375 meritorum
1291 2344 1472 2375 nostrorum
1491 2339 1651 2382 suffragio,
1669 2339 1830 2372 aDomino

313 2394 434 2428 ratione
442 2394 568 2435 nostris,
577 2394 677 2439 deque
688 2395 878 2439 apostolicae
891 2396 1053 2440 potestatis
1070 2399 1071 2402 ’

313 2448 516 2494 plenitudine,
543 2453 656 2482 statuta
677 2455 707 2483 et
732 2450 970 2484 constitutiones
995 2451 1050 2484 hu-

314 2503 470 2544 iusmodi,
494 2507 602 2537 tenore
631 2505 843 2548 praesentium
859 2532 866 2545 ‚
898 2510 1071 2549 perpetuo

315 2556 526 2600 approbamus
551 2562 581 2589 et
605 2557 840 2598 confirmamus,
857 2558 983 2601 illisque
1006 2558 1053 2590 in-

315 2609 471 2643 violabilis
488 2610 677 2654 apostolicae
693 2611 850 2644 firmitatis
867 2611 966 2644 robur
982 2611 1055 2643 adii-

317 2662 437 2703 cimus,
469 2673 504 2696 ac
538 2673 645 2697 omnes
670 2668 698 2695 et
723 2663 864 2707 singulos
889 2670 951 2696 tam
977 2664 1054 2698 iuris

1070 2546 1072 2562 t

1074 361 1245 394 modolibct
1270 360 1508 401 intervenerint,
1533 360 1723 404 supplemus.

1118 414 1132 457 ἓ
1156 414 1185 447 lt.
1211 414 1418 447 Decernentcs
1444 418 1556 448 statuta
1576 419 1605 447 et
1622 413 1814 448 constitutio-

1073 476 1128 499 nes
1145 467 1324 500 huiusmodi
1345 478 1361 499 a
1380 467 1540 500 modernis
1557 472 1587 500 et
1600 478 1657 511 pro
1672 472 1814 511 tempore

1074 519 1279 552 existentibus
1303 520 1377 553 dicti
1402 521 1526 563 collegii
1555 526 1697 561 rectore,
1723 520 1813 553 mini-

1074 572 1146 605 stris
1167 578 1197 605 et
1213 573 1358 614 alumnis,
1376 574 1552 616 ceterisque
1579 573 1617 606 ad
1645 584 1724 618 quos
1748 583 1815 617 spe-

1074 631 1136 659 ctat
1159 631 1190 659 et
1214 626 1246 659 in
1271 627 1410 659 futurum
1436 627 1604 670 spectabit,
1629 627 1763 660 firmiter
1786 630 1817 661 et

1074 680 1296 713 inviolabiliter
1320 680 1481 713 observari
1507 684 1537 713 et
1561 679 1736 724 adimpleri.

1119 735 1133 777 §
1150 733 1179 767 5.
1197 734 1321 778 Sicque,
1338 739 1368 766 ct
1383 743 1446 767 non
1463 733 1563 774 aliter,
1581 744 1636 777 per
1650 744 1818 777 quoscum·

1074 798 1135 832 que
1153 787 1271 820 iudices
1287 787 1465 820 ordinarios
1482 791 1512 819 et
1529 786 1700 829 delegatos,
1723 787 1817 819 etiam

1075 852 1242 874 causarum
1269 841 1375 885 palatii
1398 840 1562 884 apostolici
1587 839 1746 873 auditores
1771 839 1817 872 iu-

1075 894 1173 928 dicari
1202 900 1233 927 et
1260 894 1385 927 definiri
1418 894 1553 934 debere,
1579 904 1615 926 ac
1639 892 1763 927 irritum
1788 898 1819 926 et

1076 950 1177 991 inane,
1187 949 1212 982 si
1223 959 1313 982 secus
1323 959 1419 993 super
1431 948 1481 981 his
1493 958 1510 981 a
1525 957 1692 992 quoquam,
1707 947 1818 992 quavis

1075 1003 1271 1043 auctoritate,
1289 1003 1423 1035 scienter
1440 1002 1488 1034 vel
1506 1001 1700 1045 ignoranter,
1719 1001 1817 1034 conti-

1076 1057 1158 1099 gerit
1182 1055 1338 1090 attentari.

1121 1110 1136 1152 §
1160 1109 1189 1141 5.
1222 1109 1290 1142 Non
1320 1108 1518 1142 obstantibus
1544 1106 1820 1141 constitutionibus

1077 1168 1107 1195 et
1138 1162 1388 1196 ordinationibus
1416 1161 1618 1206 apostolicis,
1646 1161 1820 1205 privilegiis

1077 1225 1214 1260 quoque,
1240 1215 1369 1248 indultis
1395 1219 1425 1249 et
1447 1215 1559 1248 litteris
1584 1214 1764 1258 apostolicis
1788 1214 1821 1247 in

1078 1269 1272 1303 contrarium
1292 1268 1531 1312 quomodolibet
1555 1268 1724 1308 concessis,
1750 1277 1821 1301 con—

1078 1323 1211 1355 firmatis
1235 1325 1265 1355 et
1289 1321 1452 1354 innovatis.
1477 1321 1596 1360 Quibus
1621 1321 1767 1354 omnibus
1791 1326 1821 1353 et

1078 1376 1221 1419 singulis,
1241 1386 1350 1408 eoruin
1376 1381 1501 1408 tenores
1522 1374 1739 1418 praesentibus
1763 1384 1821 1417 pro

1079 1430 1168 1474 plene
1193 1434 1223 1462 et
1247 1428 1439 1462 sufficienter
1463 1428 1621 1472 expressis
1649 1427 1821 1468 habentes,

1080 1484 1138 1516 hac
1162 1483 1229 1516 vice
1252 1482 1413 1515 dumtaxat
1430 1481 1607 1525 specialiter
1626 1486 1657 1514 et
1673 1491 1823 1525 expresse

1080 1538 1280 1579 derogamus,
1301 1535 1478 1578 ceterisque
1501 1534 1669 1568 contrariis
1693 1534 1823 1578 quibus-

1081 1600 1227 1633 cumque.

1125 1644 1235 1676 Datum
1249 1643 1376 1682 Romae,
1388 1641 1470 1686 apud
1484 1641 1513 1675 S.
1526 1640 1655 1675 Mariam
1664 1641 1823 1682 Maiorem,

1082 1698 1139 1730 sub
1150 1697 1266 1729 annulo
1281 1696 1458 1735 Piscatoris,
1476 1695 1526 1727 dic
1542 1704 1622 1728 xxm
1642 1695 1824 1728 novembris

1082 1761 1235 1791 iuncxxiv‚
1260 1750 1461 1794 pontificatus
1485 1749 1584 1782 nostri
1609 1758 1691 1782 anno
1715 1759 1746 1782 11.

1119 1814 1176 1841 Dat.
1193 1813 1237 1841 die
1251 1813 1286 1840 23
1302 1811 1458 1839 novembris
1474 1811 1552 1846 16:24,
1569 1811 1663 1847 pontif.
1681 1819 1752 1838 anno
1771 1817 1798 1838 u.

1864 426 1905 457 rias
1924 432 1949 448 u·
1971 433 2012 449 soi·

1830 459 1894 475 vani
1927 456 1952 474 ot.

1859 746 1977 767 Ctausutao.

1904 1117 2018 1143 nauigatio

1835 1145 1996 1166 contrariorum.

1405 1928 1504 1962 XCIX.

1066 2012 1068 2016 ·
1084 2001 1288 2044 Beatificatio
1297 2001 1492 2034 venerabilis
1501 2001 1584 2033 serm·
1590 1999 1651 2034 Dei
1658 1999 1828 2033 Francisci

1129 2055 1251 2097 Boryz'a
1262 2054 1429 2088 Societatz's
1438 2054 1522 2095 Iesu,
1532 2064 1605 2086 cum
1615 2053 1743 2085 indulto
1753 2053 1829 2086 reci-

1131 2108 1264 2141 tationis
1277 2107 1377 2151 officii
1390 2118 1427 2139 ac
1443 2107 1562 2139 missae
1574 2104 1826 2139 celebrationis¹.

1290 2180 1426 2206 Urbanus
1447 2179 1526 2213 Papa
1546 2178 1623 2211 vm,

1209 2226 1244 2252 ad
1264 2227 1442 2258 perpetuam
1461 2224 1505 2250 rei
1526 2223 1708 2250 memoriam.

1132 2288 1164 2320 ln
1189 2286 1267 2321 Sede
1292 2285 1445 2331 Principis
1478 2286 1713 2330 apostolorum,
1742 2285 1829 2319 nullo
1872 2293 1992 2315 Exordium.

1088 2395 1259 2435 constituti,
1285 2395 1346 2439 piis
1370 2394 1510 2427 fidelium
1535 2394 1625 2434 votis,
1642 2393 1757 2437 quibus
1773 2393 1832 2426 vir-

1089 2453 1188 2484 tutum
1201 2449 1335 2492 largitor
1352 2448 1383 2481 in
1400 2448 1498 2481 servis
1515 2447 1578 2481 suis
1592 2447 1831 2487 honorificatur,

1087 2504 1222 2537 libenter
1245 2502 1424 2542 annuimus,
1449 2511 1547 2545 eaque
1571 2501 1730 2535 favoribus
1756 2512 1830 2545 pro-

1088 2557 1250 2601 sequimur
1274 2556 1469 2600 opportunis.

1132 2612 1155 2654 §-
1182 2610 1210 2642 1.
1237 2610 1313 2643 Cum
1338 2610 1461 2653 itaque,
1486 2609 1566 2642 sicut
1589 2608 1722 2643 dilectus
1746 2608 1830 2642 silius
1846 2613 2030 2665 crefflffijgfflggj

1088 2669 1194 2698 noster
1211 2663 1329 2708 Gaspar
1345 2663 1426 2696 tituli
1444 2662 1574 2697 Sanctae
1591 2662 1698 2697 Crucis
1714 2662 1744 2695 in
1758 2661 1831 2696 Hie·
1846 2666 1909 2688 tionis
1921 2667 2010 2688 rituum:
