<?xml version="1.0" encoding="UTF-8"?>
<!DOCTYPE html PUBLIC "-//W3C//DTD XHTML 1.0 Transitional//EN"
    "http://www.w3.org/TR/xhtml1/DTD/xhtml1-transitional.dtd">
<html xmlns="http://www.w3.org/1999/xhtml" xml:lang="en" lang="en">
 <head>
  <title>
</title>
<meta http-equiv="Content-Type" content="text/html;charset=utf-8" />
  <meta name='ocr-system' content='tesseract 3.04.00' />
  <meta name='ocr-capabilities' content='ocr_page ocr_carea ocr_par ocr_line ocrx_word'/>
</head>
<body>
  <div class='ocr_page' id='page_1' title='image "./bullarumdiplomat13cath_0334.png"; bbox 0 0 2269 3235; ppageno 0'>
   <div class='ocr_carea' id='block_1_1' title="bbox 244 272 1210 1758">
    <p class='ocr_par' dir='ltr' id='par_1_1' title="bbox 244 272 536 312">
     <span class='ocr_line' id='line_1_1' title="bbox 244 272 536 312; baseline -0.021 0"><span class='ocrx_word' id='word_1_1' title='bbox 244 282 428 312; x_wconf 72' lang='lat' dir='ltr'>An.C.162.·›</span> <span class='ocrx_word' id='word_1_2' title='bbox 472 272 536 308; x_wconf 70' lang='lat'>298</span> 
     </span>
    </p>

    <p class='ocr_par' dir='ltr' id='par_1_2' title="bbox 443 323 1191 796">
     <span class='ocr_line' id='line_1_2' title="bbox 487 323 1184 374; baseline -0.013 -11"><span class='ocrx_word' id='word_1_3' title='bbox 487 331 502 374; x_wconf 65' lang='lat' dir='ltr'>g</span> <span class='ocrx_word' id='word_1_4' title='bbox 525 330 554 364; x_wconf 70' lang='lat'>2.</span> <span class='ocrx_word' id='word_1_5' title='bbox 580 329 719 372; x_wconf 76' lang='lat' dir='ltr'>Insuper,</span> <span class='ocrx_word' id='word_1_6' title='bbox 740 326 823 371; x_wconf 86' lang='lat' dir='ltr'>quod</span> <span class='ocrx_word' id='word_1_7' title='bbox 848 324 937 358; x_wconf 84' lang='lat' dir='ltr'>sinito</span> <span class='ocrx_word' id='word_1_8' title='bbox 961 323 1095 357; x_wconf 83' lang='lat' dir='ltr'>concilio</span> <span class='ocrx_word' id='word_1_9' title='bbox 1113 333 1184 367; x_wconf 87' lang='lat' dir='ltr'>pro-</span> 
     </span>
     <span class='ocr_line' id='line_1_3' title="bbox 443 377 1185 423; baseline -0.012 -5"><span class='ocrx_word' id='word_1_10' title='bbox 443 384 578 423; x_wconf 87' lang='lat' dir='ltr'>vinciali,</span> <span class='ocrx_word' id='word_1_11' title='bbox 604 382 683 415; x_wconf 89' lang='lat' dir='ltr'>infra</span> <span class='ocrx_word' id='word_1_12' title='bbox 708 390 835 419; x_wconf 91' lang='lat' dir='ltr'>annum,</span> <span class='ocrx_word' id='word_1_13' title='bbox 853 383 886 411; x_wconf 93' lang='lat' dir='ltr'>ut</span> <span class='ocrx_word' id='word_1_14' title='bbox 908 377 1096 422; x_wconf 78' lang='lat' dir='ltr'>praefertur,</span> <span class='ocrx_word' id='word_1_15' title='bbox 1114 387 1185 410; x_wconf 90' lang='lat' dir='ltr'>con·</span> 
     </span>
     <span class='ocr_line' id='line_1_4' title="bbox 445 430 1186 471; baseline -0.011 -2"><span class='ocrx_word' id='word_1_16' title='bbox 445 436 584 471; x_wconf 86' lang='lat' dir='ltr'>vocando</span> <span class='ocrx_word' id='word_1_17' title='bbox 609 440 639 468; x_wconf 90' lang='lat' dir='ltr'>et</span> <span class='ocrx_word' id='word_1_18' title='bbox 664 432 861 471; x_wconf 82' lang='lat' dir='ltr'>celebrando,</span> <span class='ocrx_word' id='word_1_19' title='bbox 878 442 913 464; x_wconf 85' lang='lat' dir='ltr'>cx</span> <span class='ocrx_word' id='word_1_20' title='bbox 935 435 1009 463; x_wconf 89' lang='lat' dir='ltr'>tunc</span> <span class='ocrx_word' id='word_1_21' title='bbox 1026 430 1065 463; x_wconf 89' lang='lat' dir='ltr'>de</span> <span class='ocrx_word' id='word_1_22' title='bbox 1081 434 1186 462; x_wconf 89' lang='lat' dir='ltr'>cetero</span> 
     </span>
     <span class='ocr_line' id='line_1_5' title="bbox 445 483 1186 535; baseline -0.009 -12"><span class='ocrx_word' id='word_1_23' title='bbox 445 489 606 535; x_wconf 82' lang='lat' dir='ltr'>perpetuis</span> <span class='ocrx_word' id='word_1_24' title='bbox 619 486 732 521; x_wconf 84' lang='lat' dir='ltr'>futuris</span> <span class='ocrx_word' id='word_1_25' title='bbox 752 484 951 529; x_wconf 74' lang='lat' dir='ltr'>temporibus</span> <span class='ocrx_word' id='word_1_26' title='bbox 968 483 1092 526; x_wconf 79' lang='lat' dir='ltr'>singulo</span> <span class='ocrx_word' id='word_1_27' title='bbox 1112 493 1186 526; x_wconf 89' lang='lat' dir='ltr'>quo-</span> 
     </span>
     <span class='ocr_line' id='line_1_6' title="bbox 446 535 1188 587; baseline -0.011 -12"><span class='ocrx_word' id='word_1_28' title='bbox 446 554 506 587; x_wconf 85' lang='lat' dir='ltr'>que</span> <span class='ocrx_word' id='word_1_29' title='bbox 523 540 730 586; x_wconf 77' lang='lat' dir='ltr'>quadriennio</span> <span class='ocrx_word' id='word_1_30' title='bbox 750 538 851 572; x_wconf 88' lang='lat' dir='ltr'>simile</span> <span class='ocrx_word' id='word_1_31' title='bbox 872 537 1040 571; x_wconf 87' lang='lat' dir='ltr'>concilium</span> <span class='ocrx_word' id='word_1_32' title='bbox 1065 535 1188 581; x_wconf 75' lang='lat' dir='ltr'>provin-</span> 
     </span>
     <span class='ocr_line' id='line_1_7' title="bbox 447 589 1187 634; baseline -0.011 -5"><span class='ocrx_word' id='word_1_33' title='bbox 447 597 525 629; x_wconf 81' lang='lat' dir='ltr'>ciale</span> <span class='ocrx_word' id='word_1_34' title='bbox 541 605 603 629; x_wconf 92' lang='lat' dir='ltr'>non</span> <span class='ocrx_word' id='word_1_35' title='bbox 620 595 723 627; x_wconf 89' lang='lat' dir='ltr'>minus</span> <span class='ocrx_word' id='word_1_36' title='bbox 744 593 835 626; x_wconf 87' lang='lat' dir='ltr'>unius</span> <span class='ocrx_word' id='word_1_37' title='bbox 852 590 1069 625; x_wconf 80' lang='lat' dir='ltr'>hebdomadae</span> <span class='ocrx_word' id='word_1_38' title='bbox 1086 589 1187 634; x_wconf 86' lang='lat' dir='ltr'>spatio</span> 
     </span>
     <span class='ocr_line' id='line_1_8' title="bbox 448 644 1191 690; baseline -0.011 -7"><span class='ocrx_word' id='word_1_39' title='bbox 448 650 635 683; x_wconf 72' lang='lat' dir='ltr'>diwaturum</span> <span class='ocrx_word' id='word_1_40' title='bbox 653 648 747 681; x_wconf 90' lang='lat' dir='ltr'>modo</span> <span class='ocrx_word' id='word_1_41' title='bbox 761 653 790 680; x_wconf 86' lang='lat' dir='ltr'>et</span> <span class='ocrx_word' id='word_1_42' title='bbox 804 648 904 680; x_wconf 76' lang='lat' dir='ltr'>forma</span> <span class='ocrx_word' id='word_1_43' title='bbox 922 644 1104 690; x_wconf 75' lang='lat' dir='ltr'>praemissis</span> <span class='ocrx_word' id='word_1_44' title='bbox 1120 653 1191 677; x_wconf 89' lang='lat' dir='ltr'>con—</span> 
     </span>
     <span class='ocr_line' id='line_1_9' title="bbox 451 698 1190 740; baseline -0.009 -5"><span class='ocrx_word' id='word_1_45' title='bbox 451 703 555 737; x_wconf 79' lang='lat' dir='ltr'>vocari</span> <span class='ocrx_word' id='word_1_46' title='bbox 581 707 611 735; x_wconf 85' lang='lat' dir='ltr'>et</span> <span class='ocrx_word' id='word_1_47' title='bbox 636 701 789 735; x_wconf 83' lang='lat' dir='ltr'>celebrari</span> <span class='ocrx_word' id='word_1_48' title='bbox 818 700 947 734; x_wconf 90' lang='lat' dir='ltr'>omnino</span> <span class='ocrx_word' id='word_1_49' title='bbox 971 698 1091 737; x_wconf 84' lang='lat' dir='ltr'>debeat,</span> <span class='ocrx_word' id='word_1_50' title='bbox 1117 707 1190 740; x_wconf 89' lang='lat' dir='ltr'>apo-</span> 
     </span>
     <span class='ocr_line' id='line_1_10' title="bbox 452 750 1191 796; baseline -0.012 -6"><span class='ocrx_word' id='word_1_51' title='bbox 452 756 562 790; x_wconf 74' lang='lat' dir='ltr'>stolica</span> <span class='ocrx_word' id='word_1_52' title='bbox 591 755 798 794; x_wconf 88' lang='lat' dir='ltr'>auctoritate,</span> <span class='ocrx_word' id='word_1_53' title='bbox 823 759 932 786; x_wconf 89' lang='lat' dir='ltr'>tenore</span> <span class='ocrx_word' id='word_1_54' title='bbox 956 750 1168 796; x_wconf 85' lang='lat' dir='ltr'>praesentium</span> <span class='ocrx_word' id='word_1_55' title='bbox 1183 775 1191 790; x_wconf 92' lang='lat'><em>‚</em></span> 
     </span>
    </p>

    <p class='ocr_par' dir='ltr' id='par_1_3' title="bbox 453 805 1065 854">
     <span class='ocr_line' id='line_1_11' title="bbox 453 805 1065 854; baseline -0.015 -10"><span class='ocrx_word' id='word_1_56' title='bbox 453 815 606 854; x_wconf 88' lang='lat' dir='ltr'>perpetuo</span> <span class='ocrx_word' id='word_1_57' title='bbox 630 808 797 841; x_wconf 74' lang='lat' dir='ltr'>statuimus</span> <span class='ocrx_word' id='word_1_58' title='bbox 821 812 851 840; x_wconf 91' lang='lat' dir='ltr'>et</span> <span class='ocrx_word' id='word_1_59' title='bbox 873 805 1065 839; x_wconf 87' lang='lat' dir='ltr'>ordinamus.</span> 
     </span>
    </p>

    <p class='ocr_par' dir='ltr' id='par_1_4' title="bbox 255 855 1205 1495">
     <span class='ocr_line' id='line_1_12' title="bbox 293 855 1194 907; baseline -0.017 -5"><span class='ocrx_word' id='word_1_60' title='bbox 293 882 345 902; x_wconf 65' lang='lat' dir='ltr'>nam</span> <span class='ocrx_word' id='word_1_61' title='bbox 362 883 440 902; x_wconf 80' lang='lat' dir='ltr'>motro-</span> <span class='ocrx_word' id='word_1_62' title='bbox 499 865 514 907; x_wconf 75' lang='lat'>§</span> <span class='ocrx_word' id='word_1_63' title='bbox 537 862 567 896; x_wconf 83' lang='lat'>3.</span> <span class='ocrx_word' id='word_1_64' title='bbox 600 863 712 896; x_wconf 87' lang='lat' dir='ltr'>Dantes</span> <span class='ocrx_word' id='word_1_65' title='bbox 737 861 861 905; x_wconf 86' lang='lat' dir='ltr'>plenam</span> <span class='ocrx_word' id='word_1_66' title='bbox 886 863 917 891; x_wconf 89' lang='lat' dir='ltr'>et</span> <span class='ocrx_word' id='word_1_67' title='bbox 940 858 1077 901; x_wconf 84' lang='lat' dir='ltr'>amplam</span> <span class='ocrx_word' id='word_1_68' title='bbox 1101 855 1194 888; x_wconf 87' lang='lat' dir='ltr'>facul-</span> 
     </span>
     <span class='ocr_line' id='line_1_13' title="bbox 255 908 1194 962; baseline -0.017 -6"><span class='ocrx_word' id='word_1_69' title='bbox 255 908 440 962; x_wconf 46' lang='lat' dir='ltr'>ssssi&#39;sffipsssffliffl‘i</span> <span class='ocrx_word' id='word_1_70' title='bbox 455 922 548 952; x_wconf 88' lang='lat' dir='ltr'>tatem</span> <span class='ocrx_word' id='word_1_71' title='bbox 562 922 593 949; x_wconf 89' lang='lat' dir='ltr'>et</span> <span class='ocrx_word' id='word_1_72' title='bbox 606 915 822 949; x_wconf 84' lang='lat' dir='ltr'>auctoritatem</span> <span class='ocrx_word' id='word_1_73' title='bbox 840 913 941 946; x_wconf 88' lang='lat' dir='ltr'>eidem</span> <span class='ocrx_word' id='word_1_74' title='bbox 955 909 1194 954; x_wconf 82' lang='lat' dir='ltr'>archiepiscopo</span> 
     </span>
     <span class='ocr_line' id='line_1_14' title="bbox 257 962 1196 1013; baseline -0.014 -6"><span class='ocrx_word' id='word_1_75' title='bbox 257 962 403 990; x_wconf 57' lang='lat' dir='ltr'>‘⁰¹¹¹¹&#39;‘¹¹⁹⁰di&#39;</span> <span class='ocrx_word' id='word_1_76' title='bbox 455 981 538 1004; x_wconf 89' lang='lat' dir='ltr'>nunc</span> <span class='ocrx_word' id='word_1_77' title='bbox 563 976 592 1003; x_wconf 88' lang='lat' dir='ltr'>et</span> <span class='ocrx_word' id='word_1_78' title='bbox 616 980 675 1013; x_wconf 86' lang='lat' dir='ltr'>pro</span> <span class='ocrx_word' id='word_1_79' title='bbox 699 974 841 1012; x_wconf 87' lang='lat' dir='ltr'>tempore</span> <span class='ocrx_word' id='word_1_80' title='bbox 866 964 1008 999; x_wconf 81' lang='lat' dir='ltr'>existenti</span> <span class='ocrx_word' id='word_1_81' title='bbox 1025 969 1150 1006; x_wconf 85' lang='lat' dir='ltr'>tempus</span> <span class='ocrx_word' id='word_1_82' title='bbox 1165 966 1196 994; x_wconf 89' lang='lat' dir='ltr'>et</span> 
     </span>
     <span class='ocr_line' id='line_1_15' title="bbox 455 1015 1196 1060; baseline -0.013 -4"><span class='ocrx_word' id='word_1_83' title='bbox 455 1024 559 1057; x_wconf 89' lang='lat' dir='ltr'>locum</span> <span class='ocrx_word' id='word_1_84' title='bbox 592 1020 811 1055; x_wconf 72' lang='lat' dir='ltr'>celebrationis</span> <span class='ocrx_word' id='word_1_85' title='bbox 847 1017 1054 1051; x_wconf 89' lang='lat' dir='ltr'>conciliorum</span> <span class='ocrx_word' id='word_1_86' title='bbox 1085 1015 1196 1060; x_wconf 88' lang='lat' dir='ltr'>huius-</span> 
     </span>
     <span class='ocr_line' id='line_1_16' title="bbox 457 1070 1198 1120; baseline -0.012 -11"><span class='ocrx_word' id='word_1_87' title='bbox 457 1076 542 1110; x_wconf 92' lang='lat' dir='ltr'>modi</span> <span class='ocrx_word' id='word_1_88' title='bbox 560 1074 753 1120; x_wconf 82' lang='lat' dir='ltr'>praefigendi</span> <span class='ocrx_word' id='word_1_89' title='bbox 771 1078 800 1105; x_wconf 86' lang='lat' dir='ltr'>et</span> <span class='ocrx_word' id='word_1_90' title='bbox 820 1070 1009 1114; x_wconf 79' lang='lat' dir='ltr'>assignandi,</span> <span class='ocrx_word' id='word_1_91' title='bbox 1027 1080 1063 1102; x_wconf 94' lang='lat' dir='ltr'>ac</span> <span class='ocrx_word' id='word_1_92' title='bbox 1079 1078 1198 1113; x_wconf 88' lang='lat' dir='ltr'>poenas</span> 
     </span>
     <span class='ocr_line' id='line_1_17' title="bbox 456 1121 1199 1171; baseline -0.012 -8"><span class='ocrx_word' id='word_1_93' title='bbox 456 1130 515 1163; x_wconf 86' lang='lat' dir='ltr'>sibi</span> <span class='ocrx_word' id='word_1_94' title='bbox 539 1129 701 1162; x_wconf 80' lang='lat' dir='ltr'>benevisas</span> <span class='ocrx_word' id='word_1_95' title='bbox 725 1126 882 1171; x_wconf 80' lang='lat' dir='ltr'>episcopis</span> <span class='ocrx_word' id='word_1_96' title='bbox 902 1124 1041 1167; x_wconf 77' lang='lat' dir='ltr'>legitime</span> <span class='ocrx_word' id='word_1_97' title='bbox 1058 1132 1121 1155; x_wconf 91' lang='lat' dir='ltr'>non</span> <span class='ocrx_word' id='word_1_98' title='bbox 1142 1121 1199 1155; x_wconf 91' lang='lat' dir='ltr'>im-</span> 
     </span>
     <span class='ocr_line' id='line_1_18' title="bbox 457 1176 1200 1228; baseline -0.012 -12"><span class='ocrx_word' id='word_1_99' title='bbox 457 1183 572 1228; x_wconf 86' lang='lat' dir='ltr'>peditis</span> <span class='ocrx_word' id='word_1_100' title='bbox 604 1181 642 1214; x_wconf 89' lang='lat' dir='ltr'>ad</span> <span class='ocrx_word' id='word_1_101' title='bbox 676 1180 810 1214; x_wconf 87' lang='lat' dir='ltr'>concilia</span> <span class='ocrx_word' id='word_1_102' title='bbox 838 1176 1021 1212; x_wconf 90' lang='lat' dir='ltr'>huiusmodi</span> <span class='ocrx_word' id='word_1_103' title='bbox 1050 1186 1113 1209; x_wconf 90' lang='lat' dir='ltr'>non</span> <span class='ocrx_word' id='word_1_104' title='bbox 1148 1186 1200 1208; x_wconf 78' lang='lat' dir='ltr'>ve-</span> 
     </span>
     <span class='ocr_line' id='line_1_19' title="bbox 458 1230 1200 1278; baseline -0.011 -8"><span class='ocrx_word' id='word_1_105' title='bbox 458 1236 625 1276; x_wconf 86' lang='lat' dir='ltr'>nientibus,</span> <span class='ocrx_word' id='word_1_106' title='bbox 642 1240 682 1275; x_wconf 87' lang='lat' dir='ltr'>et,</span> <span class='ocrx_word' id='word_1_107' title='bbox 704 1234 757 1278; x_wconf 88' lang='lat' dir='ltr'>qui</span> <span class='ocrx_word' id='word_1_108' title='bbox 775 1232 927 1272; x_wconf 77' lang='lat' dir='ltr'>venerint,</span> <span class='ocrx_word' id='word_1_109' title='bbox 945 1236 1015 1264; x_wconf 86' lang='lat' dir='ltr'>ante</span> <span class='ocrx_word' id='word_1_110' title='bbox 1036 1230 1132 1263; x_wconf 88' lang='lat' dir='ltr'>finem</span> <span class='ocrx_word' id='word_1_111' title='bbox 1150 1240 1200 1263; x_wconf 91' lang='lat' dir='ltr'>ce-</span> 
     </span>
     <span class='ocr_line' id='line_1_20' title="bbox 458 1284 1202 1328; baseline -0.011 -5"><span class='ocrx_word' id='word_1_112' title='bbox 458 1289 642 1324; x_wconf 83' lang='lat' dir='ltr'>lebrationis</span> <span class='ocrx_word' id='word_1_113' title='bbox 672 1288 879 1322; x_wconf 87' lang='lat' dir='ltr'>conciliorum</span> <span class='ocrx_word' id='word_1_114' title='bbox 904 1284 1085 1318; x_wconf 86' lang='lat' dir='ltr'>huiusmodi</span> <span class='ocrx_word' id='word_1_115' title='bbox 1110 1294 1202 1328; x_wconf 89' lang='lat' dir='ltr'>prae-</span> 
     </span>
     <span class='ocr_line' id='line_1_21' title="bbox 461 1337 1203 1386; baseline -0.011 -9"><span class='ocrx_word' id='word_1_116' title='bbox 461 1344 622 1386; x_wconf 83' lang='lat' dir='ltr'>figendum</span> <span class='ocrx_word' id='word_1_117' title='bbox 653 1342 771 1385; x_wconf 88' lang='lat' dir='ltr'>absque</span> <span class='ocrx_word' id='word_1_118' title='bbox 803 1340 943 1374; x_wconf 83' lang='lat' dir='ltr'>eiusdem</span> <span class='ocrx_word' id='word_1_119' title='bbox 971 1337 1203 1381; x_wconf 86' lang='lat' dir='ltr'>archiepiscopi</span> 
     </span>
     <span class='ocr_line' id='line_1_22' title="bbox 462 1391 1205 1437; baseline -0.011 -6"><span class='ocrx_word' id='word_1_120' title='bbox 462 1397 588 1431; x_wconf 78' lang='lat' dir='ltr'>licentia</span> <span class='ocrx_word' id='word_1_121' title='bbox 612 1395 842 1435; x_wconf 76' lang='lat' dir='ltr'>recedentibus,</span> <span class='ocrx_word' id='word_1_122' title='bbox 863 1392 1045 1437; x_wconf 91' lang='lat' dir='ltr'>imponendi</span> <span class='ocrx_word' id='word_1_123' title='bbox 1071 1396 1102 1425; x_wconf 89' lang='lat' dir='ltr'>et</span> <span class='ocrx_word' id='word_1_124' title='bbox 1125 1391 1205 1424; x_wconf 89' lang='lat' dir='ltr'>inssi-</span> 
     </span>
     <span class='ocr_line' id='line_1_23' title="bbox 464 1450 567 1495; baseline -0.01 -11"><span class='ocrx_word' id='word_1_125' title='bbox 464 1450 567 1495; x_wconf 85' lang='lat' dir='ltr'>gendi.</span> 
     </span>
    </p>

    <p class='ocr_par' dir='ltr' id='par_1_5' title="bbox 464 1499 1210 1758">
     <span class='ocr_line' id='line_1_24' title="bbox 509 1499 1207 1564; baseline -0.01 -27"><span class='ocrx_word' id='word_1_126' title='bbox 509 1505 524 1548; x_wconf 65' lang='lat' dir='ltr'>g</span> <span class='ocrx_word' id='word_1_127' title='bbox 541 1504 570 1537; x_wconf 71' lang='lat'>4.</span> <span class='ocrx_word' id='word_1_128' title='bbox 587 1504 806 1564; x_wconf 52' lang='lat' dir='ltr'>Dgcerncntes,</span> <span class='ocrx_word' id='word_1_129' title='bbox 822 1504 1003 1546; x_wconf 73' lang='lat' dir='ltr'>praesentes</span> <span class='ocrx_word' id='word_1_130' title='bbox 1023 1499 1143 1533; x_wconf 74' lang='lat' dir='ltr'>litteras</span> <span class='ocrx_word' id='word_1_131' title='bbox 1159 1508 1207 1531; x_wconf 65' lang='lat' dir='ltr'>ra-</span> 
     </span>
     <span class='ocr_line' id='line_1_25' title="bbox 464 1554 1207 1596; baseline -0.008 -5"><span class='ocrx_word' id='word_1_132' title='bbox 464 1558 543 1591; x_wconf 87' lang='lat' dir='ltr'>lidas</span> <span class='ocrx_word' id='word_1_133' title='bbox 563 1562 594 1591; x_wconf 87' lang='lat' dir='ltr'>et</span> <span class='ocrx_word' id='word_1_134' title='bbox 617 1558 761 1591; x_wconf 85' lang='lat' dir='ltr'>efficaces</span> <span class='ocrx_word' id='word_1_135' title='bbox 781 1555 913 1589; x_wconf 81' lang='lat' dir='ltr'>existere</span> <span class='ocrx_word' id='word_1_136' title='bbox 930 1559 959 1587; x_wconf 89' lang='lat' dir='ltr'>et</span> <span class='ocrx_word' id='word_1_137' title='bbox 974 1554 1051 1595; x_wconf 87' lang='lat' dir='ltr'>fore,</span> <span class='ocrx_word' id='word_1_138' title='bbox 1072 1562 1207 1596; x_wconf 86' lang='lat' dir='ltr'>suosque</span> 
     </span>
     <span class='ocr_line' id='line_1_26' title="bbox 466 1606 1209 1656; baseline -0.009 -11"><span class='ocrx_word' id='word_1_139' title='bbox 466 1612 625 1656; x_wconf 90' lang='lat' dir='ltr'>plenarios</span> <span class='ocrx_word' id='word_1_140' title='bbox 655 1615 685 1644; x_wconf 87' lang='lat' dir='ltr'>et</span> <span class='ocrx_word' id='word_1_141' title='bbox 716 1610 855 1652; x_wconf 83' lang='lat' dir='ltr'>integros</span> <span class='ocrx_word' id='word_1_142' title='bbox 885 1607 1013 1640; x_wconf 80' lang='lat' dir='ltr'>effectus</span> <span class='ocrx_word' id='word_1_143' title='bbox 1049 1606 1154 1639; x_wconf 90' lang='lat' dir='ltr'>sortiri</span> <span class='ocrx_word' id='word_1_144' title='bbox 1179 1611 1209 1638; x_wconf 89' lang='lat' dir='ltr'>et</span> 
     </span>
     <span class='ocr_line' id='line_1_27' title="bbox 467 1660 1209 1708; baseline -0.009 -10"><span class='ocrx_word' id='word_1_145' title='bbox 467 1665 629 1704; x_wconf 87' lang='lat' dir='ltr'>obtinere;</span> <span class='ocrx_word' id='word_1_146' title='bbox 651 1664 758 1708; x_wconf 89' lang='lat' dir='ltr'>sicque</span> <span class='ocrx_word' id='word_1_147' title='bbox 775 1673 831 1707; x_wconf 90' lang='lat' dir='ltr'>per</span> <span class='ocrx_word' id='word_1_148' title='bbox 856 1670 1073 1705; x_wconf 79' lang='lat' dir='ltr'>quoscumque</span> <span class='ocrx_word' id='word_1_149' title='bbox 1090 1660 1209 1692; x_wconf 86' lang='lat' dir='ltr'>iudices</span> 
     </span>
     <span class='ocr_line' id='line_1_28' title="bbox 469 1714 1210 1758; baseline -0.009 -6"><span class='ocrx_word' id='word_1_150' title='bbox 469 1718 645 1754; x_wconf 84' lang='lat' dir='ltr'>ordinarios</span> <span class='ocrx_word' id='word_1_151' title='bbox 669 1720 699 1750; x_wconf 91' lang='lat' dir='ltr'>et</span> <span class='ocrx_word' id='word_1_152' title='bbox 723 1716 896 1758; x_wconf 80' lang='lat' dir='ltr'>delegatos,</span> <span class='ocrx_word' id='word_1_153' title='bbox 924 1714 1017 1747; x_wconf 88' lang='lat' dir='ltr'>etiam</span> <span class='ocrx_word' id='word_1_154' title='bbox 1043 1723 1210 1747; x_wconf 86' lang='lat' dir='ltr'>causarum</span> 
     </span>
    </p>
   </div>
   <div class='ocr_carea' id='block_1_2' title="bbox 244 346 428 425">
    <p class='ocr_par' dir='ltr' id='par_1_6' title="bbox 244 346 428 425">
     <span class='ocr_line' id='line_1_29' title="bbox 277 346 428 373; baseline -0.02 -4"><span class='ocrx_word' id='word_1_155' title='bbox 277 346 371 373; x_wconf 78' lang='lat' dir='ltr'>tttudqno</span> <span class='ocrx_word' id='word_1_156' title='bbox 387 347 428 367; x_wconf 70' lang='lat' dir='ltr'>sin—</span> 
     </span>
     <span class='ocr_line' id='line_1_30' title="bbox 246 373 428 401; baseline -0.016 -5"><span class='ocrx_word' id='word_1_157' title='bbox 246 376 298 401; x_wconf 59' lang='lat' dir='ltr'>gulis</span> <span class='ocrx_word' id='word_1_158' title='bbox 316 373 428 401; x_wconf 60' lang='lat' dir='ltr'>quadrien·</span> 
     </span>
     <span class='ocr_line' id='line_1_31' title="bbox 244 401 412 425; baseline 0 -3"><span class='ocrx_word' id='word_1_159' title='bbox 244 403 286 425; x_wconf 72' lang='lat' dir='ltr'>niis</span> <span class='ocrx_word' id='word_1_160' title='bbox 301 401 412 422; x_wconf 65' lang='lat' dir='ltr'>colubrari-</span> 
     </span>
    </p>
   </div>
   <div class='ocr_carea' id='block_1_3' title="bbox 293 1521 412 1542">
    <p class='ocr_par' dir='ltr' id='par_1_7' title="bbox 293 1521 412 1542">
     <span class='ocr_line' id='line_1_32' title="bbox 293 1521 412 1542; baseline 0 -1"><span class='ocrx_word' id='word_1_161' title='bbox 293 1521 412 1542; x_wconf 77' lang='lat' dir='ltr'>clausulae.</span> 
     </span>
    </p>
   </div>
   <div class='ocr_carea' id='block_1_4' title="bbox 470 1767 1229 1863">
    <p class='ocr_par' dir='ltr' id='par_1_8' title="bbox 470 1767 1229 1863">
     <span class='ocr_line' id='line_1_33' title="bbox 470 1767 1229 1819; baseline -0.009 -14"><span class='ocrx_word' id='word_1_162' title='bbox 470 1772 577 1819; x_wconf 89' lang='lat' dir='ltr'>palatii</span> <span class='ocrx_word' id='word_1_163' title='bbox 595 1770 758 1815; x_wconf 84' lang='lat' dir='ltr'>apostolici</span> <span class='ocrx_word' id='word_1_164' title='bbox 775 1769 944 1809; x_wconf 85' lang='lat' dir='ltr'>auditores,</span> <span class='ocrx_word' id='word_1_165' title='bbox 960 1767 1093 1800; x_wconf 87' lang='lat' dir='ltr'>iudicari</span> <span class='ocrx_word' id='word_1_166' title='bbox 1114 1772 1144 1799; x_wconf 89' lang='lat' dir='ltr'>et</span> <span class='ocrx_word' id='word_1_167' title='bbox 1163 1767 1213 1799; x_wconf 91' lang='lat' dir='ltr'>de·</span> <span class='ocrx_word' id='word_1_168' title='bbox 1228 1786 1229 1789; x_wconf 64' lang='lat'><em>=</em></span> 
     </span>
     <span class='ocr_line' id='line_1_34' title="bbox 470 1820 1229 1863; baseline -0.009 -4"><span class='ocrx_word' id='word_1_169' title='bbox 470 1826 554 1860; x_wconf 84' lang='lat' dir='ltr'>finiri</span> <span class='ocrx_word' id='word_1_170' title='bbox 578 1825 710 1863; x_wconf 70' lang='lat' dir='ltr'>debere,</span> <span class='ocrx_word' id='word_1_171' title='bbox 725 1833 760 1856; x_wconf 91' lang='lat' dir='ltr'>ac</span> <span class='ocrx_word' id='word_1_172' title='bbox 773 1822 899 1855; x_wconf 90' lang='lat' dir='ltr'>irritum</span> <span class='ocrx_word' id='word_1_173' title='bbox 920 1826 950 1854; x_wconf 89' lang='lat' dir='ltr'>et</span> <span class='ocrx_word' id='word_1_174' title='bbox 963 1821 1064 1861; x_wconf 84' lang='lat' dir='ltr'>inane,</span> <span class='ocrx_word' id='word_1_175' title='bbox 1079 1820 1103 1853; x_wconf 89' lang='lat' dir='ltr'>si</span> <span class='ocrx_word' id='word_1_176' title='bbox 1124 1827 1229 1853; x_wconf 60' lang='lat' dir='ltr'>secus*</span> 
     </span>
    </p>
   </div>
   <div class='ocr_carea' id='block_1_5' title="bbox 471 1874 1217 2250">
    <p class='ocr_par' dir='ltr' id='par_1_9' title="bbox 471 1874 1213 2084">
     <span class='ocr_line' id='line_1_35' title="bbox 471 1874 1212 1924; baseline -0.009 -11"><span class='ocrx_word' id='word_1_177' title='bbox 471 1890 569 1924; x_wconf 90' lang='lat' dir='ltr'>super</span> <span class='ocrx_word' id='word_1_178' title='bbox 592 1878 641 1911; x_wconf 87' lang='lat' dir='ltr'>his</span> <span class='ocrx_word' id='word_1_179' title='bbox 665 1888 681 1910; x_wconf 92' lang='lat' dir='ltr'>a</span> <span class='ocrx_word' id='word_1_180' title='bbox 698 1886 867 1920; x_wconf 88' lang='lat' dir='ltr'>quoquam,</span> <span class='ocrx_word' id='word_1_181' title='bbox 885 1875 992 1919; x_wconf 71' lang='lat' dir='ltr'>quavis</span> <span class='ocrx_word' id='word_1_182' title='bbox 1016 1874 1212 1915; x_wconf 82' lang='lat' dir='ltr'>auctoritate,</span> 
     </span>
     <span class='ocr_line' id='line_1_36' title="bbox 472 1928 1213 1974; baseline -0.011 -7"><span class='ocrx_word' id='word_1_183' title='bbox 472 1933 607 1967; x_wconf 84' lang='lat' dir='ltr'>scienter</span> <span class='ocrx_word' id='word_1_184' title='bbox 633 1931 681 1964; x_wconf 76' lang='lat' dir='ltr'>vel</span> <span class='ocrx_word' id='word_1_185' title='bbox 704 1931 886 1974; x_wconf 81' lang='lat' dir='ltr'>ignoranter</span> <span class='ocrx_word' id='word_1_186' title='bbox 900 1957 907 1971; x_wconf 83' lang='lat'>‚</span> <span class='ocrx_word' id='word_1_187' title='bbox 928 1928 1094 1972; x_wconf 82' lang='lat' dir='ltr'>contigerit</span> <span class='ocrx_word' id='word_1_188' title='bbox 1114 1932 1213 1960; x_wconf 83' lang='lat' dir='ltr'>atten-</span> 
     </span>
     <span class='ocr_line' id='line_1_37' title="bbox 473 1981 1210 2023; baseline -0.012 -1"><span class='ocrx_word' id='word_1_189' title='bbox 473 1988 541 2023; x_wconf 85' lang='lat' dir='ltr'>tari.</span> <span class='ocrx_word' id='word_1_190' title='bbox 573 1987 608 2020; x_wconf 93' lang='lat' dir='ltr'>In</span> <span class='ocrx_word' id='word_1_191' title='bbox 638 1983 832 2019; x_wconf 83' lang='lat' dir='ltr'>contrarium</span> <span class='ocrx_word' id='word_1_192' title='bbox 856 1982 1040 2016; x_wconf 82' lang='lat' dir='ltr'>facientibus</span> <span class='ocrx_word' id='word_1_193' title='bbox 1063 1991 1127 2015; x_wconf 91' lang='lat' dir='ltr'>non</span> <span class='ocrx_word' id='word_1_194' title='bbox 1151 1981 1210 2014; x_wconf 89' lang='lat' dir='ltr'>ob-</span> 
     </span>
     <span class='ocr_line' id='line_1_38' title="bbox 474 2039 906 2084; baseline -0.014 -9"><span class='ocrx_word' id='word_1_195' title='bbox 474 2040 628 2076; x_wconf 84' lang='lat' dir='ltr'>stantibus</span> <span class='ocrx_word' id='word_1_196' title='bbox 644 2039 906 2084; x_wconf 86' lang='lat' dir='ltr'>quibuscumque.</span> 
     </span>
    </p>

    <p class='ocr_par' dir='ltr' id='par_1_10' title="bbox 475 2089 1217 2250">
     <span class='ocr_line' id='line_1_39' title="bbox 518 2089 1217 2136; baseline -0.01 -8"><span class='ocrx_word' id='word_1_197' title='bbox 518 2095 631 2128; x_wconf 83' lang='lat' dir='ltr'>Datum</span> <span class='ocrx_word' id='word_1_198' title='bbox 651 2094 780 2133; x_wconf 84' lang='lat' dir='ltr'>Romae,</span> <span class='ocrx_word' id='word_1_199' title='bbox 797 2091 879 2136; x_wconf 88' lang='lat' dir='ltr'>apud</span> <span class='ocrx_word' id='word_1_200' title='bbox 893 2091 921 2124; x_wconf 88' lang='lat' dir='ltr'>S.</span> <span class='ocrx_word' id='word_1_201' title='bbox 935 2091 1074 2130; x_wconf 86' lang='lat' dir='ltr'>Petrum,</span> <span class='ocrx_word' id='word_1_202' title='bbox 1091 2089 1149 2122; x_wconf 89' lang='lat' dir='ltr'>sub</span> <span class='ocrx_word' id='word_1_203' title='bbox 1165 2098 1217 2122; x_wconf 90' lang='lat' dir='ltr'>an-</span> 
     </span>
     <span class='ocr_line' id='line_1_40' title="bbox 475 2143 1215 2187; baseline -0.011 -4"><span class='ocrx_word' id='word_1_204' title='bbox 475 2149 550 2183; x_wconf 89' lang='lat' dir='ltr'>nulo</span> <span class='ocrx_word' id='word_1_205' title='bbox 574 2146 764 2187; x_wconf 84' lang='lat' dir='ltr'>Piscatoris‚</span> <span class='ocrx_word' id='word_1_206' title='bbox 789 2146 839 2179; x_wconf 90' lang='lat' dir='ltr'>die</span> <span class='ocrx_word' id='word_1_207' title='bbox 863 2154 908 2179; x_wconf 83' lang='lat' dir='ltr'>x11</span> <span class='ocrx_word' id='word_1_208' title='bbox 939 2143 1043 2177; x_wconf 87' lang='lat' dir='ltr'>martii</span> <span class='ocrx_word' id='word_1_209' title='bbox 1067 2152 1215 2184; x_wconf 74' lang='lat' dir='ltr'>uncxxv,</span> 
     </span>
     <span class='ocr_line' id='line_1_41' title="bbox 475 2200 952 2250; baseline -0.015 -12"><span class='ocrx_word' id='word_1_210' title='bbox 475 2203 674 2250; x_wconf 86' lang='lat' dir='ltr'>pontificatus</span> <span class='ocrx_word' id='word_1_211' title='bbox 697 2200 797 2236; x_wconf 83' lang='lat' dir='ltr'>nostri</span> <span class='ocrx_word' id='word_1_212' title='bbox 814 2209 896 2233; x_wconf 89' lang='lat' dir='ltr'>anno</span> <span class='ocrx_word' id='word_1_213' title='bbox 920 2208 952 2232; x_wconf 91' lang='lat'>11.</span> 
     </span>
    </p>
   </div>
   <div class='ocr_carea' id='block_1_6' title="bbox 512 2261 1132 2298">
    <p class='ocr_par' dir='ltr' id='par_1_11' title="bbox 512 2261 1132 2298">
     <span class='ocr_line' id='line_1_42' title="bbox 512 2261 1132 2298; baseline -0.013 -3"><span class='ocrx_word' id='word_1_214' title='bbox 512 2267 571 2295; x_wconf 90' lang='lat' dir='ltr'>Dat.</span> <span class='ocrx_word' id='word_1_215' title='bbox 592 2266 637 2294; x_wconf 86' lang='lat' dir='ltr'>die</span> <span class='ocrx_word' id='word_1_216' title='bbox 658 2265 690 2294; x_wconf 70' lang='lat'>12</span> <span class='ocrx_word' id='word_1_217' title='bbox 709 2263 799 2293; x_wconf 86' lang='lat' dir='ltr'>martii</span> <span class='ocrx_word' id='word_1_218' title='bbox 821 2262 899 2296; x_wconf 70' lang='lat'>1625,</span> <span class='ocrx_word' id='word_1_219' title='bbox 920 2261 1016 2298; x_wconf 80' lang='lat' dir='ltr'>pontis.</span> <span class='ocrx_word' id='word_1_220' title='bbox 1037 2268 1083 2288; x_wconf 87' lang='lat' dir='ltr'>au.</span> <span class='ocrx_word' id='word_1_221' title='bbox 1104 2266 1132 2288; x_wconf 92' lang='lat'>11.</span> 
     </span>
    </p>
   </div>
   <div class='ocr_carea' id='block_1_7' title="bbox 757 2338 940 2345">
    <p class='ocr_par' dir='ltr' id='par_1_12' title="bbox 757 2338 940 2345">
     <span class='ocr_line' id='line_1_43' title="bbox 757 2338 940 2345; baseline 0 890"><span class='ocrx_word' id='word_1_222' title='bbox 757 2338 940 2345; x_wconf 95' lang='lat' dir='ltr'> </span> 
     </span>
    </p>
   </div>
   <div class='ocr_carea' id='block_1_8' title="bbox 795 2398 905 2433">
    <p class='ocr_par' dir='ltr' id='par_1_13' title="bbox 795 2398 905 2433">
     <span class='ocr_line' id='line_1_44' title="bbox 795 2398 905 2433; baseline -0.027 0"><span class='ocrx_word' id='word_1_223' title='bbox 795 2398 905 2433; x_wconf 82' lang='lat' dir='ltr'>CXXV.</span> 
     </span>
    </p>
   </div>
   <div class='ocr_carea' id='block_1_9' title="bbox 483 2469 1224 2730">
    <p class='ocr_par' dir='ltr' id='par_1_14' title="bbox 483 2469 1224 2678">
     <span class='ocr_line' id='line_1_45' title="bbox 483 2469 1223 2516; baseline -0.011 -8"><span class='ocrx_word' id='word_1_224' title='bbox 483 2476 605 2509; x_wconf 63' lang='lat' dir='ltr'>Pisano</span> <span class='ocrx_word' id='word_1_225' title='bbox 629 2472 866 2516; x_wconf 75' lang='lat' dir='ltr'>archiepiscopo</span> <span class='ocrx_word' id='word_1_226' title='bbox 891 2469 1082 2509; x_wconf 76' lang='lat' dir='ltr'>committit,</span> <span class='ocrx_word' id='word_1_227' title='bbox 1110 2472 1146 2501; x_wconf 76' lang='lat' dir='ltr'>ut</span> <span class='ocrx_word' id='word_1_228' title='bbox 1170 2477 1223 2501; x_wconf 64' lang='grc' dir='ltr'>οτι-1</span> 
     </span>
     <span class='ocr_line' id='line_1_46' title="bbox 528 2522 1224 2570; baseline -0.01 -9"><span class='ocrx_word' id='word_1_229' title='bbox 528 2532 574 2561; x_wconf 78' lang='lat' dir='ltr'>ret</span> <span class='ocrx_word' id='word_1_230' title='bbox 607 2526 886 2570; x_wconf 79' lang='lat' dir='ltr'>archiepiscopum</span> <span class='ocrx_word' id='word_1_231' title='bbox 921 2522 1174 2557; x_wconf 75' lang='lat' dir='ltr'>Mithilenarum</span> <span class='ocrx_word' id='word_1_232' title='bbox 1205 2531 1224 2554; x_wconf 88' lang='lat' dir='ltr'>a</span> 
     </span>
     <span class='ocr_line' id='line_1_47' title="bbox 532 2576 1220 2616; baseline -0.01 -1"><span class='ocrx_word' id='word_1_233' title='bbox 532 2581 661 2616; x_wconf 79' lang='lat' dir='ltr'>Graecis</span> <span class='ocrx_word' id='word_1_234' title='bbox 686 2579 828 2613; x_wconf 70' lang='lat' dir='ltr'>Liburni</span> <span class='ocrx_word' id='word_1_235' title='bbox 863 2576 1138 2611; x_wconf 77' lang='lat' dir='ltr'>commorantibus</span> <span class='ocrx_word' id='word_1_236' title='bbox 1169 2585 1220 2608; x_wconf 85' lang='lat' dir='ltr'>re-</span> 
     </span>
     <span class='ocr_line' id='line_1_48' title="bbox 530 2630 882 2678; baseline -0.014 -10"><span class='ocrx_word' id='word_1_237' title='bbox 530 2634 594 2678; x_wconf 83' lang='lat' dir='ltr'>cipi</span> <span class='ocrx_word' id='word_1_238' title='bbox 617 2637 714 2677; x_wconf 78' lang='lat' dir='ltr'>atque</span> <span class='ocrx_word' id='word_1_239' title='bbox 738 2630 882 2665; x_wconf 84' lang='lat' dir='ltr'>audiri¹.</span> 
     </span>
    </p>

    <p class='ocr_par' dir='ltr' id='par_1_15' title="bbox 524 2693 966 2730">
     <span class='ocr_line' id='line_1_49' title="bbox 524 2693 966 2730; baseline -0.011 -6"><span class='ocrx_word' id='word_1_240' title='bbox 524 2697 536 2724; x_wconf 82' lang='lat'><strong>1</strong></span> <span class='ocrx_word' id='word_1_241' title='bbox 555 2696 592 2724; x_wconf 87' lang='lat' dir='ltr'>Ex</span> <span class='ocrx_word' id='word_1_242' title='bbox 607 2695 714 2730; x_wconf 81' lang='lat' dir='ltr'>Regest.</span> <span class='ocrx_word' id='word_1_243' title='bbox 730 2694 757 2722; x_wconf 90' lang='lat' dir='ltr'>in</span> <span class='ocrx_word' id='word_1_244' title='bbox 773 2694 873 2722; x_wconf 81' lang='lat' dir='ltr'>secret.</span> <span class='ocrx_word' id='word_1_245' title='bbox 890 2693 966 2720; x_wconf 83' lang='lat' dir='ltr'>Brev.</span> 
     </span>
    </p>
   </div>
   <div class='ocr_carea' id='block_1_10' title="bbox 1028 273 1386 299">
    <p class='ocr_par' dir='ltr' id='par_1_16' title="bbox 1028 273 1386 299">
     <span class='ocr_line' id='line_1_50' title="bbox 1028 273 1386 299; baseline -0.006 0"><span class='ocrx_word' id='word_1_246' title='bbox 1028 275 1206 299; x_wconf 76' lang='lat' dir='ltr'>BULLARIUM</span> <span class='ocrx_word' id='word_1_247' title='bbox 1233 273 1386 299; x_wconf 65' lang='lat' dir='ltr'>Romnum</span> 
     </span>
    </p>
   </div>
   <div class='ocr_carea' id='block_1_11' title="bbox 1212 932 1236 2075">
    <p class='ocr_par' dir='ltr' id='par_1_17' title="bbox 1212 932 1236 2075">
     <span class='ocr_line' id='line_1_51' title="bbox 1212 932 1236 2075; baseline 0 0"><span class='ocrx_word' id='word_1_248' title='bbox 1212 932 1236 2075; x_wconf 95' lang='lat' dir='ltr'> </span> 
     </span>
    </p>
   </div>
   <div class='ocr_carea' id='block_1_12' title="bbox 1338 267 2153 397">
    <p class='ocr_par' dir='ltr' id='par_1_18' title="bbox 1338 267 2153 397">
     <span class='ocr_line' id='line_1_52' title="bbox 1971 267 2153 296; baseline 0.005 -1"><span class='ocrx_word' id='word_1_249' title='bbox 1971 269 2020 296; x_wconf 78' lang='lat' dir='ltr'>An.</span> <span class='ocrx_word' id='word_1_250' title='bbox 2036 269 2065 296; x_wconf 89' lang='lat' dir='ltr'>C.</span> <span class='ocrx_word' id='word_1_251' title='bbox 2085 267 2153 296; x_wconf 75' lang='lat'>1625</span> 
     </span>
     <span class='ocr_line' id='line_1_53' title="bbox 1447 318 1729 347; baseline -0.004 0"><span class='ocrx_word' id='word_1_252' title='bbox 1447 318 1616 347; x_wconf 75' lang='lat' dir='ltr'>venorabili</span> <span class='ocrx_word' id='word_1_253' title='bbox 1641 318 1729 346; x_wconf 69' lang='lat' dir='ltr'>tratri</span> 
     </span>
     <span class='ocr_line' id='line_1_54' title="bbox 1338 361 1838 397; baseline -0.006 -5"><span class='ocrx_word' id='word_1_254' title='bbox 1338 364 1466 397; x_wconf 73' lang='lat' dir='ltr'>lullano,</span> <span class='ocrx_word' id='word_1_255' title='bbox 1480 363 1705 397; x_wconf 76' lang='lat' dir='ltr'>archiepiscopo</span> <span class='ocrx_word' id='word_1_256' title='bbox 1719 361 1838 397; x_wconf 74' lang='lat' dir='ltr'>PIsano,</span> 
     </span>
    </p>
   </div>
   <div class='ocr_carea' id='block_1_13' title="bbox 1428 416 1751 451">
    <p class='ocr_par' dir='ltr' id='par_1_19' title="bbox 1428 416 1751 451">
     <span class='ocr_line' id='line_1_55' title="bbox 1428 416 1751 451; baseline -0.009 -5"><span class='ocrx_word' id='word_1_257' title='bbox 1428 418 1563 446; x_wconf 76' lang='lat' dir='ltr'>Urbanus</span> <span class='ocrx_word' id='word_1_258' title='bbox 1579 417 1658 451; x_wconf 78' lang='lat' dir='ltr'>Papa</span> <span class='ocrx_word' id='word_1_259' title='bbox 1672 416 1751 444; x_wconf 87' lang='lat' dir='ltr'>VIII.</span> 
     </span>
    </p>
   </div>
   <div class='ocr_carea' id='block_1_14' title="bbox 1329 478 1856 559">
    <p class='ocr_par' dir='ltr' id='par_1_20' title="bbox 1329 478 1856 559">
     <span class='ocr_line' id='line_1_56' title="bbox 1362 478 1821 511; baseline -0.009 -3"><span class='ocrx_word' id='word_1_260' title='bbox 1362 479 1549 508; x_wconf 82' lang='lat' dir='ltr'>Venerabilis</span> <span class='ocrx_word' id='word_1_261' title='bbox 1569 479 1673 511; x_wconf 75' lang='lat' dir='ltr'>trater,</span> <span class='ocrx_word' id='word_1_262' title='bbox 1690 478 1821 505; x_wconf 80' lang='lat' dir='ltr'>salutem</span> 
     </span>
     <span class='ocr_line' id='line_1_57' title="bbox 1329 522 1856 559; baseline -0.006 -6"><span class='ocrx_word' id='word_1_263' title='bbox 1329 528 1360 553; x_wconf 81' lang='lat' dir='ltr'>et</span> <span class='ocrx_word' id='word_1_264' title='bbox 1386 524 1581 559; x_wconf 83' lang='lat' dir='ltr'>apostolicam</span> <span class='ocrx_word' id='word_1_265' title='bbox 1606 522 1856 550; x_wconf 77' lang='lat' dir='ltr'>benedictionem.</span> 
     </span>
    </p>
   </div>
   <div class='ocr_carea' id='block_1_15' title="bbox 1268 583 2165 650">
    <p class='ocr_par' dir='ltr' id='par_1_21' title="bbox 1268 583 2165 650">
     <span class='ocr_line' id='line_1_58' title="bbox 1268 583 2165 650; baseline -0.006 -29"><span class='ocrx_word' id='word_1_266' title='bbox 1268 588 1284 632; x_wconf 62' lang='grc' dir='ltr'><strong>ἓ</strong></span> <span class='ocrx_word' id='word_1_267' title='bbox 1299 588 1328 620; x_wconf 80' lang='grc'>1.</span> <span class='ocrx_word' id='word_1_268' title='bbox 1342 587 1418 621; x_wconf 93' lang='lat' dir='ltr'>Cum</span> <span class='ocrx_word' id='word_1_269' title='bbox 1440 596 1497 620; x_wconf 90' lang='lat' dir='ltr'>nos</span> <span class='ocrx_word' id='word_1_270' title='bbox 1510 595 1611 629; x_wconf 82' lang='lat' dir='ltr'>nuper</span> <span class='ocrx_word' id='word_1_271' title='bbox 1628 583 1666 617; x_wconf 93' lang='lat' dir='ltr'>ad</span> <span class='ocrx_word' id='word_1_272' title='bbox 1684 583 1826 627; x_wconf 79' lang='lat' dir='ltr'>regimen</span> <span class='ocrx_word' id='word_1_273' title='bbox 1839 586 1870 618; x_wconf 88' lang='lat' dir='ltr'>et</span> <span class='ocrx_word' id='word_1_274' title='bbox 1885 584 1965 618; x_wconf 89' lang='lat' dir='ltr'>salu-</span> <span class='ocrx_word' id='word_1_275' title='bbox 1979 597 2165 650; x_wconf 48' lang='lat' dir='ltr'>pufli‘ffli&#39;i’il&#39;issssss&#39;</span> 
     </span>
    </p>
   </div>
   <div class='ocr_carea' id='block_1_16' title="bbox 1224 636 2166 697">
    <p class='ocr_par' dir='ltr' id='par_1_22' title="bbox 1224 636 2166 697">
     <span class='ocr_line' id='line_1_59' title="bbox 1224 636 2166 697; baseline -0.003 -24"><span class='ocrx_word' id='word_1_276' title='bbox 1224 646 1286 673; x_wconf 85' lang='lat' dir='ltr'>tem</span> <span class='ocrx_word' id='word_1_277' title='bbox 1307 641 1483 673; x_wconf 89' lang='lat' dir='ltr'>animarum</span> <span class='ocrx_word' id='word_1_278' title='bbox 1504 637 1756 672; x_wconf 85' lang='lat' dir='ltr'>christifidelium</span> <span class='ocrx_word' id='word_1_279' title='bbox 1773 636 1965 671; x_wconf 86' lang='lat' dir='ltr'>Graecorum</span> <span class='ocrx_word' id='word_1_280' title='bbox 1980 656 2025 680; x_wconf 66' lang='lat' dir='ltr'>vrum</span> <span class='ocrx_word' id='word_1_281' title='bbox 2047 650 2166 697; x_wconf 68' lang='lat' dir='ltr'>1·i¹²1¹&#39;⁰¹³‘</span> 
     </span>
     <span class='ocr_line' id='line_1_60' title="bbox 1982 681 2165 696; baseline 0 0"><span class='ocrx_word' id='word_1_282' title='bbox 1982 683 2002 696; x_wconf 85' lang='grc' dir='ltr'>ΙΙΙ</span> <span class='ocrx_word' id='word_1_283' title='bbox 2034 682 2044 695; x_wconf 71' lang='lat' dir='ltr'>V</span> <span class='ocrx_word' id='word_1_284' title='bbox 2056 682 2072 696; x_wconf 68' lang='lat' dir='ltr'>S!</span> <span class='ocrx_word' id='word_1_285' title='bbox 2084 682 2095 696; x_wconf 75' lang='grc'>3</span> <span class='ocrx_word' id='word_1_286' title='bbox 2107 681 2165 696; x_wconf 73' lang='lat' dir='ltr'>Ol&#39;em</span> 
     </span>
    </p>
   </div>
   <div class='ocr_carea' id='block_1_17' title="bbox 1226 689 2170 1057">
    <p class='ocr_par' dir='ltr' id='par_1_23' title="bbox 1226 689 2166 1002">
     <span class='ocr_line' id='line_1_61' title="bbox 1226 689 2166 737; baseline -0.003 -12"><span class='ocrx_word' id='word_1_287' title='bbox 1226 693 1256 726; x_wconf 92' lang='lat' dir='ltr'>in</span> <span class='ocrx_word' id='word_1_288' title='bbox 1280 693 1398 737; x_wconf 89' lang='lat' dir='ltr'>oppido</span> <span class='ocrx_word' id='word_1_289' title='bbox 1422 692 1550 726; x_wconf 86' lang='lat' dir='ltr'>Liburni</span> <span class='ocrx_word' id='word_1_290' title='bbox 1571 696 1642 724; x_wconf 87' lang='lat' dir='ltr'>tuae</span> <span class='ocrx_word' id='word_1_291' title='bbox 1665 690 1793 723; x_wconf 87' lang='lat' dir='ltr'>Pisanae</span> <span class='ocrx_word' id='word_1_292' title='bbox 1813 689 1966 723; x_wconf 88' lang='lat' dir='ltr'>dioecesis</span> <span class='ocrx_word' id='word_1_293' title='bbox 1982 702 2108 732; x_wconf 53' lang='lat' dir='ltr'>craecorum</span> <span class='ocrx_word' id='word_1_294' title='bbox 2131 702 2166 723; x_wconf 78' lang='lat' dir='ltr'>Li·</span> 
     </span>
     <span class='ocr_line' id='line_1_62' title="bbox 1226 729 2166 780; baseline -0.004 0"><span class='ocrx_word' id='word_1_295' title='bbox 1226 745 1491 780; x_wconf 88' lang='lat' dir='ltr'>commorantium</span> <span class='ocrx_word' id='word_1_296' title='bbox 1520 744 1730 777; x_wconf 87' lang='lat' dir='ltr'>venerabilem</span> <span class='ocrx_word' id='word_1_297' title='bbox 1753 743 1884 776; x_wconf 87' lang='lat' dir='ltr'>fratrem</span> <span class='ocrx_word' id='word_1_298' title='bbox 1907 742 1966 777; x_wconf 87' lang='lat' dir='ltr'>Ga·</span> <span class='ocrx_word' id='word_1_299' title='bbox 1981 729 2166 777; x_wconf 51' lang='lat' dir='ltr'>iiiiss&#39;umfm&#39;mw&#39;</span> 
     </span>
     <span class='ocr_line' id='line_1_63' title="bbox 1226 797 1969 844; baseline -0.004 -12"><span class='ocrx_word' id='word_1_300' title='bbox 1226 800 1357 832; x_wconf 79' lang='lat' dir='ltr'>hrielem</span> <span class='ocrx_word' id='word_1_301' title='bbox 1371 799 1645 844; x_wconf 85' lang='lat' dir='ltr'>archiepiscopum</span> <span class='ocrx_word' id='word_1_302' title='bbox 1661 797 1904 838; x_wconf 84' lang='lat' dir='ltr'>Mithilenarum,</span> <span class='ocrx_word' id='word_1_303' title='bbox 1917 807 1969 830; x_wconf 92' lang='lat' dir='ltr'>cu-</span> 
     </span>
     <span class='ocr_line' id='line_1_64' title="bbox 1228 850 1969 897; baseline -0.003 -12"><span class='ocrx_word' id='word_1_304' title='bbox 1228 853 1276 885; x_wconf 91' lang='lat' dir='ltr'>ius</span> <span class='ocrx_word' id='word_1_305' title='bbox 1301 853 1474 895; x_wconf 76' lang='lat' dir='ltr'>integritas,</span> <span class='ocrx_word' id='word_1_306' title='bbox 1500 852 1578 885; x_wconf 86' lang='lat' dir='ltr'>fides</span> <span class='ocrx_word' id='word_1_307' title='bbox 1602 857 1632 885; x_wconf 88' lang='lat' dir='ltr'>et</span> <span class='ocrx_word' id='word_1_308' title='bbox 1655 851 1820 897; x_wconf 88' lang='lat' dir='ltr'>prudentia</span> <span class='ocrx_word' id='word_1_309' title='bbox 1844 850 1905 884; x_wconf 83' lang='lat' dir='ltr'>fide</span> <span class='ocrx_word' id='word_1_310' title='bbox 1925 850 1969 883; x_wconf 93' lang='lat' dir='ltr'>di-</span> 
     </span>
     <span class='ocr_line' id='line_1_65' title="bbox 1229 903 1970 949; baseline -0.003 -10"><span class='ocrx_word' id='word_1_311' title='bbox 1229 916 1363 948; x_wconf 77' lang='lat' dir='ltr'>gnorum</span> <span class='ocrx_word' id='word_1_312' title='bbox 1389 905 1576 938; x_wconf 82' lang='lat' dir='ltr'>testimoniis</span> <span class='ocrx_word' id='word_1_313' title='bbox 1601 904 1685 949; x_wconf 84' lang='lat' dir='ltr'>apud</span> <span class='ocrx_word' id='word_1_314' title='bbox 1701 915 1759 938; x_wconf 90' lang='lat' dir='ltr'>nos</span> <span class='ocrx_word' id='word_1_315' title='bbox 1783 903 1970 948; x_wconf 88' lang='lat' dir='ltr'>comproba-</span> 
     </span>
     <span class='ocr_line' id='line_1_66' title="bbox 1230 958 1970 1002; baseline -0.001 -11"><span class='ocrx_word' id='word_1_316' title='bbox 1230 964 1290 999; x_wconf 87' lang='lat' dir='ltr'>tur,</span> <span class='ocrx_word' id='word_1_317' title='bbox 1310 958 1481 1002; x_wconf 75' lang='lat' dir='ltr'>apostolica</span> <span class='ocrx_word' id='word_1_318' title='bbox 1498 958 1683 991; x_wconf 87' lang='lat' dir='ltr'>auctoritate</span> <span class='ocrx_word' id='word_1_319' title='bbox 1699 958 1970 1002; x_wconf 75' lang='lat' dir='ltr'>deputaverimus:</span> 
     </span>
    </p>

    <p class='ocr_par' dir='ltr' id='par_1_24' title="bbox 1276 1010 2170 1057">
     <span class='ocr_line' id='line_1_67' title="bbox 1276 1010 2170 1057; baseline 0 -13"><span class='ocrx_word' id='word_1_320' title='bbox 1276 1012 1291 1055; x_wconf 66' lang='grc' dir='ltr'><strong>ἓ</strong></span> <span class='ocrx_word' id='word_1_321' title='bbox 1304 1010 1333 1044; x_wconf 72' lang='grc' dir='ltr'>Ε’ὶ.</span> <span class='ocrx_word' id='word_1_322' title='bbox 1343 1013 1417 1052; x_wconf 87' lang='lat' dir='ltr'>Nos,</span> <span class='ocrx_word' id='word_1_323' title='bbox 1427 1011 1599 1055; x_wconf 81' lang='lat' dir='ltr'>cupientes,</span> <span class='ocrx_word' id='word_1_324' title='bbox 1608 1016 1643 1043; x_wconf 92' lang='lat' dir='ltr'>ut</span> <span class='ocrx_word' id='word_1_325' title='bbox 1655 1010 1873 1044; x_wconf 85' lang='lat' dir='ltr'>christifideles</span> <span class='ocrx_word' id='word_1_326' title='bbox 1885 1021 1972 1056; x_wconf 89' lang='lat' dir='ltr'>prae·</span> <span class='ocrx_word' id='word_1_327' title='bbox 2040 1036 2126 1057; x_wconf 54' lang='lat' dir='ltr'><strong>Manu„</strong></span> <span class='ocrx_word' id='word_1_328' title='bbox 2138 1041 2170 1056; x_wconf 48' lang='lat' dir='ltr'>af,</span> 
     </span>
    </p>
   </div>
   <div class='ocr_carea' id='block_1_18' title="bbox 1233 1063 2174 1485">
    <p class='ocr_par' dir='ltr' id='par_1_25' title="bbox 1233 1063 2174 1485">
     <span class='ocr_line' id='line_1_68' title="bbox 1233 1063 2174 1113; baseline 0 -16"><span class='ocrx_word' id='word_1_329' title='bbox 1233 1063 1307 1098; x_wconf 91' lang='lat' dir='ltr'>dicti</span> <span class='ocrx_word' id='word_1_330' title='bbox 1332 1065 1477 1097; x_wconf 86' lang='lat' dir='ltr'>eumdem</span> <span class='ocrx_word' id='word_1_331' title='bbox 1497 1064 1675 1098; x_wconf 84' lang='lat' dir='ltr'>Gabrielem</span> <span class='ocrx_word' id='word_1_332' title='bbox 1699 1063 1972 1108; x_wconf 86' lang='lat' dir='ltr'>archiepiscopum</span> <span class='ocrx_word' id='word_1_333' title='bbox 1987 1063 2174 1113; x_wconf 50' lang='lat' dir='ltr'>{Rssffffissffissssfss</span> 
     </span>
     <span class='ocr_line' id='line_1_69' title="bbox 1234 1115 2160 1162; baseline -0.001 -11"><span class='ocrx_word' id='word_1_334' title='bbox 1234 1119 1265 1152; x_wconf 93' lang='lat' dir='ltr'>in</span> <span class='ocrx_word' id='word_1_335' title='bbox 1282 1119 1458 1152; x_wconf 88' lang='lat' dir='ltr'>animarum</span> <span class='ocrx_word' id='word_1_336' title='bbox 1483 1129 1610 1151; x_wconf 91' lang='lat' dir='ltr'>suarum</span> <span class='ocrx_word' id='word_1_337' title='bbox 1635 1123 1755 1162; x_wconf 87' lang='lat' dir='ltr'>patrem</span> <span class='ocrx_word' id='word_1_338' title='bbox 1773 1118 1925 1162; x_wconf 84' lang='lat' dir='ltr'>recipiant</span> <span class='ocrx_word' id='word_1_339' title='bbox 1944 1123 1976 1151; x_wconf 88' lang='lat' dir='ltr'>et</span> <span class='ocrx_word' id='word_1_340' title='bbox 1989 1115 2160 1142; x_wconf 65' lang='lat' dir='ltr'>Gs³⁰⁰¹⁵&#39;⁸⁰³”¹·</span> 
     </span>
     <span class='ocr_line' id='line_1_70' title="bbox 1234 1171 1976 1217; baseline -0.003 -12"><span class='ocrx_word' id='word_1_341' title='bbox 1234 1176 1411 1217; x_wconf 86' lang='lat' dir='ltr'>pastorem,</span> <span class='ocrx_word' id='word_1_342' title='bbox 1439 1172 1678 1215; x_wconf 86' lang='lat' dir='ltr'>doctrinamque</span> <span class='ocrx_word' id='word_1_343' title='bbox 1702 1171 1768 1204; x_wconf 87' lang='lat' dir='ltr'>eius</span> <span class='ocrx_word' id='word_1_344' title='bbox 1792 1171 1919 1204; x_wconf 88' lang='lat' dir='ltr'>audiant</span> <span class='ocrx_word' id='word_1_345' title='bbox 1945 1176 1976 1204; x_wconf 91' lang='lat' dir='ltr'>et</span> 
     </span>
     <span class='ocr_line' id='line_1_71' title="bbox 1236 1224 1977 1271; baseline -0.001 -12"><span class='ocrx_word' id='word_1_346' title='bbox 1236 1232 1416 1271; x_wconf 87' lang='lat' dir='ltr'>sequantur,</span> <span class='ocrx_word' id='word_1_347' title='bbox 1439 1237 1475 1260; x_wconf 92' lang='lat' dir='ltr'>ac</span> <span class='ocrx_word' id='word_1_348' title='bbox 1502 1236 1535 1259; x_wconf 89' lang='lat' dir='ltr'>se</span> <span class='ocrx_word' id='word_1_349' title='bbox 1559 1226 1597 1258; x_wconf 90' lang='lat' dir='ltr'>ab</span> <span class='ocrx_word' id='word_1_350' title='bbox 1621 1236 1659 1259; x_wconf 89' lang='lat' dir='ltr'>eo</span> <span class='ocrx_word' id='word_1_351' title='bbox 1683 1224 1790 1259; x_wconf 89' lang='lat' dir='ltr'>doceri</span> <span class='ocrx_word' id='word_1_352' title='bbox 1817 1229 1848 1258; x_wconf 83' lang='lat' dir='ltr'>et</span> <span class='ocrx_word' id='word_1_353' title='bbox 1870 1225 1902 1258; x_wconf 92' lang='lat' dir='ltr'>in</span> <span class='ocrx_word' id='word_1_354' title='bbox 1926 1224 1977 1258; x_wconf 70' lang='lat' dir='ltr'>via</span> 
     </span>
     <span class='ocr_line' id='line_1_72' title="bbox 1237 1279 1977 1324; baseline -0.001 -11"><span class='ocrx_word' id='word_1_355' title='bbox 1237 1281 1344 1313; x_wconf 87' lang='lat' dir='ltr'>salutis</span> <span class='ocrx_word' id='word_1_356' title='bbox 1368 1280 1462 1323; x_wconf 81' lang='lat' dir='ltr'>dirigi</span> <span class='ocrx_word' id='word_1_357' title='bbox 1486 1279 1679 1324; x_wconf 86' lang='lat' dir='ltr'>permittant,</span> <span class='ocrx_word' id='word_1_358' title='bbox 1696 1279 1882 1312; x_wconf 83' lang='lat' dir='ltr'>fraternitati</span> <span class='ocrx_word' id='word_1_359' title='bbox 1905 1284 1977 1312; x_wconf 85' lang='lat' dir='ltr'>tuae</span> 
     </span>
     <span class='ocr_line' id='line_1_73' title="bbox 1237 1331 1977 1377; baseline -0.001 -12"><span class='ocrx_word' id='word_1_360' title='bbox 1237 1343 1294 1377; x_wconf 88' lang='lat' dir='ltr'>per</span> <span class='ocrx_word' id='word_1_361' title='bbox 1317 1338 1498 1377; x_wconf 87' lang='lat' dir='ltr'>praesentes</span> <span class='ocrx_word' id='word_1_362' title='bbox 1529 1332 1756 1365; x_wconf 85' lang='lat' dir='ltr'>committimus</span> <span class='ocrx_word' id='word_1_363' title='bbox 1788 1336 1818 1364; x_wconf 90' lang='lat' dir='ltr'>et</span> <span class='ocrx_word' id='word_1_364' title='bbox 1848 1331 1977 1364; x_wconf 90' lang='lat' dir='ltr'>manda-</span> 
     </span>
     <span class='ocr_line' id='line_1_74' title="bbox 1239 1385 1978 1431; baseline -0.004 -10"><span class='ocrx_word' id='word_1_365' title='bbox 1239 1399 1318 1428; x_wconf 88' lang='lat' dir='ltr'>mus,</span> <span class='ocrx_word' id='word_1_366' title='bbox 1342 1393 1376 1421; x_wconf 89' lang='lat' dir='ltr'>ut</span> <span class='ocrx_word' id='word_1_367' title='bbox 1399 1388 1484 1431; x_wconf 89' lang='lat' dir='ltr'>apud</span> <span class='ocrx_word' id='word_1_368' title='bbox 1504 1386 1630 1420; x_wconf 86' lang='lat' dir='ltr'>eosdem</span> <span class='ocrx_word' id='word_1_369' title='bbox 1655 1386 1791 1420; x_wconf 84' lang='lat' dir='ltr'>Graecos</span> <span class='ocrx_word' id='word_1_370' title='bbox 1809 1385 1978 1419; x_wconf 85' lang='lat' dir='ltr'>efficaciter</span> 
     </span>
     <span class='ocr_line' id='line_1_75' title="bbox 1240 1438 1980 1485; baseline -0.004 -11"><span class='ocrx_word' id='word_1_371' title='bbox 1240 1452 1341 1482; x_wconf 77' lang='lat' dir='ltr'>eureS,</span> <span class='ocrx_word' id='word_1_372' title='bbox 1365 1441 1449 1485; x_wconf 86' lang='lat' dir='ltr'>quod</span> <span class='ocrx_word' id='word_1_373' title='bbox 1474 1441 1533 1485; x_wconf 89' lang='lat' dir='ltr'>ipsi</span> <span class='ocrx_word' id='word_1_374' title='bbox 1558 1439 1736 1473; x_wconf 84' lang='lat' dir='ltr'>salubribus</span> <span class='ocrx_word' id='word_1_375' title='bbox 1759 1438 1900 1472; x_wconf 86' lang='lat' dir='ltr'>eiusdem</span> <span class='ocrx_word' id='word_1_376' title='bbox 1924 1438 1980 1472; x_wconf 87' lang='lat' dir='ltr'>Ga-</span> 
     </span>
    </p>
   </div>
   <div class='ocr_carea' id='block_1_19' title="bbox 1240 1493 1980 1539">
    <p class='ocr_par' dir='ltr' id='par_1_26' title="bbox 1240 1493 1980 1539">
     <span class='ocr_line' id='line_1_76' title="bbox 1240 1493 1980 1539; baseline -0.004 -11"><span class='ocrx_word' id='word_1_377' title='bbox 1240 1495 1348 1528; x_wconf 86' lang='lat' dir='ltr'>brielis</span> <span class='ocrx_word' id='word_1_378' title='bbox 1373 1494 1602 1539; x_wconf 87' lang='lat' dir='ltr'>archiepiscopi</span> <span class='ocrx_word' id='word_1_379' title='bbox 1622 1493 1748 1527; x_wconf 88' lang='lat' dir='ltr'>monitis</span> <span class='ocrx_word' id='word_1_380' title='bbox 1772 1498 1802 1526; x_wconf 88' lang='lat' dir='ltr'>et</span> <span class='ocrx_word' id='word_1_381' title='bbox 1826 1493 1980 1526; x_wconf 86' lang='lat' dir='ltr'>mandatis</span> 
     </span>
    </p>
   </div>
   <div class='ocr_carea' id='block_1_20' title="bbox 2230 0 2269 974">
    <p class='ocr_par' dir='ltr' id='par_1_27' title="bbox 2230 0 2269 974">
     <span class='ocr_line' id='line_1_77' title="bbox 2230 0 2269 974; baseline 0 0"><span class='ocrx_word' id='word_1_382' title='bbox 2230 0 2269 974; x_wconf 95' lang='lat' dir='ltr'> </span> 
     </span>
    </p>
   </div>
   <div class='ocr_carea' id='block_1_21' title="bbox 1223 1546 1981 1593">
    <p class='ocr_par' dir='ltr' id='par_1_28' title="bbox 1223 1546 1981 1593">
     <span class='ocr_line' id='line_1_78' title="bbox 1223 1546 1981 1593; baseline -0.003 -12"><span class='ocrx_word' id='word_1_383' title='bbox 1223 1570 1225 1581; x_wconf 80' lang='grc'><em>,</em></span> <span class='ocrx_word' id='word_1_384' title='bbox 1241 1553 1371 1593; x_wconf 87' lang='lat' dir='ltr'>parcant</span> <span class='ocrx_word' id='word_1_385' title='bbox 1396 1553 1425 1581; x_wconf 90' lang='lat' dir='ltr'>et</span> <span class='ocrx_word' id='word_1_386' title='bbox 1441 1547 1604 1581; x_wconf 88' lang='lat' dir='ltr'>obediant:</span> <span class='ocrx_word' id='word_1_387' title='bbox 1622 1546 1762 1591; x_wconf 90' lang='lat' dir='ltr'>alioquin</span> <span class='ocrx_word' id='word_1_388' title='bbox 1786 1546 1981 1588; x_wconf 88' lang='lat' dir='ltr'>sententiam,</span> 
     </span>
    </p>
   </div>
   <div class='ocr_carea' id='block_1_22' title="bbox 1243 1599 1989 2076">
    <p class='ocr_par' dir='ltr' id='par_1_29' title="bbox 1243 1599 1987 1911">
     <span class='ocr_line' id='line_1_79' title="bbox 1243 1599 1983 1646; baseline -0.005 -11"><span class='ocrx_word' id='word_1_389' title='bbox 1243 1602 1307 1635; x_wconf 83' lang='lat' dir='ltr'>sive</span> <span class='ocrx_word' id='word_1_390' title='bbox 1331 1611 1476 1646; x_wconf 86' lang='lat' dir='ltr'>poenam,</span> <span class='ocrx_word' id='word_1_391' title='bbox 1500 1611 1594 1645; x_wconf 87' lang='lat' dir='ltr'>quam</span> <span class='ocrx_word' id='word_1_392' title='bbox 1619 1600 1701 1633; x_wconf 89' lang='lat' dir='ltr'>idern</span> <span class='ocrx_word' id='word_1_393' title='bbox 1727 1599 1853 1633; x_wconf 86' lang='lat' dir='ltr'>Gabriel</span> <span class='ocrx_word' id='word_1_394' title='bbox 1885 1599 1983 1632; x_wconf 85' lang='lat' dir='ltr'>archi-</span> 
     </span>
     <span class='ocr_line' id='line_1_80' title="bbox 1244 1652 1984 1700; baseline -0.007 -11"><span class='ocrx_word' id='word_1_395' title='bbox 1244 1655 1410 1700; x_wconf 88' lang='lat' dir='ltr'>episcopus</span> <span class='ocrx_word' id='word_1_396' title='bbox 1427 1659 1536 1688; x_wconf 85' lang='lat' dir='ltr'>contra</span> <span class='ocrx_word' id='word_1_397' title='bbox 1560 1653 1774 1687; x_wconf 89' lang='lat' dir='ltr'>inobedientes</span> <span class='ocrx_word' id='word_1_398' title='bbox 1790 1653 1850 1686; x_wconf 88' lang='lat' dir='ltr'>rite</span> <span class='ocrx_word' id='word_1_399' title='bbox 1866 1652 1984 1693; x_wconf 87' lang='lat' dir='ltr'>tulerit,</span> 
     </span>
     <span class='ocr_line' id='line_1_81' title="bbox 1244 1705 1986 1747; baseline -0.004 -6"><span class='ocrx_word' id='word_1_400' title='bbox 1244 1714 1344 1742; x_wconf 87' lang='lat' dir='ltr'>ratam</span> <span class='ocrx_word' id='word_1_401' title='bbox 1360 1708 1557 1747; x_wconf 86' lang='lat' dir='ltr'>habebimus,</span> <span class='ocrx_word' id='word_1_402' title='bbox 1570 1712 1601 1740; x_wconf 83' lang='lat' dir='ltr'>et</span> <span class='ocrx_word' id='word_1_403' title='bbox 1616 1706 1766 1740; x_wconf 87' lang='lat' dir='ltr'>faciemus</span> <span class='ocrx_word' id='word_1_404' title='bbox 1782 1711 1910 1739; x_wconf 86' lang='lat' dir='ltr'>auctore</span> <span class='ocrx_word' id='word_1_405' title='bbox 1927 1705 1986 1739; x_wconf 92' lang='lat' dir='ltr'>Do-</span> 
     </span>
     <span class='ocr_line' id='line_1_82' title="bbox 1246 1759 1986 1806; baseline -0.004 -11"><span class='ocrx_word' id='word_1_406' title='bbox 1246 1763 1331 1796; x_wconf 92' lang='lat' dir='ltr'>mino</span> <span class='ocrx_word' id='word_1_407' title='bbox 1354 1773 1454 1806; x_wconf 85' lang='lat' dir='ltr'>usque</span> <span class='ocrx_word' id='word_1_408' title='bbox 1474 1761 1513 1794; x_wconf 89' lang='lat' dir='ltr'>ad</span> <span class='ocrx_word' id='word_1_409' title='bbox 1530 1760 1772 1794; x_wconf 84' lang='lat' dir='ltr'>satisfactionem</span> <span class='ocrx_word' id='word_1_410' title='bbox 1796 1759 1986 1803; x_wconf 83' lang='lat' dir='ltr'>condignam</span> 
     </span>
     <span class='ocr_line' id='line_1_83' title="bbox 1246 1812 1987 1855; baseline -0.004 -7"><span class='ocrx_word' id='word_1_411' title='bbox 1246 1815 1468 1849; x_wconf 85' lang='lat' dir='ltr'>inviolabiliter</span> <span class='ocrx_word' id='word_1_412' title='bbox 1488 1814 1661 1855; x_wconf 84' lang='lat' dir='ltr'>observari,</span> <span class='ocrx_word' id='word_1_413' title='bbox 1679 1814 1711 1846; x_wconf 91' lang='lat' dir='ltr'>in</span> <span class='ocrx_word' id='word_1_414' title='bbox 1731 1813 1925 1847; x_wconf 88' lang='lat' dir='ltr'>contrarium</span> <span class='ocrx_word' id='word_1_415' title='bbox 1941 1812 1987 1845; x_wconf 90' lang='lat' dir='ltr'>fa-</span> 
     </span>
     <span class='ocr_line' id='line_1_84' title="bbox 1247 1866 1987 1911; baseline -0.005 -9"><span class='ocrx_word' id='word_1_416' title='bbox 1247 1869 1401 1902; x_wconf 86' lang='lat' dir='ltr'>cientibus</span> <span class='ocrx_word' id='word_1_417' title='bbox 1419 1878 1483 1901; x_wconf 90' lang='lat' dir='ltr'>non</span> <span class='ocrx_word' id='word_1_418' title='bbox 1506 1867 1702 1901; x_wconf 86' lang='lat' dir='ltr'>obstantibus</span> <span class='ocrx_word' id='word_1_419' title='bbox 1725 1866 1987 1911; x_wconf 86' lang='lat' dir='ltr'>quibuscumque.</span> 
     </span>
    </p>

    <p class='ocr_par' dir='ltr' id='par_1_30' title="bbox 1248 1919 1989 2076">
     <span class='ocr_line' id='line_1_85' title="bbox 1291 1919 1988 1966; baseline -0.006 -10"><span class='ocrx_word' id='word_1_420' title='bbox 1291 1923 1402 1957; x_wconf 88' lang='lat' dir='ltr'>Datum</span> <span class='ocrx_word' id='word_1_421' title='bbox 1435 1923 1574 1963; x_wconf 87' lang='lat' dir='ltr'>Romae,</span> <span class='ocrx_word' id='word_1_422' title='bbox 1599 1921 1682 1966; x_wconf 91' lang='lat' dir='ltr'>apud</span> <span class='ocrx_word' id='word_1_423' title='bbox 1706 1921 1736 1954; x_wconf 80' lang='lat' dir='ltr'>S.</span> <span class='ocrx_word' id='word_1_424' title='bbox 1760 1920 1906 1961; x_wconf 88' lang='lat' dir='ltr'>Petrum,</span> <span class='ocrx_word' id='word_1_425' title='bbox 1931 1919 1988 1953; x_wconf 91' lang='lat' dir='ltr'>sub</span> 
     </span>
     <span class='ocr_line' id='line_1_86' title="bbox 1248 1974 1989 2016; baseline -0.003 -7"><span class='ocrx_word' id='word_1_426' title='bbox 1248 1977 1363 2010; x_wconf 87' lang='lat' dir='ltr'>annulo</span> <span class='ocrx_word' id='word_1_427' title='bbox 1388 1975 1573 2016; x_wconf 78' lang='lat' dir='ltr'>piscatoris,</span> <span class='ocrx_word' id='word_1_428' title='bbox 1591 1975 1641 2008; x_wconf 91' lang='lat' dir='ltr'>die</span> <span class='ocrx_word' id='word_1_429' title='bbox 1657 1984 1700 2008; x_wconf 85' lang='lat' dir='ltr'>xv</span> <span class='ocrx_word' id='word_1_430' title='bbox 1721 1974 1825 2008; x_wconf 89' lang='lat' dir='ltr'>martii</span> <span class='ocrx_word' id='word_1_431' title='bbox 1849 1983 1989 2015; x_wconf 68' lang='lat' dir='ltr'>mcxxv,</span> 
     </span>
     <span class='ocr_line' id='line_1_87' title="bbox 1248 2029 1731 2076; baseline -0.006 -11"><span class='ocrx_word' id='word_1_432' title='bbox 1248 2031 1448 2076; x_wconf 86' lang='lat' dir='ltr'>pontificatus</span> <span class='ocrx_word' id='word_1_433' title='bbox 1470 2029 1570 2063; x_wconf 88' lang='lat' dir='ltr'>nostri</span> <span class='ocrx_word' id='word_1_434' title='bbox 1594 2039 1676 2063; x_wconf 86' lang='lat' dir='ltr'>anno</span> <span class='ocrx_word' id='word_1_435' title='bbox 1700 2039 1731 2063; x_wconf 88' lang='lat'>11.</span> 
     </span>
    </p>
   </div>
   <div class='ocr_carea' id='block_1_23' title="bbox 1286 2090 1922 2128">
    <p class='ocr_par' dir='ltr' id='par_1_31' title="bbox 1286 2090 1922 2128">
     <span class='ocr_line' id='line_1_88' title="bbox 1286 2090 1922 2128; baseline -0.008 -6"><span class='ocrx_word' id='word_1_436' title='bbox 1286 2094 1345 2122; x_wconf 85' lang='lat' dir='ltr'>Dat.</span> <span class='ocrx_word' id='word_1_437' title='bbox 1362 2093 1405 2121; x_wconf 86' lang='lat' dir='ltr'>die</span> <span class='ocrx_word' id='word_1_438' title='bbox 1427 2093 1460 2121; x_wconf 87' lang='lat'>15</span> <span class='ocrx_word' id='word_1_439' title='bbox 1479 2092 1570 2120; x_wconf 83' lang='lat' dir='ltr'>martii</span> <span class='ocrx_word' id='word_1_440' title='bbox 1585 2091 1664 2128; x_wconf 72' lang='lat'>1625,</span> <span class='ocrx_word' id='word_1_441' title='bbox 1685 2090 1782 2128; x_wconf 85' lang='lat' dir='ltr'>pontif.</span> <span class='ocrx_word' id='word_1_442' title='bbox 1804 2098 1874 2118; x_wconf 79' lang='lat' dir='ltr'>enno</span> <span class='ocrx_word' id='word_1_443' title='bbox 1894 2096 1922 2117; x_wconf 90' lang='lat' dir='ltr'>u.</span> 
     </span>
    </p>
   </div>
   <div class='ocr_carea' id='block_1_24' title="bbox 1517 2175 1727 2183">
    <p class='ocr_par' dir='ltr' id='par_1_32' title="bbox 1517 2175 1727 2183">
     <span class='ocr_line' id='line_1_89' title="bbox 1517 2175 1727 2183; baseline 0 1052"><span class='ocrx_word' id='word_1_444' title='bbox 1517 2175 1727 2183; x_wconf 95' lang='lat' dir='ltr'> </span> 
     </span>
    </p>
   </div>
   <div class='ocr_carea' id='block_1_25' title="bbox 1565 2263 1690 2298">
    <p class='ocr_par' dir='ltr' id='par_1_33' title="bbox 1565 2263 1690 2298">
     <span class='ocr_line' id='line_1_90' title="bbox 1565 2263 1690 2298; baseline -0.024 0"><span class='ocrx_word' id='word_1_445' title='bbox 1565 2263 1690 2298; x_wconf 82' lang='lat' dir='ltr'>CXXVI.</span> 
     </span>
    </p>
   </div>
   <div class='ocr_carea' id='block_1_26' title="bbox 1257 2352 1998 2659">
    <p class='ocr_par' dir='ltr' id='par_1_34' title="bbox 1257 2352 1998 2659">
     <span class='ocr_line' id='line_1_91' title="bbox 1257 2352 1995 2400; baseline -0.005 -10"><span class='ocrx_word' id='word_1_446' title='bbox 1257 2355 1467 2400; x_wconf 76' lang='lat' dir='ltr'>Confirmatio</span> <span class='ocrx_word' id='word_1_447' title='bbox 1492 2352 1712 2399; x_wconf 77' lang='lat' dir='ltr'>quorumdam</span> <span class='ocrx_word' id='word_1_448' title='bbox 1735 2357 1933 2387; x_wconf 76' lang='lat' dir='ltr'>statutorum</span> <span class='ocrx_word' id='word_1_449' title='bbox 1952 2363 1995 2386; x_wconf 84' lang='lat' dir='ltr'>ec-</span> 
     </span>
     <span class='ocr_line' id='line_1_92' title="bbox 1301 2405 1996 2452; baseline -0.009 -7"><span class='ocrx_word' id='word_1_450' title='bbox 1301 2411 1416 2445; x_wconf 83' lang='lat' dir='ltr'>clesiae</span> <span class='ocrx_word' id='word_1_451' title='bbox 1453 2408 1722 2452; x_wconf 79' lang='lat' dir='ltr'>metropolitanae</span> <span class='ocrx_word' id='word_1_452' title='bbox 1756 2406 1928 2442; x_wconf 81' lang='lat' dir='ltr'>Eborensis</span> <span class='ocrx_word' id='word_1_453' title='bbox 1958 2405 1996 2439; x_wconf 83' lang='lat' dir='ltr'>de</span> 
     </span>
     <span class='ocr_line' id='line_1_93' title="bbox 1297 2459 1996 2510; baseline -0.009 -12"><span class='ocrx_word' id='word_1_454' title='bbox 1297 2462 1544 2510; x_wconf 81' lang='lat' dir='ltr'>probationibus</span> <span class='ocrx_word' id='word_1_455' title='bbox 1556 2472 1652 2507; x_wconf 78' lang='lat' dir='ltr'>super</span> <span class='ocrx_word' id='word_1_456' title='bbox 1665 2461 1811 2506; x_wconf 76' lang='lat' dir='ltr'>puritate</span> <span class='ocrx_word' id='word_1_457' title='bbox 1823 2459 1996 2505; x_wconf 73' lang='lat' dir='ltr'>sanquim&#39;s</span> 
     </span>
     <span class='ocr_line' id='line_1_94' title="bbox 1301 2514 1993 2561; baseline -0.007 -10"><span class='ocrx_word' id='word_1_458' title='bbox 1301 2519 1342 2552; x_wconf 85' lang='lat' dir='ltr'>ab</span> <span class='ocrx_word' id='word_1_459' title='bbox 1366 2518 1408 2551; x_wconf 81' lang='lat' dir='ltr'>iis</span> <span class='ocrx_word' id='word_1_460' title='bbox 1431 2516 1608 2561; x_wconf 79' lang='lat' dir='ltr'>faciendiS,</span> <span class='ocrx_word' id='word_1_461' title='bbox 1643 2515 1703 2560; x_wconf 76' lang='lat' dir='ltr'>qui</span> <span class='ocrx_word' id='word_1_462' title='bbox 1726 2514 1770 2548; x_wconf 83' lang='lat' dir='ltr'>ad</span> <span class='ocrx_word' id='word_1_463' title='bbox 1801 2514 1993 2558; x_wconf 74' lang='lat' dir='ltr'>diynitates,</span> 
     </span>
     <span class='ocr_line' id='line_1_95' title="bbox 1302 2568 1998 2616; baseline -0.007 -11"><span class='ocrx_word' id='word_1_464' title='bbox 1302 2572 1434 2616; x_wconf 77' lang='lat' dir='ltr'>aliaque</span> <span class='ocrx_word' id='word_1_465' title='bbox 1447 2570 1597 2613; x_wconf 75' lang='lat' dir='ltr'>beneficia</span> <span class='ocrx_word' id='word_1_466' title='bbox 1610 2568 1752 2603; x_wconf 83' lang='lat' dir='ltr'>eiusdem</span> <span class='ocrx_word' id='word_1_467' title='bbox 1769 2568 1916 2602; x_wconf 81' lang='lat' dir='ltr'>ecclesiae</span> <span class='ocrx_word' id='word_1_468' title='bbox 1927 2577 1998 2612; x_wconf 82' lang='lat' dir='ltr'>pro-</span> 
     </span>
     <span class='ocr_line' id='line_1_96' title="bbox 1303 2621 1817 2659; baseline -0.012 0"><span class='ocrx_word' id='word_1_469' title='bbox 1303 2629 1468 2659; x_wconf 76' lang='lat' dir='ltr'>moventur</span> <span class='ocrx_word' id='word_1_470' title='bbox 1480 2623 1500 2657; x_wconf 87' lang='lat'>¹.</span> <span class='ocrx_word' id='word_1_471' title='bbox 1812 2621 1817 2622; x_wconf 50' lang='lat'><em>⁷</em></span> 
     </span>
    </p>
   </div>
   <div class='ocr_carea' id='block_1_27' title="bbox 1297 2683 1799 2723">
    <p class='ocr_par' dir='ltr' id='par_1_35' title="bbox 1297 2683 1799 2723">
     <span class='ocr_line' id='line_1_97' title="bbox 1297 2683 1799 2723; baseline -0.01 -8"><span class='ocrx_word' id='word_1_472' title='bbox 1297 2689 1304 2715; x_wconf 88' lang='lat' dir='ltr'>t</span> <span class='ocrx_word' id='word_1_473' title='bbox 1325 2687 1361 2714; x_wconf 85' lang='lat' dir='ltr'>Ex</span> <span class='ocrx_word' id='word_1_474' title='bbox 1377 2687 1483 2723; x_wconf 78' lang='lat' dir='ltr'>Regest.</span> <span class='ocrx_word' id='word_1_475' title='bbox 1501 2685 1527 2713; x_wconf 90' lang='lat' dir='ltr'>in</span> <span class='ocrx_word' id='word_1_476' title='bbox 1543 2685 1643 2713; x_wconf 85' lang='lat' dir='ltr'>Secret.</span> <span class='ocrx_word' id='word_1_477' title='bbox 1666 2683 1799 2712; x_wconf 82' lang='lat' dir='ltr'>Brevium.</span> 
     </span>
    </p>
   </div>
  </div>
 </body>
</html>
