2269 3235
238 262 289 288 Λη.
305 262 334 288 c.
358 261 424 288 1025
470 251 533 285 380

271 324 377 344 (li-dinarii
393 324 421 344 to-

238 357 309 371 rorum
342 350 421 370 ‹hu-reti

237 379 299 399 huius
311 378 421 403 designau-

238 408 271 425 tur
307 407 420 431 excquuto·

238 437 278 452 ros.

482 311 497 351 Q
520 309 549 341 a.
581 308 732 347 Quocirca
766 305 995 339 venerabilibus
1027 305 1175 338 fratribus

438 361 684 405 archiepiscopis
705 366 730 392 et
751 359 918 403 episcopis,
943 359 1117 402 ceterisque
1135 359 1175 392 lo-

437 426 546 449 corum
572 413 745 446 Ordiuariis
770 414 801 445 iu
822 413 949 453 ditione,
969 422 1068 455 regno
1085 417 1115 445 et
1135 412 1176 445 in-

437 467 512 500 sulis
536 466 703 510 praedictis
720 465 906 506 constitutis,
923 475 980 509 per
996 469 1176 509 praesentes

404 547 408 550 .
437 520 650 564 praceipiuuis
670 524 700 551 ct
720 519 914 559 mandamus,
935 523 1089 562 quatenus
1109 528 1176 551 eas-

313 960 396 980 Coninu
404 966 423 981 ι.ι

239 992 338 1033 {luneque
349 988 422 1007 tollun-

249 1020 278 1033 ΗΓ.

282 1654 426 1680 Traineumpus

243 1682 312 1703 danda
329 1683 387 1703 tides.

437 574 507 606 dcrn
528 578 708 616 praesentes
738 572 766 605 in
793 572 856 605 suis
880 572 1013 616 quisquc
1037 571 1177 605 ecclesiis

437 632 467 659 et
487 626 683 659 dioecesibus
700 626 854 670 publicari
872 626 994 666 saciant,
1015 636 1050 659 ac
1068 635 1177 659 omnes

437 685 467 712 ct
486 690 702 723 quoscumque
721 679 778 712 sibi
797 679 953 712 subiectos
971 679 1009 711 ad
1026 678 1177 723 praedicti

438 733 506 765 sesti
531 733 774 766 celebrationem
801 732 946 765 omnibus
978 732 1054 765 iuris
1074 742 1177 765 reme-

437 786 496 819 diis
521 792 633 830 cogant
657 792 750 831 atque
774 787 975 830 compellant,
997 796 1092 829 super
1115 796 1178 829 quo

437 840 562 883 plenam
596 846 625 873 et
653 841 789 883 amplam
823 839 882 872 illis
912 850 969 882 per
997 843 1178 882 praesentes

438 893 640 928 concedimus
657 894 844 926 facultatem.

461 948 497 991 Q
521 947 550 980 4.
582 948 649 980 ‘Non
680 946 875 979 obstantibus
903 944 1179 981 constitutionibus

438 1005 468 1033 et
491 999 742 1045 ordinationibus
759 998 948 1042 apostolicis,
966 1008 1002 1031 ac
1018 997 1179 1041 quibusvis

438 1053 610 1097 privilegiis
634 1063 770 1096 quoque,
788 1051 916 1084 indultis
936 1057 966 1084 et
981 1051 1093 1084 litteris
1110 1061 1182 1094 apo-

439 1106 556 1139 stolicis
575 1107 605 1138 in
624 1105 817 1139 contrarium
834 1105 1082 1149 praemissorum
1107 1099 1181 1148 quo-

438 1159 610 1192 modolibet
634 1159 801 1201 concessis
826 1159 1020 1192 confirmatis
1041 1163 1071 1191 et
1095 1158 1180 1191 inno—

438 1212 526 1246 vatis.
551 1212 669 1251 Quibus
693 1212 840 1245 omnibus
858 1217 888 1244 et
909 1211 1052 1254 singulis,
1069 1221 1179 1245 eorum

438 1267 579 1299 omnium
610 1271 735 1300 tenores
766 1265 985 1310 praesentibus
1009 1276 1068 1309 pro
1088 1266 1181 1310 plene

438 1326 467 1353 et
485 1320 675 1354 sufficienter
694 1320 849 1363 expressis
877 1330 913 1352 ac
930 1319 968 1352 ad
986 1319 1117 1352 verbum
1134 1318 1181 1352 in-

439 1375 530 1407 sertis
554 1367 717 1414 habentes,
742 1373 803 1406 illis
827 1373 902 1405 alias
930 1373 961 1405 in
982 1383 1039 1406 suo
1063 1373 1180 1406 robore

438 1428 654 1471 permansuris
678 1427 715 1459 ad
740 1427 988 1470 praemissorum
1012 1426 1180 1469 effectum,

440 1482 498 1514 hac
515 1482 581 1514 vice
598 1481 758 1513 dumtaxat
778 1480 955 1524 specialiter
979 1484 1010 1512 et
1034 1489 1181 1523 expresse

440 1536 640 1578 derogamus,
666 1535 840 1578 ceterisque
866 1534 1032 1568 contrariis
1052 1534 1181 1578 quibus-

441 1600 585 1633 cumque.

486 1644 500 1686 Q
518 1642 546 1675 5.
565 1643 716 1676 Volumus
733 1647 848 1683 autem,
869 1641 953 1685 quod
969 1641 1181 1686 praesentium

443 1697 657 1740 transumptis,
678 1697 771 1729 etiam
798 1695 972 1739 impressis,
997 1705 1093 1727 manu
1121 1695 1179 1727 ali—

443 1751 531 1784 cuius
548 1750 661 1783 notarii
681 1749 798 1794 publici
819 1749 1015 1793 subscriptis,
1033 1754 1063 1781 et
1080 1749 1183 1791 sigillo

443 1815 597 1849 personae
628 1804 658 1836 in
694 1803 843 1846 dignitate
869 1803 1079 1836 ecclesiastica
1103 1813 1180 1835 con-

443 1860 567 1892 stitutae
587 1857 724 1898 munitis,
749 1857 857 1890 eadem
878 1867 1011 1901 prorsus
1027 1856 1105 1890 sides
1120 1856 1185 1889 ubi-

443 1923 504 1955 que
528 1912 671 1945 locorum
697 1911 868 1950 habeatur,
893 1920 973 1953 quae
997 1910 1072 1953 ipsis
1096 1921 1185 1954 prae-

443 1966 585 1999 sentibus
603 1965 782 2005 baberetur,
800 1963 825 1996 si
842 1963 942 1997 forent
963 1963 1119 1997 exhibitae
1136 1964 1183 1996 vel

444 2024 596 2053 ostensae.
924 2014 945 2033 ‘⁶

488 2073 600 2106 Datum
626 2073 753 2114 Romae,
778 2072 859 2116 apud
883 2071 913 2105 S.
938 2071 1066 2104 Mariam
1091 2071 1186 2105 Maio-

445 2137 524 2167 rem,
542 2126 599 2159 sub
618 2125 918 2159 anmdoPiscatoris
931 2125 981 2158 die
998 2135 1043 2158 xn
1062 2135 1187 2158 novem-

446 2180 511 2214 bris
536 2190 673 2221 uncxxv,
698 2180 899 2224 pontificatus
923 2179 1023 2213 nostri
1042 2189 1124 2213 anno
1141 2188 1184 2212 111.

483 2243 541 2272 Dat.
559 2243 601 2272 die
624 2244 655 2271 12
675 2243 833 2272 novembris
850 2242 928 2276 1625,
949 2242 1045 2278 pontif.
1062 2250 1131 2270 anno
1146 2248 1184 2269 111.

755 2400 877 2447 cmx.

448 2505 616 2548 Eri-emptio
630 2505 669 2537 ab
686 2503 939 2537 ordinariorwn
953 2502 1188 2544 iurisdictione,

495 2558 650 2601 hospitali
675 2558 705 2591 S.
733 2557 874 2590 Antonii
897 2555 934 2589 cle
958 2561 1067 2589 sancto
1091 2556 1190 2590 Anto-

495 2612 549 2644 m'o
579 2611 752 2643 Viennensi
780 2622 800 2643 a
830 2610 1003 2643 nonnullis
1032 2610 1189 2644 Romanis

495 2664 709 2706 Pontificibus
727 2674 881 2705 concessa,
902 2663 1125 2707 confirmatur,
1146 2663 1189 2697 iis

1009 256 1187 282 BULLARIUM
1212 255 1367 280 nontANUM

1956 255 2007 282 An.
2028 255 2058 283 G.
2075 254 2143 284 ¹625

1251 304 1398 349 exceptis,
1427 312 1511 348 quae
1535 303 1714 347 respiciunt
1733 312 1847 338 curam
1865 302 1942 337 ani-

1252 369 1383 392 marum
1400 362 1427 391 ct
1444 361 1722 391 sacramentorum
1738 358 1947 392 administra-

1255 412 1397 445 te'oncm¹.

1410 491 1545 518 Urbanus
1567 491 1647 525 Papa
1666 490 1750 525 vm,

1352 544 1387 572 ad
1408 544 1541 572 futuram
1560 543 1606 571 rei
1625 543 1805 572 memoriam.

1254 625 1373 669 Exponi
1388 625 1478 658 nobis
1497 634 1600 668 nuper
1617 624 1757 658 fecerunt
1773 624 1876 658 dilecti
1893 624 1948 658 filii
1990 637 2085 659 nonnulii
2095 637 2148 659 1²00-

1211 679 1306 712 abbas
1331 684 1361 712 et
1384 678 1524 722 religiosi
1543 679 1708 722 hospitalis
1724 678 1752 711 S.
1770 678 1895 712 Antonii
1911 678 1950 711 de
1964 664 2034 712 iiiiii
2044 664 2148 718 ”3¹3⁶ssss

1211 733 1239 766 S.
1259 733 1394 771 Antonio
1410 732 1578 765 Viennensi
1595 732 1719 766 Ordinis
1738 732 1835 766 sancti
1849 733 1950 775 Augu·
1965 723 2075 765 ffissiississm
2088 724 2148 766 ’ῧὲἓῖ

1212 786 1294 826 stim,
1310 786 1395 830 quod
1414 785 1489 818 alias
1503 785 1601 819 felicis
1617 785 1844 819 recordationis
1856 785 1950 819 Boni·
1965 772 2149 819 {gffi-essevoiue-

1212 838 1310 871 sacius
1328 838 1402 878 vtlt,
1419 837 1522 871 sixtus
1540 838 1588 879 lV,
1604 838 1667 872 Leo
1683 839 1718 879 X,
1735 839 1878 872 Clemens
1899 838 1950 871 Vll

1212 896 1242 924 et
1266 891 1380 924 Paulus
1404 891 1443 924 Ill
1469 891 1600 924 Romani
1635 892 1803 925 Pontifices
1825 891 1952 936 praede-

1213 954 1354 977 cessores
1378 945 1476 978 nostri
1494 943 1638 978 abbatem
1654 955 1713 988 pro
1725 951 1877 990 tempore,
1895 955 1953 980 nec

1213 1007 1275 1030 non
1302 1003 1535 1043 praeceptores,
1566 999 1689 1042 priores
1720 1004 1751 1032 et
1776 1000 1953 1042 religiosos,

1213 1061 1249 1084 ac
1274 1051 1481 1094 monasteria,
1506 1052 1671 1093 ecclesias,
1695 1052 1928 1096 praeceptorias
1945 1080 1953 1094 ,

1214 1109 1380 1148 ceteraque
1411 1105 1563 1139 beneficia
1593 1105 1757 1149 hospitalis
1781 1110 1811 1139 et
1835 1105 1954 1139 ordinis

1214 1158 1448 1201 praedictorum
1467 1186 1474 1200 ,
1507 1159 1599 1192 etiam
1632 1169 1741 1192 curam
1776 1159 1953 1193 animarum

1214 1211 1371 1254 habentia,
1388 1212 1426 1245 ab
1442 1213 1528 1246 omni
1545 1212 1771 1254 iurisdictione,
1791 1217 1954 1257 potestate,

1214 1265 1418 1305 subiectione,
1436 1265 1576 1298 dominio
1594 1269 1623 1300 et
1635 1266 1812 1299 visitatione
1824 1266 1956 1310 patriar-

1215 1318 1357 1359 charum,
1382 1319 1707 1363 archiepiscoporum,
1733 1319 1954 1364 episcoporum

1215 1376 1245 1404 et
1268 1371 1508 1405 Ordinariorum
1530 1373 1821 1418 quorumcumque,
1834 1383 1956 1406 necnon

1215 1426 1397 1469 quarumvis
1414 1426 1619 1469 gabellarum,
1643 1426 1810 1469 datiorum,
1830 1427 1956 1471 imposi-

1216 1479 1355 1520 tionum,
1380 1489 1514 1512 onerum
1529 1507 1536 1520 ‚
1553 1480 1783 1523 gravaminum,
1804 1480 1956 1514 iucundo-

1215 1544 1286 1565 rum
1311 1537 1341 1567 et
1365 1533 1501 1566 aliorum
1526 1533 1675 1566 similium
1700 1533 1855 1568 solutione
1886 1545 1956 1568 exe-

1216 1590 1342 1618 merunt
1366 1590 1396 1618 et
1419 1586 1604 1629 liberarunt,
1628 1586 1762 1630 illosque
1789 1597 1825 1620 ac
1841 1587 1910 1620 illas
1927 1591 1957 1622 et

1216 1639 1267 1671 illa
1303 1639 1361 1672 sibi
1391 1650 1427 1672 ac
1451 1639 1522 1672 Sedi
1546 1639 1744 1683 Apostolicae
1776 1640 1956 1674 immediate

1209 1692 1425 1725 subiecerunt.

1260 1748 1274 1790 ξ
1299 1747 1327 1780 9..
1353 1747 1493 1791 Cumque
1518 1747 1675 1791 exemptio
1699 1753 1729 1780 et
1760 1748 1903 1782 liberatio
1920 1759 1956 1782 ac
1988 1757 2041 1786 ‚Sed
2057 1762 2103 1778 cum
2118 1759 2156 1779 ‹tu-

1217 1800 1369 1833 subiectio
1383 1800 1575 1840 huiusmodi,
1587 1811 1644 1844 per
1657 1800 1757 1834 dictos
1774 1801 1957 1845 praedeces·
1971 1783 2039 1840 {duffii
2054 1787 2156 1841 1ῗῖἕέῑῖῗῖ

1216 1863 1304 1886 sores
1327 1854 1417 1895 sacta,
1442 1864 1498 1898 per
1515 1853 1646 1887 subinde
1663 1854 1890 1898 subsequutum
1908 1864 1956 1887 sa·
1972 1839 2099 1894 ggiiiiimii‘
2111 1843 2157 1886 i'r‘i‘-

1217 1917 1306 1940 crum
1326 1908 1499 1941 Concilium
1517 1907 1734 1941 Tridentinum
1750 1912 1914 1943 revocatae
1928 1913 1957 1942 et
1971 1890 2080 1942 &igninum
2107 1891 2157 1913 ω’

1217 1962 1395 1994 annullatae
1415 1962 1453 1994 ab
1477 1961 1636 2006 aliquibus
1660 1963 1956 2006 praetenderentur,

1217 2016 1376 2060 abbasque
1393 2027 1429 2049 ac
1448 2015 1589 2059 religiosi
1613 2016 1765 2060 praedicti
1782 2017 1956 2060 plurimum

1218 2070 1347 2114 cupiant
1361 2070 1593 2114 exemptionem
1607 2075 1637 2103 et
1649 2070 1879 2111 liberationem,
1889 2071 1958 2104 sub—

1218 2125 1448 2169 iectionemque
1471 2124 1648 2168 praedictas
1664 2151 1671 2164 ,
1695 2134 1734 2157 ne
1769 2124 1808 2157 de
1832 2124 1958 2158 illarum

1218 2178 1376 2211 validitate
1400 2179 1465 2211 ullo
1489 2188 1629 2221 unquam
1654 2182 1798 2221 tempore
1821 2177 1958 2211 dubitari

1218 2232 1327 2277 possit,
1351 2231 1540 2276 apostolicae
1563 2236 1689 2265 nostrae
1710 2231 1959 2265 confirmationis

1219 2286 1334 2320 robore
1354 2284 1560 2319 communiri:

1265 2341 1280 2384 Q
1303 2339 1332 2374 3.
1350 2340 1422 2382 Nos,
1441 2339 1568 2373 eosdem
1585 2339 1732 2373 abbatem
1750 2342 1780 2373 et
1795 2339 1961 2383 religiosos
2002 2346 2100 2394 Uffbauus
2113 2352 2159 2379 ⁰³1⁰

1222 2394 1410 2438 specialibus
1440 2393 1599 2426 favoribus
1624 2398 1654 2426 et
1677 2393 1787 2436 gratiis
1810 2394 1960 2437 prosequi
1976 2376 2161 2427 {ffieflmgsscgpfigf

1222 2448 1370 2488 volentes,
1395 2452 1425 2481 et
1441 2447 1568 2480 illorum
1586 2447 1761 2490 singulares
1777 2457 1928 2491 personas
1944 2458 1961 2480 a
1976 2433 2162 2502 {ffirffiiffsriss

1223 2501 1385 2545 quibusvis
1410 2500 1753 2541 excomnuinicationis,
1774 2500 1957 2545 suspensio·
2038 2496 2043 2502 ’

1222 2555 1270 2588 nis
1283 2560 1312 2588 et
1328 2554 1494 2597 interdicti,
1513 2554 1644 2598 aliisque
1664 2554 1881 2588 ecclesiasticis
1894 2564 1961 2588 scn-

1258 2672 1268 2699 1
1286 2670 1324 2699 Ex
1340 2670 1446 2706 Regest.
1463 2670 1488 2698 in
1503 2671 1604 2699 Secret.
1621 2670 1698 2698 Brev.
