2269 3235
233 257 282 282 Λη.
303 255 331 282 C.
350 254 416 282 1627

260 1382 385 1402 bizantium
398 1384 416 1400 el

233 1411 347 1429 assimiultu
362 1409 417 1428 lorn-

234 1442 276 1455 runi
322 1435 417 1455 eecli-stis

234 1462 328 1488 illyricis.

463 247 482 279 5
492 246 526 279 te

431 305 603 337 Laurolanal
625 304 762 347 praefata
780 304 896 338 «lictum
916 303 1083 347 cells-giuti]
1104 306 1171 349 llly-

431 357 572 389 ricorum
591 357 820 400 appellamhun,
835 357 864 389 in
885 368 947 401 quo
974 357 1167 401 inposterum

432 411 519 454 prior
535 411 778 444 adolescentium
797 422 957 454 numerus,
973 411 1099 455 triginta
1117 423 1169 445 sex

432 464 583 505 videlicet,
601 468 815 498 sacrosanctae
836 464 947 497 domus
968 465 1168 508 Lauretanac,

430 522 464 548 ut
483 517 568 555 olim,
586 518 792 560 proventibus
813 522 841 552 et
863 518 1035 552 redditibus
1053 524 1083 552 et
1101 530 1171 563 pro-

430 570 604 603 visionibus
629 572 806 614 sustentari,
832 573 882 613 ali,
908 573 1053 614 educari,
1077 584 1113 606 ae
1140 573 1170 605 in

430 622 537 664 bonis,
564 624 846 668 ecclesiasticisque
871 626 1023 668 moribus,
1048 637 1170 660 necnon

430 676 461 708 iu
486 678 721 721 grammaticae,
748 679 966 724 philosophiae
999 685 1029 713 et
1053 681 1171 714 theolo-

430 730 508 771 giae,
534 741 569 763 ac
593 741 755 765 sacrorum
782 743 948 773 canonum,
975 734 1171 777 aliarumque

431 783 611 816 facultatum
642 786 843 818 necessitates
873 787 1010 830 Illyricas
1042 797 1170 820 concer-

429 837 571 869 nentium
596 837 770 881 disciplinis
790 850 825 871 ac
841 839 950 872 studiis
976 839 1087 872 instrui
1113 839 1171 883 [ita

431 894 544 932 tamen,
562 897 605 931 ut,
622 891 722 924 donec
739 892 820 925 dicta
837 902 925 925 sacra
943 893 1064 933 domus,
1083 893 1171 926 cuius

430 949 610 985 proventus,
631 945 671 977 ob
690 946 802 978 multas
821 955 973 989 expensas
989 945 1020 978 in
1037 946 1171 979 transla-

431 996 514 1029 tione
540 997 739 1030 alumnorum
772 1003 802 1031 et
834 998 1028 1031 extructione
1059 999 1171 1032 domus

430 1050 601 1092 collegialis
621 1051 726 1093 saetas,
749 1056 810 1084 tam
829 1062 943 1094 magne
968 1052 1170 1085 alumnorum

430 1113 562 1137 numero
587 1105 788 1138 sustentando
825 1116 888 1138 non
913 1106 1002 1138 facile
1028 1106 1176 1139 sufficere

431 1158 562 1200 videtur,
578 1169 787 1203 expensarum
803 1160 885 1192 mole
905 1159 1001 1192 levari
1019 1160 1171 1204 eoeperit,

434 1211 567 1254 collegio
587 1212 728 1255 praefato
745 1212 853 1254 viginti
872 1213 982 1245 saltem
999 1213 1116 1246 alumni
1135 1224 1170 1246 ex

431 1265 562 1309 Illyricis
591 1266 761 1309 provinciis
793 1266 942 1299 evocandi
967 1267 1018 1307 ali,
1044 1267 1171 1301 educari

432 1324 461 1350 et
481 1319 593 1351 instrui
618 1319 766 1360 debeantg

477 1372 492 1415 ἓ
515 1372 545 1404 4.
559 1373 596 1405 Et
610 1373 723 1405 borum
744 1374 853 1415 viginti
873 1375 1075 1408 alumnorum
1092 1375 1172 1416 loca,

433 1425 599 1458 duodecim
628 1427 772 1459 videlicet
804 1427 979 1461 litoralibus
1003 1429 1173 1463 Dalmatiae

434 1478 564 1512 urbibus
581 1479 618 1512 ab
636 1480 765 1513 exordio
779 1480 852 1514 dicti
869 1482 993 1524 collegii
1011 1482 1173 1524 destinata,

433 1538 586 1576 perpetuo
610 1533 855 1567 adolescentium
881 1535 1022 1568 eiusdem
1046 1537 1174 1580 provin-

434 1586 499 1619 ciae
527 1586 734 1620 immutabilia
760 1594 946 1621 censeantur
974 1593 1003 1623 et
1031 1600 1098 1623 esse
1126 1591 1176 1622 de-

434 1639 525 1672 beant
543 1641 777 1684 (distributione
795 1648 825 1675 et
845 1643 1057 1685 assignatione
1076 1644 1174 1677 dieto-

434 1705 503 1726 rum
525 1694 690 1728 duodecim
712 1696 866 1737 locorum,
888 1697 1029 1740 sequenti
1053 1698 1175 1731 ratione

435 1748 655 1782 inviolabililer
667 1750 871 1783 observanda:
885 1751 1047 1794 nimirum,
1058 1757 1092 1784 ut
1105 1752 1176 1795 Spa-

433 1802 569 1844 latensis,
583 1804 816 1845 Ragnsinensis,
834 1805 989 1837 ladrensis
1007 1810 1037 1838 et
1053 1805 1176 1838 Antiba-

434 1856 534 1888 reusis
561 1858 710 1890 eeclesiae
742 1859 1003 1902 metropolitanae
1035 1859 1175 1902 singulae

434 1919 532 1941 unum
550 1920 674 1953 semper
690 1911 852 1943 alumnum
873 1923 927 1945 seu
947 1913 1039 1945 unius
1058 1913 1174 1945 alumni

436 1962 539 1995 locum
564 1963 709 2005 habeant,
731 1970 760 1997 et
780 1965 811 1997 in
836 1965 962 1998 illorum
983 1966 1177 1999 distributio-

435 2025 482 2055 ne,
498 2015 688 2059 Spalatensis
703 2018 844 2052 videlicet
861 2019 968 2062 oppidi
982 2019 1176 2052 Almisiensis

436 2079 518 2102 nunc
536 2080 609 2103 suae
626 2070 788 2111 dioecesis,
802 2072 1019 2106 Antibarensis
1033 2084 1107 2106 vero
1121 2073 1177 2106 Bu-

437 2123 557 2156 duanae
575 2124 707 2158 civitatis
725 2136 798 2157 suae
813 2126 1004 2169 prox-inciae,
1021 2127 1177 2160 Iadrensis

437 2182 550 2218 autem,
564 2179 713 2211 eeclesiae
727 2180 894 2223 praefatae,
907 2181 1017 2224 oppidi
1029 2181 1177 2223 Pagensis

437 2230 528 2262 eliam
547 2242 619 2264 suae
640 2232 791 2265 dioecesis
816 2233 970 2266 rationem
989 2234 1105 2267 babere
1125 2234 1177 2267 de-

437 2285 546 2325 beant,
562 2290 595 2319 ut
613 2286 729 2319 seilicet
751 2287 841 2319 tertia
859 2298 1001 2330 quaeque
1019 2289 1177 2321 successio

438 2340 637 2373 alumnorum
663 2340 886 2384 pertinentium
919 2341 957 2374 ad
986 2342 1084 2374 dictas
1115 2347 1177 2375 tres

439 2394 685 2437 metropoliticas
706 2394 852 2427 eeclesias
876 2395 916 2427 sit
939 2395 1128 2439 oppidorum
1149 2401 1179 2428 et

439 2447 570 2479 civitatis
592 2447 787 2481 huiusmodi:
814 2448 958 2481 similiter
975 2449 1178 2492 Sibenieensi,

442 2501 605 2543 tngttcnsi,
631 2502 791 2543 Pbarcnsi,
817 2503 881 2535 sive
905 2503 1075 2546 Lesinensi,
1100 2505 1178 2537 Aus-

441 2555 582 2596 senna,
607 2556 850 2601 Catharensiquc
883 2558 1024 2591 ecelesiis
1048 2550 1179 2601 siugulis

444 2614 527 2642 iocus
552 2610 643 2643 unius
667 2612 784 2644 alumni
809 2617 982 2656 competat,
1007 2613 1039 2644 in
1065 2612 1179 2656 quibus

442 2663 675 2708 distribuendis,
686 2665 838 2704 Parensis,
850 2678 903 2700 seu
914 2666 1100 2708 Lesinensis,
1111 2666 1180 2701 Bra-

1009 256 1187 281 nuLLAmUM
1211 257 1365 282 Romanum

1951 261 2001 290 An.
2023 262 2050 290 C.
2069 262 2134 291 1627

1204 306 1291 338 chiae
1316 306 1436 338 insulae
1461 316 1534 339 suae
1558 306 1720 348 dioecesis,
1739 308 1940 343 Ausserensis

1204 370 1277 392 vero
1291 359 1398 393 Cbersi
1412 359 1522 404 oppidi
1539 359 1614 393 item
1627 371 1701 394 suae
1714 359 1875 405 dioecesis,
1888 362 1940 397 Ca-

1204 413 1367 454 tliarcnsis,
1387 413 1536 446 ecelesiae
1559 414 1725 457 praefatae,
1746 414 1864 448 Perasti
1888 426 1941 460 op-

1204 466 1268 510 pidi
1282 467 1401 511 pariter
1425 478 1499 500 suae
1515 467 1668 501 dioecesis
1691 468 1833 501 eamdem
1849 469 1941 502 ratio-

1203 529 1293 561 nem,
1325 531 1405 564 quae
1437 531 1533 564 supra
1569 520 1669 554 tribus
1698 521 1942 566 metropolicicis

1204 574 1344 607 eeclesiis
1358 574 1506 618 praefatis
1521 574 1717 618 praescripta
1737 579 1792 618 est,
1809 575 1943 608 habeant

1204 631 1233 659 et
1265 627 1381 660 habere
1415 632 1599 661 teneantur:
1630 627 1765 674 denique
1794 628 1943 662 ecelesiae

1204 680 1399 713 Curzolensis
1422 691 1503 718 ‚eum
1528 681 1692 724 stagnensi
1723 691 1821 714 unum
1849 682 1943 715 alter-

1204 734 1319 774 natim,
1344 735 1563 777 Traguriensis
1587 740 1617 768 et
1640 736 1793 769 Nonensis
1816 736 1942 777 itidem,

1205 787 1294 819 sicuti
1329 792 1359 819 et
1390 788 1581 821 Arbenensis
1611 794 1640 821 et
1665 789 1822 822 Seniensis
1845 799 1943 832 unum

1204 840 1381 873 alternatim
1400 841 1516 874 habere
1532 841 1679 875 debeant:
1697 842 1758 876 hoe
1775 847 1879 876 tamen
1896 853 1944 876 ex-

1205 903 1313 936 presse
1338 894 1499 937 servando,

1249 946 1264 989 g
1288 946 1317 979 5.
1343 947 1381 980 Ut
1404 947 1685 992 quandocumque,
1709 949 1757 981 vel
1780 949 1943 991 negligen-

1206 999 1246 1032 tia
1264 1000 1488 1043 praelatorum,
1507 1001 1781 1045 capitulorumque
1801 1002 1945 1035 Dalmati-
1960 1017 2004 1044 terp
2032 1014 2143 1038 alumnos.

1205 1062 1326 1094 corum,
1343 1053 1381 1086 ad
1405 1064 1484 1097 quos
1508 1054 1769 1098 approbationem
1788 1055 1945 1089 dictorum
1960 1041 2016 1089 33:23³.
2056 1046 2144 1062 ”mn'

1205 1107 1408 1141 alumnorum
1433 1107 1636 1149 coniunctim,
1660 1108 1845 1142 electionem
1872 1119 1946 1143 vero

1206 1165 1235 1192 et
1252 1160 1475 1194 admissionem
1489 1172 1610 1205 eorum,
1628 1148 1693 1206 (ᾖιί,
1710 1167 1744 1196 ut
1759 1163 1947 1207 praefertur,

1205 1214 1369 1257 approbati
1386 1215 1523 1258 suerunt,
1540 1215 1579 1248 ad
1596 1215 1789 1249 cardinalem
1807 1216 1947 1250 eiusdem

1205 1267 1330 1310 collegii
1350 1274 1563 1312 protectorem
1580 1280 1640 1313 pro
1656 1274 1800 1314 tempore
1817 1269 1949 1303 existen-

1207 1326 1267 1354 tem
1296 1328 1451 1366 perpetuo
1473 1327 1614 1366 spectare
1638 1327 1668 1357 et
1686 1323 1845 1367 pertinere
1865 1324 1949 1357 volu-

1206 1385 1286 1415 mus,
1301 1376 1348 1408 vel
1362 1376 1471 1419 quavis
1488 1376 1549 1409 alia
1561 1376 1599 1410 de
1613 1378 1714 1419 causa,
1731 1377 1801 1410 loca
1817 1377 1949 1410 alicuius

1207 1430 1254 1462 vel
1267 1430 1446 1474 aliquorum
1457 1431 1668 1472 alumnorum,
1678 1431 1806 1474 eisdem,
1816 1436 1851 1464 ut
1862 1441 1950 1475 prae-

1207 1484 1327 1524 fertur,
1357 1484 1497 1518 eeclesiis
1521 1485 1763 1528 assignatorum,
1788 1485 1871 1518 ultra
1895 1495 1947 1518 sex

1208 1547 1331 1570 menses
1355 1548 1468 1571 vacare
1492 1538 1669 1581 contigerit,
1694 1539 1872 1572 nullatenus
1896 1538 1949 1571 illa

1208 1601 1244 1623 ex
1270 1591 1338 1623 aliis
1362 1591 1510 1634 praefatis
1535 1592 1705 1624 Dalmatiae
1722 1592 1862 1625 eeclesiis
1882 1591 1949 1625 lito-

1208 1644 1336 1684 rabbus,
1354 1644 1407 1677 sed
1427 1655 1464 1677 ex
1483 1644 1552 1677 aliis
1571 1645 1713 1688 Illyricae
1737 1645 1871 1678 nationis
1890 1644 1948 1677 sub

1208 1698 1308 1730 Tui-ca
1333 1697 1553 1739 existentibus,
1579 1700 1616 1730 ea
1639 1703 1761 1731 tanturn
1785 1699 1863 1739 viee,
1888 1708 1949 1742 qua

1209 1761 1320 1784 vacare
1345 1751 1546 1793 contigerint,
1566 1762 1624 1795 per
1647 1752 1731 1795 quod
1756 1757 1863 1785 tamen*
1884 1752 1950 1785 nul-

1208 1805 1273 1837 lum
1294 1804 1523 1848 praeiudicium
1540 1805 1748 1848 imposterum
1765 1805 1834 1838 aliis
1854 1806 1951 1838 eecle-

1209 1859 1262 1891 siis
1279 1858 1426 1902 praefatis
1440 1864 1618 1901 generetur,
1636 1859 1830 1902 suppleam}
1843 1864 1875 1892 et
1889 1859 1950 1892 hoe

1210 1913 1300 1946 toties
1316 1913 1440 1956 quoties
1458 1912 1568 1945 similis
1584 1913 1704 1946 vacatio
1723 1912 1949 1954 intercesserit;

1254 1966 1268 2009 ξ
1293 1966 1322 1999 6.
1340 1966 1487 2004 Quinimo
1509 1966 1534 1998 si
1554 1966 1608 2010 qui
1633 1966 1762 2007 alumni,
1786 1967 1894 2010 plures
1910 1966 1952 1999 vi-

1210 2019 1319 2052 delicet
1335 2030 1371 2052 ex
1387 2021 1448 2052 una
1463 2019 1617 2054 dictarum
1642 2019 1845 2053 ecclesiarum
1863 2029 1951 2063 prae-

1211 2078 1257 2107 ter
1282 2074 1361 2106 bane
1386 2078 1527 2106 nostram
1552 2074 1796 2108 declarationem
1815 2073 1847 2106 in
1867 2073 1950 2107 dicto

1210 2128 1343 2170 collegio
1374 2127 1502 2161 admissi
1534 2128 1572 2160 de
1601 2133 1706 2161 cetero
1731 2127 1949 2172 reperientur,

1211 2182 1277 2215 sine
1300 2182 1363 2214 ulla
1388 2184 1477 2215 mora
1501 2181 1645 2225 protinus
1669 2181 1884 2224 excludantur,
1909 2182 1952 2215 lo-

1211 2246 1308 2279 caque
1340 2235 1404 2268 suis
1436 2235 1577 2269 eeclesiis
1609 2235 1785 2279 assignata,
1810 2236 1858 2269 vel
1883 2235 1952 2268 aliis

1211 2300 1321 2322 eorum
1335 2289 1405 2322 loeo
1419 2289 1598 2330 nominatis,
1613 2289 1678 2322 sine
1693 2290 1757 2322 ulla
1770 2289 1952 2333 interpreta-

1211 2342 1305 2384 tione,
1324 2342 1557 2385 indulgentiave
1578 2343 1813 2387 restituamini->3
1831 2343 1953 2387 reliqua

1212 2407 1286 2430 vero
1304 2402 1375 2430 octo
1392 2397 1461 2430 loca
1473 2408 1531 2441 pro
1551 2397 1645 2438 nunc,
1663 2397 1763 2431 donec
1779 2397 1897 2431 alumni
1914 2396 1953 2430 ad

1212 2450 1373 2494 antiquum
1388 2461 1555 2484 numerum
1569 2451 1774 2494 integrentur,
1793 2451 1837 2484 sie
1857 2450 1954 2484 divisa

1213 2504 1438 2547 intelligantur,
1458 2504 1611 2538 nimirum
1635 2505 1815 2547 Bosnensis,
1840 2505 1955 2538 Macca-

1213 2558 1322 2600 rensis,
1344 2558 1579 2600 Seardoncnsis,
1596 2569 1720 2592 necnon
1743 2558 1907 2592 Sarnandri
1924 2563 1955 2591 et

1213 2612 1411 2656 Uscopiensis
1450 2612 1599 2646 ecclesiae
1634 2613 1776 2657 singulae
1811 2612 1954 2645 videlicet

1213 2666 1339 2700 unicum
1371 2668 1534 2700 alumnum
1558 2667 1712 2709 habeant,
1736 2666 1827 2701 sicuti
1852 2671 1881 2700 et
1905 2676 1955 2700 re—

2012 962 2035 983 Si
2051 960 2143 987 praelati

1959 988 2088 1014 neglexerint
2098 988 2144 1008 mit-

1983 1975 2036 1999 Quid
2046 1974 2150 2002 agendum

1965 2008 2012 2023 cum
2031 2002 2150 2028 praesenti-

1965 2029 2004 2050 hus
2019 2028 2115 2050 alumnis.
