<?xml version="1.0" encoding="UTF-8"?>
<!DOCTYPE html PUBLIC "-//W3C//DTD XHTML 1.0 Transitional//EN"
    "http://www.w3.org/TR/xhtml1/DTD/xhtml1-transitional.dtd">
<html xmlns="http://www.w3.org/1999/xhtml" xml:lang="en" lang="en">
 <head>
  <title>
</title>
<meta http-equiv="Content-Type" content="text/html;charset=utf-8" />
  <meta name='ocr-system' content='tesseract 3.04.00' />
  <meta name='ocr-capabilities' content='ocr_page ocr_carea ocr_par ocr_line ocrx_word'/>
</head>
<body>
  <div class='ocr_page' id='page_1' title='image "./bullarumdiplomat13cath_0760.png"; bbox 0 0 2269 3235; ppageno 0'>
   <div class='ocr_carea' id='block_1_1' title="bbox 449 209 1196 2663">
    <p class='ocr_par' dir='ltr' id='par_1_1' title="bbox 493 209 1193 365">
     <span class='ocr_line' id='line_1_1' title="bbox 493 209 556 245; baseline 0.032 -2"><span class='ocrx_word' id='word_1_1' title='bbox 493 209 556 245; x_wconf 69' lang='lat'>722</span> 
     </span>
     <span class='ocr_line' id='line_1_2' title="bbox 539 269 1193 306; baseline -0.002 -1"><span class='ocrx_word' id='word_1_2' title='bbox 539 272 681 306; x_wconf 81' lang='lat' dir='ltr'>dioecesi</span> <span class='ocrx_word' id='word_1_3' title='bbox 716 270 888 305; x_wconf 79' lang='lat' dir='ltr'>Parisiensi</span> <span class='ocrx_word' id='word_1_4' title='bbox 925 269 1193 304; x_wconf 77' lang='lat' dir='ltr'>cmnmorantibus</span> 
     </span>
     <span class='ocr_line' id='line_1_3' title="bbox 538 324 900 365; baseline -0.014 -5"><span class='ocrx_word' id='word_1_5' title='bbox 538 336 620 360; x_wconf 86' lang='lat' dir='ltr'>anno</span> <span class='ocrx_word' id='word_1_6' title='bbox 647 335 798 365; x_wconf 70' lang='lat' dir='ltr'>uratxxxi,</span> <span class='ocrx_word' id='word_1_7' title='bbox 826 324 900 356; x_wconf 58' lang='lat'>23:312.</span> 
     </span>
    </p>

    <p class='ocr_par' dir='ltr' id='par_1_2' title="bbox 449 376 1194 631">
     <span class='ocr_line' id='line_1_4' title="bbox 449 376 1194 420; baseline -0.007 -6"><span class='ocrx_word' id='word_1_8' title='bbox 449 380 578 413; x_wconf 75' lang='lat' dir='ltr'>CXLIV.</span> <span class='ocrx_word' id='word_1_9' title='bbox 606 380 738 412; x_wconf 84' lang='lat' dir='ltr'>irritatio</span> <span class='ocrx_word' id='word_1_10' title='bbox 757 378 959 410; x_wconf 83' lang='lat' dir='ltr'>derretorum</span> <span class='ocrx_word' id='word_1_11' title='bbox 980 386 1037 420; x_wconf 90' lang='lat' dir='ltr'>per</span> <span class='ocrx_word' id='word_1_12' title='bbox 1060 376 1194 410; x_wconf 89' lang='lat' dir='ltr'>nonnul-</span> 
     </span>
     <span class='ocr_line' id='line_1_5' title="bbox 539 429 1191 473; baseline -0.002 -9"><span class='ocrx_word' id='word_1_13' title='bbox 539 433 583 465; x_wconf 80' lang='lat' dir='ltr'>los</span> <span class='ocrx_word' id='word_1_14' title='bbox 609 432 729 464; x_wconf 87' lang='lat' dir='ltr'>iudices</span> <span class='ocrx_word' id='word_1_15' title='bbox 745 432 834 473; x_wconf 86' lang='lat' dir='ltr'>regni</span> <span class='ocrx_word' id='word_1_16' title='bbox 856 429 1068 472; x_wconf 81' lang='lat' dir='ltr'>l‘ortugalliae</span> <span class='ocrx_word' id='word_1_17' title='bbox 1086 434 1191 463; x_wconf 87' lang='lat' dir='ltr'>contra</span> 
     </span>
     <span class='ocr_line' id='line_1_6' title="bbox 538 483 1194 518; baseline -0.002 -1"><span class='ocrx_word' id='word_1_18' title='bbox 538 485 715 518; x_wconf 82' lang='lat' dir='ltr'>libertatem</span> <span class='ocrx_word' id='word_1_19' title='bbox 741 486 771 516; x_wconf 54' lang='lat' dir='ltr'>et,</span> <span class='ocrx_word' id='word_1_20' title='bbox 795 484 1026 516; x_wconf 83' lang='lat' dir='ltr'>immunitatem</span> <span class='ocrx_word' id='word_1_21' title='bbox 1043 483 1194 517; x_wconf 86' lang='lat' dir='ltr'>ecclesia-</span> 
     </span>
     <span class='ocr_line' id='line_1_7' title="bbox 539 536 1193 580; baseline 0 -11"><span class='ocrx_word' id='word_1_22' title='bbox 539 539 659 577; x_wconf 81' lang='lat' dir='ltr'>sticam,</span> <span class='ocrx_word' id='word_1_23' title='bbox 685 546 721 570; x_wconf 89' lang='lat' dir='ltr'>ae</span> <span class='ocrx_word' id='word_1_24' title='bbox 753 536 928 569; x_wconf 87' lang='lat' dir='ltr'>collectoris</span> <span class='ocrx_word' id='word_1_25' title='bbox 960 537 1094 580; x_wconf 85' lang='lat' dir='ltr'>eiusque</span> <span class='ocrx_word' id='word_1_26' title='bbox 1128 536 1193 569; x_wconf 89' lang='grc'>0111-</span> 
     </span>
     <span class='ocr_line' id='line_1_8' title="bbox 538 588 1192 631; baseline 0 -9"><span class='ocrx_word' id='word_1_27' title='bbox 538 590 665 623; x_wconf 88' lang='lat' dir='ltr'>cialium</span> <span class='ocrx_word' id='word_1_28' title='bbox 681 590 942 630; x_wconf 77' lang='lat' dir='ltr'>iurisdietionem,</span> <span class='ocrx_word' id='word_1_29' title='bbox 960 588 1103 631; x_wconf 86' lang='lat' dir='ltr'>latorum,</span> <span class='ocrx_word' id='word_1_30' title='bbox 1119 590 1192 622; x_wconf 68' lang='lat'>334.</span> 
     </span>
    </p>

    <p class='ocr_par' dir='ltr' id='par_1_3' title="bbox 449 641 1195 1112">
     <span class='ocr_line' id='line_1_9' title="bbox 449 641 1192 686; baseline 0.003 -12"><span class='ocrx_word' id='word_1_31' title='bbox 449 642 560 676; x_wconf 76' lang='lat' dir='ltr'>CXLV.</span> <span class='ocrx_word' id='word_1_32' title='bbox 598 643 731 676; x_wconf 83' lang='lat' dir='ltr'>Decreta</span> <span class='ocrx_word' id='word_1_33' title='bbox 774 651 884 675; x_wconf 87' lang='lat' dir='ltr'>sacrae</span> <span class='ocrx_word' id='word_1_34' title='bbox 928 641 1192 686; x_wconf 80' lang='lat' dir='ltr'>Congregationis</span> 
     </span>
     <span class='ocr_line' id='line_1_10' title="bbox 537 695 1193 737; baseline 0.002 -9"><span class='ocrx_word' id='word_1_35' title='bbox 537 695 669 729; x_wconf 79' lang='lat' dir='ltr'>Concilii</span> <span class='ocrx_word' id='word_1_36' title='bbox 681 696 721 728; x_wconf 90' lang='lat' dir='ltr'>de</span> <span class='ocrx_word' id='word_1_37' title='bbox 738 695 953 728; x_wconf 71' lang='lat' dir='ltr'>celebratione</span> <span class='ocrx_word' id='word_1_38' title='bbox 968 697 1146 737; x_wconf 82' lang='lat' dir='ltr'>missarum,</span> <span class='ocrx_word' id='word_1_39' title='bbox 1157 706 1193 729; x_wconf 89' lang='lat' dir='ltr'>ac</span> 
     </span>
     <span class='ocr_line' id='line_1_11' title="bbox 537 748 1192 792; baseline 0 -11"><span class='ocrx_word' id='word_1_40' title='bbox 537 749 576 781; x_wconf 91' lang='lat' dir='ltr'>‹le</span> <span class='ocrx_word' id='word_1_41' title='bbox 603 748 817 792; x_wconf 73' lang='lat' dir='ltr'>prohibitione</span> <span class='ocrx_word' id='word_1_42' title='bbox 835 748 903 781; x_wconf 85' lang='lat' dir='ltr'>illas</span> <span class='ocrx_word' id='word_1_43' title='bbox 920 748 1118 790; x_wconf 84' lang='lat' dir='ltr'>moderandi,</span> <span class='ocrx_word' id='word_1_44' title='bbox 1136 758 1192 781; x_wconf 89' lang='lat' dir='ltr'>seu</span> 
     </span>
     <span class='ocr_line' id='line_1_12' title="bbox 539 800 1193 845; baseline 0 -11"><span class='ocrx_word' id='word_1_45' title='bbox 539 801 726 842; x_wconf 87' lang='lat' dir='ltr'>reducendi,</span> <span class='ocrx_word' id='word_1_46' title='bbox 743 800 866 845; x_wconf 86' lang='lat' dir='ltr'>absque</span> <span class='ocrx_word' id='word_1_47' title='bbox 887 800 977 833; x_wconf 83' lang='lat' dir='ltr'>Sedis</span> <span class='ocrx_word' id='word_1_48' title='bbox 991 800 1193 844; x_wconf 87' lang='lat' dir='ltr'>Apostolicae</span> 
     </span>
     <span class='ocr_line' id='line_1_13' title="bbox 539 853 1194 896; baseline 0 -9"><span class='ocrx_word' id='word_1_49' title='bbox 539 854 685 896; x_wconf 73' lang='lat' dir='ltr'>licentia,</span> <span class='ocrx_word' id='word_1_50' title='bbox 704 863 827 886; x_wconf 80' lang='lat' dir='ltr'>necnon</span> <span class='ocrx_word' id='word_1_51' title='bbox 848 854 888 886; x_wconf 88' lang='lat' dir='ltr'>de</span> <span class='ocrx_word' id='word_1_52' title='bbox 913 853 1099 886; x_wconf 84' lang='lat' dir='ltr'>earumdem</span> <span class='ocrx_word' id='word_1_53' title='bbox 1119 863 1194 887; x_wconf 88' lang='grc'>0110-</span> 
     </span>
     <span class='ocr_line' id='line_1_14' title="bbox 539 906 1194 950; baseline 0 -10"><span class='ocrx_word' id='word_1_54' title='bbox 539 907 627 940; x_wconf 91' lang='lat' dir='ltr'>ribus</span> <span class='ocrx_word' id='word_1_55' title='bbox 649 907 813 950; x_wconf 83' lang='lat' dir='ltr'>perpetuis</span> <span class='ocrx_word' id='word_1_56' title='bbox 844 906 1073 949; x_wconf 75' lang='lat' dir='ltr'>suscipiendis,</span> <span class='ocrx_word' id='word_1_57' title='bbox 1100 910 1131 940; x_wconf 91' lang='lat' dir='ltr'>et</span> <span class='ocrx_word' id='word_1_58' title='bbox 1154 906 1194 940; x_wconf 90' lang='lat' dir='ltr'>de</span> 
     </span>
     <span class='ocr_line' id='line_1_15' title="bbox 538 959 1194 1002; baseline -0.002 -8"><span class='ocrx_word' id='word_1_59' title='bbox 538 961 760 1002; x_wconf 68' lang='lat' dir='ltr'>religiosorum</span> <span class='ocrx_word' id='word_1_60' title='bbox 781 969 912 993; x_wconf 89' lang='lat' dir='ltr'>numero</span> <span class='ocrx_word' id='word_1_61' title='bbox 934 959 1015 993; x_wconf 87' lang='lat' dir='ltr'>ultra</span> <span class='ocrx_word' id='word_1_62' title='bbox 1040 960 1194 1001; x_wconf 86' lang='lat' dir='ltr'>redditus,</span> 
     </span>
     <span class='ocr_line' id='line_1_16' title="bbox 539 1012 1195 1054; baseline 0.002 -8"><span class='ocrx_word' id='word_1_63' title='bbox 539 1018 570 1046; x_wconf 89' lang='lat' dir='ltr'>et</span> <span class='ocrx_word' id='word_1_64' title='bbox 604 1016 771 1046; x_wconf 86' lang='lat' dir='ltr'>consu-etas</span> <span class='ocrx_word' id='word_1_65' title='bbox 804 1012 1023 1054; x_wconf 69' lang='lat' dir='ltr'>eleemosynas</span> <span class='ocrx_word' id='word_1_66' title='bbox 1055 1013 1195 1047; x_wconf 87' lang='lat' dir='ltr'>locorum</span> 
     </span>
     <span class='ocr_line' id='line_1_17' title="bbox 538 1065 1111 1112; baseline -0.002 -12"><span class='ocrx_word' id='word_1_67' title='bbox 538 1068 731 1108; x_wconf 72' lang='lat' dir='ltr'>regularium</span> <span class='ocrx_word' id='word_1_68' title='bbox 756 1076 817 1099; x_wconf 89' lang='grc'>1100</span> <span class='ocrx_word' id='word_1_69' title='bbox 843 1065 1000 1107; x_wconf 87' lang='lat' dir='ltr'>habendo,</span> <span class='ocrx_word' id='word_1_70' title='bbox 1022 1066 1111 1112; x_wconf 61' lang='lat'>336,</span> 
     </span>
    </p>

    <p class='ocr_par' dir='ltr' id='par_1_4' title="bbox 451 1118 1195 1426">
     <span class='ocr_line' id='line_1_18' title="bbox 451 1118 1195 1164; baseline 0.001 -11"><span class='ocrx_word' id='word_1_71' title='bbox 451 1121 633 1164; x_wconf 79' lang='lat' dir='ltr'>Sequuntur</span> <span class='ocrx_word' id='word_1_72' title='bbox 657 1119 755 1153; x_wconf 85' lang='lat' dir='ltr'>dubia</span> <span class='ocrx_word' id='word_1_73' title='bbox 773 1128 809 1152; x_wconf 84' lang='lat' dir='ltr'>ae</span> <span class='ocrx_word' id='word_1_74' title='bbox 823 1118 1057 1153; x_wconf 84' lang='lat' dir='ltr'>declarationes</span> <span class='ocrx_word' id='word_1_75' title='bbox 1075 1119 1195 1164; x_wconf 84' lang='lat' dir='ltr'>aliquot</span> 
     </span>
     <span class='ocr_line' id='line_1_19' title="bbox 539 1172 1193 1215; baseline 0.002 -9"><span class='ocrx_word' id='word_1_76' title='bbox 539 1182 649 1206; x_wconf 84' lang='lat' dir='ltr'>sacrae</span> <span class='ocrx_word' id='word_1_77' title='bbox 683 1172 948 1215; x_wconf 81' lang='lat' dir='ltr'>Congregationis</span> <span class='ocrx_word' id='word_1_78' title='bbox 974 1172 1106 1206; x_wconf 89' lang='lat' dir='ltr'>Concilii</span> <span class='ocrx_word' id='word_1_79' title='bbox 1141 1174 1193 1207; x_wconf 83' lang='lat' dir='ltr'>SS.</span> 
     </span>
     <span class='ocr_line' id='line_1_20' title="bbox 539 1225 1194 1269; baseline 0.002 -10"><span class='ocrx_word' id='word_1_80' title='bbox 539 1226 576 1259; x_wconf 94' lang='lat' dir='ltr'>D.</span> <span class='ocrx_word' id='word_1_81' title='bbox 606 1226 642 1259; x_wconf 89' lang='lat' dir='ltr'>N.</span> <span class='ocrx_word' id='word_1_82' title='bbox 663 1225 781 1259; x_wconf 81' lang='lat' dir='ltr'>Urbani</span> <span class='ocrx_word' id='word_1_83' title='bbox 807 1226 912 1269; x_wconf 89' lang='lat' dir='ltr'>Papae</span> <span class='ocrx_word' id='word_1_84' title='bbox 925 1225 1194 1260; x_wconf 89' lang='lat' dir='ltr'>Vlllauctoritate</span> 
     </span>
     <span class='ocr_line' id='line_1_21' title="bbox 540 1278 1195 1322; baseline 0.002 -10"><span class='ocrx_word' id='word_1_85' title='bbox 540 1279 644 1312; x_wconf 87' lang='lat' dir='ltr'>editae</span> <span class='ocrx_word' id='word_1_86' title='bbox 667 1288 764 1322; x_wconf 90' lang='lat' dir='ltr'>super</span> <span class='ocrx_word' id='word_1_87' title='bbox 787 1278 924 1312; x_wconf 76' lang='lat' dir='ltr'>decretis</span> <span class='ocrx_word' id='word_1_88' title='bbox 946 1278 1091 1312; x_wconf 87' lang='lat' dir='ltr'>eiusdem</span> <span class='ocrx_word' id='word_1_89' title='bbox 1116 1278 1195 1313; x_wconf 91' lang='lat' dir='ltr'>Con-</span> 
     </span>
     <span class='ocr_line' id='line_1_22' title="bbox 541 1331 1194 1376; baseline 0 -10"><span class='ocrx_word' id='word_1_90' title='bbox 541 1333 736 1376; x_wconf 80' lang='lat' dir='ltr'>gregationis</span> <span class='ocrx_word' id='word_1_91' title='bbox 773 1332 812 1366; x_wconf 87' lang='lat' dir='ltr'>de</span> <span class='ocrx_word' id='word_1_92' title='bbox 838 1331 1052 1366; x_wconf 81' lang='lat' dir='ltr'>celebratione</span> <span class='ocrx_word' id='word_1_93' title='bbox 1085 1334 1194 1366; x_wconf 87' lang='lat' dir='ltr'>missa-</span> 
     </span>
     <span class='ocr_line' id='line_1_23' title="bbox 540 1386 723 1426; baseline -0.005 -7"><span class='ocrx_word' id='word_1_94' title='bbox 540 1396 621 1426; x_wconf 88' lang='lat' dir='ltr'>rum,</span> <span class='ocrx_word' id='word_1_95' title='bbox 650 1386 723 1419; x_wconf 74' lang='lat'>340.</span> 
     </span>
    </p>

    <p class='ocr_par' dir='ltr' id='par_1_5' title="bbox 452 1439 1196 1536">
     <span class='ocr_line' id='line_1_24' title="bbox 452 1439 1196 1485; baseline 0.003 -13"><span class='ocrx_word' id='word_1_96' title='bbox 452 1439 694 1485; x_wconf 63' lang='lat' dir='ltr'>subsequuntur</span> <span class='ocrx_word' id='word_1_97' title='bbox 718 1439 950 1473; x_wconf 74' lang='lat' dir='ltr'>declarationes</span> <span class='ocrx_word' id='word_1_98' title='bbox 982 1449 1039 1473; x_wconf 91' lang='lat' dir='ltr'>seu</span> <span class='ocrx_word' id='word_1_99' title='bbox 1068 1449 1196 1483; x_wconf 88' lang='lat' dir='ltr'>respon-</span> 
     </span>
     <span class='ocr_line' id='line_1_25' title="bbox 539 1493 1140 1536; baseline 0 -9"><span class='ocrx_word' id='word_1_100' title='bbox 539 1496 645 1527; x_wconf 84' lang='lat' dir='ltr'>siones</span> <span class='ocrx_word' id='word_1_101' title='bbox 670 1493 709 1526; x_wconf 88' lang='lat' dir='ltr'>ad</span> <span class='ocrx_word' id='word_1_102' title='bbox 734 1494 916 1536; x_wconf 85' lang='lat' dir='ltr'>supradicta</span> <span class='ocrx_word' id='word_1_103' title='bbox 937 1493 1044 1535; x_wconf 84' lang='lat' dir='ltr'>dubia,</span> <span class='ocrx_word' id='word_1_104' title='bbox 1066 1494 1140 1527; x_wconf 68' lang='lat'>342.</span> 
     </span>
    </p>

    <p class='ocr_par' dir='ltr' id='par_1_6' title="bbox 452 1546 1196 1860">
     <span class='ocr_line' id='line_1_26' title="bbox 452 1546 1196 1582; baseline 0.003 -2"><span class='ocrx_word' id='word_1_105' title='bbox 452 1547 575 1581; x_wconf 82' lang='lat' dir='ltr'>CXLVI.</span> <span class='ocrx_word' id='word_1_106' title='bbox 602 1546 812 1581; x_wconf 88' lang='lat' dir='ltr'>Conlirmatur</span> <span class='ocrx_word' id='word_1_107' title='bbox 842 1547 1010 1580; x_wconf 84' lang='lat' dir='ltr'>concordia</span> <span class='ocrx_word' id='word_1_108' title='bbox 1044 1549 1121 1581; x_wconf 82' lang='lat' dir='ltr'>inita</span> <span class='ocrx_word' id='word_1_109' title='bbox 1152 1549 1196 1582; x_wconf 88' lang='lat' dir='ltr'>in-</span> 
     </span>
     <span class='ocr_line' id='line_1_27' title="bbox 540 1600 1195 1644; baseline -0.002 -9"><span class='ocrx_word' id='word_1_110' title='bbox 540 1605 588 1635; x_wconf 91' lang='lat' dir='ltr'>ter</span> <span class='ocrx_word' id='word_1_111' title='bbox 616 1600 754 1644; x_wconf 87' lang='lat' dir='ltr'>capitula</span> <span class='ocrx_word' id='word_1_112' title='bbox 784 1600 927 1644; x_wconf 85' lang='lat' dir='ltr'>aliosque</span> <span class='ocrx_word' id='word_1_113' title='bbox 963 1600 1195 1634; x_wconf 84' lang='lat' dir='ltr'>ecclesiasticos</span> 
     </span>
     <span class='ocr_line' id='line_1_28' title="bbox 540 1655 1196 1699; baseline 0 -10"><span class='ocrx_word' id='word_1_114' title='bbox 540 1666 711 1699; x_wconf 86' lang='lat' dir='ltr'>regnorum</span> <span class='ocrx_word' id='word_1_115' title='bbox 725 1655 878 1689; x_wconf 85' lang='lat' dir='ltr'>Castellae</span> <span class='ocrx_word' id='word_1_116' title='bbox 892 1659 923 1689; x_wconf 86' lang='lat' dir='ltr'>et</span> <span class='ocrx_word' id='word_1_117' title='bbox 938 1655 1086 1698; x_wconf 83' lang='lat' dir='ltr'>Legionis</span> <span class='ocrx_word' id='word_1_118' title='bbox 1100 1666 1196 1699; x_wconf 89' lang='lat' dir='ltr'>super</span> 
     </span>
     <span class='ocr_line' id='line_1_29' title="bbox 540 1709 1196 1743; baseline -0.002 0"><span class='ocrx_word' id='word_1_119' title='bbox 540 1710 695 1743; x_wconf 90' lang='lat' dir='ltr'>solutione</span> <span class='ocrx_word' id='word_1_120' title='bbox 721 1710 864 1742; x_wconf 78' lang='lat' dir='ltr'>decimae</span> <span class='ocrx_word' id='word_1_121' title='bbox 889 1718 906 1742; x_wconf 90' lang='lat' dir='ltr'>a</span> <span class='ocrx_word' id='word_1_122' title='bbox 931 1709 1091 1742; x_wconf 88' lang='lat' dir='ltr'>nonnullis</span> <span class='ocrx_word' id='word_1_123' title='bbox 1116 1710 1196 1742; x_wconf 90' lang='lat' dir='ltr'>Pon-</span> 
     </span>
     <span class='ocr_line' id='line_1_30' title="bbox 540 1762 1194 1806; baseline -0.003 -9"><span class='ocrx_word' id='word_1_124' title='bbox 540 1763 680 1797; x_wconf 79' lang='lat' dir='ltr'>tificibus</span> <span class='ocrx_word' id='word_1_125' title='bbox 719 1762 866 1806; x_wconf 87' lang='lat' dir='ltr'>Philippo</span> <span class='ocrx_word' id='word_1_126' title='bbox 897 1762 937 1795; x_wconf 88' lang='lat' dir='ltr'>lV</span> <span class='ocrx_word' id='word_1_127' title='bbox 970 1762 1194 1805; x_wconf 86' lang='lat' dir='ltr'>Hispaniarum</span> 
     </span>
     <span class='ocr_line' id='line_1_31' title="bbox 538 1816 1171 1860; baseline -0.002 -10"><span class='ocrx_word' id='word_1_128' title='bbox 538 1819 608 1860; x_wconf 79' lang='lat' dir='ltr'>regi</span> <span class='ocrx_word' id='word_1_129' title='bbox 633 1825 803 1849; x_wconf 79' lang='lat' dir='ltr'>concessae</span> <span class='ocrx_word' id='word_1_130' title='bbox 824 1825 860 1848; x_wconf 83' lang='lat' dir='ltr'>ae</span> <span class='ocrx_word' id='word_1_131' title='bbox 885 1819 1084 1858; x_wconf 77' lang='lat' dir='ltr'>prorogatae,</span> <span class='ocrx_word' id='word_1_132' title='bbox 1098 1816 1171 1849; x_wconf 72' lang='lat'>343.</span> 
     </span>
    </p>

    <p class='ocr_par' dir='ltr' id='par_1_7' title="bbox 452 1868 1195 2341">
     <span class='ocr_line' id='line_1_32' title="bbox 452 1868 1195 1911; baseline -0.001 -8"><span class='ocrx_word' id='word_1_133' title='bbox 452 1869 597 1904; x_wconf 77' lang='lat' dir='ltr'>CXLVII.</span> <span class='ocrx_word' id='word_1_134' title='bbox 628 1868 787 1902; x_wconf 89' lang='lat' dir='ltr'>Indultum</span> <span class='ocrx_word' id='word_1_135' title='bbox 827 1879 884 1911; x_wconf 90' lang='lat' dir='ltr'>pro</span> <span class='ocrx_word' id='word_1_136' title='bbox 914 1868 1063 1902; x_wconf 85' lang='lat' dir='ltr'>fratribus</span> <span class='ocrx_word' id='word_1_137' title='bbox 1095 1870 1195 1902; x_wconf 85' lang='lat' dir='ltr'>sancti</span> 
     </span>
     <span class='ocr_line' id='line_1_33' title="bbox 539 1921 1195 1965; baseline -0.002 -9"><span class='ocrx_word' id='word_1_138' title='bbox 539 1923 699 1956; x_wconf 83' lang='lat' dir='ltr'>Francisei</span> <span class='ocrx_word' id='word_1_139' title='bbox 721 1922 759 1954; x_wconf 90' lang='lat' dir='ltr'>do</span> <span class='ocrx_word' id='word_1_140' title='bbox 777 1921 987 1956; x_wconf 75' lang='lat' dir='ltr'>Observanua</span> <span class='ocrx_word' id='word_1_141' title='bbox 1002 1923 1033 1954; x_wconf 89' lang='lat' dir='ltr'>in</span> <span class='ocrx_word' id='word_1_142' title='bbox 1053 1921 1195 1965; x_wconf 88' lang='lat' dir='ltr'>partibus</span> 
     </span>
     <span class='ocr_line' id='line_1_34' title="bbox 540 1975 1194 2018; baseline 0 -9"><span class='ocrx_word' id='word_1_143' title='bbox 540 1977 700 2010; x_wconf 86' lang='lat' dir='ltr'>Indiarum</span> <span class='ocrx_word' id='word_1_144' title='bbox 711 1975 965 2010; x_wconf 78' lang='lat' dir='ltr'>Occidentaliiim</span> <span class='ocrx_word' id='word_1_145' title='bbox 973 1975 1194 2018; x_wconf 83' lang='lat' dir='ltr'>existentibus,</span> 
     </span>
     <span class='ocr_line' id='line_1_35' title="bbox 540 2029 1195 2075; baseline -0.002 -11"><span class='ocrx_word' id='word_1_146' title='bbox 540 2030 624 2075; x_wconf 86' lang='lat' dir='ltr'>quod</span> <span class='ocrx_word' id='word_1_147' title='bbox 642 2030 681 2063; x_wconf 89' lang='lat' dir='ltr'>de</span> <span class='ocrx_word' id='word_1_148' title='bbox 699 2040 828 2063; x_wconf 84' lang='lat' dir='ltr'>suorum</span> <span class='ocrx_word' id='word_1_149' title='bbox 845 2031 1047 2073; x_wconf 87' lang='lat' dir='ltr'>superiorum</span> <span class='ocrx_word' id='word_1_150' title='bbox 1067 2029 1195 2063; x_wconf 68' lang='lat' dir='ltr'>licentia</span> 
     </span>
     <span class='ocr_line' id='line_1_36' title="bbox 540 2083 1194 2128; baseline 0 -12"><span class='ocrx_word' id='word_1_151' title='bbox 540 2093 557 2117; x_wconf 83' lang='lat' dir='ltr'>a</span> <span class='ocrx_word' id='word_1_152' title='bbox 582 2093 783 2128; x_wconf 76' lang='lat' dir='ltr'>quecumque</span> <span class='ocrx_word' id='word_1_153' title='bbox 809 2083 963 2117; x_wconf 84' lang='lat' dir='ltr'>catholico</span> <span class='ocrx_word' id='word_1_154' title='bbox 984 2085 1134 2125; x_wconf 76' lang='lat' dir='ltr'>antistite,</span> <span class='ocrx_word' id='word_1_155' title='bbox 1155 2084 1194 2117; x_wconf 89' lang='lat' dir='ltr'>de</span> 
     </span>
     <span class='ocr_line' id='line_1_37' title="bbox 540 2137 1195 2182; baseline 0 -12"><span class='ocrx_word' id='word_1_156' title='bbox 540 2147 696 2171; x_wconf 78' lang='lat' dir='ltr'>consensu</span> <span class='ocrx_word' id='word_1_157' title='bbox 711 2137 908 2179; x_wconf 81' lang='lat' dir='ltr'>Dioecesani,</span> <span class='ocrx_word' id='word_1_158' title='bbox 923 2137 962 2170; x_wconf 88' lang='lat' dir='ltr'>ad</span> <span class='ocrx_word' id='word_1_159' title='bbox 977 2146 1086 2170; x_wconf 87' lang='lat' dir='ltr'>omnes</span> <span class='ocrx_word' id='word_1_160' title='bbox 1100 2138 1195 2182; x_wconf 79' lang='lat' dir='ltr'>etiam</span> 
     </span>
     <span class='ocr_line' id='line_1_38' title="bbox 542 2191 1195 2235; baseline -0.002 -11"><span class='ocrx_word' id='word_1_161' title='bbox 542 2191 784 2235; x_wconf 67' lang='lat' dir='ltr'>presbyteratus</span> <span class='ocrx_word' id='word_1_162' title='bbox 820 2191 947 2224; x_wconf 78' lang='lat' dir='ltr'>ordines</span> <span class='ocrx_word' id='word_1_163' title='bbox 984 2194 1074 2223; x_wconf 76' lang='lat' dir='ltr'>extra</span> <span class='ocrx_word' id='word_1_164' title='bbox 1116 2194 1195 2224; x_wconf 88' lang='lat' dir='ltr'>tem-</span> 
     </span>
     <span class='ocr_line' id='line_1_39' title="bbox 541 2244 1195 2289; baseline -0.003 -11"><span class='ocrx_word' id='word_1_165' title='bbox 541 2255 617 2289; x_wconf 81' lang='lat' dir='ltr'>pora</span> <span class='ocrx_word' id='word_1_166' title='bbox 642 2249 673 2278; x_wconf 91' lang='lat' dir='ltr'>ct</span> <span class='ocrx_word' id='word_1_167' title='bbox 697 2254 758 2277; x_wconf 90' lang='lat' dir='ltr'>non</span> <span class='ocrx_word' id='word_1_168' title='bbox 779 2246 914 2277; x_wconf 73' lang='lat' dir='ltr'>servatis</span> <span class='ocrx_word' id='word_1_169' title='bbox 934 2244 1111 2277; x_wconf 84' lang='lat' dir='ltr'>interstitiis</span> <span class='ocrx_word' id='word_1_170' title='bbox 1128 2254 1195 2287; x_wconf 92' lang='lat' dir='ltr'>pro-</span> 
     </span>
     <span class='ocr_line' id='line_1_40' title="bbox 542 2298 906 2341; baseline -0.005 -10"><span class='ocrx_word' id='word_1_171' title='bbox 542 2300 662 2331; x_wconf 68' lang='lat' dir='ltr'>moveri</span> <span class='ocrx_word' id='word_1_172' title='bbox 688 2299 817 2341; x_wconf 81' lang='lat' dir='ltr'>possint,</span> <span class='ocrx_word' id='word_1_173' title='bbox 833 2298 906 2330; x_wconf 82' lang='lat'>351.</span> 
     </span>
    </p>

    <p class='ocr_par' dir='ltr' id='par_1_8' title="bbox 455 2350 1196 2663">
     <span class='ocr_line' id='line_1_41' title="bbox 455 2350 1196 2393; baseline -0.003 -8"><span class='ocrx_word' id='word_1_174' title='bbox 455 2351 614 2385; x_wconf 79' lang='lat' dir='ltr'>CXLVIII.</span> <span class='ocrx_word' id='word_1_175' title='bbox 640 2351 843 2384; x_wconf 81' lang='lat' dir='ltr'>Confirmatio</span> <span class='ocrx_word' id='word_1_176' title='bbox 861 2350 981 2383; x_wconf 85' lang='lat' dir='ltr'>decreti</span> <span class='ocrx_word' id='word_1_177' title='bbox 999 2350 1130 2393; x_wconf 84' lang='lat' dir='ltr'>capituli</span> <span class='ocrx_word' id='word_1_178' title='bbox 1143 2360 1196 2393; x_wconf 77' lang='lat' dir='ltr'>ge-</span> 
     </span>
     <span class='ocr_line' id='line_1_42' title="bbox 544 2402 1196 2438; baseline 0 -1"><span class='ocrx_word' id='word_1_179' title='bbox 544 2404 659 2437; x_wconf 82' lang='lat' dir='ltr'>neralis</span> <span class='ocrx_word' id='word_1_180' title='bbox 684 2404 815 2437; x_wconf 84' lang='lat' dir='ltr'>fratrum</span> <span class='ocrx_word' id='word_1_181' title='bbox 852 2402 984 2438; x_wconf 82' lang='lat' dir='ltr'>Ordims</span> <span class='ocrx_word' id='word_1_182' title='bbox 1016 2404 1068 2436; x_wconf 78' lang='lat' dir='ltr'>SS.</span> <span class='ocrx_word' id='word_1_183' title='bbox 1094 2404 1196 2437; x_wconf 89' lang='lat' dir='ltr'>Trini-</span> 
     </span>
     <span class='ocr_line' id='line_1_43' title="bbox 543 2458 1194 2502; baseline 0 -11"><span class='ocrx_word' id='word_1_184' title='bbox 543 2460 613 2491; x_wconf 77' lang='lat' dir='ltr'>tatis</span> <span class='ocrx_word' id='word_1_185' title='bbox 638 2458 877 2501; x_wconf 85' lang='lat' dir='ltr'>Redempti0nis</span> <span class='ocrx_word' id='word_1_186' title='bbox 900 2459 1111 2501; x_wconf 82' lang='lat' dir='ltr'>captivorum,</span> <span class='ocrx_word' id='word_1_187' title='bbox 1133 2468 1194 2502; x_wconf 86' lang='lat' dir='ltr'>quo</span> 
     </span>
     <span class='ocr_line' id='line_1_44' title="bbox 544 2510 1195 2555; baseline 0.003 -12"><span class='ocrx_word' id='word_1_188' title='bbox 544 2513 698 2553; x_wconf 79' lang='lat' dir='ltr'>statuitur,</span> <span class='ocrx_word' id='word_1_189' title='bbox 716 2511 755 2544; x_wconf 88' lang='lat' dir='ltr'>ad</span> <span class='ocrx_word' id='word_1_190' title='bbox 772 2511 873 2544; x_wconf 90' lang='lat' dir='ltr'>solum</span> <span class='ocrx_word' id='word_1_191' title='bbox 891 2510 1106 2544; x_wconf 85' lang='lat' dir='ltr'>delinitorium</span> <span class='ocrx_word' id='word_1_192' title='bbox 1124 2521 1195 2555; x_wconf 86' lang='lat' dir='ltr'>spe-</span> 
     </span>
     <span class='ocr_line' id='line_1_45' title="bbox 545 2564 1193 2607; baseline 0.002 -11"><span class='ocrx_word' id='word_1_193' title='bbox 545 2566 630 2596; x_wconf 76' lang='lat' dir='ltr'>ctare</span> <span class='ocrx_word' id='word_1_194' title='bbox 648 2565 895 2597; x_wconf 83' lang='grc'>001011101100001</span> <span class='ocrx_word' id='word_1_195' title='bbox 914 2564 1135 2607; x_wconf 83' lang='lat' dir='ltr'>religiosorum</span> <span class='ocrx_word' id='word_1_196' title='bbox 1155 2564 1193 2597; x_wconf 88' lang='lat' dir='ltr'>ad</span> 
     </span>
     <span class='ocr_line' id='line_1_46' title="bbox 545 2615 1194 2663; baseline 0.005 -15"><span class='ocrx_word' id='word_1_197' title='bbox 545 2615 721 2650; x_wconf 81' lang='lat' dir='ltr'>faciendam</span> <span class='ocrx_word' id='word_1_198' title='bbox 756 2617 1030 2663; x_wconf 85' lang='lat' dir='ltr'>redemptionem:</span> <span class='ocrx_word' id='word_1_199' title='bbox 1063 2621 1194 2652; x_wconf 82' lang='lat' dir='ltr'>cavetur</span> 
     </span>
    </p>
   </div>
   <div class='ocr_carea' id='block_1_2' title="bbox 1040 216 1392 241">
    <p class='ocr_par' dir='ltr' id='par_1_9' title="bbox 1040 216 1392 241">
     <span class='ocr_line' id='line_1_47' title="bbox 1040 216 1392 241; baseline 0 -1"><span class='ocrx_word' id='word_1_200' title='bbox 1040 216 1136 240; x_wconf 82' lang='lat' dir='ltr'>BIILLA</span> <span class='ocrx_word' id='word_1_201' title='bbox 1142 216 1217 241; x_wconf 82' lang='lat' dir='ltr'>an</span> <span class='ocrx_word' id='word_1_202' title='bbox 1241 216 1392 241; x_wconf 75' lang='lat' dir='ltr'><strong>ROMANUM</strong></span> 
     </span>
    </p>
   </div>
   <div class='ocr_carea' id='block_1_3' title="bbox 1245 267 2029 2661">
    <p class='ocr_par' dir='ltr' id='par_1_10' title="bbox 1334 267 1985 417">
     <span class='ocr_line' id='line_1_48' title="bbox 1334 267 1984 311; baseline -0.002 -8"><span class='ocrx_word' id='word_1_203' title='bbox 1334 273 1511 310; x_wconf 85' lang='grc'>001001,00</span> <span class='ocrx_word' id='word_1_204' title='bbox 1540 268 1633 311; x_wconf 89' lang='lat' dir='ltr'>bona,</span> <span class='ocrx_word' id='word_1_205' title='bbox 1661 268 1700 302; x_wconf 89' lang='lat' dir='ltr'>ad</span> <span class='ocrx_word' id='word_1_206' title='bbox 1725 267 1809 302; x_wconf 86' lang='lat' dir='ltr'>hune</span> <span class='ocrx_word' id='word_1_207' title='bbox 1839 268 1984 303; x_wconf 77' lang='lat' dir='ltr'>effectum</span> 
     </span>
     <span class='ocr_line' id='line_1_49' title="bbox 1334 321 1985 365; baseline 0.002 -10"><span class='ocrx_word' id='word_1_208' title='bbox 1334 323 1459 363; x_wconf 87' lang='lat' dir='ltr'>donata,</span> <span class='ocrx_word' id='word_1_209' title='bbox 1473 321 1543 354; x_wconf 89' lang='lat' dir='ltr'>aliis</span> <span class='ocrx_word' id='word_1_210' title='bbox 1559 321 1724 364; x_wconf 79' lang='lat' dir='ltr'>religiosis,</span> <span class='ocrx_word' id='word_1_211' title='bbox 1739 325 1885 365; x_wconf 64' lang='grc' dir='ltr'>(111010,οῑ</span> <span class='ocrx_word' id='word_1_212' title='bbox 1898 332 1985 365; x_wconf 88' lang='lat' dir='ltr'>prae-</span> 
     </span>
     <span class='ocr_line' id='line_1_50' title="bbox 1336 374 1929 417; baseline -0.002 -9"><span class='ocrx_word' id='word_1_213' title='bbox 1336 375 1443 417; x_wconf 76' lang='lat' dir='ltr'>fertur,</span> <span class='ocrx_word' id='word_1_214' title='bbox 1470 375 1639 408; x_wconf 87' lang='lat' dir='ltr'>nominatis</span> <span class='ocrx_word' id='word_1_215' title='bbox 1665 374 1837 415; x_wconf 85' lang='lat' dir='ltr'>tradantur,</span> <span class='ocrx_word' id='word_1_216' title='bbox 1855 374 1929 407; x_wconf 76' lang='lat'>352.</span> 
     </span>
    </p>

    <p class='ocr_par' dir='ltr' id='par_1_11' title="bbox 1246 427 1988 631">
     <span class='ocr_line' id='line_1_51' title="bbox 1246 427 1987 463; baseline -0.003 -1"><span class='ocrx_word' id='word_1_217' title='bbox 1246 429 1379 463; x_wconf 77' lang='lat' dir='ltr'>CXLIX.</span> <span class='ocrx_word' id='word_1_218' title='bbox 1402 428 1605 462; x_wconf 77' lang='lat' dir='ltr'>Confirmatio</span> <span class='ocrx_word' id='word_1_219' title='bbox 1630 427 1853 461; x_wconf 90' lang='lat' dir='ltr'>nonnullorum</span> <span class='ocrx_word' id='word_1_220' title='bbox 1876 427 1987 460; x_wconf 79' lang='lat' dir='ltr'>decre·</span> 
     </span>
     <span class='ocr_line' id='line_1_52' title="bbox 1335 478 1988 525; baseline -0.003 -10"><span class='ocrx_word' id='word_1_221' title='bbox 1335 486 1436 516; x_wconf 89' lang='lat' dir='ltr'>torum</span> <span class='ocrx_word' id='word_1_222' title='bbox 1460 492 1515 525; x_wconf 91' lang='lat' dir='ltr'>pro</span> <span class='ocrx_word' id='word_1_223' title='bbox 1539 481 1761 514; x_wconf 79' lang='lat' dir='ltr'>reformatione</span> <span class='ocrx_word' id='word_1_224' title='bbox 1776 481 1906 513; x_wconf 88' lang='lat' dir='ltr'>fratrum</span> <span class='ocrx_word' id='word_1_225' title='bbox 1931 478 1988 514; x_wconf 94' lang='lat' dir='ltr'>Or-</span> 
     </span>
     <span class='ocr_line' id='line_1_53' title="bbox 1334 533 1988 569; baseline -0.005 0"><span class='ocrx_word' id='word_1_226' title='bbox 1334 536 1417 569; x_wconf 93' lang='lat' dir='ltr'>dinis</span> <span class='ocrx_word' id='word_1_227' title='bbox 1441 535 1596 568; x_wconf 87' lang='lat' dir='ltr'>Minorum</span> <span class='ocrx_word' id='word_1_228' title='bbox 1614 533 1879 568; x_wconf 78' lang='lat' dir='ltr'>Conventuafium</span> <span class='ocrx_word' id='word_1_229' title='bbox 1892 535 1924 567; x_wconf 90' lang='lat' dir='ltr'>in</span> <span class='ocrx_word' id='word_1_230' title='bbox 1942 542 1988 567; x_wconf 88' lang='lat' dir='ltr'>re-</span> 
     </span>
     <span class='ocr_line' id='line_1_54' title="bbox 1333 587 1676 631; baseline -0.003 -10"><span class='ocrx_word' id='word_1_231' title='bbox 1333 599 1396 631; x_wconf 81' lang='lat' dir='ltr'>gno</span> <span class='ocrx_word' id='word_1_232' title='bbox 1417 588 1576 629; x_wconf 87' lang='lat' dir='ltr'>I&#39;oloniae,</span> <span class='ocrx_word' id='word_1_233' title='bbox 1603 587 1676 620; x_wconf 73' lang='lat'>354.</span> 
     </span>
    </p>

    <p class='ocr_par' dir='ltr' id='par_1_12' title="bbox 1245 639 1988 845">
     <span class='ocr_line' id='line_1_55' title="bbox 1245 639 1986 684; baseline -0.003 -8"><span class='ocrx_word' id='word_1_234' title='bbox 1245 642 1301 677; x_wconf 91' lang='lat' dir='ltr'>CL.</span> <span class='ocrx_word' id='word_1_235' title='bbox 1326 641 1507 676; x_wconf 87' lang='lat' dir='ltr'>Mandatum</span> <span class='ocrx_word' id='word_1_236' title='bbox 1529 640 1669 684; x_wconf 70' lang='lat' dir='ltr'>praesitli</span> <span class='ocrx_word' id='word_1_237' title='bbox 1689 639 1918 674; x_wconf 84' lang='lat' dir='ltr'>Romandiolae</span> <span class='ocrx_word' id='word_1_238' title='bbox 1946 640 1986 674; x_wconf 90' lang='grc'>(10</span> 
     </span>
     <span class='ocr_line' id='line_1_56' title="bbox 1333 692 1986 739; baseline -0.003 -11"><span class='ocrx_word' id='word_1_239' title='bbox 1333 693 1486 739; x_wconf 69' lang='lat' dir='ltr'>capienda</span> <span class='ocrx_word' id='word_1_240' title='bbox 1501 696 1701 738; x_wconf 87' lang='lat' dir='ltr'>possessione</span> <span class='ocrx_word' id='word_1_241' title='bbox 1715 694 1849 727; x_wconf 83' lang='lat' dir='ltr'>ducatus</span> <span class='ocrx_word' id='word_1_242' title='bbox 1865 692 1986 736; x_wconf 87' lang='lat' dir='ltr'>Urbini,</span> 
     </span>
     <span class='ocr_line' id='line_1_57' title="bbox 1333 746 1988 789; baseline -0.003 -7"><span class='ocrx_word' id='word_1_243' title='bbox 1333 750 1502 782; x_wconf 77' lang='lat' dir='ltr'>eveniente</span> <span class='ocrx_word' id='word_1_244' title='bbox 1517 748 1608 781; x_wconf 88' lang='lat' dir='ltr'>ducis</span> <span class='ocrx_word' id='word_1_245' title='bbox 1628 747 1725 789; x_wconf 88' lang='lat' dir='ltr'>obitu,</span> <span class='ocrx_word' id='word_1_246' title='bbox 1740 757 1812 780; x_wconf 90' lang='lat' dir='ltr'>eum</span> <span class='ocrx_word' id='word_1_247' title='bbox 1837 746 1988 780; x_wconf 82' lang='lat' dir='ltr'>facultati-</span> 
     </span>
     <span class='ocr_line' id='line_1_58' title="bbox 1334 800 1986 845; baseline -0.002 -12"><span class='ocrx_word' id='word_1_248' title='bbox 1334 800 1393 834; x_wconf 93' lang='lat' dir='ltr'>bus</span> <span class='ocrx_word' id='word_1_249' title='bbox 1418 802 1610 834; x_wconf 89' lang='lat' dir='ltr'>necessariis</span> <span class='ocrx_word' id='word_1_250' title='bbox 1636 804 1667 835; x_wconf 88' lang='lat' dir='ltr'>et</span> <span class='ocrx_word' id='word_1_251' title='bbox 1692 800 1889 845; x_wconf 89' lang='lat' dir='ltr'>opportunis,</span> <span class='ocrx_word' id='word_1_252' title='bbox 1911 800 1986 833; x_wconf 89' lang='lat'>355.</span> 
     </span>
    </p>

    <p class='ocr_par' dir='ltr' id='par_1_13' title="bbox 1245 853 1988 949">
     <span class='ocr_line' id='line_1_59' title="bbox 1245 853 1988 895; baseline 0 -9"><span class='ocrx_word' id='word_1_253' title='bbox 1245 853 1316 887; x_wconf 87' lang='lat' dir='ltr'>CLI.</span> <span class='ocrx_word' id='word_1_254' title='bbox 1340 853 1466 887; x_wconf 85' lang='lat' dir='ltr'>Erectio</span> <span class='ocrx_word' id='word_1_255' title='bbox 1492 853 1618 895; x_wconf 84' lang='lat' dir='ltr'>collegii</span> <span class='ocrx_word' id='word_1_256' title='bbox 1649 855 1785 887; x_wconf 89' lang='lat' dir='ltr'>nationis</span> <span class='ocrx_word' id='word_1_257' title='bbox 1818 853 1988 887; x_wconf 87' lang='lat' dir='ltr'>Maronita-</span> 
     </span>
     <span class='ocr_line' id='line_1_60' title="bbox 1333 906 1845 949; baseline 0 -10"><span class='ocrx_word' id='word_1_258' title='bbox 1333 917 1404 940; x_wconf 90' lang='lat' dir='ltr'>rum</span> <span class='ocrx_word' id='word_1_259' title='bbox 1430 907 1461 939; x_wconf 90' lang='lat' dir='ltr'>in</span> <span class='ocrx_word' id='word_1_260' title='bbox 1485 906 1590 940; x_wconf 88' lang='lat' dir='ltr'>Monte</span> <span class='ocrx_word' id='word_1_261' title='bbox 1615 906 1743 949; x_wconf 84' lang='lat' dir='ltr'>Libano,</span> <span class='ocrx_word' id='word_1_262' title='bbox 1770 907 1845 939; x_wconf 85' lang='lat'>358.</span> 
     </span>
    </p>

    <p class='ocr_par' dir='ltr' id='par_1_14' title="bbox 1247 959 1987 1109">
     <span class='ocr_line' id='line_1_61' title="bbox 1247 959 1987 1002; baseline -0.004 -7"><span class='ocrx_word' id='word_1_263' title='bbox 1247 960 1334 995; x_wconf 92' lang='lat' dir='ltr'>CLII.</span> <span class='ocrx_word' id='word_1_264' title='bbox 1359 960 1561 994; x_wconf 82' lang='lat' dir='ltr'>Confirmatio</span> <span class='ocrx_word' id='word_1_265' title='bbox 1586 961 1831 993; x_wconf 89' lang='lat' dir='ltr'>contitutionum</span> <span class='ocrx_word' id='word_1_266' title='bbox 1859 959 1987 1002; x_wconf 84' lang='lat' dir='ltr'>collegii</span> 
     </span>
     <span class='ocr_line' id='line_1_62' title="bbox 1334 1011 1987 1058; baseline -0.002 -11"><span class='ocrx_word' id='word_1_267' title='bbox 1334 1013 1562 1047; x_wconf 88' lang='lat' dir='ltr'>Maronitarum</span> <span class='ocrx_word' id='word_1_268' title='bbox 1586 1014 1618 1046; x_wconf 90' lang='lat' dir='ltr'>in</span> <span class='ocrx_word' id='word_1_269' title='bbox 1642 1015 1749 1058; x_wconf 78' lang='lat' dir='ltr'>monte</span> <span class='ocrx_word' id='word_1_270' title='bbox 1770 1011 1890 1046; x_wconf 90' lang='lat' dir='ltr'>Libano</span> <span class='ocrx_word' id='word_1_271' title='bbox 1916 1021 1987 1046; x_wconf 88' lang='lat' dir='ltr'>ere-</span> 
     </span>
     <span class='ocr_line' id='line_1_63' title="bbox 1336 1067 1490 1109; baseline -0.006 -9"><span class='ocrx_word' id='word_1_272' title='bbox 1336 1068 1388 1109; x_wconf 89' lang='lat' dir='ltr'>cti,</span> <span class='ocrx_word' id='word_1_273' title='bbox 1416 1067 1490 1099; x_wconf 72' lang='lat'>359.</span> 
     </span>
    </p>

    <p class='ocr_par' dir='ltr' id='par_1_15' title="bbox 1248 1118 1993 1431">
     <span class='ocr_line' id='line_1_64' title="bbox 1248 1118 1990 1155; baseline -0.003 0"><span class='ocrx_word' id='word_1_274' title='bbox 1248 1120 1348 1155; x_wconf 87' lang='lat' dir='ltr'>CLIII.</span> <span class='ocrx_word' id='word_1_275' title='bbox 1359 1120 1544 1154; x_wconf 85' lang='lat' dir='ltr'>Commissio</span> <span class='ocrx_word' id='word_1_276' title='bbox 1555 1118 1770 1153; x_wconf 83' lang='lat' dir='ltr'>cardinalibus</span> <span class='ocrx_word' id='word_1_277' title='bbox 1779 1118 1858 1153; x_wconf 88' lang='lat' dir='ltr'>dela</span> <span class='ocrx_word' id='word_1_278' title='bbox 1870 1119 1990 1154; x_wconf 72' lang='grc'>1100110-</span> 
     </span>
     <span class='ocr_line' id='line_1_65' title="bbox 1336 1171 1989 1208; baseline -0.003 0"><span class='ocrx_word' id='word_1_279' title='bbox 1336 1174 1474 1208; x_wconf 86' lang='lat' dir='ltr'>saueault</span> <span class='ocrx_word' id='word_1_280' title='bbox 1498 1177 1528 1207; x_wconf 88' lang='lat' dir='ltr'>et</span> <span class='ocrx_word' id='word_1_281' title='bbox 1552 1174 1592 1207; x_wconf 89' lang='grc'>(10</span> <span class='ocrx_word' id='word_1_282' title='bbox 1617 1174 1646 1206; x_wconf 84' lang='grc'>10</span> <span class='ocrx_word' id='word_1_283' title='bbox 1670 1172 1804 1207; x_wconf 86' lang='lat' dir='ltr'>Vallette</span> <span class='ocrx_word' id='word_1_284' title='bbox 1829 1174 1861 1206; x_wconf 92' lang='lat' dir='ltr'>in</span> <span class='ocrx_word' id='word_1_285' title='bbox 1894 1171 1989 1207; x_wconf 76' lang='lat' dir='ltr'>cansa</span> 
     </span>
     <span class='ocr_line' id='line_1_66' title="bbox 1334 1226 1990 1273; baseline -0.002 -12"><span class='ocrx_word' id='word_1_286' title='bbox 1334 1229 1525 1273; x_wconf 16' lang='lat' dir='ltr'>monialium*</span> <span class='ocrx_word' id='word_1_287' title='bbox 1544 1227 1786 1261; x_wconf 87' lang='lat' dir='ltr'>Carmelitarum</span> <span class='ocrx_word' id='word_1_288' title='bbox 1809 1226 1990 1260; x_wconf 86' lang='lat' dir='ltr'>Discalcea-</span> 
     </span>
     <span class='ocr_line' id='line_1_67' title="bbox 1336 1280 1992 1322; baseline -0.002 -8"><span class='ocrx_word' id='word_1_289' title='bbox 1336 1284 1439 1314; x_wconf 89' lang='lat' dir='ltr'>torum</span> <span class='ocrx_word' id='word_1_290' title='bbox 1464 1282 1555 1322; x_wconf 82' lang='lat' dir='ltr'>regni</span> <span class='ocrx_word' id='word_1_291' title='bbox 1579 1280 1731 1313; x_wconf 88' lang='lat' dir='ltr'>Franciae</span> <span class='ocrx_word' id='word_1_292' title='bbox 1748 1283 1893 1314; x_wconf 88' lang='lat' dir='ltr'>vertente</span> <span class='ocrx_word' id='word_1_293' title='bbox 1910 1281 1992 1313; x_wconf 89' lang='lat' dir='ltr'>inter</span> 
     </span>
     <span class='ocr_line' id='line_1_68' title="bbox 1335 1332 1993 1377; baseline -0.005 -9"><span class='ocrx_word' id='word_1_294' title='bbox 1335 1333 1578 1376; x_wconf 77' lang='lat' dir='ltr'>subdelegatum</span> <span class='ocrx_word' id='word_1_295' title='bbox 1610 1332 1818 1377; x_wconf 86' lang='lat' dir='ltr'>apostolieum</span> <span class='ocrx_word' id='word_1_296' title='bbox 1856 1336 1887 1366; x_wconf 90' lang='lat' dir='ltr'>et</span> <span class='ocrx_word' id='word_1_297' title='bbox 1926 1334 1993 1377; x_wconf 91' lang='lat' dir='ltr'>epi-</span> 
     </span>
     <span class='ocr_line' id='line_1_69' title="bbox 1335 1387 1801 1431; baseline -0.004 -9"><span class='ocrx_word' id='word_1_298' title='bbox 1335 1398 1469 1431; x_wconf 89' lang='lat' dir='ltr'>scopum</span> <span class='ocrx_word' id='word_1_299' title='bbox 1494 1387 1701 1429; x_wconf 88' lang='lat' dir='ltr'>Leonensem,</span> <span class='ocrx_word' id='word_1_300' title='bbox 1728 1387 1801 1421; x_wconf 70' lang='lat'>36⁴2.</span> 
     </span>
    </p>

    <p class='ocr_par' dir='ltr' id='par_1_16' title="bbox 1248 1439 2029 1698">
     <span class='ocr_line' id='line_1_70' title="bbox 1248 1439 1990 1482; baseline -0.005 -6"><span class='ocrx_word' id='word_1_301' title='bbox 1248 1441 1348 1476; x_wconf 90' lang='lat' dir='ltr'>CLIV.</span> <span class='ocrx_word' id='word_1_302' title='bbox 1365 1441 1569 1475; x_wconf 83' lang='lat' dir='ltr'>Confirmatio</span> <span class='ocrx_word' id='word_1_303' title='bbox 1587 1440 1708 1474; x_wconf 88' lang='lat' dir='ltr'>decreti</span> <span class='ocrx_word' id='word_1_304' title='bbox 1728 1439 1990 1482; x_wconf 81' lang='lat' dir='ltr'>Congregationis</span> 
     </span>
     <span class='ocr_line' id='line_1_71' title="bbox 1336 1492 1990 1538; baseline -0.003 -10"><span class='ocrx_word' id='word_1_305' title='bbox 1336 1494 1479 1535; x_wconf 86' lang='lat' dir='ltr'>Concilii,</span> <span class='ocrx_word' id='word_1_306' title='bbox 1505 1504 1568 1538; x_wconf 83' lang='lat' dir='ltr'>quo</span> <span class='ocrx_word' id='word_1_307' title='bbox 1600 1494 1779 1528; x_wconf 83' lang='lat' dir='ltr'>declaratur</span> <span class='ocrx_word' id='word_1_308' title='bbox 1815 1492 1892 1537; x_wconf 82' lang='lat' dir='ltr'>eligi</span> <span class='ocrx_word' id='word_1_309' title='bbox 1928 1502 1990 1526; x_wconf 91' lang='lat' dir='ltr'>non</span> 
     </span>
     <span class='ocr_line' id='line_1_72' title="bbox 1337 1544 2029 1592; baseline -0.004 -10"><span class='ocrx_word' id='word_1_310' title='bbox 1337 1550 1476 1592; x_wconf 88' lang='lat' dir='ltr'>potuisse</span> <span class='ocrx_word' id='word_1_311' title='bbox 1515 1557 1533 1581; x_wconf 94' lang='lat' dir='ltr'>a</span> <span class='ocrx_word' id='word_1_312' title='bbox 1571 1547 1710 1591; x_wconf 85' lang='lat' dir='ltr'>capitulo</span> <span class='ocrx_word' id='word_1_313' title='bbox 1747 1547 1826 1581; x_wconf 90' lang='lat' dir='ltr'>duos</span> <span class='ocrx_word' id='word_1_314' title='bbox 1855 1548 1991 1580; x_wconf 85' lang='lat' dir='ltr'>vicarios</span> <span class='ocrx_word' id='word_1_315' title='bbox 2028 1544 2029 1547; x_wconf 73' lang='grc'>’</span> 
     </span>
     <span class='ocr_line' id='line_1_73' title="bbox 1337 1599 1991 1642; baseline -0.005 -6"><span class='ocrx_word' id='word_1_316' title='bbox 1337 1602 1492 1636; x_wconf 86' lang='lat' dir='ltr'>ecclesiae</span> <span class='ocrx_word' id='word_1_317' title='bbox 1518 1601 1676 1642; x_wconf 89' lang='lat' dir='ltr'>Limanae,</span> <span class='ocrx_word' id='word_1_318' title='bbox 1713 1600 1798 1634; x_wconf 88' lang='lat' dir='ltr'>illius</span> <span class='ocrx_word' id='word_1_319' title='bbox 1823 1599 1906 1634; x_wconf 86' lang='lat' dir='ltr'>Sede</span> <span class='ocrx_word' id='word_1_320' title='bbox 1943 1609 1991 1633; x_wconf 84' lang='lat' dir='ltr'>ar-</span> 
     </span>
     <span class='ocr_line' id='line_1_74' title="bbox 1337 1653 1813 1698; baseline -0.002 -11"><span class='ocrx_word' id='word_1_321' title='bbox 1337 1653 1565 1698; x_wconf 84' lang='lat' dir='ltr'>chiepiscopali</span> <span class='ocrx_word' id='word_1_322' title='bbox 1582 1657 1726 1695; x_wconf 84' lang='lat' dir='ltr'>vacante,</span> <span class='ocrx_word' id='word_1_323' title='bbox 1740 1654 1813 1687; x_wconf 82' lang='lat'>363.</span> 
     </span>
    </p>

    <p class='ocr_par' dir='ltr' id='par_1_17' title="bbox 1249 1707 1993 1962">
     <span class='ocr_line' id='line_1_75' title="bbox 1249 1707 1992 1751; baseline -0.004 -8"><span class='ocrx_word' id='word_1_324' title='bbox 1249 1708 1335 1744; x_wconf 88' lang='lat' dir='ltr'>CLV.</span> <span class='ocrx_word' id='word_1_325' title='bbox 1361 1707 1527 1742; x_wconf 86' lang='lat' dir='ltr'>Absolutio</span> <span class='ocrx_word' id='word_1_326' title='bbox 1554 1709 1641 1750; x_wconf 82' lang='lat' dir='ltr'>regis</span> <span class='ocrx_word' id='word_1_327' title='bbox 1671 1707 1830 1749; x_wconf 84' lang='lat' dir='ltr'>catholici,</span> <span class='ocrx_word' id='word_1_328' title='bbox 1859 1708 1992 1751; x_wconf 88' lang='lat' dir='ltr'>eiusque</span> 
     </span>
     <span class='ocr_line' id='line_1_76' title="bbox 1336 1762 1991 1806; baseline -0.003 -11"><span class='ocrx_word' id='word_1_329' title='bbox 1336 1764 1554 1795; x_wconf 80' lang='lat' dir='ltr'>ministrorum</span> <span class='ocrx_word' id='word_1_330' title='bbox 1579 1771 1596 1795; x_wconf 88' lang='grc'>0</span> <span class='ocrx_word' id='word_1_331' title='bbox 1621 1763 1776 1803; x_wconf 89' lang='lat' dir='ltr'>censuris,</span> <span class='ocrx_word' id='word_1_332' title='bbox 1799 1763 1831 1795; x_wconf 88' lang='lat' dir='ltr'>in</span> <span class='ocrx_word' id='word_1_333' title='bbox 1849 1770 1927 1806; x_wconf 89' lang='lat' dir='ltr'>quas</span> <span class='ocrx_word' id='word_1_334' title='bbox 1947 1762 1991 1794; x_wconf 90' lang='lat' dir='ltr'>in-</span> 
     </span>
     <span class='ocr_line' id='line_1_77' title="bbox 1337 1815 1993 1859; baseline -0.002 -10"><span class='ocrx_word' id='word_1_335' title='bbox 1337 1819 1503 1850; x_wconf 90' lang='lat' dir='ltr'>currerant</span> <span class='ocrx_word' id='word_1_336' title='bbox 1518 1815 1557 1848; x_wconf 93' lang='lat' dir='ltr'>ob</span> <span class='ocrx_word' id='word_1_337' title='bbox 1575 1819 1722 1848; x_wconf 78' lang='lat' dir='ltr'>exactum</span> <span class='ocrx_word' id='word_1_338' title='bbox 1740 1815 1901 1859; x_wconf 85' lang='lat' dir='ltr'>quoddam</span> <span class='ocrx_word' id='word_1_339' title='bbox 1918 1823 1993 1848; x_wconf 84' lang='lat' dir='ltr'>vec-</span> 
     </span>
     <span class='ocr_line' id='line_1_78' title="bbox 1336 1868 1989 1912; baseline -0.003 -9"><span class='ocrx_word' id='word_1_340' title='bbox 1336 1869 1411 1912; x_wconf 53' lang='grc' dir='ltr'>118οΙ</span> <span class='ocrx_word' id='word_1_341' title='bbox 1447 1868 1486 1902; x_wconf 87' lang='lat' dir='ltr'>ab</span> <span class='ocrx_word' id='word_1_342' title='bbox 1523 1868 1747 1903; x_wconf 79' lang='lat' dir='ltr'>ecclesiasticis</span> <span class='ocrx_word' id='word_1_343' title='bbox 1772 1868 1853 1902; x_wconf 86' lang='lat' dir='ltr'>ultra</span> <span class='ocrx_word' id='word_1_344' title='bbox 1869 1877 1989 1901; x_wconf 73' lang='lat' dir='ltr'>sexen-</span> 
     </span>
     <span class='ocr_line' id='line_1_79' title="bbox 1336 1921 1947 1962; baseline -0.002 -7"><span class='ocrx_word' id='word_1_345' title='bbox 1336 1924 1423 1955; x_wconf 90' lang='lat' dir='ltr'>nium</span> <span class='ocrx_word' id='word_1_346' title='bbox 1448 1931 1466 1955; x_wconf 91' lang='lat' dir='ltr'>a</span> <span class='ocrx_word' id='word_1_347' title='bbox 1491 1922 1586 1955; x_wconf 85' lang='lat' dir='ltr'>Panlo</span> <span class='ocrx_word' id='word_1_348' title='bbox 1611 1922 1636 1955; x_wconf 91' lang='lat' dir='ltr'>V</span> <span class='ocrx_word' id='word_1_349' title='bbox 1657 1931 1856 1962; x_wconf 86' lang='lat' dir='ltr'>concessum,</span> <span class='ocrx_word' id='word_1_350' title='bbox 1872 1921 1947 1954; x_wconf 72' lang='lat'>364.</span> 
     </span>
    </p>

    <p class='ocr_par' dir='ltr' id='par_1_18' title="bbox 1248 1974 1993 2125">
     <span class='ocr_line' id='line_1_80' title="bbox 1248 1974 1991 2019; baseline -0.004 -9"><span class='ocrx_word' id='word_1_351' title='bbox 1248 1976 1347 2011; x_wconf 90' lang='lat' dir='ltr'>CLVI.</span> <span class='ocrx_word' id='word_1_352' title='bbox 1373 1976 1465 2016; x_wconf 86' lang='lat' dir='ltr'>Quod</span> <span class='ocrx_word' id='word_1_353' title='bbox 1489 1975 1663 2019; x_wconf 83' lang='lat' dir='ltr'>capitulum</span> <span class='ocrx_word' id='word_1_354' title='bbox 1684 1975 1834 2018; x_wconf 76' lang='lat' dir='ltr'>generale</span> <span class='ocrx_word' id='word_1_355' title='bbox 1860 1974 1991 2010; x_wconf 80' lang='lat' dir='ltr'>Ordinis</span> 
     </span>
     <span class='ocr_line' id='line_1_81' title="bbox 1335 2028 1993 2073; baseline 0 -11"><span class='ocrx_word' id='word_1_356' title='bbox 1335 2029 1591 2063; x_wconf 85' lang='lat' dir='ltr'>Praedicatorum</span> <span class='ocrx_word' id='word_1_357' title='bbox 1612 2031 1818 2073; x_wconf 86' lang='lat' dir='ltr'>imposterum</span> <span class='ocrx_word' id='word_1_358' title='bbox 1853 2028 1993 2073; x_wconf 85' lang='lat' dir='ltr'>quolibet</span> 
     </span>
     <span class='ocr_line' id='line_1_82' title="bbox 1335 2083 1902 2125; baseline -0.004 -8"><span class='ocrx_word' id='word_1_359' title='bbox 1335 2085 1489 2117; x_wconf 82' lang='lat' dir='ltr'>sexennio</span> <span class='ocrx_word' id='word_1_360' title='bbox 1514 2083 1669 2117; x_wconf 88' lang='lat' dir='ltr'>celebrari</span> <span class='ocrx_word' id='word_1_361' title='bbox 1687 2083 1812 2125; x_wconf 86' lang='lat' dir='ltr'>debeat,</span> <span class='ocrx_word' id='word_1_362' title='bbox 1828 2083 1902 2115; x_wconf 82' lang='lat'>366.</span> 
     </span>
    </p>

    <p class='ocr_par' dir='ltr' id='par_1_19' title="bbox 1247 2136 1992 2444">
     <span class='ocr_line' id='line_1_83' title="bbox 1247 2136 1988 2179; baseline -0.005 -7"><span class='ocrx_word' id='word_1_363' title='bbox 1247 2138 1362 2173; x_wconf 85' lang='lat' dir='ltr'>CLVII.</span> <span class='ocrx_word' id='word_1_364' title='bbox 1383 2138 1585 2172; x_wconf 88' lang='lat' dir='ltr'>Conlirmatio</span> <span class='ocrx_word' id='word_1_365' title='bbox 1611 2139 1780 2171; x_wconf 87' lang='lat' dir='ltr'>erectionis</span> <span class='ocrx_word' id='word_1_366' title='bbox 1812 2136 1938 2179; x_wconf 80' lang='lat' dir='ltr'>collegii</span> <span class='ocrx_word' id='word_1_367' title='bbox 1956 2136 1988 2169; x_wconf 86' lang='lat' dir='ltr'>S.</span> 
     </span>
     <span class='ocr_line' id='line_1_84' title="bbox 1334 2188 1990 2224; baseline -0.003 -1"><span class='ocrx_word' id='word_1_368' title='bbox 1334 2192 1574 2224; x_wconf 87' lang='lat' dir='ltr'>Bonaventurae</span> <span class='ocrx_word' id='word_1_369' title='bbox 1591 2191 1722 2224; x_wconf 78' lang='lat' dir='ltr'>fratrum</span> <span class='ocrx_word' id='word_1_370' title='bbox 1735 2189 1891 2223; x_wconf 84' lang='lat' dir='ltr'>Minorum</span> <span class='ocrx_word' id='word_1_371' title='bbox 1910 2188 1990 2222; x_wconf 90' lang='lat' dir='ltr'>Con-</span> 
     </span>
     <span class='ocr_line' id='line_1_85' title="bbox 1334 2243 1989 2287; baseline -0.002 -10"><span class='ocrx_word' id='word_1_372' title='bbox 1334 2244 1529 2278; x_wconf 88' lang='lat' dir='ltr'>ventualium</span> <span class='ocrx_word' id='word_1_373' title='bbox 1566 2244 1735 2287; x_wconf 85' lang='lat' dir='ltr'>Pragensis</span> <span class='ocrx_word' id='word_1_374' title='bbox 1772 2253 1829 2286; x_wconf 90' lang='lat' dir='ltr'>per</span> <span class='ocrx_word' id='word_1_375' title='bbox 1865 2243 1989 2286; x_wconf 84' lang='lat' dir='ltr'>Grego-</span> 
     </span>
     <span class='ocr_line' id='line_1_86' title="bbox 1335 2297 1992 2338; baseline -0.003 -8"><span class='ocrx_word' id='word_1_376' title='bbox 1335 2299 1417 2330; x_wconf 91' lang='lat' dir='ltr'>rium</span> <span class='ocrx_word' id='word_1_377' title='bbox 1442 2297 1495 2329; x_wconf 81' lang='lat' dir='ltr'>XV</span> <span class='ocrx_word' id='word_1_378' title='bbox 1513 2297 1624 2338; x_wconf 81' lang='lat' dir='ltr'>sactae,</span> <span class='ocrx_word' id='word_1_379' title='bbox 1649 2299 1768 2329; x_wconf 86' lang='lat' dir='ltr'>mutato</span> <span class='ocrx_word' id='word_1_380' title='bbox 1797 2299 1903 2329; x_wconf 83' lang='lat' dir='ltr'>tamen</span> <span class='ocrx_word' id='word_1_381' title='bbox 1936 2305 1992 2329; x_wconf 90' lang='grc'>00-</span> 
     </span>
     <span class='ocr_line' id='line_1_87' title="bbox 1336 2350 1991 2384; baseline -0.003 -1"><span class='ocrx_word' id='word_1_382' title='bbox 1336 2352 1420 2383; x_wconf 87' lang='lat' dir='ltr'>mine</span> <span class='ocrx_word' id='word_1_383' title='bbox 1439 2351 1538 2384; x_wconf 87' lang='lat' dir='ltr'>sancti</span> <span class='ocrx_word' id='word_1_384' title='bbox 1563 2350 1807 2383; x_wconf 80' lang='lat' dir='ltr'>Bonaventurae</span> <span class='ocrx_word' id='word_1_385' title='bbox 1829 2351 1861 2382; x_wconf 90' lang='lat' dir='ltr'>in</span> <span class='ocrx_word' id='word_1_386' title='bbox 1876 2357 1991 2382; x_wconf 90' lang='lat' dir='ltr'>nemen</span> 
     </span>
     <span class='ocr_line' id='line_1_88' title="bbox 1338 2402 1825 2444; baseline -0.004 -8"><span class='ocrx_word' id='word_1_387' title='bbox 1338 2404 1367 2436; x_wconf 89' lang='lat' dir='ltr'>S.</span> <span class='ocrx_word' id='word_1_388' title='bbox 1394 2402 1523 2436; x_wconf 84' lang='lat' dir='ltr'>Antonii</span> <span class='ocrx_word' id='word_1_389' title='bbox 1549 2402 1588 2436; x_wconf 87' lang='lat' dir='ltr'>de</span> <span class='ocrx_word' id='word_1_390' title='bbox 1614 2402 1731 2444; x_wconf 86' lang='lat' dir='ltr'>Padua,</span> <span class='ocrx_word' id='word_1_391' title='bbox 1751 2403 1825 2435; x_wconf 72' lang='lat'>367.</span> 
     </span>
    </p>

    <p class='ocr_par' dir='ltr' id='par_1_20' title="bbox 1248 2454 1993 2661">
     <span class='ocr_line' id='line_1_89' title="bbox 1248 2454 1993 2501; baseline -0.005 -10"><span class='ocrx_word' id='word_1_392' title='bbox 1248 2456 1377 2491; x_wconf 87' lang='lat' dir='ltr'>CLVIII.</span> <span class='ocrx_word' id='word_1_393' title='bbox 1403 2456 1571 2498; x_wconf 82' lang='lat' dir='ltr'>lndultuin,</span> <span class='ocrx_word' id='word_1_394' title='bbox 1590 2456 1672 2501; x_wconf 84' lang='lat' dir='ltr'>qnod</span> <span class='ocrx_word' id='word_1_395' title='bbox 1691 2465 1803 2489; x_wconf 87' lang='lat' dir='ltr'>servus</span> <span class='ocrx_word' id='word_1_396' title='bbox 1820 2454 1879 2488; x_wconf 86' lang='lat' dir='ltr'>Dei</span> <span class='ocrx_word' id='word_1_397' title='bbox 1896 2454 1993 2488; x_wconf 90' lang='lat' dir='ltr'>Fran-</span> 
     </span>
     <span class='ocr_line' id='line_1_90' title="bbox 1336 2507 1993 2552; baseline -0.005 -9"><span class='ocrx_word' id='word_1_398' title='bbox 1336 2511 1440 2543; x_wconf 84' lang='lat' dir='ltr'>ciseus</span> <span class='ocrx_word' id='word_1_399' title='bbox 1464 2510 1587 2552; x_wconf 74' lang='lat' dir='ltr'>Ber-gia,</span> <span class='ocrx_word' id='word_1_400' title='bbox 1613 2509 1688 2542; x_wconf 88' lang='lat' dir='ltr'>elim</span> <span class='ocrx_word' id='word_1_401' title='bbox 1709 2508 1774 2542; x_wconf 86' lang='lat' dir='ltr'>dux</span> <span class='ocrx_word' id='word_1_402' title='bbox 1799 2507 1943 2541; x_wconf 84' lang='lat' dir='ltr'>Gandiae</span> <span class='ocrx_word' id='word_1_403' title='bbox 1962 2511 1993 2540; x_wconf 88' lang='lat' dir='ltr'>et</span> 
     </span>
     <span class='ocr_line' id='line_1_91' title="bbox 1335 2562 1991 2605; baseline -0.003 -9"><span class='ocrx_word' id='word_1_404' title='bbox 1335 2563 1452 2596; x_wconf 85' lang='lat' dir='ltr'>deinde</span> <span class='ocrx_word' id='word_1_405' title='bbox 1477 2562 1647 2605; x_wconf 79' lang='lat' dir='ltr'>religiosus</span> <span class='ocrx_word' id='word_1_406' title='bbox 1666 2563 1838 2605; x_wconf 82' lang='lat' dir='ltr'>professus,</span> <span class='ocrx_word' id='word_1_407' title='bbox 1864 2571 1901 2595; x_wconf 86' lang='lat' dir='ltr'>ac</span> <span class='ocrx_word' id='word_1_408' title='bbox 1928 2565 1991 2595; x_wconf 88' lang='lat' dir='ltr'>ter-</span> 
     </span>
     <span class='ocr_line' id='line_1_92' title="bbox 1335 2615 1991 2661; baseline -0.003 -10"><span class='ocrx_word' id='word_1_409' title='bbox 1335 2619 1396 2651; x_wconf 89' lang='lat' dir='ltr'>tius</span> <span class='ocrx_word' id='word_1_410' title='bbox 1421 2617 1619 2661; x_wconf 86' lang='lat' dir='ltr'>praepositus</span> <span class='ocrx_word' id='word_1_411' title='bbox 1643 2616 1803 2661; x_wconf 82' lang='lat' dir='ltr'>generalis</span> <span class='ocrx_word' id='word_1_412' title='bbox 1827 2615 1991 2650; x_wconf 83' lang='lat' dir='ltr'>Societatis</span> 
     </span>
    </p>
   </div>
  </div>
 </body>
</html>
