2269 3235
134 255 183 283 An.
203 253 232 282 C.
251 253 318 281 ¹626

183 1060 321 1081 Obstantitius

138 1088 232 1114 derogat.

172 2236 250 2257 Lucani
261 2238 334 2262 petunt

153 2263 272 2284 facultatem
296 2263 334 2283 sibi

153 2290 240 2310 concedi
260 2295 334 2309 conre-

153 2316 222 2336 niendi
233 2322 279 2336 cum
295 2318 335 2336 cle-

152 2348 175 2362 ro
197 2348 259 2368 super
281 2344 335 2363 sotu-

152 2369 209 2388 tione
243 2370 336 2394 vectiga-

152 2395 211 2416 lium.

947 250 1089 275 unnANUs
1109 250 1166 274 VIH
1184 251 1234 274 PP.

332 299 495 333 occasione
519 298 755 343 quomodolibet
784 297 939 339 incursis,
965 303 1070 331 aucto-

332 353 423 387 ritate
447 354 557 387 nostra
581 353 611 386 in
637 358 770 397 utroque
794 352 863 386 foro
888 351 1017 392 absolvi,
1036 351 1071 384 il-

333 406 433 450 lisque
449 406 547 440 dictas
570 415 687 450 poenas
705 405 814 439 eadem
831 405 1015 438 auctoritate
1033 404 1071 436 ab

333 470 443 493 eorum
479 465 509 493 et
545 460 712 494 cuiuslibet
739 469 849 492 eorum
874 458 1072 491 confessariis

334 524 391 558 per
411 519 441 547 te
460 505 600 558 pfobatis
624 512 740 546 remitti
766 516 796 545 et
820 510 1001 551 condonari,
1016 510 1073 543 im-

334 568 435 611 posita
459 567 502 601 eis
527 566 717 611 poenitentia
741 565 880 606 salutari,
903 574 1025 597 necnon
1042 564 1074 596 in

334 621 514 665 pristinum,
534 625 565 654 et
581 630 662 660 eum,
678 619 709 652 in
726 629 788 663 quo
805 622 875 652 ante
901 617 1073 662 praemissa

334 674 571 719 quomodolibet
598 677 697 714 erant,
722 676 846 714 statum,
872 671 1005 713 restitui,
1025 682 1075 704 re-

334 728 409 771 poni
443 733 474 761 et
507 727 647 771 plenarie
681 726 869 769 reintegrari
894 725 1022 759 mandes
1045 730 1076 758 et

335 781 449 822 facias,
480 781 645 824 eidemque
676 780 761 813 clero
793 789 865 812 cum
890 778 1022 811 antianis
1046 784 1076 811 et

334 834 506 867 vexillifero
529 833 698 878 praedictis
723 833 761 865 ad
789 832 991 866 concordiam
1012 832 1075 865 sive

336 889 579 922 transactionem
597 898 693 932 super
712 887 905 932 praemissis,
922 891 1016 931 prout
1033 886 1077 919 eis

335 941 501 982 videbitur,
518 940 703 974 deveniendi
726 941 885 974 licentiam
903 940 1011 974 eadem
1027 950 1078 972 au-

336 995 480 1028 ctoritate
505 995 667 1029 concedas.

381 1049 395 1093 5
420 1049 448 1082 5.
474 1049 542 1082 Non
568 1049 763 1082 obstantibus
782 1047 972 1093 apostolicis,
994 1047 1077 1080 acin

335 1102 580 1145 universalibus,
605 1102 913 1146 provincialibusque
938 1101 1078 1135 conciliis

337 1155 427 1188 editis
451 1156 650 1199 generalibus
681 1157 730 1189 vel
755 1155 945 1200 specialibus
965 1154 1079 1188 consti-

337 1210 509 1243 tutionibus
545 1215 575 1242 et
607 1209 878 1250 ordinationibus,
904 1208 1079 1252 ceterisque

337 1264 503 1297 contrariis
528 1264 788 1307 quibuscumque.

380 1318 490 1351 Datum
504 1318 631 1358 Romae,
647 1317 728 1361 apud
738 1318 767 1350 S.
778 1317 905 1350 Mariam
920 1317 1079 1357 Maiorem,

338 1372 395 1404 sub
413 1372 528 1405 annulo
542 1372 718 1412 Piscatoris,
736 1371 786 1404 die
800 1382 830 1404 iv
846 1371 913 1405 iulii
927 1381 1079 1413 Mncxxvt,

337 1425 537 1468 pontificatus
561 1425 661 1459 nostri
686 1435 767 1459 anno
791 1436 833 1458 111.

375 1488 432 1516 Dat.
449 1488 492 1515 die
509 1489 524 1515 4
538 1488 598 1515 iulii
614 1487 691 1523 1626,
710 1488 806 1523 pontif.
822 1495 890 1515 anno
907 1493 943 1514 tu.

685 1632 737 1666 CC.

341 1714 372 1747 F
372 1713 497 1747 acullas
522 1712 604 1746 clero
623 1712 822 1756 reipublicae
843 1712 993 1744 Lucanae
1010 1720 1082 1743 con-

387 1767 543 1800 cordandi
566 1777 639 1799 cum
671 1765 838 1810 republica
870 1775 966 1808 super
1000 1775 1079 1798 esw-

387 1823 488 1854 cti'one
505 1825 533 1854 et
550 1820 708 1854 solutione
732 1819 968 1853 monimum-um
990 1818 1084 1851 recti-

388 1873 526 1916 yalium.

404 1954 572 1983 venerabili
591 1954 680 1982 fratri
703 1955 869 1982 Alexandro
890 1954 1026 1988 episcopo

643 2010 772 2043 Lucano,

533 2062 670 2090 Urbanus
701 2063 781 2096 Papa
808 2062 884 2089 VIII.

552 2125 737 2153 Venerabilis
753 2125 858 2156 frater,

382 2169 510 2197 salutem
527 2172 557 2197 et
577 2169 771 2203 apostoticam
797 2168 1049 2196 benedictionem.

393 2231 407 2274 ἓ
430 2231 459 2263 i.
484 2231 604 2275 Exponi
629 2231 719 2264 nobis
738 2241 839 2275 nuper
856 2232 998 2264 fecerunt
1014 2230 1089 2262 dile-

350 2284 391 2316 cti
414 2284 470 2316 filii
494 2285 619 2326 antiani,
644 2296 679 2318 ac
703 2285 855 2318 vexillifer
879 2284 1015 2317 iustitiae
1031 2284 1089 2316 rci-

350 2337 493 2380 publicae
509 2338 661 2379 Lucanae,
681 2338 764 2382 quod
789 2338 859 2382 ipsi,
872 2337 1001 2381 provide
1018 2347 1088 2370 con-

351 2389 543 2432 siderantes,
567 2391 707 2424 eiusdem
731 2391 922 2435 reipublicae
946 2391 1088 2424 redditus

351 2448 381 2476 et
397 2449 568 2487 proventus
586 2445 619 2477 in
638 2445 769 2488 gabellis
788 2445 968 2488 praecipue,
986 2444 1086 2486 datiis,

350 2497 481 2540 aliisque
504 2497 708 2541 vectigalibus
728 2498 792 2531 suis
812 2498 992 2540 consistere,
1012 2498 1089 2530 mul-

350 2554 396 2583 tas
414 2561 489 2584 vero
513 2551 638 2584 fraudes
662 2552 746 2585 circa
762 2551 966 2595 gabellarum,
989 2551 1088 2584 datio-

344 2610 421 2637 'rum
439 2609 469 2637 et
485 2604 685 2648 vectigalium
703 2605 884 2639 huiusmodi
901 2605 1087 2638 solutionem

351 2668 369 2691 a
385 2667 447 2692 non
473 2658 625 2703 exemptis
649 2658 706 2693 sub
729 2659 857 2693 nomine
881 2668 1088 2703 personarum

1104 298 1396 338 ecclesiasticarum,
1412 306 1475 330 non
1500 297 1565 330 sine
1583 297 1720 330 maximo
1745 298 1842 341 ips-ius

1104 351 1296 395 reipublicae
1314 351 1427 385 damno
1445 355 1475 384 et
1491 350 1694 395 praeiudicio,
1707 351 1844 395 plerum-

1104 415 1164 448 que
1181 406 1333 438 committi
1353 400 1561 447 coust‘ievisse‚
1579 410 1613 438 ut
1629 404 1743 438 autem¹
1763 405 1845 438 frau—

1105 457 1196 491 dibus
1217 458 1398 491 huiusmodi
1423 459 1658 503 opportuniori,
1691 469 1752 503 qua
1776 459 1844 492 steri

1105 516 1216 554 potest,
1236 512 1357 545 ratione
1374 512 1497 545 obviam
1516 518 1596 554 cant,
1614 524 1684 546 cum
1702 514 1845 557 personis

1107 565 1325 598 ecclesiasticis
1352 570 1413 598 tam
1440 567 1633 599 secularibus
1669 577 1761 611 quam
1796 577 1845 599 re-

1107 617 1270 661 gularibus
1296 618 1427 652 civitatis
1459 624 1489 651 ct
1520 620 1671 653 dioecesis
1703 621 1846 653 Lucanae

1107 671 1295 715 praedictae,
1313 677 1347 704 ut
1365 672 1484 705 scilicet
1508 672 1547 706 ab
1572 673 1687 705 eisdem
1706 674 1847 706 ecclesia-

1108 724 1192 758 sticis
1209 725 1349 768 gabellae
1362 725 1540 769 praedictae
1554 726 1728 767 exigantur,
1742 728 1847 770 cisque

1109 788 1201 811 omne
1222 779 1253 811 id
1270 783 1296 812 et
1324 784 1434 820 totum,
1452 778 1489 811 ad
1511 779 1594 822 quod
1612 780 1692 812 inter
1708 790 1761 813 cos
1780 791 1849 813 con-

1110 832 1302 873 cordabitur,
1328 833 1421 865 certis
1442 833 1513 865 anni
1539 833 1735 877 temporibus
1760 834 1849 865 resti-

1110 890 1229 927 tuatur,
1255 887 1422 920 convenire
1458 897 1513 919 scu
1545 887 1738 920 concordare
1773 887 1850 919 deli-

1110 939 1317 981 beraverunt,
1349 940 1374 973 si
1410 945 1589 984 opportuna
1624 940 1769 984 desuper,
1788 945 1850 972 tam

1111 993 1228 1027 eisdem
1254 994 1399 1039 personis
1424 994 1654 1035 ecelesiasticis,
1679 1005 1773 1038 quam
1802 1004 1853 1027 an-

1112 1047 1202 1080 tianis
1213 1053 1242 1081 et
1253 1048 1435 1089 vexillifero,
1452 1059 1509 1092 per
1525 1059 1582 1081 nos
1599 1053 1629 1081 et
1642 1048 1753 1081 Sedem
1775 1048 1853 1091 Apo-

1112 1101 1253 1133 stolicam
1279 1100 1409 1134 facultas
1434 1101 1640 1135 concedatur:
1666 1101 1757 1134 nobis
1782 1111 1853 1144 pro-

1111 1157 1219 1197 pterea
1244 1154 1359 1187 antiani
1389 1159 1418 1188 et
1449 1155 1601 1188 vexillifer
1625 1155 1777 1199 praedicti
1803 1155 1852 1198 (ex

1112 1208 1317 1241 conventione
1349 1214 1379 1241 et
1404 1209 1573 1242 concordia
1605 1209 1804 1249 huiusmodi,
1829 1209 1853 1240 si

1113 1261 1178 1302 fiat,
1205 1262 1364 1303 ecclesiis,
1396 1263 1678 1307 ecclesiasticisque
1713 1262 1855 1306 persenis

1113 1325 1201 1347 suam
1227 1315 1458 1349 immunitatem
1484 1316 1641 1348 mediante
1658 1316 1854 1356 restitutione

1112 1367 1273 1411 praedicta
1287 1369 1408 1402 facilius
1426 1369 1615 1410 conservari,
1630 1369 1854 1413 fraudibusque

1113 1422 1295 1456 huiusmodi
1319 1423 1442 1456 obviam
1468 1424 1506 1456 iri
1522 1424 1712 1467 asserentes)
1733 1423 1858 1455 humili-

1115 1480 1161 1508 tcr
1178 1477 1349 1520 supplicari
1370 1477 1522 1518 fecerint&
1538 1482 1570 1510 ut
1586 1478 1644 1510 sibi
1661 1478 1693 1510 in
1709 1477 1858 1521 praemis-

1115 1529 1156 1561 sis
1187 1535 1364 1573 opportune
1396 1531 1564 1574 proridere
1596 1531 1633 1563 de
1664 1531 1856 1574 benignitate

1115 1583 1284 1624 apostolica
1311 1583 1524 1625 dignaremur.

1161 1635 1175 1679 ἓ
1199 1636 1228 1668 2.
1254 1637 1317 1670 Nes
1342 1637 1449 1679 igitur,
1471 1643 1589 1670 certam
1613 1637 1651 1670 de
1676 1637 1858 1680 praemissis

1115 1689 1258 1722 notitiam
1283 1700 1347 1723 non
1371 1691 1533 1731 habentes,
1554 1701 1589 1723 ac
1610 1691 1786 1733 singulares
1809 1702 1859 1724 an·
1874 1680 1986 1737 ⁹5⁴³,'⁰÷·'¹
2005 1680 2057 1718 2'.';

1116 1743 1274 1776 tianorum
1300 1749 1327 1776 et
1354 1745 1516 1777 vexilliferi
1537 1733 1771 1788 praedictorum
1789 1734 1922 1789 per-5¹3}m
1978 1733 1981 1743 ⁵
2015 1732 2033 1742 ’ρ

1117 1807 1209 1829 sonas
1226 1808 1243 1829 a
1260 1797 1422 1841 quibusvis
1437 1798 1780 1839 excommunicationis,
1798 1810 1861 1831 sus-
1954 1840 1961 1845 „
1976 1786 1995 1825 1⁰.
2028 1812 2034 1824 1

1118 1851 1278 1894 pensionis
1303 1857 1333 1884 et
1357 1852 1536 1894 interdicti,
1563 1853 1693 1896 aliisque
1718 1839 2013 1886 eeclesia-‘aimei‘ssiU

1118 1905 1202 1938 stieis
1221 1906 1392 1946 sententiis,
1410 1906 1552 1939 censuris
1570 1912 1597 1939 et
1618 1906 1737 1950 poenis,
1756 1917 1773 1938 a
1794 1907 1861 1939 iure

1119 1959 1165 1991 vc]
1180 1959 1219 1991 ab
1240 1959 1378 2002 homine,
1393 1960 1502 2003 quavis
1519 1960 1684 1993 occasione
1705 1960 1754 1993 rel
1769 1962 1862 1993 causa

1120 2012 1210 2053 latis,
1236 2013 1260 2045 si
1286 2013 1401 2058 quibus
1426 2013 1665 2057 quomodolibet
1697 2013 1862 2046 innodatae

1120 2066 1266 2108 existunt,
1292 2066 1330 2098 ad
1356 2066 1501 2099 effectum
1528 2066 1741 2110 praesentium
1767 2066 1860 2099 dum-

1121 2124 1203 2152 taxat
1227 2120 1497 2164 consequendum,
1522 2120 1636 2152 harum
1661 2120 1740 2153 serie
1766 2119 1865 2153 absol-

1122 2178 1228 2207 ventes
1253 2179 1283 2207 et
1307 2174 1466 2207 absolutas
1484 2174 1550 2206 fore
1568 2178 1738 2215 censentes,
1761 2173 1864 2205 liuius-

1121 2227 1205 2260 modi
1219 2228 1501 2271 supplicationibus
1516 2227 1665 2269 inclinati,
1680 2227 1863 2260 fraternitati

1122 2286 1191 2314 tuae
1208 2292 1265 2325 per
1289 2287 1470 2325 praesentes
1487 2280 1714 2314 committimus
1734 2285 1764 2313 et
1781 2291 1864 2313 man-

1121 2335 1248 2375 damus,
1269 2340 1433 2378 quatenus,
1454 2334 1571 2367 vocatis
1595 2334 1737 2377 personis
1762 2335 1862 2366 eccle-

1121 2388 1252 2421 siasticis
1274 2388 1451 2432 praedictis,
1472 2387 1510 2420 de
1527 2387 1673 2420 omnibus
1690 2392 1717 2420 et
1732 2387 1862 2429 singulis

1121 2442 1312 2486 praemissis,
1334 2452 1507 2485 corumque
1531 2441 1772 2474 circumstantiis
1792 2441 1861 2473 uni-

1124 2496 1230 2537 versis,
1255 2499 1283 2529 te
1308 2495 1476 2538 diligenter
1496 2495 1666 2536 informes,
1692 2499 1732 2537 et,
1757 2495 1782 2527 si
1806 2505 1863 2538 per

1122 2550 1377 2583 informationem
1417 2549 1598 2582 huiusmodi
1634 2549 1688 2582 tibi
1723 2548 1863 2591 legitime

1158 2624 1169 2649 1
1193 2623 1250 2649 Vox
1270 2624 1368 2649 autem
1387 2620 1522 2648 redundat
1540 2622 1577 2656 (n.
1595 2621 1642 2655 T.).

1157 2667 1173 2693 2
1193 2666 1313 2703 Syntaxis
1332 2666 1424 2695 mallet
1441 2668 1573 2702 fecerunt
1594 2666 1630 2701 (a.
1647 2666 1695 2699 τ.).

1745 242 1808 275 467
1856 251 1905 277 An.
1923 251 1951 278 c.
1974 240 2041 280 tete
