<?xml version="1.0" encoding="UTF-8"?>
<!DOCTYPE html PUBLIC "-//W3C//DTD XHTML 1.0 Transitional//EN"
    "http://www.w3.org/TR/xhtml1/DTD/xhtml1-transitional.dtd">
<html xmlns="http://www.w3.org/1999/xhtml" xml:lang="en" lang="en">
 <head>
  <title>
</title>
<meta http-equiv="Content-Type" content="text/html;charset=utf-8" />
  <meta name='ocr-system' content='tesseract 3.04.00' />
  <meta name='ocr-capabilities' content='ocr_page ocr_carea ocr_par ocr_line ocrx_word'/>
</head>
<body>
  <div class='ocr_page' id='page_1' title='image "./bullarumdiplomat13cath_0129.png"; bbox 0 0 2269 3235; ppageno 0'>
   <div class='ocr_carea' id='block_1_1' title="bbox 905 260 1779 295">
    <p class='ocr_par' dir='ltr' id='par_1_1' title="bbox 905 260 1779 295">
     <span class='ocr_line' id='line_1_1' title="bbox 905 260 1779 295; baseline -0.001 -1"><span class='ocrx_word' id='word_1_1' title='bbox 905 270 1047 294; x_wconf 44' lang='lat' dir='ltr'>unniuvus</span> <span class='ocrx_word' id='word_1_2' title='bbox 1071 270 1127 294; x_wconf 85' lang='lat' dir='ltr'>vni</span> <span class='ocrx_word' id='word_1_3' title='bbox 1152 271 1199 295; x_wconf 75' lang='lat' dir='ltr'>rr.</span> <span class='ocrx_word' id='word_1_4' title='bbox 1738 260 1779 293; x_wconf 64' lang='lat'>9:⁷5</span> 
     </span>
    </p>
   </div>
   <div class='ocr_carea' id='block_1_2' title="bbox 98 317 1811 522">
    <p class='ocr_par' dir='ltr' id='par_1_2' title="bbox 98 317 1811 522">
     <span class='ocr_line' id='line_1_2' title="bbox 288 317 1811 363; baseline 0.001 -13"><span class='ocrx_word' id='word_1_5' title='bbox 288 317 503 361; x_wconf 81' lang='lat' dir='ltr'>plenitudine,</span> <span class='ocrx_word' id='word_1_6' title='bbox 522 318 773 363; x_wconf 83' lang='lat' dir='ltr'>praeceptoriam</span> <span class='ocrx_word' id='word_1_7' title='bbox 798 328 853 351; x_wconf 87' lang='lat' dir='ltr'>seu</span> <span class='ocrx_word' id='word_1_8' title='bbox 878 328 1037 351; x_wconf 86' lang='lat' dir='ltr'>commen·</span> <span class='ocrx_word' id='word_1_9' title='bbox 1071 318 1307 359; x_wconf 88' lang='lat' dir='ltr'>consuetudine,</span> <span class='ocrx_word' id='word_1_10' title='bbox 1322 319 1368 351; x_wconf 85' lang='lat' dir='ltr'>vel</span> <span class='ocrx_word' id='word_1_11' title='bbox 1385 318 1561 362; x_wconf 84' lang='lat' dir='ltr'>privilegio,</span> <span class='ocrx_word' id='word_1_12' title='bbox 1578 321 1629 351; x_wconf 84' lang='lat' dir='ltr'>aut</span> <span class='ocrx_word' id='word_1_13' title='bbox 1646 318 1720 350; x_wconf 73' lang='lat' dir='ltr'>alias</span> <span class='ocrx_word' id='word_1_14' title='bbox 1737 328 1811 361; x_wconf 86' lang='lat' dir='ltr'>quo-</span> 
     </span>
     <span class='ocr_line' id='line_1_3' title="bbox 111 369 1810 416; baseline -0.001 -12"><span class='ocrx_word' id='word_1_15' title='bbox 111 412 114 416; x_wconf 20' lang='lat'>,</span> <span class='ocrx_word' id='word_1_16' title='bbox 152 384 172 415; x_wconf 42' lang='grc' dir='ltr'>Λ,</span> <span class='ocrx_word' id='word_1_17' title='bbox 187 384 281 413; x_wconf 68' lang='lat' dir='ltr'>mmmm</span> <span class='ocrx_word' id='word_1_18' title='bbox 297 369 368 403; x_wconf 84' lang='lat' dir='ltr'>dam</span> <span class='ocrx_word' id='word_1_19' title='bbox 401 371 593 415; x_wconf 81' lang='lat' dir='ltr'>praedictam</span> <span class='ocrx_word' id='word_1_20' title='bbox 619 383 636 405; x_wconf 89' lang='lat' dir='ltr'>a</span> <span class='ocrx_word' id='word_1_21' title='bbox 661 372 743 404; x_wconf 89' lang='lat' dir='ltr'>dicto</span> <span class='ocrx_word' id='word_1_22' title='bbox 775 371 917 415; x_wconf 76' lang='lat' dir='ltr'>prioratu</span> <span class='ocrx_word' id='word_1_23' title='bbox 942 371 1037 404; x_wconf 81' lang='lat' dir='ltr'>Vene-</span> <span class='ocrx_word' id='word_1_24' title='bbox 1071 371 1243 404; x_wconf 87' lang='lat' dir='ltr'>modolibet</span> <span class='ocrx_word' id='word_1_25' title='bbox 1262 376 1402 412; x_wconf 89' lang='lat' dir='ltr'>utuntur,</span> <span class='ocrx_word' id='word_1_26' title='bbox 1423 371 1585 415; x_wconf 86' lang='lat' dir='ltr'>potiuntur</span> <span class='ocrx_word' id='word_1_27' title='bbox 1610 376 1639 403; x_wconf 88' lang='lat' dir='ltr'>et</span> <span class='ocrx_word' id='word_1_28' title='bbox 1663 371 1810 414; x_wconf 78' lang='lat' dir='ltr'>gaudent,</span> 
     </span>
     <span class='ocr_line' id='line_1_4' title="bbox 100 410 1807 469; baseline 0.001 -14"><span class='ocrx_word' id='word_1_29' title='bbox 100 410 282 459; x_wconf 56' lang='lat' dir='ltr'>?‚?1“.sill-“‚&#39;‘¹¹„ITC.„3¹1&#39;.‘</span> <span class='ocrx_word' id='word_1_30' title='bbox 298 423 422 465; x_wconf 67' lang='lat' dir='ltr'>Uarum,</span> <span class='ocrx_word' id='word_1_31' title='bbox 440 436 474 458; x_wconf 87' lang='lat' dir='ltr'>ac</span> <span class='ocrx_word' id='word_1_32' title='bbox 495 436 692 469; x_wconf 87' lang='lat' dir='ltr'>quacumque</span> <span class='ocrx_word' id='word_1_33' title='bbox 716 425 798 457; x_wconf 89' lang='lat' dir='ltr'>illius</span> <span class='ocrx_word' id='word_1_34' title='bbox 815 424 932 468; x_wconf 83' lang='lat' dir='ltr'>prioris</span> <span class='ocrx_word' id='word_1_35' title='bbox 950 424 1038 456; x_wconf 83' lang='lat' dir='ltr'>iuris-</span> <span class='ocrx_word' id='word_1_36' title='bbox 1071 434 1106 456; x_wconf 83' lang='lat' dir='ltr'>ae</span> <span class='ocrx_word' id='word_1_37' title='bbox 1132 424 1185 464; x_wconf 92' lang='lat' dir='ltr'>uti,</span> <span class='ocrx_word' id='word_1_38' title='bbox 1206 424 1301 467; x_wconf 83' lang='lat' dir='ltr'>potiri</span> <span class='ocrx_word' id='word_1_39' title='bbox 1326 430 1356 457; x_wconf 88' lang='lat' dir='ltr'>et</span> <span class='ocrx_word' id='word_1_40' title='bbox 1380 425 1517 467; x_wconf 81' lang='lat' dir='ltr'>gaudere</span> <span class='ocrx_word' id='word_1_41' title='bbox 1541 429 1671 468; x_wconf 81' lang='lat' dir='ltr'>possunt</span> <span class='ocrx_word' id='word_1_42' title='bbox 1695 428 1724 458; x_wconf 82' lang='lat' dir='ltr'>ct</span> <span class='ocrx_word' id='word_1_43' title='bbox 1749 435 1807 467; x_wconf 92' lang='lat' dir='ltr'>po-</span> 
     </span>
     <span class='ocr_line' id='line_1_5' title="bbox 98 466 1809 522; baseline 0 -13"><span class='ocrx_word' id='word_1_44' title='bbox 98 466 184 489; x_wconf 30' lang='lat'>¹&#39;¹&#39;¹¹¹&#39;¹&#39;&#39;³</span> <span class='ocrx_word' id='word_1_45' title='bbox 296 476 432 511; x_wconf 73' lang='lat' dir='ltr'>dictione</span> <span class='ocrx_word' id='word_1_46' title='bbox 457 483 487 513; x_wconf 89' lang='lat' dir='ltr'>et</span> <span class='ocrx_word' id='word_1_47' title='bbox 511 479 740 522; x_wconf 82' lang='lat' dir='ltr'>superioritate,</span> <span class='ocrx_word' id='word_1_48' title='bbox 761 483 869 511; x_wconf 84' lang='lat' dir='ltr'>tenore</span> <span class='ocrx_word' id='word_1_49' title='bbox 893 488 1038 521; x_wconf 80' lang='lat' dir='ltr'>praesen-</span> <span class='ocrx_word' id='word_1_50' title='bbox 1072 482 1176 509; x_wconf 88' lang='lat' dir='ltr'>terunt</span> <span class='ocrx_word' id='word_1_51' title='bbox 1205 478 1441 520; x_wconf 72' lang='lat' dir='ltr'>quomodolibet</span> <span class='ocrx_word' id='word_1_52' title='bbox 1473 478 1502 510; x_wconf 88' lang='lat' dir='ltr'>iu</span> <span class='ocrx_word' id='word_1_53' title='bbox 1530 479 1691 517; x_wconf 78' lang='lat' dir='ltr'>futurum,</span> <span class='ocrx_word' id='word_1_54' title='bbox 1717 478 1809 510; x_wconf 86' lang='lat' dir='ltr'>ctiam</span> 
     </span>
    </p>
   </div>
   <div class='ocr_carea' id='block_1_3' title="bbox 100 269 2010 298">
    <p class='ocr_par' dir='ltr' id='par_1_3' title="bbox 100 269 2010 298">
     <span class='ocr_line' id='line_1_6' title="bbox 100 269 2010 298; baseline 0.001 -2"><span class='ocrx_word' id='word_1_55' title='bbox 100 271 148 296; x_wconf 67' lang='lat' dir='ltr'>An.</span> <span class='ocrx_word' id='word_1_56' title='bbox 166 270 194 296; x_wconf 89' lang='lat' dir='ltr'>C.</span> <span class='ocrx_word' id='word_1_57' title='bbox 216 269 285 298; x_wconf 69' lang='lat'><strong>1623</strong></span> <span class='ocrx_word' id='word_1_58' title='bbox 1825 270 1874 297; x_wconf 81' lang='grc' dir='ltr'>Αῐι.</span> <span class='ocrx_word' id='word_1_59' title='bbox 1891 270 1918 296; x_wconf 86' lang='lat' dir='ltr'>C.</span> <span class='ocrx_word' id='word_1_60' title='bbox 1942 270 2010 297; x_wconf 67' lang='lat'>¹623</span> 
     </span>
    </p>
   </div>
   <div class='ocr_carea' id='block_1_4' title="bbox 96 755 280 807">
    <p class='ocr_par' dir='ltr' id='par_1_4' title="bbox 96 755 280 807">
     <span class='ocr_line' id='line_1_7' title="bbox 124 755 280 781; baseline -0.006 -5"><span class='ocrx_word' id='word_1_61' title='bbox 124 755 149 776; x_wconf 83' lang='lat' dir='ltr'>Et</span> <span class='ocrx_word' id='word_1_62' title='bbox 163 755 184 775; x_wconf 87' lang='lat' dir='ltr'>in</span> <span class='ocrx_word' id='word_1_63' title='bbox 199 755 280 781; x_wconf 70' lang='lat' dir='ltr'>priora-</span> 
     </span>
     <span class='ocr_line' id='line_1_8' title="bbox 96 782 251 807; baseline 0.019 -6"><span class='ocrx_word' id='word_1_64' title='bbox 96 782 139 803; x_wconf 77' lang='lat' dir='ltr'>tum</span> <span class='ocrx_word' id='word_1_65' title='bbox 156 783 251 807; x_wconf 74' lang='lat' dir='ltr'>erigitur.</span> 
     </span>
    </p>
   </div>
   <div class='ocr_carea' id='block_1_5' title="bbox 111 1770 145 1843">
    <p class='ocr_par' dir='ltr' id='par_1_5' title="bbox 111 1770 145 1843">
     <span class='ocr_line' id='line_1_9' title="bbox 111 1804 119 1842; textangle 90"><span class='ocrx_word' id='word_1_66' title='bbox 111 1804 119 1842; x_wconf 50' lang='grc' dir='ltr'>Ἡ</span> 
     </span>
     <span class='ocr_line' id='line_1_10' title="bbox 122 1770 145 1843; textangle 90"><span class='ocrx_word' id='word_1_67' title='bbox 122 1770 145 1843; x_wconf 56' lang='grc' dir='ltr'>ετό</span> 
     </span>
    </p>
   </div>
   <div class='ocr_carea' id='block_1_6' title="bbox 143 1777 165 1843">
    <p class='ocr_par' dir='ltr' id='par_1_6' title="bbox 143 1777 165 1843">
     <span class='ocr_line' id='line_1_11' title="bbox 143 1777 165 1843; textangle 90"><span class='ocrx_word' id='word_1_68' title='bbox 143 1777 165 1843; x_wconf 48' lang='lat' dir='ltr'>&#39;is-‚²-</span> 
     </span>
    </p>
   </div>
   <div class='ocr_carea' id='block_1_7' title="bbox 284 531 1037 1751">
    <p class='ocr_par' dir='ltr' id='par_1_7' title="bbox 296 531 1036 725">
     <span class='ocr_line' id='line_1_12' title="bbox 297 531 1036 576; baseline 0.001 -14"><span class='ocrx_word' id='word_1_69' title='bbox 297 531 385 573; x_wconf 77' lang='lat' dir='ltr'>tium,</span> <span class='ocrx_word' id='word_1_70' title='bbox 397 538 553 576; x_wconf 89' lang='lat' dir='ltr'>perpetuo</span> <span class='ocrx_word' id='word_1_71' title='bbox 563 543 755 576; x_wconf 86' lang='lat' dir='ltr'>separamus,</span> <span class='ocrx_word' id='word_1_72' title='bbox 763 531 1036 571; x_wconf 83' lang='lat' dir='ltr'>dismembramus,</span> 
     </span>
     <span class='ocr_line' id='line_1_13' title="bbox 296 584 1035 629; baseline 0 -13"><span class='ocrx_word' id='word_1_73' title='bbox 296 584 463 617; x_wconf 77' lang='lat' dir='ltr'>eximimus</span> <span class='ocrx_word' id='word_1_74' title='bbox 483 590 524 617; x_wconf 82' lang='lat' dir='ltr'>et</span> <span class='ocrx_word' id='word_1_75' title='bbox 555 585 743 626; x_wconf 70' lang='lat' dir='ltr'>liberamus,</span> <span class='ocrx_word' id='word_1_76' title='bbox 777 590 1035 629; x_wconf 71' lang='lat' dir='ltr'>separatamque,</span> 
     </span>
     <span class='ocr_line' id='line_1_14' title="bbox 296 637 1035 681; baseline 0 -12"><span class='ocrx_word' id='word_1_77' title='bbox 296 637 553 670; x_wconf 84' lang='lat' dir='ltr'>dismembratam</span> <span class='ocrx_word' id='word_1_78' title='bbox 584 648 619 671; x_wconf 89' lang='lat' dir='ltr'>ac</span> <span class='ocrx_word' id='word_1_79' title='bbox 648 643 825 681; x_wconf 77' lang='lat' dir='ltr'>exemptam</span> <span class='ocrx_word' id='word_1_80' title='bbox 849 643 879 671; x_wconf 86' lang='lat' dir='ltr'>et</span> <span class='ocrx_word' id='word_1_81' title='bbox 904 638 1035 670; x_wconf 85' lang='lat' dir='ltr'>liberam</span> 
     </span>
     <span class='ocr_line' id='line_1_15' title="bbox 297 691 744 725; baseline 0 -1"><span class='ocrx_word' id='word_1_82' title='bbox 297 702 365 724; x_wconf 87' lang='lat' dir='ltr'>csse</span> <span class='ocrx_word' id='word_1_83' title='bbox 389 697 419 724; x_wconf 86' lang='lat' dir='ltr'>et</span> <span class='ocrx_word' id='word_1_84' title='bbox 443 692 509 725; x_wconf 87' lang='lat' dir='ltr'>sore</span> <span class='ocrx_word' id='word_1_85' title='bbox 533 691 744 724; x_wconf 72' lang='lat' dir='ltr'>decernimus</span> 
     </span>
    </p>

    <p class='ocr_par' dir='ltr' id='par_1_8' title="bbox 284 745 1037 1751">
     <span class='ocr_line' id='line_1_16' title="bbox 340 745 1034 789; baseline -0.001 -11"><span class='ocrx_word' id='word_1_86' title='bbox 340 746 355 789; x_wconf 62' lang='grc' dir='ltr'>ξ</span> <span class='ocrx_word' id='word_1_87' title='bbox 386 745 414 778; x_wconf 73' lang='lat'>⁶2.</span> <span class='ocrx_word' id='word_1_88' title='bbox 448 746 575 779; x_wconf 82' lang='lat' dir='ltr'>Necnon</span> <span class='ocrx_word' id='word_1_89' title='bbox 609 746 750 778; x_wconf 89' lang='lat' dir='ltr'>camdem</span> <span class='ocrx_word' id='word_1_90' title='bbox 783 746 1034 789; x_wconf 85' lang='lat' dir='ltr'>praeceptoriam</span> 
     </span>
     <span class='ocr_line' id='line_1_17' title="bbox 284 798 1032 842; baseline 0.001 -12"><span class='ocrx_word' id='word_1_91' title='bbox 284 809 351 831; x_wconf 67' lang='lat' dir='ltr'>seu</span> <span class='ocrx_word' id='word_1_92' title='bbox 383 798 601 831; x_wconf 79' lang='lat' dir='ltr'>commendam</span> <span class='ocrx_word' id='word_1_93' title='bbox 625 799 656 831; x_wconf 90' lang='lat' dir='ltr'>in</span> <span class='ocrx_word' id='word_1_94' title='bbox 681 799 884 833; x_wconf 84' lang='lat' dir='ltr'>baiulivatum</span> <span class='ocrx_word' id='word_1_95' title='bbox 917 809 1032 842; x_wconf 85' lang='lat' dir='ltr'>perpe-</span> 
     </span>
     <span class='ocr_line' id='line_1_18' title="bbox 296 851 1034 896; baseline 0.001 -13"><span class='ocrx_word' id='word_1_96' title='bbox 296 855 384 884; x_wconf 89' lang='lat' dir='ltr'>tuum</span> <span class='ocrx_word' id='word_1_97' title='bbox 414 851 589 894; x_wconf 84' lang='lat' dir='ltr'>prioratum</span> <span class='ocrx_word' id='word_1_98' title='bbox 619 852 866 896; x_wconf 87' lang='lat' dir='ltr'>nuncupandum</span> <span class='ocrx_word' id='word_1_99' title='bbox 895 852 1034 884; x_wconf 90' lang='lat' dir='ltr'>eiusdem</span> 
     </span>
     <span class='ocr_line' id='line_1_19' title="bbox 295 904 1035 948; baseline 0.004 -12"><span class='ocrx_word' id='word_1_100' title='bbox 295 904 468 948; x_wconf 87' lang='lat' dir='ltr'>hospitalis,</span> <span class='ocrx_word' id='word_1_101' title='bbox 486 916 528 938; x_wconf 84' lang='lat' dir='ltr'>-ac</span> <span class='ocrx_word' id='word_1_102' title='bbox 552 905 686 938; x_wconf 85' lang='lat' dir='ltr'>nationis</span> <span class='ocrx_word' id='word_1_103' title='bbox 704 911 734 938; x_wconf 83' lang='lat' dir='ltr'>et</span> <span class='ocrx_word' id='word_1_104' title='bbox 755 906 893 948; x_wconf 75' lang='lat' dir='ltr'>Linguae</span> <span class='ocrx_word' id='word_1_105' title='bbox 919 906 1035 946; x_wconf 87' lang='lat' dir='ltr'>Italiac,</span> 
     </span>
     <span class='ocr_line' id='line_1_20' title="bbox 295 958 1035 1002; baseline 0.001 -12"><span class='ocrx_word' id='word_1_106' title='bbox 295 958 383 990; x_wconf 88' lang='lat' dir='ltr'>euius</span> <span class='ocrx_word' id='word_1_107' title='bbox 407 958 581 1002; x_wconf 83' lang='lat' dir='ltr'>dispositio,</span> <span class='ocrx_word' id='word_1_108' title='bbox 599 961 728 1002; x_wconf 78' lang='lat' dir='ltr'>excepta</span> <span class='ocrx_word' id='word_1_109' title='bbox 753 959 810 992; x_wconf 82' lang='lat' dir='ltr'>liae</span> <span class='ocrx_word' id='word_1_110' title='bbox 836 959 939 1002; x_wconf 75' lang='lat' dir='ltr'>prima</span> <span class='ocrx_word' id='word_1_111' title='bbox 959 959 1035 999; x_wconf 89' lang='lat' dir='ltr'>vice,</span> 
     </span>
     <span class='ocr_line' id='line_1_21' title="bbox 294 1011 1037 1055; baseline 0.001 -11"><span class='ocrx_word' id='word_1_112' title='bbox 294 1011 333 1044; x_wconf 91' lang='lat' dir='ltr'>ad</span> <span class='ocrx_word' id='word_1_113' title='bbox 353 1011 506 1055; x_wconf 77' lang='lat' dir='ltr'>Linguam</span> <span class='ocrx_word' id='word_1_114' title='bbox 532 1018 562 1045; x_wconf 86' lang='lat' dir='ltr'>et</span> <span class='ocrx_word' id='word_1_115' title='bbox 585 1012 744 1045; x_wconf 87' lang='lat' dir='ltr'>nationem</span> <span class='ocrx_word' id='word_1_116' title='bbox 770 1013 906 1045; x_wconf 73' lang='lat' dir='ltr'>italicam</span> <span class='ocrx_word' id='word_1_117' title='bbox 932 1013 1037 1046; x_wconf 78' lang='lat' dir='ltr'>liuius-</span> 
     </span>
     <span class='ocr_line' id='line_1_22' title="bbox 295 1065 1037 1110; baseline 0.003 -13"><span class='ocrx_word' id='word_1_118' title='bbox 295 1065 380 1098; x_wconf 88' lang='lat' dir='ltr'>modi</span> <span class='ocrx_word' id='word_1_119' title='bbox 404 1071 557 1109; x_wconf 89' lang='lat' dir='ltr'>perpetuo</span> <span class='ocrx_word' id='word_1_120' title='bbox 581 1066 737 1110; x_wconf 72' lang='lat' dir='ltr'>pertineat</span> <span class='ocrx_word' id='word_1_121' title='bbox 751 1065 770 1107; x_wconf 81' lang='lat'>¹,</span> <span class='ocrx_word' id='word_1_122' title='bbox 791 1066 829 1098; x_wconf 89' lang='lat' dir='ltr'>ad</span> <span class='ocrx_word' id='word_1_123' title='bbox 851 1066 947 1098; x_wconf 86' lang='lat' dir='ltr'>instar</span> <span class='ocrx_word' id='word_1_124' title='bbox 964 1066 1037 1099; x_wconf 89' lang='lat' dir='ltr'>alio-</span> 
     </span>
     <span class='ocr_line' id='line_1_23' title="bbox 294 1120 1036 1164; baseline 0 -12"><span class='ocrx_word' id='word_1_125' title='bbox 294 1131 365 1152; x_wconf 89' lang='lat' dir='ltr'>rum</span> <span class='ocrx_word' id='word_1_126' title='bbox 383 1120 456 1153; x_wconf 87' lang='lat' dir='ltr'>dicti</span> <span class='ocrx_word' id='word_1_127' title='bbox 470 1120 633 1164; x_wconf 87' lang='lat' dir='ltr'>hospitalis</span> <span class='ocrx_word' id='word_1_128' title='bbox 649 1120 885 1161; x_wconf 87' lang='lat' dir='ltr'>baiulivatuum,</span> <span class='ocrx_word' id='word_1_129' title='bbox 900 1131 957 1163; x_wconf 93' lang='lat' dir='ltr'>pro</span> <span class='ocrx_word' id='word_1_130' title='bbox 972 1130 1036 1153; x_wconf 92' lang='lat' dir='ltr'>uno</span> 
     </span>
     <span class='ocr_line' id='line_1_24' title="bbox 295 1173 1035 1217; baseline -0.001 -11"><span class='ocrx_word' id='word_1_131' title='bbox 295 1173 434 1206; x_wconf 87' lang='lat' dir='ltr'>ciusdem</span> <span class='ocrx_word' id='word_1_132' title='bbox 467 1174 629 1217; x_wconf 85' lang='lat' dir='ltr'>hospitalis</span> <span class='ocrx_word' id='word_1_133' title='bbox 658 1174 754 1206; x_wconf 84' lang='lat' dir='ltr'>fratre</span> <span class='ocrx_word' id='word_1_134' title='bbox 780 1173 879 1206; x_wconf 89' lang='lat' dir='ltr'>milite</span> <span class='ocrx_word' id='word_1_135' title='bbox 903 1184 1035 1216; x_wconf 81' lang='lat' dir='ltr'>magnae</span> 
     </span>
     <span class='ocr_line' id='line_1_25' title="bbox 295 1227 1036 1271; baseline -0.001 -11"><span class='ocrx_word' id='word_1_136' title='bbox 295 1228 398 1260; x_wconf 83' lang='lat' dir='ltr'>crucis</span> <span class='ocrx_word' id='word_1_137' title='bbox 417 1228 523 1261; x_wconf 80' lang='lat' dir='ltr'>futuro</span> <span class='ocrx_word' id='word_1_138' title='bbox 544 1228 626 1260; x_wconf 87' lang='lat' dir='ltr'>illius</span> <span class='ocrx_word' id='word_1_139' title='bbox 643 1227 780 1260; x_wconf 81' lang='lat' dir='ltr'>baiulivo</span> <span class='ocrx_word' id='word_1_140' title='bbox 796 1228 902 1271; x_wconf 89' lang='lat' dir='ltr'>priore</span> <span class='ocrx_word' id='word_1_141' title='bbox 920 1238 1036 1260; x_wconf 88' lang='lat' dir='ltr'>nuncu-</span> 
     </span>
     <span class='ocr_line' id='line_1_26' title="bbox 296 1280 1034 1324; baseline 0 -12"><span class='ocrx_word' id='word_1_142' title='bbox 296 1281 416 1324; x_wconf 86' lang='lat' dir='ltr'>pando,</span> <span class='ocrx_word' id='word_1_143' title='bbox 452 1280 585 1313; x_wconf 86' lang='lat' dir='ltr'>nationis</span> <span class='ocrx_word' id='word_1_144' title='bbox 615 1285 644 1313; x_wconf 87' lang='lat' dir='ltr'>et</span> <span class='ocrx_word' id='word_1_145' title='bbox 669 1280 807 1323; x_wconf 75' lang='lat' dir='ltr'>Linguae</span> <span class='ocrx_word' id='word_1_146' title='bbox 837 1280 1034 1321; x_wconf 81' lang='lat' dir='ltr'>huiusmodi,</span> 
     </span>
     <span class='ocr_line' id='line_1_27' title="bbox 295 1333 1035 1376; baseline 0 -11"><span class='ocrx_word' id='word_1_147' title='bbox 295 1333 348 1376; x_wconf 85' lang='lat' dir='ltr'>qui</span> <span class='ocrx_word' id='word_1_148' title='bbox 373 1333 410 1365; x_wconf 87' lang='lat' dir='ltr'>ad</span> <span class='ocrx_word' id='word_1_149' title='bbox 435 1333 582 1365; x_wconf 89' lang='lat' dir='ltr'>eumdem</span> <span class='ocrx_word' id='word_1_150' title='bbox 608 1333 823 1373; x_wconf 85' lang='lat' dir='ltr'>baiulivatum,</span> <span class='ocrx_word' id='word_1_151' title='bbox 841 1333 924 1366; x_wconf 89' lang='lat' dir='ltr'>illius</span> <span class='ocrx_word' id='word_1_152' title='bbox 945 1343 1035 1365; x_wconf 83' lang='lat' dir='ltr'>vaca-</span> 
     </span>
     <span class='ocr_line' id='line_1_28' title="bbox 295 1386 1035 1430; baseline 0 -12"><span class='ocrx_word' id='word_1_153' title='bbox 295 1386 377 1419; x_wconf 89' lang='lat' dir='ltr'>tione</span> <span class='ocrx_word' id='word_1_154' title='bbox 402 1386 474 1429; x_wconf 86' lang='lat' dir='ltr'>(hac</span> <span class='ocrx_word' id='word_1_155' title='bbox 499 1386 604 1430; x_wconf 78' lang='lat' dir='ltr'>prima</span> <span class='ocrx_word' id='word_1_156' title='bbox 626 1386 702 1426; x_wconf 86' lang='lat' dir='ltr'>viee,</span> <span class='ocrx_word' id='word_1_157' title='bbox 719 1391 754 1418; x_wconf 89' lang='lat' dir='ltr'>ut</span> <span class='ocrx_word' id='word_1_158' title='bbox 774 1386 962 1430; x_wconf 80' lang='lat' dir='ltr'>praefertur,</span> <span class='ocrx_word' id='word_1_159' title='bbox 983 1397 1035 1419; x_wconf 78' lang='lat' dir='ltr'>ex-</span> 
     </span>
     <span class='ocr_line' id='line_1_29' title="bbox 295 1440 1036 1484; baseline 0 -11"><span class='ocrx_word' id='word_1_160' title='bbox 295 1441 405 1484; x_wconf 80' lang='lat' dir='ltr'>cepta)</span> <span class='ocrx_word' id='word_1_161' title='bbox 430 1440 606 1481; x_wconf 77' lang='lat' dir='ltr'>eveniente,</span> <span class='ocrx_word' id='word_1_162' title='bbox 633 1442 756 1473; x_wconf 75' lang='lat' dir='ltr'>servata</span> <span class='ocrx_word' id='word_1_163' title='bbox 781 1441 883 1473; x_wconf 73' lang='lat' dir='ltr'>forma</span> <span class='ocrx_word' id='word_1_164' title='bbox 908 1445 1036 1473; x_wconf 90' lang='lat' dir='ltr'>statuto-</span> 
     </span>
     <span class='ocr_line' id='line_1_30' title="bbox 295 1493 1035 1537; baseline -0.001 -11"><span class='ocrx_word' id='word_1_165' title='bbox 295 1504 365 1526; x_wconf 87' lang='lat' dir='ltr'>rum</span> <span class='ocrx_word' id='word_1_166' title='bbox 390 1493 554 1537; x_wconf 83' lang='lat' dir='ltr'>hospitalis</span> <span class='ocrx_word' id='word_1_167' title='bbox 570 1498 600 1526; x_wconf 88' lang='lat' dir='ltr'>et</span> <span class='ocrx_word' id='word_1_168' title='bbox 618 1493 649 1526; x_wconf 90' lang='lat' dir='ltr'>in</span> <span class='ocrx_word' id='word_1_169' title='bbox 670 1493 800 1537; x_wconf 88' lang='lat' dir='ltr'>reliquis</span> <span class='ocrx_word' id='word_1_170' title='bbox 824 1493 961 1536; x_wconf 77' lang='lat' dir='ltr'>Linguae</span> <span class='ocrx_word' id='word_1_171' title='bbox 980 1493 1035 1525; x_wconf 81' lang='lat' dir='ltr'>liu-</span> 
     </span>
     <span class='ocr_line' id='line_1_31' title="bbox 295 1546 1035 1590; baseline 0.001 -12"><span class='ocrx_word' id='word_1_172' title='bbox 295 1546 428 1579; x_wconf 88' lang='lat' dir='ltr'>iusmodi</span> <span class='ocrx_word' id='word_1_173' title='bbox 454 1547 627 1590; x_wconf 79' lang='lat' dir='ltr'>apostolica</span> <span class='ocrx_word' id='word_1_174' title='bbox 657 1547 842 1580; x_wconf 85' lang='lat' dir='ltr'>auctoritate</span> <span class='ocrx_word' id='word_1_175' title='bbox 870 1547 1035 1580; x_wconf 86' lang='lat' dir='ltr'>confirma-</span> 
     </span>
     <span class='ocr_line' id='line_1_32' title="bbox 296 1600 1035 1644; baseline -0.001 -11"><span class='ocrx_word' id='word_1_176' title='bbox 296 1605 398 1633; x_wconf 88' lang='lat' dir='ltr'>torum</span> <span class='ocrx_word' id='word_1_177' title='bbox 431 1601 548 1634; x_wconf 81' lang='lat' dir='ltr'>assumi</span> <span class='ocrx_word' id='word_1_178' title='bbox 579 1600 708 1640; x_wconf 86' lang='lat' dir='ltr'>debeat,</span> <span class='ocrx_word' id='word_1_179' title='bbox 734 1600 903 1644; x_wconf 81' lang='lat' dir='ltr'>omniaque</span> <span class='ocrx_word' id='word_1_180' title='bbox 936 1600 1035 1644; x_wconf 87' lang='lat' dir='ltr'>ipsius</span> 
     </span>
     <span class='ocr_line' id='line_1_33' title="bbox 295 1653 1035 1698; baseline -0.003 -11"><span class='ocrx_word' id='word_1_181' title='bbox 295 1654 456 1698; x_wconf 85' lang='lat' dir='ltr'>hospitalis</span> <span class='ocrx_word' id='word_1_182' title='bbox 481 1654 633 1687; x_wconf 82' lang='lat' dir='ltr'>fratribus</span> <span class='ocrx_word' id='word_1_183' title='bbox 653 1654 806 1687; x_wconf 84' lang='lat' dir='ltr'>militibus</span> <span class='ocrx_word' id='word_1_184' title='bbox 831 1665 865 1686; x_wconf 87' lang='lat' dir='ltr'>ac</span> <span class='ocrx_word' id='word_1_185' title='bbox 890 1653 1035 1686; x_wconf 85' lang='lat' dir='ltr'>baiulivis</span> 
     </span>
     <span class='ocr_line' id='line_1_34' title="bbox 295 1707 1035 1751; baseline -0.001 -11"><span class='ocrx_word' id='word_1_186' title='bbox 295 1707 508 1742; x_wconf 82' lang='lat' dir='ltr'>incumbentia</span> <span class='ocrx_word' id='word_1_187' title='bbox 531 1718 628 1741; x_wconf 89' lang='lat' dir='ltr'>onera</span> <span class='ocrx_word' id='word_1_188' title='bbox 645 1708 752 1741; x_wconf 87' lang='lat' dir='ltr'>subire</span> <span class='ocrx_word' id='word_1_189' title='bbox 770 1713 923 1747; x_wconf 83' lang='lat' dir='ltr'>teneatur,</span> <span class='ocrx_word' id='word_1_190' title='bbox 941 1713 1035 1751; x_wconf 88' lang='lat' dir='ltr'>atque</span> 
     </span>
    </p>
   </div>
   <div class='ocr_carea' id='block_1_8' title="bbox 161 1761 1037 1858">
    <p class='ocr_par' dir='ltr' id='par_1_9' title="bbox 161 1761 1037 1858">
     <span class='ocr_line' id='line_1_35' title="bbox 203 1761 1036 1806; baseline -0.001 -12"><span class='ocrx_word' id='word_1_191' title='bbox 203 1775 279 1806; x_wconf 53' lang='lat' dir='ltr'>{unu-s</span> <span class='ocrx_word' id='word_1_192' title='bbox 295 1761 442 1795; x_wconf 88' lang='lat' dir='ltr'>omnibus</span> <span class='ocrx_word' id='word_1_193' title='bbox 466 1767 497 1794; x_wconf 90' lang='lat' dir='ltr'>et</span> <span class='ocrx_word' id='word_1_194' title='bbox 521 1761 653 1804; x_wconf 87' lang='lat' dir='ltr'>singulis</span> <span class='ocrx_word' id='word_1_195' title='bbox 676 1761 864 1805; x_wconf 81' lang='lat' dir='ltr'>privilegiis,</span> <span class='ocrx_word' id='word_1_196' title='bbox 887 1761 1036 1794; x_wconf 80' lang='lat' dir='ltr'>libertati-</span> 
     </span>
     <span class='ocr_line' id='line_1_36' title="bbox 161 1804 1037 1858; baseline 0 -11"><span class='ocrx_word' id='word_1_197' title='bbox 161 1804 269 1847; x_wconf 47' lang='lat' dir='ltr'>nx‘ss&#39;f&#39;mss</span> <span class='ocrx_word' id='word_1_198' title='bbox 295 1815 364 1856; x_wconf 90' lang='lat' dir='ltr'>bus,</span> <span class='ocrx_word' id='word_1_199' title='bbox 389 1815 649 1855; x_wconf 87' lang='lat' dir='ltr'>immunitatibus,</span> <span class='ocrx_word' id='word_1_200' title='bbox 670 1815 933 1858; x_wconf 76' lang='lat' dir='ltr'>exemptionibus,</span> <span class='ocrx_word' id='word_1_201' title='bbox 950 1826 1037 1858; x_wconf 85' lang='lat' dir='ltr'>prae-</span> 
     </span>
    </p>
   </div>
   <div class='ocr_carea' id='block_1_9' title="bbox 293 1869 1037 2610">
    <p class='ocr_par' dir='ltr' id='par_1_10' title="bbox 293 1869 1037 2610">
     <span class='ocr_line' id='line_1_37' title="bbox 296 1869 1036 1912; baseline 0.001 -11"><span class='ocrx_word' id='word_1_202' title='bbox 296 1869 455 1912; x_wconf 85' lang='lat' dir='ltr'>rogativis,</span> <span class='ocrx_word' id='word_1_203' title='bbox 473 1869 725 1910; x_wconf 87' lang='lat' dir='ltr'>antelationibus,</span> <span class='ocrx_word' id='word_1_204' title='bbox 750 1869 918 1909; x_wconf 75' lang='lat' dir='ltr'>favoribus,</span> <span class='ocrx_word' id='word_1_205' title='bbox 939 1869 1036 1902; x_wconf 88' lang='lat' dir='ltr'>hono-</span> 
     </span>
     <span class='ocr_line' id='line_1_38' title="bbox 295 1911 1037 1966; baseline 0 -11"><span class='ocrx_word' id='word_1_206' title='bbox 295 1911 383 1955; x_wconf 81' lang='lat' dir='ltr'>ribus</span> <span class='ocrx_word' id='word_1_207' title='bbox 407 1928 437 1955; x_wconf 90' lang='lat' dir='ltr'>et</span> <span class='ocrx_word' id='word_1_208' title='bbox 461 1922 613 1966; x_wconf 85' lang='lat' dir='ltr'>insigniis,</span> <span class='ocrx_word' id='word_1_209' title='bbox 639 1933 760 1956; x_wconf 82' lang='lat' dir='ltr'>necnon</span> <span class='ocrx_word' id='word_1_210' title='bbox 785 1929 857 1956; x_wconf 86' lang='lat' dir='ltr'>voto</span> <span class='ocrx_word' id='word_1_211' title='bbox 882 1922 982 1956; x_wconf 88' lang='lat' dir='ltr'>activo</span> <span class='ocrx_word' id='word_1_212' title='bbox 1007 1926 1037 1956; x_wconf 93' lang='lat' dir='ltr'>et</span> 
     </span>
     <span class='ocr_line' id='line_1_39' title="bbox 294 1976 1035 2021; baseline 0 -12"><span class='ocrx_word' id='word_1_213' title='bbox 294 1977 429 2020; x_wconf 81' lang='lat' dir='ltr'>passivo,</span> <span class='ocrx_word' id='word_1_214' title='bbox 447 1976 596 2017; x_wconf 77' lang='lat' dir='ltr'>sessione,</span> <span class='ocrx_word' id='word_1_215' title='bbox 610 1977 699 2009; x_wconf 88' lang='lat' dir='ltr'>stallo</span> <span class='ocrx_word' id='word_1_216' title='bbox 717 1981 747 2010; x_wconf 86' lang='lat' dir='ltr'>et</span> <span class='ocrx_word' id='word_1_217' title='bbox 760 1976 1035 2021; x_wconf 87' lang='lat' dir='ltr'>praeecminentiis</span> 
     </span>
     <span class='ocr_line' id='line_1_40' title="bbox 295 2029 1036 2073; baseline 0 -11"><span class='ocrx_word' id='word_1_218' title='bbox 295 2029 325 2061; x_wconf 92' lang='lat' dir='ltr'>in</span> <span class='ocrx_word' id='word_1_219' title='bbox 350 2030 603 2073; x_wconf 87' lang='lat' dir='ltr'>quibuscumque</span> <span class='ocrx_word' id='word_1_220' title='bbox 628 2029 724 2073; x_wconf 90' lang='lat' dir='ltr'>ipsius</span> <span class='ocrx_word' id='word_1_221' title='bbox 754 2029 916 2073; x_wconf 85' lang='lat' dir='ltr'>hospitalis</span> <span class='ocrx_word' id='word_1_222' title='bbox 941 2029 1036 2062; x_wconf 87' lang='lat' dir='ltr'>tribu-</span> 
     </span>
     <span class='ocr_line' id='line_1_41' title="bbox 294 2083 1036 2127; baseline 0.001 -12"><span class='ocrx_word' id='word_1_223' title='bbox 294 2083 427 2125; x_wconf 85' lang='lat' dir='ltr'>nalibus,</span> <span class='ocrx_word' id='word_1_224' title='bbox 448 2094 570 2116; x_wconf 85' lang='lat' dir='ltr'>necnon</span> <span class='ocrx_word' id='word_1_225' title='bbox 594 2083 830 2127; x_wconf 77' lang='lat' dir='ltr'>capitularibus,</span> <span class='ocrx_word' id='word_1_226' title='bbox 852 2094 887 2116; x_wconf 85' lang='lat' dir='ltr'>ae</span> <span class='ocrx_word' id='word_1_227' title='bbox 907 2094 1036 2126; x_wconf 81' lang='lat' dir='ltr'>genera-</span> 
     </span>
     <span class='ocr_line' id='line_1_42' title="bbox 295 2136 1035 2180; baseline 0 -12"><span class='ocrx_word' id='word_1_228' title='bbox 295 2136 386 2177; x_wconf 87' lang='lat' dir='ltr'>libus,</span> <span class='ocrx_word' id='word_1_229' title='bbox 403 2136 727 2180; x_wconf 79' lang='lat' dir='ltr'>particularibusque,</span> <span class='ocrx_word' id='word_1_230' title='bbox 745 2142 775 2169; x_wconf 83' lang='lat' dir='ltr'>et</span> <span class='ocrx_word' id='word_1_231' title='bbox 790 2136 1035 2180; x_wconf 86' lang='lat' dir='ltr'>provincialibus</span> 
     </span>
     <span class='ocr_line' id='line_1_43' title="bbox 294 2190 1036 2234; baseline 0 -12"><span class='ocrx_word' id='word_1_232' title='bbox 294 2190 510 2231; x_wconf 87' lang='lat' dir='ltr'>conventibus,</span> <span class='ocrx_word' id='word_1_233' title='bbox 528 2190 681 2234; x_wconf 86' lang='lat' dir='ltr'>capitulis⁷</span> <span class='ocrx_word' id='word_1_234' title='bbox 707 2190 856 2230; x_wconf 87' lang='lat' dir='ltr'>consiliis,</span> <span class='ocrx_word' id='word_1_235' title='bbox 873 2195 936 2222; x_wconf 87' lang='lat' dir='ltr'>tam</span> <span class='ocrx_word' id='word_1_236' title='bbox 955 2190 1036 2223; x_wconf 86' lang='lat' dir='ltr'>ordi-</span> 
     </span>
     <span class='ocr_line' id='line_1_44' title="bbox 294 2243 1036 2287; baseline 0.003 -12"><span class='ocrx_word' id='word_1_237' title='bbox 294 2243 389 2277; x_wconf 79' lang='lat' dir='ltr'>nariis</span> <span class='ocrx_word' id='word_1_238' title='bbox 414 2255 508 2287; x_wconf 87' lang='lat' dir='ltr'>quam</span> <span class='ocrx_word' id='word_1_239' title='bbox 533 2244 707 2287; x_wconf 87' lang='lat' dir='ltr'>eompletis,</span> <span class='ocrx_word' id='word_1_240' title='bbox 725 2244 937 2285; x_wconf 76' lang='lat' dir='ltr'>assemblaeis,</span> <span class='ocrx_word' id='word_1_241' title='bbox 955 2255 1036 2277; x_wconf 85' lang='lat' dir='ltr'>scar-</span> 
     </span>
     <span class='ocr_line' id='line_1_45' title="bbox 293 2298 1033 2342; baseline 0.003 -13"><span class='ocrx_word' id='word_1_242' title='bbox 293 2298 363 2338; x_wconf 72' lang='lat' dir='ltr'>«liis,</span> <span class='ocrx_word' id='word_1_243' title='bbox 388 2299 517 2342; x_wconf 83' lang='lat' dir='ltr'>aliisque</span> <span class='ocrx_word' id='word_1_244' title='bbox 541 2299 793 2342; x_wconf 88' lang='lat' dir='ltr'>quibuscumque</span> <span class='ocrx_word' id='word_1_245' title='bbox 818 2299 949 2339; x_wconf 86' lang='lat' dir='ltr'>actibus,</span> <span class='ocrx_word' id='word_1_246' title='bbox 972 2303 1033 2332; x_wconf 92' lang='lat' dir='ltr'>tam</span> 
     </span>
     <span class='ocr_line' id='line_1_46' title="bbox 294 2351 1034 2395; baseline 0.001 -12"><span class='ocrx_word' id='word_1_247' title='bbox 294 2351 427 2394; x_wconf 83' lang='lat' dir='ltr'>publicis</span> <span class='ocrx_word' id='word_1_248' title='bbox 452 2362 544 2395; x_wconf 88' lang='lat' dir='ltr'>quam</span> <span class='ocrx_word' id='word_1_249' title='bbox 571 2352 712 2395; x_wconf 86' lang='lat' dir='ltr'>privatis,</span> <span class='ocrx_word' id='word_1_250' title='bbox 730 2363 766 2385; x_wconf 86' lang='lat' dir='ltr'>ac</span> <span class='ocrx_word' id='word_1_251' title='bbox 790 2352 917 2384; x_wconf 89' lang='lat' dir='ltr'>demum</span> <span class='ocrx_word' id='word_1_252' title='bbox 933 2352 1034 2385; x_wconf 91' lang='lat' dir='ltr'>omni-</span> 
     </span>
     <span class='ocr_line' id='line_1_47' title="bbox 293 2405 1035 2449; baseline 0.003 -13"><span class='ocrx_word' id='word_1_253' title='bbox 293 2405 352 2438; x_wconf 87' lang='lat' dir='ltr'>bus</span> <span class='ocrx_word' id='word_1_254' title='bbox 371 2409 402 2437; x_wconf 89' lang='lat' dir='ltr'>et</span> <span class='ocrx_word' id='word_1_255' title='bbox 427 2405 558 2447; x_wconf 84' lang='lat' dir='ltr'>singulis</span> <span class='ocrx_word' id='word_1_256' title='bbox 580 2406 648 2438; x_wconf 83' lang='lat' dir='ltr'>aliis</span> <span class='ocrx_word' id='word_1_257' title='bbox 666 2406 786 2448; x_wconf 80' lang='lat' dir='ltr'>gratiis,</span> <span class='ocrx_word' id='word_1_258' title='bbox 804 2412 867 2438; x_wconf 89' lang='lat' dir='ltr'>tam</span> <span class='ocrx_word' id='word_1_259' title='bbox 892 2406 1035 2449; x_wconf 89' lang='lat' dir='ltr'>spiritua-</span> 
     </span>
     <span class='ocr_line' id='line_1_48' title="bbox 295 2458 1035 2502; baseline 0.003 -13"><span class='ocrx_word' id='word_1_260' title='bbox 295 2458 374 2490; x_wconf 88' lang='lat' dir='ltr'>libus</span> <span class='ocrx_word' id='word_1_261' title='bbox 392 2468 485 2501; x_wconf 86' lang='lat' dir='ltr'>quam</span> <span class='ocrx_word' id='word_1_262' title='bbox 509 2459 747 2502; x_wconf 79' lang='lat' dir='ltr'>temporalibus,</span> <span class='ocrx_word' id='word_1_263' title='bbox 765 2459 879 2502; x_wconf 86' lang='lat' dir='ltr'>quibus</span> <span class='ocrx_word' id='word_1_264' title='bbox 897 2459 947 2491; x_wconf 90' lang='lat' dir='ltr'>alii</span> <span class='ocrx_word' id='word_1_265' title='bbox 966 2459 1035 2492; x_wconf 81' lang='lat' dir='ltr'>lios—</span> 
     </span>
     <span class='ocr_line' id='line_1_49' title="bbox 293 2511 1035 2554; baseline 0 -11"><span class='ocrx_word' id='word_1_266' title='bbox 293 2511 396 2554; x_wconf 84' lang='lat' dir='ltr'>pitalis</span> <span class='ocrx_word' id='word_1_267' title='bbox 410 2516 440 2544; x_wconf 85' lang='lat' dir='ltr'>et</span> <span class='ocrx_word' id='word_1_268' title='bbox 452 2511 588 2554; x_wconf 81' lang='lat' dir='ltr'>Linguae</span> <span class='ocrx_word' id='word_1_269' title='bbox 602 2512 783 2545; x_wconf 88' lang='lat' dir='ltr'>huiusmodi</span> <span class='ocrx_word' id='word_1_270' title='bbox 797 2514 908 2545; x_wconf 75' lang='lat' dir='ltr'>fratres</span> <span class='ocrx_word' id='word_1_271' title='bbox 921 2512 1035 2545; x_wconf 80' lang='lat' dir='ltr'>milites</span> 
     </span>
     <span class='ocr_line' id='line_1_50' title="bbox 294 2565 1034 2610; baseline 0.001 -13"><span class='ocrx_word' id='word_1_272' title='bbox 294 2565 422 2597; x_wconf 84' lang='lat' dir='ltr'>baiulivi</span> <span class='ocrx_word' id='word_1_273' title='bbox 448 2565 570 2608; x_wconf 84' lang='lat' dir='ltr'>priores</span> <span class='ocrx_word' id='word_1_274' title='bbox 595 2567 765 2610; x_wconf 86' lang='lat' dir='ltr'>nuncupati</span> <span class='ocrx_word' id='word_1_275' title='bbox 791 2566 829 2599; x_wconf 86' lang='lat' dir='ltr'>de</span> <span class='ocrx_word' id='word_1_276' title='bbox 854 2566 939 2607; x_wconf 87' lang='lat' dir='ltr'>iure,</span> <span class='ocrx_word' id='word_1_277' title='bbox 965 2577 1034 2606; x_wconf 88' lang='lat' dir='ltr'>usu,</span> 
     </span>
    </p>
   </div>
   <div class='ocr_carea' id='block_1_10' title="bbox 1068 529 1813 1322">
    <p class='ocr_par' dir='ltr' id='par_1_11' title="bbox 1068 529 1813 1322">
     <span class='ocr_line' id='line_1_51' title="bbox 1070 529 1809 575; baseline 0.001 -14"><span class='ocrx_word' id='word_1_278' title='bbox 1070 529 1173 573; x_wconf 83' lang='lat' dir='ltr'>quoad</span> <span class='ocrx_word' id='word_1_279' title='bbox 1207 530 1441 571; x_wconf 78' lang='lat' dir='ltr'>antianitatcm,</span> <span class='ocrx_word' id='word_1_280' title='bbox 1470 536 1500 563; x_wconf 77' lang='lat' dir='ltr'>et</span> <span class='ocrx_word' id='word_1_281' title='bbox 1531 531 1809 575; x_wconf 74' lang='lat' dir='ltr'>consequutioncm</span> 
     </span>
     <span class='ocr_line' id='line_1_52' title="bbox 1070 583 1810 628; baseline 0.003 -13"><span class='ocrx_word' id='word_1_282' title='bbox 1070 583 1203 615; x_wconf 83' lang='lat' dir='ltr'>alioruin</span> <span class='ocrx_word' id='word_1_283' title='bbox 1229 583 1466 623; x_wconf 77' lang='lat' dir='ltr'>baiulivatuum,</span> <span class='ocrx_word' id='word_1_284' title='bbox 1492 585 1700 627; x_wconf 83' lang='lat' dir='ltr'>prioratuum,</span> <span class='ocrx_word' id='word_1_285' title='bbox 1719 595 1810 628; x_wconf 85' lang='lat' dir='ltr'>prae-</span> 
     </span>
     <span class='ocr_line' id='line_1_53' title="bbox 1071 637 1809 680; baseline 0 -11"><span class='ocrx_word' id='word_1_286' title='bbox 1071 637 1296 680; x_wconf 87' lang='lat' dir='ltr'>ceptoriarum,</span> <span class='ocrx_word' id='word_1_287' title='bbox 1323 637 1592 678; x_wconf 75' lang='lat' dir='ltr'>commendaram,</span> <span class='ocrx_word' id='word_1_288' title='bbox 1616 649 1651 670; x_wconf 85' lang='lat' dir='ltr'>ac</span> <span class='ocrx_word' id='word_1_289' title='bbox 1676 638 1809 671; x_wconf 88' lang='lat' dir='ltr'>aliorum</span> 
     </span>
     <span class='ocr_line' id='line_1_54' title="bbox 1070 691 1811 734; baseline 0.004 -13"><span class='ocrx_word' id='word_1_290' title='bbox 1070 701 1345 734; x_wconf 60' lang='lat' dir='ltr'>(piorui‘ncumqiie</span> <span class='ocrx_word' id='word_1_291' title='bbox 1368 691 1533 734; x_wconf 80' lang='lat' dir='ltr'>hospitalis</span> <span class='ocrx_word' id='word_1_292' title='bbox 1560 691 1739 724; x_wconf 78' lang='lat' dir='ltr'>huiusmodi</span> <span class='ocrx_word' id='word_1_293' title='bbox 1760 692 1811 724; x_wconf 71' lang='lat' dir='ltr'>lic-</span> 
     </span>
     <span class='ocr_line' id='line_1_55' title="bbox 1070 744 1810 787; baseline 0.001 -12"><span class='ocrx_word' id='word_1_294' title='bbox 1070 744 1267 785; x_wconf 59' lang='lat' dir='ltr'>ncliciorui‘n,</span> <span class='ocrx_word' id='word_1_295' title='bbox 1286 744 1463 777; x_wconf 81' lang='lat' dir='ltr'>officiorum</span> <span class='ocrx_word' id='word_1_296' title='bbox 1482 755 1517 777; x_wconf 85' lang='lat' dir='ltr'>ac</span> <span class='ocrx_word' id='word_1_297' title='bbox 1534 745 1731 787; x_wconf 79' lang='lat' dir='ltr'>dignitatum,</span> <span class='ocrx_word' id='word_1_298' title='bbox 1749 756 1810 777; x_wconf 89' lang='lat' dir='ltr'>non</span> 
     </span>
     <span class='ocr_line' id='line_1_56' title="bbox 1070 798 1811 841; baseline 0 -11"><span class='ocrx_word' id='word_1_299' title='bbox 1070 799 1172 830; x_wconf 86' lang='lat' dir='ltr'>solum</span> <span class='ocrx_word' id='word_1_300' title='bbox 1197 799 1235 831; x_wconf 89' lang='lat' dir='ltr'>ad</span> <span class='ocrx_word' id='word_1_301' title='bbox 1261 809 1371 832; x_wconf 87' lang='lat' dir='ltr'>eorum</span> <span class='ocrx_word' id='word_1_302' title='bbox 1397 798 1504 838; x_wconf 87' lang='lat' dir='ltr'>instar,</span> <span class='ocrx_word' id='word_1_303' title='bbox 1529 798 1583 831; x_wconf 89' lang='lat' dir='ltr'>sed</span> <span class='ocrx_word' id='word_1_304' title='bbox 1609 798 1702 831; x_wconf 87' lang='lat' dir='ltr'>etiam</span> <span class='ocrx_word' id='word_1_305' title='bbox 1728 798 1811 841; x_wconf 87' lang='lat' dir='ltr'>pari-</span> 
     </span>
     <span class='ocr_line' id='line_1_57' title="bbox 1069 851 1812 895; baseline -0.001 -12"><span class='ocrx_word' id='word_1_306' title='bbox 1069 851 1223 893; x_wconf 87' lang='lat' dir='ltr'>sormiter,</span> <span class='ocrx_word' id='word_1_307' title='bbox 1241 857 1270 885; x_wconf 86' lang='lat' dir='ltr'>et</span> <span class='ocrx_word' id='word_1_308' title='bbox 1290 862 1389 895; x_wconf 87' lang='lat' dir='ltr'>aeque</span> <span class='ocrx_word' id='word_1_309' title='bbox 1413 851 1640 895; x_wconf 83' lang='lat' dir='ltr'>principaliter,</span> <span class='ocrx_word' id='word_1_310' title='bbox 1663 851 1694 883; x_wconf 91' lang='lat' dir='ltr'>in</span> <span class='ocrx_word' id='word_1_311' title='bbox 1715 851 1812 884; x_wconf 89' lang='lat' dir='ltr'>omni-</span> 
     </span>
     <span class='ocr_line' id='line_1_58' title="bbox 1069 904 1813 948; baseline -0.001 -11"><span class='ocrx_word' id='word_1_312' title='bbox 1069 904 1127 937; x_wconf 84' lang='lat' dir='ltr'>bus</span> <span class='ocrx_word' id='word_1_313' title='bbox 1153 910 1182 937; x_wconf 90' lang='lat' dir='ltr'>et</span> <span class='ocrx_word' id='word_1_314' title='bbox 1207 915 1264 948; x_wconf 90' lang='lat' dir='ltr'>per</span> <span class='ocrx_word' id='word_1_315' title='bbox 1289 905 1411 946; x_wconf 86' lang='lat' dir='ltr'>onmia,</span> <span class='ocrx_word' id='word_1_316' title='bbox 1437 905 1554 948; x_wconf 87' lang='lat' dir='ltr'>absque</span> <span class='ocrx_word' id='word_1_317' title='bbox 1586 904 1650 937; x_wconf 75' lang='lat' dir='ltr'>ulla</span> <span class='ocrx_word' id='word_1_318' title='bbox 1681 915 1813 948; x_wconf 81' lang='lat' dir='ltr'>prorsus</span> 
     </span>
     <span class='ocr_line' id='line_1_59' title="bbox 1069 957 1813 1002; baseline -0.001 -12"><span class='ocrx_word' id='word_1_319' title='bbox 1069 957 1259 999; x_wconf 77' lang='lat' dir='ltr'>differentia,</span> <span class='ocrx_word' id='word_1_320' title='bbox 1278 958 1408 1002; x_wconf 88' lang='lat' dir='ltr'>perinde</span> <span class='ocrx_word' id='word_1_321' title='bbox 1432 968 1467 991; x_wconf 85' lang='lat' dir='ltr'>ae</span> <span class='ocrx_word' id='word_1_322' title='bbox 1492 958 1517 991; x_wconf 87' lang='lat' dir='ltr'>si</span> <span class='ocrx_word' id='word_1_323' title='bbox 1542 957 1730 991; x_wconf 89' lang='lat' dir='ltr'>baiulivatus</span> <span class='ocrx_word' id='word_1_324' title='bbox 1755 968 1813 1001; x_wconf 88' lang='lat' dir='ltr'>per</span> 
     </span>
     <span class='ocr_line' id='line_1_60' title="bbox 1069 1012 1812 1055; baseline 0 -11"><span class='ocrx_word' id='word_1_325' title='bbox 1069 1017 1249 1055; x_wconf 82' lang='lat' dir='ltr'>praesentes</span> <span class='ocrx_word' id='word_1_326' title='bbox 1267 1017 1391 1045; x_wconf 88' lang='lat' dir='ltr'>erectus</span> <span class='ocrx_word' id='word_1_327' title='bbox 1409 1017 1438 1046; x_wconf 89' lang='lat' dir='ltr'>et</span> <span class='ocrx_word' id='word_1_328' title='bbox 1455 1013 1614 1046; x_wconf 81' lang='lat' dir='ltr'>institutus</span> <span class='ocrx_word' id='word_1_329' title='bbox 1631 1012 1812 1045; x_wconf 84' lang='lat' dir='ltr'>huiusmodi</span> 
     </span>
     <span class='ocr_line' id='line_1_61' title="bbox 1069 1065 1813 1109; baseline -0.001 -12"><span class='ocrx_word' id='word_1_330' title='bbox 1069 1076 1086 1097; x_wconf 91' lang='lat' dir='ltr'>a</span> <span class='ocrx_word' id='word_1_331' title='bbox 1102 1065 1263 1109; x_wconf 75' lang='lat' dir='ltr'>primaeva</span> <span class='ocrx_word' id='word_1_332' title='bbox 1281 1065 1421 1098; x_wconf 88' lang='lat' dir='ltr'>eiusdem</span> <span class='ocrx_word' id='word_1_333' title='bbox 1441 1065 1605 1109; x_wconf 88' lang='lat' dir='ltr'>hospitalis</span> <span class='ocrx_word' id='word_1_334' title='bbox 1620 1065 1813 1099; x_wconf 86' lang='lat' dir='ltr'>institutione</span> 
     </span>
     <span class='ocr_line' id='line_1_62' title="bbox 1069 1118 1812 1163; baseline 0 -12"><span class='ocrx_word' id='word_1_335' title='bbox 1069 1124 1194 1152; x_wconf 86' lang='lat' dir='ltr'>erectus</span> <span class='ocrx_word' id='word_1_336' title='bbox 1219 1123 1248 1153; x_wconf 86' lang='lat' dir='ltr'>et</span> <span class='ocrx_word' id='word_1_337' title='bbox 1273 1119 1431 1152; x_wconf 88' lang='lat' dir='ltr'>institutus</span> <span class='ocrx_word' id='word_1_338' title='bbox 1456 1119 1575 1160; x_wconf 81' lang='lat' dir='ltr'>suisset,</span> <span class='ocrx_word' id='word_1_339' title='bbox 1591 1119 1646 1159; x_wconf 88' lang='lat' dir='ltr'>uti,</span> <span class='ocrx_word' id='word_1_340' title='bbox 1669 1118 1763 1163; x_wconf 87' lang='lat' dir='ltr'>potiri</span> <span class='ocrx_word' id='word_1_341' title='bbox 1784 1124 1812 1151; x_wconf 86' lang='lat' dir='ltr'>et</span> 
     </span>
     <span class='ocr_line' id='line_1_63' title="bbox 1069 1173 1813 1216; baseline 0.001 -12"><span class='ocrx_word' id='word_1_342' title='bbox 1069 1173 1207 1213; x_wconf 73' lang='lat' dir='ltr'>gaudere</span> <span class='ocrx_word' id='word_1_343' title='bbox 1221 1173 1322 1205; x_wconf 89' lang='lat' dir='ltr'>libere</span> <span class='ocrx_word' id='word_1_344' title='bbox 1336 1178 1365 1206; x_wconf 89' lang='lat' dir='ltr'>et</span> <span class='ocrx_word' id='word_1_345' title='bbox 1378 1173 1460 1207; x_wconf 90' lang='lat' dir='ltr'>licite</span> <span class='ocrx_word' id='word_1_346' title='bbox 1476 1174 1584 1213; x_wconf 83' lang='lat' dir='ltr'>valeat,</span> <span class='ocrx_word' id='word_1_347' title='bbox 1602 1178 1711 1206; x_wconf 89' lang='lat' dir='ltr'>tenore</span> <span class='ocrx_word' id='word_1_348' title='bbox 1726 1183 1813 1216; x_wconf 88' lang='lat' dir='ltr'>prae-</span> 
     </span>
     <span class='ocr_line' id='line_1_64' title="bbox 1070 1225 1812 1269; baseline 0 -12"><span class='ocrx_word' id='word_1_349' title='bbox 1070 1226 1223 1266; x_wconf 86' lang='lat' dir='ltr'>sentium,</span> <span class='ocrx_word' id='word_1_350' title='bbox 1251 1231 1421 1269; x_wconf 88' lang='lat' dir='ltr'>perpetuo,</span> <span class='ocrx_word' id='word_1_351' title='bbox 1451 1226 1516 1258; x_wconf 89' lang='lat' dir='ltr'>sine</span> <span class='ocrx_word' id='word_1_352' title='bbox 1547 1231 1650 1258; x_wconf 86' lang='lat' dir='ltr'>tamen</span> <span class='ocrx_word' id='word_1_353' title='bbox 1680 1225 1812 1258; x_wconf 64' lang='lat' dir='ltr'>alicuius</span> 
     </span>
     <span class='ocr_line' id='line_1_65' title="bbox 1068 1279 1729 1322; baseline 0.002 -12"><span class='ocrx_word' id='word_1_354' title='bbox 1068 1279 1272 1322; x_wconf 86' lang='lat' dir='ltr'>praeiudicio,</span> <span class='ocrx_word' id='word_1_355' title='bbox 1297 1279 1450 1322; x_wconf 83' lang='lat' dir='ltr'>erigimus</span> <span class='ocrx_word' id='word_1_356' title='bbox 1474 1285 1504 1312; x_wconf 91' lang='lat' dir='ltr'>et</span> <span class='ocrx_word' id='word_1_357' title='bbox 1529 1279 1729 1312; x_wconf 83' lang='lat' dir='ltr'>instituinms.</span> 
     </span>
    </p>
   </div>
   <div class='ocr_carea' id='block_1_11' title="bbox 1070 1332 2010 1439">
    <p class='ocr_par' dir='ltr' id='par_1_12' title="bbox 1070 1332 2010 1439">
     <span class='ocr_line' id='line_1_66' title="bbox 1114 1332 2010 1385; baseline -0.001 -20"><span class='ocrx_word' id='word_1_358' title='bbox 1114 1333 1128 1376; x_wconf 64' lang='grc' dir='ltr'><strong>ἓ</strong></span> <span class='ocrx_word' id='word_1_359' title='bbox 1152 1332 1182 1366; x_wconf 80' lang='lat'>3.</span> <span class='ocrx_word' id='word_1_360' title='bbox 1208 1333 1318 1376; x_wconf 88' lang='lat' dir='ltr'>Illique</span> <span class='ocrx_word' id='word_1_361' title='bbox 1336 1333 1380 1366; x_wconf 86' lang='lat' dir='ltr'>sic</span> <span class='ocrx_word' id='word_1_362' title='bbox 1398 1338 1503 1366; x_wconf 86' lang='lat' dir='ltr'>erecto</span> <span class='ocrx_word' id='word_1_363' title='bbox 1528 1338 1558 1365; x_wconf 90' lang='lat' dir='ltr'>et</span> <span class='ocrx_word' id='word_1_364' title='bbox 1583 1332 1734 1373; x_wconf 86' lang='lat' dir='ltr'>instituto,</span> <span class='ocrx_word' id='word_1_365' title='bbox 1752 1343 1811 1376; x_wconf 89' lang='lat' dir='ltr'>pro</span> <span class='ocrx_word' id='word_1_366' title='bbox 1833 1373 1847 1385; x_wconf 40' lang='grc' dir='ltr'><em>γ</em></span> <span class='ocrx_word' id='word_1_367' title='bbox 1862 1340 1957 1385; x_wconf 37' lang='lat'>22:150.</span> <span class='ocrx_word' id='word_1_368' title='bbox 1982 1347 2010 1359; x_wconf 56' lang='grc' dir='ltr'>ιι»-</span> 
     </span>
     <span class='ocr_line' id='line_1_67' title="bbox 1070 1374 2001 1439; baseline -0.002 -20"><span class='ocrx_word' id='word_1_369' title='bbox 1070 1386 1137 1419; x_wconf 79' lang='lat' dir='ltr'>eius</span> <span class='ocrx_word' id='word_1_370' title='bbox 1158 1386 1300 1426; x_wconf 73' lang='lat' dir='ltr'>ecelesia,</span> <span class='ocrx_word' id='word_1_371' title='bbox 1321 1386 1485 1419; x_wconf 83' lang='lat' dir='ltr'>eeclesiam</span> <span class='ocrx_word' id='word_1_372' title='bbox 1511 1385 1611 1418; x_wconf 81' lang='lat' dir='ltr'>dictae</span> <span class='ocrx_word' id='word_1_373' title='bbox 1630 1374 2001 1439; x_wconf 38' lang='lat' dir='ltr'>praecepto-33¹2:1‹5·=1e11¹=“·⁵⁶sn</span> 
     </span>
    </p>
   </div>
   <div class='ocr_carea' id='block_1_12' title="bbox 1068 1439 1812 2662">
    <p class='ocr_par' dir='ltr' id='par_1_13' title="bbox 1068 1439 1812 2662">
     <span class='ocr_line' id='line_1_68' title="bbox 1070 1439 1808 1480; baseline -0.001 -9"><span class='ocrx_word' id='word_1_374' title='bbox 1070 1439 1134 1472; x_wconf 88' lang='lat' dir='ltr'>riae</span> <span class='ocrx_word' id='word_1_375' title='bbox 1159 1450 1215 1472; x_wconf 83' lang='lat' dir='ltr'>seu</span> <span class='ocrx_word' id='word_1_376' title='bbox 1247 1439 1469 1480; x_wconf 82' lang='lat' dir='ltr'>commendae,</span> <span class='ocrx_word' id='word_1_377' title='bbox 1501 1449 1622 1472; x_wconf 87' lang='lat' dir='ltr'>necnon</span> <span class='ocrx_word' id='word_1_378' title='bbox 1652 1439 1758 1472; x_wconf 89' lang='lat' dir='ltr'>omnia</span> <span class='ocrx_word' id='word_1_379' title='bbox 1783 1444 1808 1471; x_wconf 81' lang='lat' dir='ltr'>et</span> 
     </span>
     <span class='ocr_line' id='line_1_69' title="bbox 1069 1492 1812 1537; baseline 0.001 -12"><span class='ocrx_word' id='word_1_380' title='bbox 1069 1493 1193 1536; x_wconf 82' lang='lat' dir='ltr'>singula</span> <span class='ocrx_word' id='word_1_381' title='bbox 1225 1493 1458 1537; x_wconf 85' lang='lat' dir='ltr'>proprietates,</span> <span class='ocrx_word' id='word_1_382' title='bbox 1479 1503 1529 1525; x_wconf 88' lang='lat' dir='ltr'>res</span> <span class='ocrx_word' id='word_1_383' title='bbox 1554 1498 1584 1525; x_wconf 89' lang='lat' dir='ltr'>ct</span> <span class='ocrx_word' id='word_1_384' title='bbox 1608 1492 1691 1525; x_wconf 89' lang='lat' dir='ltr'>bona</span> <span class='ocrx_word' id='word_1_385' title='bbox 1720 1504 1812 1537; x_wconf 83' lang='lat' dir='ltr'>quae-</span> 
     </span>
     <span class='ocr_line' id='line_1_70' title="bbox 1070 1546 1812 1590; baseline -0.001 -11"><span class='ocrx_word' id='word_1_386' title='bbox 1070 1557 1204 1590; x_wconf 85' lang='lat' dir='ltr'>cumque</span> <span class='ocrx_word' id='word_1_387' title='bbox 1236 1546 1337 1579; x_wconf 87' lang='lat' dir='ltr'>dictae</span> <span class='ocrx_word' id='word_1_388' title='bbox 1370 1546 1607 1590; x_wconf 84' lang='lat' dir='ltr'>praeceptoriae</span> <span class='ocrx_word' id='word_1_389' title='bbox 1639 1556 1694 1578; x_wconf 90' lang='lat' dir='ltr'>seu</span> <span class='ocrx_word' id='word_1_390' title='bbox 1725 1556 1812 1579; x_wconf 82' lang='lat' dir='ltr'>com-</span> 
     </span>
     <span class='ocr_line' id='line_1_71' title="bbox 1069 1599 1812 1643; baseline -0.003 -10"><span class='ocrx_word' id='word_1_391' title='bbox 1069 1601 1201 1633; x_wconf 85' lang='lat' dir='ltr'>mendae</span> <span class='ocrx_word' id='word_1_392' title='bbox 1233 1601 1270 1633; x_wconf 87' lang='lat' dir='ltr'>de</span> <span class='ocrx_word' id='word_1_393' title='bbox 1299 1600 1438 1634; x_wconf 87' lang='lat' dir='ltr'>Bononia</span> <span class='ocrx_word' id='word_1_394' title='bbox 1466 1600 1498 1632; x_wconf 91' lang='lat' dir='ltr'>in</span> <span class='ocrx_word' id='word_1_395' title='bbox 1526 1599 1689 1643; x_wconf 75' lang='lat' dir='ltr'>quibusvis</span> <span class='ocrx_word' id='word_1_396' title='bbox 1718 1599 1812 1632; x_wconf 87' lang='lat' dir='ltr'>rebus</span> 
     </span>
     <span class='ocr_line' id='line_1_72' title="bbox 1069 1653 1812 1697; baseline -0.003 -10"><span class='ocrx_word' id='word_1_397' title='bbox 1069 1654 1280 1694; x_wconf 85' lang='lat' dir='ltr'>consistentia,</span> <span class='ocrx_word' id='word_1_398' title='bbox 1295 1659 1324 1686; x_wconf 89' lang='lat' dir='ltr'>et</span> <span class='ocrx_word' id='word_1_399' title='bbox 1341 1654 1562 1697; x_wconf 87' lang='lat' dir='ltr'>undecumque</span> <span class='ocrx_word' id='word_1_400' title='bbox 1586 1653 1812 1696; x_wconf 79' lang='lat' dir='ltr'>provenientia,</span> 
     </span>
     <span class='ocr_line' id='line_1_73' title="bbox 1069 1706 1811 1752; baseline -0.001 -12"><span class='ocrx_word' id='word_1_401' title='bbox 1069 1707 1297 1752; x_wconf 84' lang='lat' dir='ltr'>cuiuscumque</span> <span class='ocrx_word' id='word_1_402' title='bbox 1322 1707 1480 1751; x_wconf 85' lang='lat' dir='ltr'>qualitatis</span> <span class='ocrx_word' id='word_1_403' title='bbox 1498 1712 1527 1740; x_wconf 89' lang='lat' dir='ltr'>et</span> <span class='ocrx_word' id='word_1_404' title='bbox 1544 1706 1661 1750; x_wconf 90' lang='lat' dir='ltr'>speciei</span> <span class='ocrx_word' id='word_1_405' title='bbox 1678 1707 1811 1739; x_wconf 83' lang='lat' dir='ltr'>existen-</span> 
     </span>
     <span class='ocr_line' id='line_1_74' title="bbox 1069 1757 1812 1804; baseline -0.003 -10"><span class='ocrx_word' id='word_1_406' title='bbox 1069 1761 1120 1802; x_wconf 88' lang='lat' dir='ltr'>tia,</span> <span class='ocrx_word' id='word_1_407' title='bbox 1146 1772 1218 1794; x_wconf 89' lang='lat' dir='ltr'>cum</span> <span class='ocrx_word' id='word_1_408' title='bbox 1244 1761 1390 1794; x_wconf 79' lang='lat' dir='ltr'>omnibus</span> <span class='ocrx_word' id='word_1_409' title='bbox 1415 1760 1538 1793; x_wconf 89' lang='lat' dir='ltr'>iuribus</span> <span class='ocrx_word' id='word_1_410' title='bbox 1563 1765 1593 1793; x_wconf 87' lang='lat' dir='ltr'>et</span> <span class='ocrx_word' id='word_1_411' title='bbox 1616 1757 1812 1804; x_wconf 79' lang='lat' dir='ltr'>pertinentiis</span> 
     </span>
     <span class='ocr_line' id='line_1_75' title="bbox 1069 1815 1812 1859; baseline -0.001 -11"><span class='ocrx_word' id='word_1_412' title='bbox 1069 1816 1134 1848; x_wconf 88' lang='lat' dir='ltr'>suis</span> <span class='ocrx_word' id='word_1_413' title='bbox 1158 1816 1323 1855; x_wconf 85' lang='lat' dir='ltr'>universis,</span> <span class='ocrx_word' id='word_1_414' title='bbox 1346 1815 1519 1859; x_wconf 76' lang='lat' dir='ltr'>apostolica</span> <span class='ocrx_word' id='word_1_415' title='bbox 1543 1815 1740 1855; x_wconf 86' lang='lat' dir='ltr'>auctoritate,</span> <span class='ocrx_word' id='word_1_416' title='bbox 1766 1825 1812 1848; x_wconf 85' lang='lat' dir='ltr'>ea-</span> 
     </span>
     <span class='ocr_line' id='line_1_76' title="bbox 1069 1869 1812 1913; baseline -0.001 -11"><span class='ocrx_word' id='word_1_417' title='bbox 1069 1869 1214 1902; x_wconf 86' lang='lat' dir='ltr'>rumdem</span> <span class='ocrx_word' id='word_1_418' title='bbox 1240 1873 1347 1903; x_wconf 85' lang='lat' dir='ltr'>tenore</span> <span class='ocrx_word' id='word_1_419' title='bbox 1372 1869 1597 1913; x_wconf 88' lang='lat' dir='ltr'>praesentium,</span> <span class='ocrx_word' id='word_1_420' title='bbox 1623 1869 1717 1901; x_wconf 86' lang='lat' dir='ltr'>etiam</span> <span class='ocrx_word' id='word_1_421' title='bbox 1744 1880 1812 1912; x_wconf 89' lang='lat' dir='ltr'>per-</span> 
     </span>
     <span class='ocr_line' id='line_1_77' title="bbox 1069 1922 1812 1966; baseline 0 -11"><span class='ocrx_word' id='word_1_422' title='bbox 1069 1928 1163 1966; x_wconf 87' lang='lat' dir='ltr'>petuo</span> <span class='ocrx_word' id='word_1_423' title='bbox 1190 1922 1403 1963; x_wconf 84' lang='lat' dir='ltr'>concedimus,</span> <span class='ocrx_word' id='word_1_424' title='bbox 1427 1922 1624 1966; x_wconf 83' lang='lat' dir='ltr'>applicamus</span> <span class='ocrx_word' id='word_1_425' title='bbox 1649 1928 1679 1955; x_wconf 87' lang='lat' dir='ltr'>et</span> <span class='ocrx_word' id='word_1_426' title='bbox 1703 1933 1812 1966; x_wconf 87' lang='lat' dir='ltr'>appro-</span> 
     </span>
     <span class='ocr_line' id='line_1_78' title="bbox 1069 1976 1812 2020; baseline -0.001 -11"><span class='ocrx_word' id='word_1_427' title='bbox 1069 1977 1226 2020; x_wconf 87' lang='lat' dir='ltr'>priamus:</span> <span class='ocrx_word' id='word_1_428' title='bbox 1252 1977 1293 2009; x_wconf 85' lang='lat' dir='ltr'>ita</span> <span class='ocrx_word' id='word_1_429' title='bbox 1311 1976 1396 2020; x_wconf 90' lang='lat' dir='ltr'>quod</span> <span class='ocrx_word' id='word_1_430' title='bbox 1420 1977 1510 2009; x_wconf 77' lang='lat' dir='ltr'>liceat</span> <span class='ocrx_word' id='word_1_431' title='bbox 1530 1976 1734 2009; x_wconf 84' lang='lat' dir='ltr'>baiulivatum</span> <span class='ocrx_word' id='word_1_432' title='bbox 1755 1987 1812 2019; x_wconf 88' lang='lat' dir='ltr'>pcr</span> 
     </span>
     <span class='ocr_line' id='line_1_79' title="bbox 1069 2029 1811 2073; baseline -0.001 -11"><span class='ocrx_word' id='word_1_433' title='bbox 1069 2035 1251 2073; x_wconf 88' lang='lat' dir='ltr'>praesentes</span> <span class='ocrx_word' id='word_1_434' title='bbox 1265 2035 1404 2062; x_wconf 86' lang='lat' dir='ltr'>erectum</span> <span class='ocrx_word' id='word_1_435' title='bbox 1419 2040 1478 2073; x_wconf 91' lang='lat' dir='ltr'>pro</span> <span class='ocrx_word' id='word_1_436' title='bbox 1492 2035 1633 2073; x_wconf 87' lang='lat' dir='ltr'>tempore</span> <span class='ocrx_word' id='word_1_437' title='bbox 1646 2029 1811 2069; x_wconf 90' lang='lat' dir='ltr'>obtinenti,</span> 
     </span>
     <span class='ocr_line' id='line_1_80' title="bbox 1070 2082 1810 2127; baseline -0.001 -11"><span class='ocrx_word' id='word_1_438' title='bbox 1070 2094 1127 2127; x_wconf 86' lang='lat' dir='ltr'>per</span> <span class='ocrx_word' id='word_1_439' title='bbox 1151 2094 1194 2124; x_wconf 90' lang='lat' dir='ltr'>se,</span> <span class='ocrx_word' id='word_1_440' title='bbox 1212 2083 1259 2116; x_wconf 83' lang='lat' dir='ltr'>vel</span> <span class='ocrx_word' id='word_1_441' title='bbox 1285 2083 1392 2124; x_wconf 89' lang='lat' dir='ltr'>alium,</span> <span class='ocrx_word' id='word_1_442' title='bbox 1411 2093 1466 2116; x_wconf 90' lang='lat' dir='ltr'>seu</span> <span class='ocrx_word' id='word_1_443' title='bbox 1486 2083 1574 2123; x_wconf 82' lang='lat' dir='ltr'>alios,</span> <span class='ocrx_word' id='word_1_444' title='bbox 1601 2083 1668 2115; x_wconf 89' lang='lat' dir='ltr'>eius</span> <span class='ocrx_word' id='word_1_445' title='bbox 1685 2093 1721 2115; x_wconf 83' lang='lat' dir='ltr'>ac</span> <span class='ocrx_word' id='word_1_446' title='bbox 1737 2082 1810 2115; x_wconf 84' lang='lat' dir='ltr'>dicti</span> 
     </span>
     <span class='ocr_line' id='line_1_81' title="bbox 1068 2136 1812 2177; baseline -0.001 -8"><span class='ocrx_word' id='word_1_447' title='bbox 1068 2137 1256 2170; x_wconf 84' lang='lat' dir='ltr'>haiulivatus</span> <span class='ocrx_word' id='word_1_448' title='bbox 1280 2137 1419 2177; x_wconf 91' lang='lat' dir='ltr'>nomine,</span> <span class='ocrx_word' id='word_1_449' title='bbox 1445 2137 1571 2170; x_wconf 88' lang='lat' dir='ltr'>illorum</span> <span class='ocrx_word' id='word_1_450' title='bbox 1598 2136 1739 2169; x_wconf 88' lang='lat' dir='ltr'>omnium</span> <span class='ocrx_word' id='word_1_451' title='bbox 1764 2147 1812 2169; x_wconf 89' lang='lat' dir='ltr'>vc-</span> 
     </span>
     <span class='ocr_line' id='line_1_82' title="bbox 1069 2190 1812 2234; baseline -0.001 -11"><span class='ocrx_word' id='word_1_452' title='bbox 1069 2201 1147 2232; x_wconf 83' lang='lat' dir='ltr'>ram,</span> <span class='ocrx_word' id='word_1_453' title='bbox 1162 2191 1289 2231; x_wconf 86' lang='lat' dir='ltr'>realem,</span> <span class='ocrx_word' id='word_1_454' title='bbox 1307 2190 1505 2234; x_wconf 89' lang='lat' dir='ltr'>corporalem</span> <span class='ocrx_word' id='word_1_455' title='bbox 1522 2195 1552 2223; x_wconf 90' lang='lat' dir='ltr'>et</span> <span class='ocrx_word' id='word_1_456' title='bbox 1569 2190 1723 2223; x_wconf 87' lang='lat' dir='ltr'>actualem</span> <span class='ocrx_word' id='word_1_457' title='bbox 1744 2200 1812 2233; x_wconf 91' lang='lat' dir='ltr'>pos-</span> 
     </span>
     <span class='ocr_line' id='line_1_83' title="bbox 1069 2243 1811 2285; baseline -0.003 -9"><span class='ocrx_word' id='word_1_458' title='bbox 1069 2244 1252 2285; x_wconf 82' lang='lat' dir='ltr'>sessionem,</span> <span class='ocrx_word' id='word_1_459' title='bbox 1278 2245 1362 2278; x_wconf 78' lang='lat' dir='ltr'>iuxta</span> <span class='ocrx_word' id='word_1_460' title='bbox 1384 2247 1498 2277; x_wconf 86' lang='lat' dir='ltr'>statuta</span> <span class='ocrx_word' id='word_1_461' title='bbox 1522 2254 1576 2276; x_wconf 90' lang='lat' dir='ltr'>seu</span> <span class='ocrx_word' id='word_1_462' title='bbox 1601 2243 1811 2276; x_wconf 84' lang='lat' dir='ltr'>stabilimenta</span> 
     </span>
     <span class='ocr_line' id='line_1_84' title="bbox 1069 2297 1811 2341; baseline -0.003 -11"><span class='ocrx_word' id='word_1_463' title='bbox 1069 2297 1247 2341; x_wconf 87' lang='lat' dir='ltr'>praedicta,</span> <span class='ocrx_word' id='word_1_464' title='bbox 1273 2298 1402 2341; x_wconf 77' lang='lat' dir='ltr'>propria</span> <span class='ocrx_word' id='word_1_465' title='bbox 1427 2297 1612 2331; x_wconf 86' lang='lat' dir='ltr'>auctoritate</span> <span class='ocrx_word' id='word_1_466' title='bbox 1636 2297 1811 2340; x_wconf 87' lang='lat' dir='ltr'>apprehen-</span> 
     </span>
     <span class='ocr_line' id='line_1_85' title="bbox 1068 2350 1810 2395; baseline -0.001 -11"><span class='ocrx_word' id='word_1_467' title='bbox 1068 2351 1153 2392; x_wconf 87' lang='lat' dir='ltr'>dere,</span> <span class='ocrx_word' id='word_1_468' title='bbox 1178 2356 1208 2384; x_wconf 88' lang='lat' dir='ltr'>ct</span> <span class='ocrx_word' id='word_1_469' title='bbox 1232 2352 1462 2395; x_wconf 85' lang='lat' dir='ltr'>apprehensam</span> <span class='ocrx_word' id='word_1_470' title='bbox 1488 2355 1642 2394; x_wconf 84' lang='lat' dir='ltr'>perpetuo</span> <span class='ocrx_word' id='word_1_471' title='bbox 1662 2350 1810 2390; x_wconf 83' lang='lat' dir='ltr'>retinere,</span> 
     </span>
     <span class='ocr_line' id='line_1_86' title="bbox 1068 2404 1810 2449; baseline -0.003 -11"><span class='ocrx_word' id='word_1_472' title='bbox 1068 2406 1190 2438; x_wconf 83' lang='lat' dir='ltr'>fructus</span> <span class='ocrx_word' id='word_1_473' title='bbox 1206 2416 1342 2449; x_wconf 87' lang='lat' dir='ltr'>quoque,</span> <span class='ocrx_word' id='word_1_474' title='bbox 1360 2405 1512 2445; x_wconf 88' lang='lat' dir='ltr'>redditus,</span> <span class='ocrx_word' id='word_1_475' title='bbox 1529 2409 1710 2447; x_wconf 87' lang='lat' dir='ltr'>proventus,</span> <span class='ocrx_word' id='word_1_476' title='bbox 1732 2404 1810 2445; x_wconf 86' lang='lat' dir='ltr'>iura,</span> 
     </span>
     <span class='ocr_line' id='line_1_87' title="bbox 1069 2458 1811 2501; baseline -0.001 -9"><span class='ocrx_word' id='word_1_477' title='bbox 1069 2459 1274 2492; x_wconf 73' lang='lat' dir='ltr'>obventiones</span> <span class='ocrx_word' id='word_1_478' title='bbox 1299 2464 1327 2492; x_wconf 89' lang='lat' dir='ltr'>et</span> <span class='ocrx_word' id='word_1_479' title='bbox 1345 2459 1556 2491; x_wconf 87' lang='lat' dir='ltr'>emolumenta</span> <span class='ocrx_word' id='word_1_480' title='bbox 1577 2468 1612 2490; x_wconf 81' lang='lat' dir='ltr'>ex</span> <span class='ocrx_word' id='word_1_481' title='bbox 1636 2458 1680 2490; x_wconf 88' lang='lat' dir='ltr'>eis</span> <span class='ocrx_word' id='word_1_482' title='bbox 1698 2468 1811 2501; x_wconf 86' lang='lat' dir='ltr'>prove—</span> 
     </span>
     <span class='ocr_line' id='line_1_88' title="bbox 1068 2511 1810 2555; baseline -0.001 -12"><span class='ocrx_word' id='word_1_483' title='bbox 1068 2512 1184 2544; x_wconf 80' lang='lat' dir='ltr'>nientia</span> <span class='ocrx_word' id='word_1_484' title='bbox 1206 2512 1381 2555; x_wconf 77' lang='lat' dir='ltr'>percipere,</span> <span class='ocrx_word' id='word_1_485' title='bbox 1404 2511 1530 2553; x_wconf 81' lang='lat' dir='ltr'>exigere</span> <span class='ocrx_word' id='word_1_486' title='bbox 1549 2514 1579 2544; x_wconf 88' lang='lat' dir='ltr'>ct</span> <span class='ocrx_word' id='word_1_487' title='bbox 1595 2511 1708 2551; x_wconf 81' lang='lat' dir='ltr'>levare,</span> <span class='ocrx_word' id='word_1_488' title='bbox 1727 2521 1763 2544; x_wconf 85' lang='lat' dir='ltr'>ac</span> <span class='ocrx_word' id='word_1_489' title='bbox 1781 2511 1810 2543; x_wconf 92' lang='lat' dir='ltr'>in</span> 
     </span>
     <span class='ocr_line' id='line_1_89' title="bbox 1069 2564 1811 2605; baseline -0.003 -7"><span class='ocrx_word' id='word_1_490' title='bbox 1069 2576 1152 2605; x_wconf 73' lang='lat' dir='ltr'>suos,</span> <span class='ocrx_word' id='word_1_491' title='bbox 1177 2576 1299 2597; x_wconf 89' lang='lat' dir='ltr'>necnon</span> <span class='ocrx_word' id='word_1_492' title='bbox 1323 2564 1511 2597; x_wconf 86' lang='lat' dir='ltr'>baiulivatus</span> <span class='ocrx_word' id='word_1_493' title='bbox 1535 2564 1734 2605; x_wconf 86' lang='lat' dir='ltr'>huiusmodi,</span> <span class='ocrx_word' id='word_1_494' title='bbox 1760 2564 1811 2596; x_wconf 86' lang='lat' dir='ltr'>ad-</span> 
     </span>
     <span class='ocr_line' id='line_1_90' title="bbox 1070 2617 1810 2662; baseline -0.003 -11"><span class='ocrx_word' id='word_1_495' title='bbox 1070 2619 1205 2662; x_wconf 83' lang='lat' dir='ltr'>impletis</span> <span class='ocrx_word' id='word_1_496' title='bbox 1223 2624 1252 2651; x_wconf 92' lang='lat' dir='ltr'>et</span> <span class='ocrx_word' id='word_1_497' title='bbox 1268 2618 1458 2662; x_wconf 84' lang='lat' dir='ltr'>supportatis</span> <span class='ocrx_word' id='word_1_498' title='bbox 1475 2617 1563 2661; x_wconf 85' lang='lat' dir='ltr'>prius</span> <span class='ocrx_word' id='word_1_499' title='bbox 1580 2617 1690 2650; x_wconf 78' lang='lat' dir='ltr'>exinde</span> <span class='ocrx_word' id='word_1_500' title='bbox 1711 2617 1810 2650; x_wconf 87' lang='lat' dir='ltr'>solitis</span> 
     </span>
    </p>
   </div>
   <div class='ocr_carea' id='block_1_13' title="bbox 332 2671 1810 2716">
    <p class='ocr_par' dir='ltr' id='par_1_14' title="bbox 332 2671 1810 2716">
     <span class='ocr_line' id='line_1_91' title="bbox 332 2671 1810 2716; baseline -0.004 -9"><span class='ocrx_word' id='word_1_501' title='bbox 332 2682 338 2707; x_wconf 86' lang='lat' dir='ltr'>t</span> <span class='ocrx_word' id='word_1_502' title='bbox 359 2681 477 2707; x_wconf 71' lang='lat' dir='ltr'>Verbum</span> <span class='ocrx_word' id='word_1_503' title='bbox 492 2681 635 2715; x_wconf 75' lang='lat' dir='ltr'>pertineat</span> <span class='ocrx_word' id='word_1_504' title='bbox 651 2680 746 2708; x_wconf 80' lang='lat' dir='ltr'>deesse</span> <span class='ocrx_word' id='word_1_505' title='bbox 763 2681 917 2709; x_wconf 79' lang='lat' dir='ltr'>censuimus</span> <span class='ocrx_word' id='word_1_506' title='bbox 931 2682 968 2716; x_wconf 80' lang='lat' dir='ltr'>(u,</span> <span class='ocrx_word' id='word_1_507' title='bbox 986 2682 1033 2715; x_wconf 66' lang='lat' dir='ltr'>r).</span> <span class='ocrx_word' id='word_1_508' title='bbox 1070 2678 1098 2705; x_wconf 80' lang='lat' dir='ltr'>et</span> <span class='ocrx_word' id='word_1_509' title='bbox 1125 2671 1282 2704; x_wconf 62' lang='lat' dir='ltr'>consuetis</span> <span class='ocrx_word' id='word_1_510' title='bbox 1306 2671 1468 2712; x_wconf 81' lang='lat' dir='ltr'>oneribus,</span> <span class='ocrx_word' id='word_1_511' title='bbox 1487 2671 1570 2704; x_wconf 83' lang='lat' dir='ltr'>iuxta</span> <span class='ocrx_word' id='word_1_512' title='bbox 1595 2671 1727 2703; x_wconf 80' lang='lat' dir='ltr'>sormam</span> <span class='ocrx_word' id='word_1_513' title='bbox 1755 2675 1810 2701; x_wconf 82' lang='lat' dir='ltr'>sta-</span> 
     </span>
    </p>
   </div>
  </div>
 </body>
</html>
