2269 3235
940 209 1035 234 mccx
1059 207 1164 234 aarum
1713 198 1775 233 697

373 264 481 299 vantia
504 264 777 299 Disealceatorum
802 264 987 308 provinciae
1012 262 1042 297 S.
1068 261 1215 306 Gregorii
1237 259 1492 306 Philippinarum
1509 263 1540 295 et
1556 260 1718 306 Iaponiae,
1734 261 1822 296 Beati

376 318 588 359 declarantur,
614 319 676 352 594
702 329 721 351 a
745 322 775 352 et
799 317 815 350 b
831 328 892 361 seq.

284 371 438 416 Martyres
464 373 564 416 (ven.)
590 376 662 412 tres,
688 373 720 404 iu
745 380 844 414 reguo
868 370 1016 415 laponiae
1041 379 1097 412 pro
1122 368 1244 402 Christo
1269 368 1382 411 passis,
1409 376 1426 400 e
1451 367 1607 401 Societate
1633 367 1716 407 lesu,
1734 368 1822 402 Beati

376 425 587 467 declarantur,
607 426 669 458 595
695 435 714 457 a
738 428 768 457 et
793 424 818 456 b.

284 479 482 513 Matrimonia
508 488 616 511 eorum
641 479 695 522 qui
716 477 912 511 domicilium
937 476 1130 510 transferunt
1154 484 1216 518 quo
1237 477 1328 517 pacto
1353 474 1496 508 contrahi
1522 473 1669 515 debeant,
1696 474 1755 507 591
1785 474 1811 507 b.

285 532 520 566 Maximilianus
545 532 696 565 Bavariac
721 530 797 571 dux,
822 531 885 563 453
912 530 928 562 b
953 533 984 563 et
1007 529 1070 562 645
1095 538 1124 560 a.
1145 527 1242 560 Instat
1266 538 1322 571 pro
1352 527 1589 562 beatificatione
1622 527 1816 561 venerabilis

375 584 489 618 Felicis
514 594 531 618 a
556 584 718 625 Catalici0‚
744 582 822 615 ibid.

285 638 520 672 Maximilianus
545 639 710 681 utriusque
735 636 888 669 Bavariae
913 635 978 669 dux
1003 633 1141 678 postulat
1164 644 1221 678 pro
1241 636 1483 668 canonizatione
1507 635 1537 668 S.
1562 635 1702 680 Philippi
1726 635 1823 678 Nerii‚

376 692 413 724 11
444 692 471 724 b.

286 743 530 778 Mediolanensis
553 742 686 777 ducatus
710 743 913 785 munitiones,
931 741 993 775 149
1014 751 1054 781 a;
1076 750 1133 785 pro
1158 741 1196 774 iis
1219 741 1379 784 impositio
1408 741 1633 775 ecclesiasticis
1658 742 1825 785 indicitur,

376 797 438 830 149
463 796 478 829 b
503 800 533 830 et
556 807 617 840 seq.

285 850 454 884 Mediolani
479 849 630 883 nonnulla
654 853 761 883 erecta
787 849 975 894 clericorum
1006 848 1200 890 seminaria,
1226 848 1266 882 84
1293 847 1318 881 b.
1351 847 1497 881 Alumnis
1527 849 1662 882 vetitum
1692 850 1824 891 regula-

374 913 441 937 rem
467 905 612 937 emittere
637 904 881 947 professionem,
907 902 984 936 ibid.
1009 901 1057 936 lbi
1082 905 1233 936 erectum·
1249 901 1419 945 collegium
1445 901 1662 936 Helvetiorum
1690 907 1721 937 et
1745 903 1827 937 Rhe-

375 958 499 999 tiorum,
527 957 590 990 469
614 968 643 991 α.

284 1008 417 1043 Michael
444 1010 608 1053 Adolphus
632 1020 738 1044 comes
764 1011 803 1044 de
826 1010 962 1044 Althann
979 1009 1272 1043 confraternitatem
1291 1009 1526 1043 Communiom's
1544 1008 1749 1043 hierarchiae
1762 1010 1828 1055 ple-

377 1064 538 1098 nitudinis
563 1065 677 1098 aetatis
703 1065 774 1099 Iesu
802 1064 925 1099 Christi
938 1074 994 1107 pro
1018 1063 1241 1108 redemptione
1265 1063 1518 1097 christifidelium
1544 1066 1740 1108 captivorum
1760 1075 1828 1109 pro-

376 1117 536 1151 movenda
562 1119 657 1161 erigit
677 1119 739 1151 519
765 1118 792 1150 b.

284 1169 394 1204 Militia
418 1170 450 1204 B.
475 1170 593 1204 Mariae
618 1171 903 1212 Theutonicorum,
931 1170 971 1203 95
996 1169 1022 1202 b.
1047 1169 1083 1202 Ei
1109 1171 1384 1203 communicantur
1416 1170 1583 1213 privilegia
1609 1173 1715 1205 omnia
1746 1171 1829 1206 mili-

373 1225 436 1257 tiae
460 1224 490 1257 S.
516 1224 643 1257 loannis
668 1224 948 1268 Hierosolymitani
973 1233 991 1256 a
1015 1224 1147 1256 summis
1173 1222 1377 1266 pontilicibus
1403 1233 1571 1264 concessa,
1599 1225 1638 1257 96
1663 1235 1694 1257 a.

284 1277 395 1312 Militia
419 1278 597 1313 Christiana
621 1278 680 1312 sub
706 1279 795 1312 titulo
827 1278 1050 1322 Conceptionis
1080 1277 1194 1310 Beatae
1227 1277 1346 1310 Mariae
1374 1277 1512 1321 VirginiS
1536 1278 1576 1311 ab
1602 1277 1727 1312 Urbano
1758 1279 1829 1313 VllI

377 1337 492 1373 erecta,
518 1333 581 1365 11¹5
607 1343 635 1364 α.
661 1331 705 1366 De
730 1333 865 1365 militum
890 1341 1034 1372 numere,
1055 1330 1176 1372 habitu,
1194 1332 1348 1365 novitiatu
1367 1334 1397 1364 et
1415 1333 1506 1372 votis⁷
1525 1332 1587 1364 115
1607 1332 1634 1364 Ι).
1653 1333 1728 1365 Sedi
1746 1333 1830 1376 Apo-

373 1385 503 1420 stolicae
529 1386 712 1420 immediate
737 1385 914 1426 subiicitur,
945 1386 1005 1419 116
1034 1397 1063 1418 a.
1094 1385 1209 1418 Milites
1236 1385 1470 1418 ecclesiasticas
1497 1387 1668 1428 pensiones
1701 1390 1831 1429 possunt

373 1439 528 1480 obtinere,
553 1440 615 1472 116
641 1440 667 1472 b.
693 1439 779 1480 Quas
804 1439 1018 1482 indulgentias
1043 1438 1215 1479 lucrentur,
1236 1439 1298 1472 117
1315 1440 1342 1471 b.
1368 1439 1482 1472 Milites
1505 1438 1685 1473 Gallicanae
1711 1444 1741 1473 et
1767 1440 1831 1473 Bel-

373 1495 463 1536 gicae
488 1495 623 1526 nationis
648 1496 817 1537 pensiones
843 1493 960 1526 habere
986 1496 1118 1536 possunt
1141 1501 1243 1536 usque
1269 1492 1306 1525 ad
1334 1494 1524 1535 quingentos
1549 1492 1689 1535 ducatos,
1716 1494 1778 1526 118
1804 1493 1830 1526 b.

372 1546 499 1580 Nemini
524 1551 629 1580 tamen
654 1547 726 1581 licet
751 1547 892 1580 habitum
918 1551 949 1580 et
973 1556 1099 1580 crucem
1124 1551 1265 1580 assertae
1291 1547 1456 1580 cuiusdam
1482 1547 1613 1580 militiae
1633 1547 1691 1581 sub
1718 1548 1830 1581 eodem

373 1600 463 1634 titulo
491 1603 617 1633 erectae
645 1603 676 1633 et
706 1610 723 1634 a
754 1601 837 1634 Sede
863 1601 1043 1644 Apostolica
1068 1610 1129 1633 non
1155 1599 1349 1643 approbatae
1375 1600 1520 1642 deferre,
1552 1601 1612 1633 119
1644 1601 1671 1633 b.
1698 1601 1832 1635 Auditor

374 1661 543 1685 causarum
575 1661 720 1685 camerae
754 1653 946 1696 apostolicae
978 1654 1075 1687 iudex
1107 1653 1278 1696 deputatur
1308 1653 1551 1697 probationum,
1584 1664 1665 1698 quae
1699 1664 1716 1688 a
1751 1655 1831 1689 miti-

373 1703 457 1738 tibus
482 1705 550 1737 [ieri
574 1704 708 1746 debent⁷
734 1706 797 1738 222
823 1716 852 1738 a.
877 1705 990 1749 Magno
1016 1708 1166 1750 magistro
1190 1717 1342 1741 concessa
1368 1707 1500 1741 ficultas
1527 1717 1581 1741 eos
1607 1708 1829 1751 adscribendi,

374 1759 428 1803 qui
454 1768 510 1802 per
534 1757 699 1792 biennium
724 1759 799 1793 Sedi
824 1759 1025 1803 Apostolicae
1057 1762 1283 1803 inservierint,
1312 1762 1374 1795 938
1400 1761 1415 1794 b
1441 1765 1471 1794 et
1495 1772 1556 1805 sets
1590 1761 1668 1795 Data
1701 1762 1831 1796 facultas

374 1813 491 1845 nuncio
515 1814 687 1855 apostolico
712 1814 870 1846 inferioris
896 1813 1085 1848 Germaniae
1110 1815 1251 1849 habitum
1285 1816 1378 1849 liuius
1404 1815 1533 1849 militiae
1560 1816 1661 1849 tribus
1689 1818 1831 1859 personis

376 1865 564 1908 concedere
592 1866 654 1899 ,⁶272
680 1866 705 1899 b.
732 1867 915 1910 Prorogatio
940 1869 1069 1913 capituli
1095 1869 1255 1912 generalis
1280 1870 1381 1912 ipsius
1411 1870 1447 1902 ad
1476 1879 1594 1903 annum
1626 1874 1754 1913 propter
1778 1873 1829 1904 in-

376 1922 525 1963 gruentia
551 1919 643 1960 bella
670 1920 732 1953 322
758 1931 787 1953 a.
812 1921 941 1955 Militiae
967 1922 1062 1955 hulus
1085 1926 1200 1956 statuta
1226 1922 1420 1962 confirmata,
1443 1922 1505 1956 325
1530 1934 1550 1955 a
1576 1926 1605 1956 et
1629 1934 1691 1967 seq

286 1972 417 2008 Militiae
442 1974 472 2007 S.
497 1973 604 2007 Iacobi
629 1978 659 2008 et
684 1974 714 2007 S
740 1975 902 2009 Benedicti
928 1975 967 2008 de
992 1975 1086 2018 Avis,
1113 1976 1153 2008 99
1179 1975 1213 2015 b;
1247 1976 1318 2010 lites
1344 1980 1536 2035 componant
1569 1986 1641 2010 cum
1667 1976 1829 2019 archiepi-

377 2037 474 2072 scopo
499 2028 682 2069 Elborensi‚
711 2028 790 2061 zbzcl.
817 2033 932 2074 etseq.

287 2080 452 2116 Missarum
476 2082 621 2116 reductio
646 2092 663 2116 a
688 2082 753 2116 sola
778 2083 959 2126 Apostolica
985 2084 1068 2117 Sede
1095 2085 1163 2118 fieri
1189 2087 1302 2127 potest,
1325 2085 1387 2118 336
1406 2085 1507 2118 aeth
1540 2084 1700 2118 Celebrari
1726 2090 1832 2118 autem

377 2135 495 2170 debent
520 2136 559 2170 ad
584 2138 739 2169 rationem
759 2136 928 2170 attributae
947 2139 1186 2181 eleemosynae7
1214 2138 1291 2172 ibid.
1308 2139 1423 2172 Earum
1448 2141 1537 2172 oneri
1564 2149 1665 2184 neque
1694 2150 1749 2182 per
1773 2139 1832 2172 col-

375 2188 474 2222 lectas
500 2199 604 2234 neque
630 2200 687 2233 per
710 2192 869 2224 orationes
891 2192 924 2224 fit
944 2191 1030 2231 satis,
1050 2191 1128 2223 ibid.
1154 2189 1261 2226 Onera
1286 2197 1440 2236 perpetua
1465 2203 1525 2225 non
1552 2193 1736 2236 recipienda
1762 2194 1831 2225 sine

377 2241 511 2285 legitimi
548 2246 723 2288 superioris
760 2244 899 2285 licentia,
925 2245 987 2278 337
1014 2245 1041 2277 b.
1067 2244 1278 2290 Eleemosyna
1306 2257 1361 2289 pro
1385 2248 1502 2280 missae
1532 2246 1745 2280 celebratione
1774 2257 1833 2280 su-

378 2301 488 2339 scepta
513 2299 637 2341 integra
662 2297 759 2332 debet
785 2299 864 2331 tradi
890 2298 1064 2332 celebranti
1091 2300 1227 2341 missam,
1254 2300 1316 2333 337
1343 2312 1372 2333 a.

289 2349 466 2391 Monetam,
501 2353 625 2385 etiamsi
660 2352 871 2386 ecclesiastici
903 2353 975 2395 sint,
1008 2355 1121 2397 poenis
1147 2363 1164 2387 a
1190 2356 1416 2388 constitutione
1446 2354 1494 2388 Pii
1528 2355 1632 2398 Papae
1659 2354 1684 2387 V
1709 2356 1834 2389 statutis

383 2405 563 2447 coercendi,
591 2406 653 2439 614
678 2406 694 2439 b
719 2411 749 2440 et
773 2417 835 2450 seq.

291 2457 473 2492 Monialium
500 2460 739 2494 reformatarum
764 2459 894 2495 Ordinis
911 2460 942 2494 S.
959 2460 1123 2496 Benedicti
1144 2464 1176 2496 in
1194 2462 1314 2506 Galliis,
1329 2462 1393 2497 323
1410 2474 1446 2503 a;
1466 2463 1582 2509 quibus
1600 2466 1738 2508 ipsarum
1760 2474 1835 2498 cura

383 2517 550 2556 competat,
577 2513 654 2547 ibid.

290 2565 476 2600 Monialium
501 2576 684 2608 consensus,
702 2569 770 2601 sine
793 2579 855 2613 quo
872 2568 1023 2604 mulieres
1044 2571 1204 2604 seculares
1222 2580 1282 2604 non
1305 2574 1437 2614 possunt
1463 2571 1586 2612 ingredi
1612 2573 1749 2615 ipsarum
1771 2582 1834 2605 rno-

380 2621 527 2661 misteria,
549 2619 645 2654 debet
668 2621 735 2655 dari
757 2632 919 2665 expresse,
940 2624 1167 2667 capitulariter,
1192 2628 1222 2658 et
1242 2635 1299 2668 per
1315 2629 1435 2659 secreta
1449 2626 1610 2670 suffragia,
1631 2626 1691 2660 236
1719 2638 1748 2659 α.
1762 2626 1828 2660 Mu—

430 2682 509 2710 Butt.
525 2682 609 2711 Rom.
625 2699 659 2705 —
682 2685 739 2714 Vol.
756 2685 839 2713 XIII.
992 2687 1026 2714 88
