2269 3235
244 271 286 296 λιι.
304 269 332 295 (ἶ,
356 268 422 296 16:33

309 2350 402 2376 Eamque
431 2357 451 2365 <v

270 2377 358 2401 ‹pondi-t
382 2384 452 2397 seria*

271 2408 303 2423 ’,ι-

469 259 510 293 50

438 327 478 350 ne
502 316 565 357 siat,
582 324 660 349 neve
675 318 843 349 attentetur
863 318 933 357 post
949 322 1059 346 eorum
1083 311 1177 345 devo-

440 370 612 411 lutionem‚
638 368 691 401 sed
716 367 807 402 etiam
833 371 998 409 antequam
1024 365 1177 405 civitates,

441 429 560 464 terrae,
586 422 719 467 oppida,
743 426 773 453 et
797 421 866 453 loca
890 419 1049 463 praedicta
1072 418 1179 451 devol-

441 481 574 516 vantur,
599 486 634 508 ac
659 483 784 507 omnem
810 478 840 505 et
870 481 1123 516 quamcumque,
1148 471 1179 503 in

442 534 629 573 perpetuum
648 527 694 559 vcl
715 526 753 559 ad
771 531 905 570 tempuS,
922 524 1180 570 prorogationem

443 593 479 616 ac
503 581 717 615 extensionem
742 578 999 618 infeudationum,
1024 576 1182 611 investitu-

443 645 550 668 rarum
576 640 606 668 et
629 632 868 668 concessionum
894 631 933 664 de
961 630 1052 664 dictis
1076 629 1182 664 civita-

444 688 548 728 tibus,
573 687 682 728 terris,
707 685 831 730 oppidis
856 690 886 718 et
909 684 988 719 locis
1010 684 1182 724 finitarum,

446 751 643 785 quarumque
667 739 965 784 incorporationem,
985 737 1088 782 quoad
1112 735 1184 770 effe-

447 801 531 828 ctum
561 793 777 838 impediendae
807 791 1047 832 inseudassonis,
1072 791 1186 824 aliena-

448 848 552 888 tionis,
569 846 813 892 prorogationis,
830 851 859 879 et
878 844 1068 880 extensionis
1081 844 1186 878 huius—

448 902 544 942 modi,
560 911 623 935 non
647 911 664 934 a
688 901 738 934 die
761 910 872 934 eorum
896 899 1114 939 devolutionis,
1131 897 1185 931 sed

448 966 466 988 a
478 955 528 988 die
544 954 641 998 ipsius
655 953 895 993 constitutionis,
909 952 1001 985 etiam
1018 956 1186 995 antequam

449 1009 501 1041 illa
525 1008 739 1047 devolvantur,
756 1006 824 1050 ipso
849 1006 927 1045 iure,
945 1015 1016 1037 eum
1042 1004 1188 1038 omnibus

450 1060 597 1095 clausulis
621 1065 651 1093 et
675 1059 809 1092 decretis
833 1058 864 1091 in
887 1058 1047 1102 praedicta
1078 1057 1189 1092 consti-

450 1114 569 1148 tutione
586 1113 749 1154 contentis,
763 1112 910 1146 Gamerae
926 1117 955 1145 et
972 1111 1043 1146 Sedi
1060 1112 1191 1156 Aposto—

450 1168 529 1201 licae
542 1167 652 1200 saetam
667 1166 796 1200 censeri:
814 1166 936 1199 adiecto
952 1165 1043 1199 etiam
1064 1165 1191 1199 decreto

453 1226 481 1256 et
489 1220 710 1261 declaratione,
719 1225 751 1253 ut
762 1219 931 1264 promissio
940 1225 969 1253 et
980 1219 1191 1253 iuramentum

452 1275 638 1319 praestitum
652 1277 681 1308 et
694 1274 918 1318 praestandum
935 1273 973 1306 de
990 1272 1142 1306 servanda
1156 1274 1192 1305 ea

454 1328 499 1361 Pii
526 1326 777 1371 praedecessoris
800 1326 953 1370 praedicti
973 1325 1193 1358 constitutione

455 1391 511 1425 per
535 1381 638 1425 ipsum
675 1380 909 1420 Innocentium,
934 1385 966 1412 et
996 1389 1194 1412 successores

456 1444 539 1474 suos,
553 1434 727 1467 Romanum
745 1432 939 1475 Pontificem,
960 1442 995 1465 ac
1016 1432 1195 1476 praedictos

457 1487 484 1521 S.
495 1488 529 1520 R.
542 1487 574 1519 E.
586 1486 770 1527 cardinales,
780 1486 972 1529 intelligatur
982 1485 1020 1518 de
1034 1485 1101 1529 ipsa
1114 1485 1159 1518 Pii
1172 1485 1194 1517 V

456 1541 708 1586 praedecessoris
737 1540 958 1574 constitutione
983 1550 1040 1584 per
1062 1550 1145 1581 eum,
1163 1545 1197 1572 ut

457 1606 562 1639 supra,
579 1595 747 1635 declarata,
767 1599 797 1627 et
820 1593 993 1628 secundum
1016 1593 1197 1627 huiusmodi

458 1648 701 1682 declarationem
723 1647 865 1681 eamdem
887 1646 1141 1681 constitutionem
1159 1647 1197 1680 ad

459 1712 596 1746 unguem
618 1707 648 1735 et
672 1700 894 1734 inviolabiliter
917 1700 1079 1734 observari
1103 1710 1197 1744 opor-

460 1762 526 1789 tere
551 1760 581 1788 et
604 1755 740 1795 debere,
763 1753 856 1788 sicuti
882 1753 976 1786 etiarn
1001 1763 1033 1786 se
1058 1758 1198 1787 servatu-

461 1819 531 1842 rum
556 1818 624 1841 esse
648 1807 805 1852 promisit,
826 1818 861 1840 ac
885 1811 990 1840 sancte
1009 1812 1040 1840 et
1067 1806 1198 1840 solemni

463 1871 551 1895 more
567 1860 691 1902 iuravit,
708 1865 802 1904 prout
818 1859 850 1892 in
867 1859 1006 1893 eiusdem
1028 1859 1200 1893 Innocentii

463 1914 714 1959 praedecessoris
745 1914 803 1947 sub
831 1913 938 1946 datum
971 1913 1073 1958 pridie
1103 1913 1218 1946 nonas‘

463 1969 654 2010 novembris,
679 1968 878 2013 pontificatus
902 1968 949 2001 sui
973 1978 1054 2001 anno
1072 1978 1092 2009 1,
1112 1978 1202 2012 expe-

464 2022 536 2055 ditis
549 2022 660 2056 litteris
676 2023 767 2057 latius
780 2022 971 2066 continetur)
984 2021 1115 2055 subinde
1128 2032 1202 2055 vero

465 2088 481 2109 a
505 2076 662 2109 Clemente
686 2076 750 2109 VIII
776 2081 806 2109 et
829 2075 998 2109 novissime
1023 2086 1040 2108 a
1061 2075 1156 2108 Paulo
1180 2075 1221 2119 V,

465 2129 612 2163 Romanis
629 2129 831 2162 Pontificibus
855 2134 884 2162 et
908 2128 1221 2173 praedecessoribus

465 2184 590 2225 nostris,
615 2184 698 2217 iuxta
723 2183 866 2216 camdem
890 2182 1063 2216 innocentii
1087 2183 1126 2216 IX
1151 2182 1223 2225 de-5

467 2238 680 2279 clai-ationem,
697 2238 892 2278 confirmata,
908 2236 1082 2281 approbata
1106 2241 1135 2271 et
1158 2236 1205 2269 in-

467 2298 577 2324 novata
603 2291 669 2324 suit.

512 2350 526 2387 ,ξ
550 2346 580 2378 3.
606 2345 707 2385 Quare
730 2355 797 2387 nos,
815 2355 885 2378 cum
911 2344 1049 2388 primum
1070 2344 1108 2377 ad
1136 2355 1207 2389 apo-

471 2400 593 2434 :rutinae
617 2399 776 2442 dignitatis
806 2398 940 2442 gradum
969 2397 1073 2431 divina
1101 2398 1207 2442 provi-

472 2453 571 2486 'lcntia
600 2452 700 2486 vocati
733 2463 859 2492 sumus,
884 2452 914 2484 id
944 2451 1047 2495 ipsum
1072 2451 1111 2484 ad
1139 2462 1208 2484 exe-

469 2506 933 2550 quendumunostri,pastoralis
950 2505 1045 2538 officii
1068 2504 1206 2538 debitum

469 2560 647 2604 praecipue
662 2560 819 2603 pertinere
843 2560 1065 2599 existimantes,
1083 2559 1205 2602 praein-

472 2617 569 2646 sertas
593 2613 637 2645 Pii
662 2612 912 2656 praedecessoris
935 2613 1065 2652 litteras,
1086 2622 1121 2644 ac
1145 2622 1210 2645 orn-

473 2667 522 2700 nia
547 2667 577 2699 in
601 2667 645 2699 cis
669 2670 821 2708 contenta,
842 2666 934 2699 etiam
956 2665 1039 2698 iuxta
1063 2665 1205 2699 declara-

1016 262 1194 288 BULLARIUM
1213 260 1370 287 ROMANUM

1210 309 1327 344 tionem
1351 307 1544 353 praedictam
1577 315 1635 350 per
1667 305 1772 349 ipsum
1800 304 1950 340 Innocen-

1211 363 1300 396 tiium
1325 361 1601 406 praedecessorem
1625 358 1748 399 factam,
1764 367 1800 391 ac
1816 357 1950 402 desuper

1212 417 1425 450 confectarum
1461 414 1636 448 litterarum
1669 410 1892 446 continentiam
1922 417 1952 445 et

1213 476 1354 503 tenorem
1369 496 1377 511 ,
1401 478 1495 512 quem
1519 466 1637 511 pariter
1660 464 1880 509 praesentibus
1901 464 1952 498 ha-

1213 523 1280 556 beri
1301 522 1446 555 volumus
1462 531 1521 565 pro
1538 529 1687 564 expresso
1703 528 1740 551 ac
1759 516 1798 550 ad
1821 516 1951 550 verbum

1215 577 1342 616 inserto,
1355 574 1539 608 auctoritate
1551 572 1734 617 apostolica,
1747 575 1857 604 tenore
1868 580 1954 614 prae-

1215 629 1360 670 sentium,
1380 627 1637 673 comprobamus,
1656 624 1893 665 confirmamus,
1912 622 1956 656 in-

1216 693 1379 723 novamus,
1398 691 1513 725 easque
1536 680 1669 713 firmiter
1692 683 1723 713 et
1745 677 1902 717 inviolate,
1919 686 1956 710 ac

1218 736 1302 769 iuxta
1325 734 1569 769 declarationem
1592 732 1785 778 praedictam
1800 757 1808 772 ‚
1832 740 1890 765 nos
1913 729 1955 763 si-

1218 789 1334 823 militer
1368 791 1547 822 servaturos
1578 797 1646 820 esse
1680 784 1896 830 promittimus
1927 788 1958 817 et

1219 842 1371 883 iuramus,
1387 846 1480 885 atque
1503 851 1560 885 per
1583 850 1648 881 eos,
1664 839 1704 872 ad
1727 848 1806 883 quos
1829 840 1959 882 spectat,

1219 896 1336 940 pariter
1351 898 1504 940 perpetuo
1520 893 1684 928 observari
1702 891 1914 938 praecipimus
1929 895 1960 925 et

1220 949 1414 982 mandamus

1266 1002 1281 1045 g
1299 1001 1329 1034 4.
1346 1000 1428 1035 Nulli
1445 1011 1521 1043 ergo
1538 999 1667 1033 omnino
1686 999 1852 1034 hominum
1868 1000 1961 1034 liceat

1222 1055 1303 1088 hanc
1332 1053 1481 1098 paginam
1516 1057 1699 1086 nostrorum
1732 1053 1962 1097 comprobatio-

1223 1109 1280 1151 nis,
1305 1106 1564 1147 confirmadonis,
1589 1105 1807 1146 innovationis,
1830 1106 1964 1150 promis-

1225 1161 1342 1202 sionis,
1367 1159 1556 1200 iuramenti‚
1580 1158 1741 1203 praecepti
1773 1162 1804 1191 et
1827 1158 1964 1193 mandati

1225 1215 1408 1258 infringere,
1427 1213 1474 1246 vel
1501 1213 1529 1246 ei
1552 1222 1631 1245 ausu
1654 1211 1823 1246 temerario
1839 1217 1964 1246 contra-

1226 1269 1281 1301 ire.
1298 1268 1329 1301 Si
1345 1267 1415 1312 quis
1439 1271 1543 1300 autem
1557 1266 1617 1300 hoc
1640 1269 1792 1300 attentare
1807 1275 1967 1310 praesum-

1226 1321 1334 1366 pserit,
1351 1320 1597 1363 indignationem
1617 1318 1840 1363 omnipotentis
1856 1318 1911 1352 Dei
1931 1329 1967 1352 ac

1228 1376 1393 1409 beatorum
1406 1373 1491 1407 Petri
1510 1378 1540 1407 et
1556 1372 1643 1406 Pauli
1663 1372 1881 1417 apostolorum
1900 1371 1967 1406 eius

1229 1440 1262 1463 se
1284 1428 1406 1462 noverit
1430 1428 1642 1460 incursurum.

1273 1483 1384 1516 Datum
1398 1481 1525 1521 Romae,
1536 1480 1618 1525 apud
1629 1479 1657 1514 S.
1668 1479 1796 1514 Mariam
1806 1478 1968 1520 Maiorem,

1230 1546 1310 1569 anno
1335 1534 1560 1568 Incarnationis
1588 1533 1770 1567 Dominicae
1800 1542 1944 1567 iincxxm
1961 1559 1969 1573 ,

1230 1589 1334 1635 pridie
1356 1587 1506 1622 kalendas
1526 1587 1675 1630 octobris,
1695 1586 1897 1632 pontificatus
1912 1596 1969 1620 110-

1231 1642 1287 1676 stri
1304 1652 1386 1676 anno
1402 1651 1422 1675 1.

1267 1705 1326 1733 Dat.
1343 1704 1386 1732 die
1402 1704 1436 1733 30
1451 1702 1605 1732 decembris
1622 1702 1705 1738 1623,
1726 1701 1819 1739 pontif.
1836 1710 1881 1730 an.
1898 1709 1916 1730 1.

1568 1820 1630 1854 VII.

1235 1895 1349 1929 Castra
1383 1893 1426 1926 ast
1449 1892 1687 1926 monasterium
1709 1891 1866 1935 Farsense
1888 1890 1974 1923 ulicis

1278 1948 1478 1992 spectantia,
1517 1951 1546 1980 et
1582 1947 1736 1981 Gamerae
1769 1943 1975 1989 Apostolicae

1279 2001 1387 2045 quoad
1413 2000 1587 2045 temporale
1617 1999 1804 2033 dominium
1827 1997 1971 2038 addicta,

1280 2054 1437 2097 regyimim'
1455 2054 1681 2098 gubernatoris
1697 2063 1717 2085 α
1732 2052 1879 2086 Romano
1897 2050 1975 2085 Pon-

1283 2108 1364 2150 tilz'ce
1387 2107 1531 2151 eliqcncli
1554 2106 1779 2140 subiicitmtur
1791 2105 1810 2137 ¹.

1445 2179 1580 2206 Urbanus
1601 2178 1680 2213 Papa
1699 2177 1775 2212 v111,

1358 2225 1394 2251 ad
1414 2227 1589 2258 perpetuam
1608 2223 1653 2251 rei
1672 2221 1854 2251 memoriam.

1284 2286 1317 2319 In
1348 2297 1495 2331 supremo
1525 2285 1687 2320 militantis
1710 2285 1868 2319 Ecclesiae
1899 2285 1978 2319 solio

1239 2350 1296 2384 per
1305 2340 1527 2373 abundantiam
1541 2340 1663 2373 divinae
1676 2339 1794 2383 gratiae
1807 2338 1979 2380 constituti,
2003 2369 2006 2373 .

1241 2399 1268 2427 et
1287 2394 1325 2426 ad
1341 2394 1487 2427 decorem
1506 2399 1663 2427 terrarum
1679 2398 1709 2427 et
1728 2394 1871 2427 locorum
1888 2392 1980 2426 ditio-

1276 2471 1288 2497 1
1308 2471 1344 2497 Ex
1362 2470 1468 2504 Regest.
1486 2471 1512 2497 in
1528 2470 1629 2497 Secret.
1644 2470 1726 2497 Brev.
1741 2470 1815 2497 Ilaec
1830 2472 1921 2496 castra
1935 2468 1981 2495 Ca-

1242 2519 1333 2538 merac
1344 2511 1515 2546 Apostolicae
1527 2510 1610 2537 univit
1620 2510 1708 2537 Sixtus
1720 2510 1791 2546 Papa
1800 2510 1823 2536 V
1834 2511 1925 2537 Const.
1937 2516 1981 2540 xL,

1241 2556 1307 2579 tom.
1334 2559 1372 2582 tx,
1397 2560 1457 2587 pag.
1479 2551 1545 2583 3243
1566 2553 1592 2578 et
1612 2550 1736 2586 quamvis
1757 2549 1904 2585 Gregorius
1926 2548 1982 2575 xlv

1242 2592 1406 2620 monasterio
1427 2591 1546 2618 Farsensi
1565 2590 1724 2624 restituerit,
1746 2589 1920 2617 Innocentius
1941 2593 1982 2615 ta-

1242 2641 1303 2660 men
1318 2633 1392 2667 Papa
1411 2631 1444 2658 IV
1465 2631 1591 2658 unionem
1615 2639 1630 2657 a
1649 2630 1722 2657 Sixto
1736 2630 1763 2665 ,V
1788 2630 1886 2657 factam
1904 2628 1981 2656 inno-

1243 2673 1311 2699 varit
1332 2672 1422 2698 Const.
1439 2677 1475 2706 tv,
1492 2674 1556 2698 tom.
1574 2677 1609 2703 lx,
1630 2670 1728 2706 pagina
1746 2669 1810 2697 513.

1964 258 2013 283 An.
2028 257 2046 282 C
2081 254 2148 283 ¹623

2003 1010 2122 1031 clausulae.

2021 2294 2141 2316 Exordium.
