<?xml version="1.0" encoding="UTF-8"?>
<!DOCTYPE html PUBLIC "-//W3C//DTD XHTML 1.0 Transitional//EN"
    "http://www.w3.org/TR/xhtml1/DTD/xhtml1-transitional.dtd">
<html xmlns="http://www.w3.org/1999/xhtml" xml:lang="en" lang="en">
 <head>
  <title>
</title>
<meta http-equiv="Content-Type" content="text/html;charset=utf-8" />
  <meta name='ocr-system' content='tesseract 3.04.00' />
  <meta name='ocr-capabilities' content='ocr_page ocr_carea ocr_par ocr_line ocrx_word'/>
</head>
<body>
  <div class='ocr_page' id='page_1' title='image "./bullarumdiplomat13cath_0578.png"; bbox 0 0 2269 3235; ppageno 0'>
   <div class='ocr_carea' id='block_1_1' title="bbox 249 267 432 294">
    <p class='ocr_par' dir='ltr' id='par_1_1' title="bbox 249 267 432 294">
     <span class='ocr_line' id='line_1_1' title="bbox 249 267 432 294; baseline 0.016 -3"><span class='ocrx_word' id='word_1_1' title='bbox 249 267 296 294; x_wconf 82' lang='lat' dir='ltr'>An.</span> <span class='ocrx_word' id='word_1_2' title='bbox 319 267 347 293; x_wconf 80' lang='lat' dir='ltr'>C.</span> <span class='ocrx_word' id='word_1_3' title='bbox 371 267 432 294; x_wconf 64' lang='lat'>1027</span> 
     </span>
    </p>
   </div>
   <div class='ocr_carea' id='block_1_2' title="bbox 246 330 429 376">
    <p class='ocr_par' dir='ltr' id='par_1_2' title="bbox 246 330 429 376">
     <span class='ocr_line' id='line_1_2' title="bbox 286 330 429 354; baseline -0.007 -6"><span class='ocrx_word' id='word_1_4' title='bbox 286 330 339 349; x_wconf 69' lang='lat' dir='ltr'>&#39;l‘ran</span> <span class='ocrx_word' id='word_1_5' title='bbox 354 332 429 354; x_wconf 35' lang='lat' dir='ltr'>nativit*</span> 
     </span>
     <span class='ocr_line' id='line_1_3' title="bbox 246 357 387 376; baseline -0.007 0"><span class='ocrx_word' id='word_1_6' title='bbox 246 357 306 376; x_wconf 64' lang='lat' dir='ltr'>lid-*tn</span> <span class='ocrx_word' id='word_1_7' title='bbox 322 357 387 376; x_wconf 52' lang='lat' dir='ltr'>altitu.</span> 
     </span>
    </p>
   </div>
   <div class='ocr_carea' id='block_1_3' title="bbox 270 1391 387 1412">
    <p class='ocr_par' dir='ltr' id='par_1_3' title="bbox 270 1391 387 1412">
     <span class='ocr_line' id='line_1_4' title="bbox 270 1391 387 1412; baseline -0.009 0"><span class='ocrx_word' id='word_1_8' title='bbox 270 1391 387 1412; x_wconf 73' lang='lat' dir='ltr'>Exordium.</span> 
     </span>
    </p>
   </div>
   <div class='ocr_carea' id='block_1_4' title="bbox 245 2193 429 2326">
    <p class='ocr_par' dir='ltr' id='par_1_4' title="bbox 245 2193 429 2326">
     <span class='ocr_line' id='line_1_5' title="bbox 288 2193 428 2217; baseline -0.007 -3"><span class='ocrx_word' id='word_1_9' title='bbox 288 2193 428 2217; x_wconf 63' lang='lat' dir='ltr'>Congu-egnit«)</span> 
     </span>
     <span class='ocr_line' id='line_1_6' title="bbox 245 2221 428 2241; baseline -0.016 0"><span class='ocrx_word' id='word_1_10' title='bbox 245 2221 298 2241; x_wconf 63' lang='lat' dir='ltr'>hnei-</span> <span class='ocrx_word' id='word_1_11' title='bbox 306 2223 375 2240; x_wconf 59' lang='lat' dir='ltr'>erveta</span> <span class='ocrx_word' id='word_1_12' title='bbox 387 2221 428 2240; x_wconf 70' lang='lat' dir='ltr'>sue·</span> 
     </span>
     <span class='ocr_line' id='line_1_7' title="bbox 246 2247 429 2268; baseline -0.022 0"><span class='ocrx_word' id='word_1_13' title='bbox 246 2250 277 2268; x_wconf 69' lang='lat' dir='ltr'>rat</span> <span class='ocrx_word' id='word_1_14' title='bbox 294 2248 348 2267; x_wconf 75' lang='lat' dir='ltr'>nullo</span> <span class='ocrx_word' id='word_1_15' title='bbox 367 2247 429 2267; x_wconf 61' lang='lat' dir='ltr'>Serti&lt;</span> 
     </span>
     <span class='ocr_line' id='line_1_8' title="bbox 246 2274 429 2299; baseline 0 -5"><span class='ocrx_word' id='word_1_16' title='bbox 246 2275 380 2299; x_wconf 50' lang='lat' dir='ltr'>apostolieae</span> <span class='ocrx_word' id='word_1_17' title='bbox 395 2274 429 2294; x_wconf 78' lang='lat' dir='ltr'>be·</span> 
     </span>
     <span class='ocr_line' id='line_1_9' title="bbox 246 2302 359 2326; baseline 0 -5"><span class='ocrx_word' id='word_1_18' title='bbox 246 2302 359 2326; x_wconf 64' lang='lat' dir='ltr'>neplacito.</span> 
     </span>
    </p>
   </div>
   <div class='ocr_carea' id='block_1_5' title="bbox 443 258 1185 946">
    <p class='ocr_par' dir='ltr' id='par_1_5' title="bbox 482 258 544 290">
     <span class='ocr_line' id='line_1_10' title="bbox 482 258 544 290; baseline -0.032 -1"><span class='ocrx_word' id='word_1_19' title='bbox 482 258 544 290; x_wconf 61' lang='lat'>5¹10</span> 
     </span>
    </p>

    <p class='ocr_par' dir='ltr' id='par_1_6' title="bbox 443 313 1184 666">
     <span class='ocr_line' id='line_1_11' title="bbox 490 313 1184 359; baseline -0.001 -13"><span class='ocrx_word' id='word_1_20' title='bbox 490 317 504 359; x_wconf 54' lang='grc' dir='ltr'><strong>ξ</strong></span> <span class='ocrx_word' id='word_1_21' title='bbox 529 316 556 347; x_wconf 70' lang='grc' dir='ltr'>Γ».</span> <span class='ocrx_word' id='word_1_22' title='bbox 577 316 724 347; x_wconf 57' lang='lat' dir='ltr'>volumus</span> <span class='ocrx_word' id='word_1_23' title='bbox 741 318 854 352; x_wconf 81' lang='lat' dir='ltr'>antem,</span> <span class='ocrx_word' id='word_1_24' title='bbox 873 313 955 355; x_wconf 85' lang='lat' dir='ltr'>quod</span> <span class='ocrx_word' id='word_1_25' title='bbox 973 313 1184 356; x_wconf 69' lang='lat' dir='ltr'>praesentium</span> 
     </span>
     <span class='ocr_line' id='line_1_12' title="bbox 446 366 1184 410; baseline -0.003 -10"><span class='ocrx_word' id='word_1_26' title='bbox 446 368 660 410; x_wconf 75' lang='lat' dir='ltr'>transumptis,</span> <span class='ocrx_word' id='word_1_27' title='bbox 686 368 776 398; x_wconf 73' lang='lat' dir='ltr'>eliani</span> <span class='ocrx_word' id='word_1_28' title='bbox 805 366 985 409; x_wconf 76' lang='lat' dir='ltr'>impressis,</span> <span class='ocrx_word' id='word_1_29' title='bbox 1012 377 1104 398; x_wconf 76' lang='lat' dir='ltr'>nitunt</span> <span class='ocrx_word' id='word_1_30' title='bbox 1129 366 1184 398; x_wconf 76' lang='lat' dir='ltr'>ali-</span> 
     </span>
     <span class='ocr_line' id='line_1_13' title="bbox 445 419 1184 462; baseline -0.001 -9"><span class='ocrx_word' id='word_1_31' title='bbox 445 422 532 453; x_wconf 71' lang='lat' dir='ltr'>cuius</span> <span class='ocrx_word' id='word_1_32' title='bbox 553 420 663 451; x_wconf 78' lang='lat' dir='ltr'>notarii</span> <span class='ocrx_word' id='word_1_33' title='bbox 685 419 800 462; x_wconf 76' lang='lat' dir='ltr'>publici</span> <span class='ocrx_word' id='word_1_34' title='bbox 823 419 1016 462; x_wconf 71' lang='lat' dir='ltr'>subscriptis,</span> <span class='ocrx_word' id='word_1_35' title='bbox 1032 425 1061 451; x_wconf 83' lang='lat' dir='ltr'>et</span> <span class='ocrx_word' id='word_1_36' title='bbox 1083 419 1184 461; x_wconf 76' lang='lat' dir='ltr'>sigillo</span> 
     </span>
     <span class='ocr_line' id='line_1_14' title="bbox 444 471 1183 515; baseline -0.003 -10"><span class='ocrx_word' id='word_1_37' title='bbox 444 473 574 505; x_wconf 64' lang='lat' dir='ltr'>alicuius</span> <span class='ocrx_word' id='word_1_38' title='bbox 590 483 741 515; x_wconf 81' lang='lat' dir='ltr'>personae</span> <span class='ocrx_word' id='word_1_39' title='bbox 760 471 789 503; x_wconf 90' lang='lat' dir='ltr'>in</span> <span class='ocrx_word' id='word_1_40' title='bbox 807 472 957 513; x_wconf 79' lang='lat' dir='ltr'>dignitate</span> <span class='ocrx_word' id='word_1_41' title='bbox 975 472 1183 505; x_wconf 74' lang='lat' dir='ltr'>ecclesiastica</span> 
     </span>
     <span class='ocr_line' id='line_1_15' title="bbox 444 525 1184 569; baseline -0.001 -11"><span class='ocrx_word' id='word_1_42' title='bbox 444 526 629 558; x_wconf 77' lang='lat' dir='ltr'>constitutae</span> <span class='ocrx_word' id='word_1_43' title='bbox 654 525 800 567; x_wconf 85' lang='lat' dir='ltr'>munitis,</span> <span class='ocrx_word' id='word_1_44' title='bbox 826 526 933 558; x_wconf 76' lang='lat' dir='ltr'>eadem</span> <span class='ocrx_word' id='word_1_45' title='bbox 959 536 1089 569; x_wconf 84' lang='lat' dir='ltr'>prorsus</span> <span class='ocrx_word' id='word_1_46' title='bbox 1107 525 1184 558; x_wconf 76' lang='lat' dir='ltr'>tides</span> 
     </span>
     <span class='ocr_line' id='line_1_16' title="bbox 443 579 1183 622; baseline 0.001 -11"><span class='ocrx_word' id='word_1_47' title='bbox 443 579 638 617; x_wconf 78' lang='lat' dir='ltr'>adhiheatur,</span> <span class='ocrx_word' id='word_1_48' title='bbox 653 590 730 621; x_wconf 83' lang='lat' dir='ltr'>quae</span> <span class='ocrx_word' id='word_1_49' title='bbox 742 579 957 622; x_wconf 75' lang='lat' dir='ltr'>praesentibus</span> <span class='ocrx_word' id='word_1_50' title='bbox 970 579 1183 620; x_wconf 84' lang='lat' dir='ltr'>adhiberetur,</span> 
     </span>
     <span class='ocr_line' id='line_1_17' title="bbox 443 632 1024 666; baseline 0.005 -3"><span class='ocrx_word' id='word_1_51' title='bbox 443 632 468 663; x_wconf 84' lang='lat' dir='ltr'>si</span> <span class='ocrx_word' id='word_1_52' title='bbox 494 633 596 664; x_wconf 79' lang='lat' dir='ltr'>t&#39;orent</span> <span class='ocrx_word' id='word_1_53' title='bbox 619 633 774 665; x_wconf 79' lang='lat' dir='ltr'>exhibitae</span> <span class='ocrx_word' id='word_1_54' title='bbox 800 633 846 665; x_wconf 77' lang='lat' dir='ltr'>vel</span> <span class='ocrx_word' id='word_1_55' title='bbox 872 639 1024 666; x_wconf 79' lang='lat' dir='ltr'>ostensae.</span> 
     </span>
    </p>

    <p class='ocr_par' dir='ltr' id='par_1_7' title="bbox 444 686 1185 880">
     <span class='ocr_line' id='line_1_18' title="bbox 487 686 1184 730; baseline 0.003 -13"><span class='ocrx_word' id='word_1_56' title='bbox 487 686 597 717; x_wconf 71' lang='lat' dir='ltr'>ltatmn</span> <span class='ocrx_word' id='word_1_57' title='bbox 624 686 759 726; x_wconf 76' lang='lat' dir='ltr'>Romae,</span> <span class='ocrx_word' id='word_1_58' title='bbox 785 687 866 730; x_wconf 89' lang='lat' dir='ltr'>apud</span> <span class='ocrx_word' id='word_1_59' title='bbox 892 688 920 719; x_wconf 92' lang='lat' dir='ltr'>S.</span> <span class='ocrx_word' id='word_1_60' title='bbox 948 687 1074 719; x_wconf 86' lang='lat' dir='ltr'>Mariam</span> <span class='ocrx_word' id='word_1_61' title='bbox 1093 687 1184 720; x_wconf 85' lang='lat' dir='ltr'>Maio-</span> 
     </span>
     <span class='ocr_line' id='line_1_19' title="bbox 444 737 1184 783; baseline 0.003 -12"><span class='ocrx_word' id='word_1_62' title='bbox 444 750 530 778; x_wconf 86' lang='lat' dir='ltr'>rem,</span> <span class='ocrx_word' id='word_1_63' title='bbox 561 740 618 771; x_wconf 84' lang='lat' dir='ltr'>sub</span> <span class='ocrx_word' id='word_1_64' title='bbox 638 741 754 773; x_wconf 88' lang='lat' dir='ltr'>annulo</span> <span class='ocrx_word' id='word_1_65' title='bbox 784 740 967 783; x_wconf 80' lang='lat' dir='ltr'>Piscatoris,</span> <span class='ocrx_word' id='word_1_66' title='bbox 986 737 1035 773; x_wconf 85' lang='lat' dir='ltr'>die</span> <span class='ocrx_word' id='word_1_67' title='bbox 1059 751 1137 773; x_wconf 82' lang='lat' dir='ltr'>xxm</span> <span class='ocrx_word' id='word_1_68' title='bbox 1155 751 1184 772; x_wconf 86' lang='lat' dir='ltr'>a-</span> 
     </span>
     <span class='ocr_line' id='line_1_20' title="bbox 444 793 1185 838; baseline 0.003 -14"><span class='ocrx_word' id='word_1_69' title='bbox 444 793 533 836; x_wconf 85' lang='lat' dir='ltr'>prilis</span> <span class='ocrx_word' id='word_1_70' title='bbox 568 803 742 835; x_wconf 77' lang='lat' dir='ltr'>nncxxvn,</span> <span class='ocrx_word' id='word_1_71' title='bbox 776 794 977 838; x_wconf 77' lang='lat' dir='ltr'>pontificatus</span> <span class='ocrx_word' id='word_1_72' title='bbox 1010 794 1109 827; x_wconf 81' lang='lat' dir='ltr'>nostri</span> <span class='ocrx_word' id='word_1_73' title='bbox 1134 804 1185 826; x_wconf 84' lang='lat' dir='ltr'>an-</span> 
     </span>
     <span class='ocr_line' id='line_1_21' title="bbox 444 856 548 880; baseline 0.01 -2"><span class='ocrx_word' id='word_1_74' title='bbox 444 856 483 880; x_wconf 89' lang='lat' dir='ltr'>no</span> <span class='ocrx_word' id='word_1_75' title='bbox 508 857 548 879; x_wconf 76' lang='lat' dir='ltr'>lv.</span> 
     </span>
    </p>

    <p class='ocr_par' dir='ltr' id='par_1_8' title="bbox 479 909 1102 946">
     <span class='ocr_line' id='line_1_22' title="bbox 479 909 1102 946; baseline 0 -10"><span class='ocrx_word' id='word_1_76' title='bbox 479 909 536 936; x_wconf 89' lang='lat' dir='ltr'>Dat.</span> <span class='ocrx_word' id='word_1_77' title='bbox 555 909 597 937; x_wconf 88' lang='lat' dir='ltr'>die</span> <span class='ocrx_word' id='word_1_78' title='bbox 611 910 644 938; x_wconf 70' lang='lat'>023</span> <span class='ocrx_word' id='word_1_79' title='bbox 660 910 751 946; x_wconf 80' lang='lat' dir='ltr'>aprilis</span> <span class='ocrx_word' id='word_1_80' title='bbox 768 910 845 945; x_wconf 64' lang='lat'>1627,</span> <span class='ocrx_word' id='word_1_81' title='bbox 866 910 961 946; x_wconf 82' lang='lat' dir='ltr'>pontif.</span> <span class='ocrx_word' id='word_1_82' title='bbox 982 918 1051 938; x_wconf 88' lang='lat' dir='ltr'>anno</span> <span class='ocrx_word' id='word_1_83' title='bbox 1067 916 1102 937; x_wconf 87' lang='grc' dir='ltr'>ιν.</span> 
     </span>
    </p>
   </div>
   <div class='ocr_carea' id='block_1_6' title="bbox 738 1025 884 1058">
    <p class='ocr_par' dir='ltr' id='par_1_9' title="bbox 738 1025 884 1058">
     <span class='ocr_line' id='line_1_23' title="bbox 738 1025 884 1058; baseline -0.007 0"><span class='ocrx_word' id='word_1_84' title='bbox 738 1025 884 1058; x_wconf 84' lang='lat' dir='ltr'>CCXLIII.</span> 
     </span>
    </p>
   </div>
   <div class='ocr_carea' id='block_1_7' title="bbox 443 1096 1184 1246">
    <p class='ocr_par' dir='ltr' id='par_1_10' title="bbox 443 1096 1184 1246">
     <span class='ocr_line' id='line_1_24' title="bbox 443 1096 1182 1140; baseline 0.004 -13"><span class='ocrx_word' id='word_1_85' title='bbox 443 1096 607 1128; x_wconf 61' lang='lat' dir='ltr'>Emtinctio</span> <span class='ocrx_word' id='word_1_86' title='bbox 632 1100 772 1129; x_wconf 75' lang='lat' dir='ltr'>assertae</span> <span class='ocrx_word' id='word_1_87' title='bbox 800 1096 972 1129; x_wconf 74' lang='lat' dir='ltr'>cuiusdam</span> <span class='ocrx_word' id='word_1_88' title='bbox 1002 1096 1182 1140; x_wconf 71' lang='lat' dir='ltr'>Conyreya-</span> 
     </span>
     <span class='ocr_line' id='line_1_25' title="bbox 488 1149 1184 1193; baseline 0.003 -12"><span class='ocrx_word' id='word_1_89' title='bbox 488 1149 585 1181; x_wconf 77' lang='lat' dir='ltr'>liom&#39;s</span> <span class='ocrx_word' id='word_1_90' title='bbox 609 1151 715 1182; x_wconf 65' lang='lat' dir='ltr'>sancte·</span> <span class='ocrx_word' id='word_1_91' title='bbox 731 1150 835 1183; x_wconf 63' lang='lat' dir='ltr'>Paule?</span> <span class='ocrx_word' id='word_1_92' title='bbox 855 1150 960 1193; x_wconf 68' lang='lat' dir='ltr'>primi</span> <span class='ocrx_word' id='word_1_93' title='bbox 977 1150 1128 1183; x_wconf 72' lang='lat' dir='ltr'>eremitae</span> <span class='ocrx_word' id='word_1_94' title='bbox 1147 1150 1184 1183; x_wconf 77' lang='lat' dir='ltr'>in</span> 
     </span>
     <span class='ocr_line' id='line_1_26' title="bbox 484 1202 750 1246; baseline 0.004 -12"><span class='ocrx_word' id='word_1_95' title='bbox 484 1213 583 1246; x_wconf 68' lang='lat' dir='ltr'>reyno</span> <span class='ocrx_word' id='word_1_96' title='bbox 610 1202 750 1236; x_wconf 67' lang='lat' dir='ltr'>Galliae.</span> 
     </span>
    </p>
   </div>
   <div class='ocr_carea' id='block_1_8' title="bbox 564 1273 1063 1352">
    <p class='ocr_par' dir='ltr' id='par_1_11' title="bbox 564 1273 1063 1352">
     <span class='ocr_line' id='line_1_27' title="bbox 647 1273 979 1307; baseline 0.003 -7"><span class='ocrx_word' id='word_1_97' title='bbox 647 1274 782 1300; x_wconf 82' lang='lat' dir='ltr'>Urbanus</span> <span class='ocrx_word' id='word_1_98' title='bbox 803 1273 882 1307; x_wconf 83' lang='lat' dir='ltr'>Papa</span> <span class='ocrx_word' id='word_1_99' title='bbox 901 1274 979 1306; x_wconf 87' lang='lat' dir='ltr'>vm,</span> 
     </span>
     <span class='ocr_line' id='line_1_28' title="bbox 564 1318 1063 1352; baseline 0.002 -8"><span class='ocrx_word' id='word_1_100' title='bbox 564 1320 599 1344; x_wconf 86' lang='lat' dir='ltr'>ad</span> <span class='ocrx_word' id='word_1_101' title='bbox 619 1321 797 1352; x_wconf 82' lang='lat' dir='ltr'>perpetuam</span> <span class='ocrx_word' id='word_1_102' title='bbox 816 1318 860 1345; x_wconf 86' lang='lat' dir='ltr'>rei</span> <span class='ocrx_word' id='word_1_103' title='bbox 881 1318 1063 1345; x_wconf 84' lang='lat' dir='ltr'>memoriam.</span> 
     </span>
    </p>
   </div>
   <div class='ocr_carea' id='block_1_9' title="bbox 442 1380 1188 2716">
    <p class='ocr_par' dir='ltr' id='par_1_12' title="bbox 442 1380 1186 2178">
     <span class='ocr_line' id='line_1_29' title="bbox 488 1380 1186 1424; baseline 0.004 -13"><span class='ocrx_word' id='word_1_104' title='bbox 488 1380 647 1412; x_wconf 81' lang='lat' dir='ltr'>Romanus</span> <span class='ocrx_word' id='word_1_105' title='bbox 680 1380 818 1413; x_wconf 74' lang='lat' dir='ltr'>Pontifex</span> <span class='ocrx_word' id='word_1_106' title='bbox 835 1408 842 1420; x_wconf 88' lang='lat'>‚</span> <span class='ocrx_word' id='word_1_107' title='bbox 868 1390 962 1424; x_wconf 89' lang='lat' dir='ltr'>quem</span> <span class='ocrx_word' id='word_1_108' title='bbox 992 1381 1132 1415; x_wconf 76' lang='lat' dir='ltr'>Salvator</span> <span class='ocrx_word' id='word_1_109' title='bbox 1156 1386 1186 1414; x_wconf 88' lang='lat' dir='ltr'>et</span> 
     </span>
     <span class='ocr_line' id='line_1_30' title="bbox 442 1433 1185 1469; baseline 0.004 -4"><span class='ocrx_word' id='word_1_110' title='bbox 442 1433 592 1465; x_wconf 77' lang='lat' dir='ltr'>Dominus</span> <span class='ocrx_word' id='word_1_111' title='bbox 624 1438 731 1466; x_wconf 86' lang='lat' dir='ltr'>noster</span> <span class='ocrx_word' id='word_1_112' title='bbox 763 1434 903 1466; x_wconf 89' lang='lat' dir='ltr'>omnium</span> <span class='ocrx_word' id='word_1_113' title='bbox 929 1434 1087 1467; x_wconf 76' lang='lat' dir='ltr'>Ecclesiae</span> <span class='ocrx_word' id='word_1_114' title='bbox 1111 1446 1185 1469; x_wconf 88' lang='lat' dir='ltr'>suae</span> 
     </span>
     <span class='ocr_line' id='line_1_31' title="bbox 443 1486 1184 1531; baseline 0.004 -13"><span class='ocrx_word' id='word_1_115' title='bbox 443 1486 589 1519; x_wconf 75' lang='lat' dir='ltr'>ordinum</span> <span class='ocrx_word' id='word_1_116' title='bbox 614 1492 736 1530; x_wconf 87' lang='lat' dir='ltr'>patrem</span> <span class='ocrx_word' id='word_1_117' title='bbox 762 1492 792 1520; x_wconf 88' lang='lat' dir='ltr'>et</span> <span class='ocrx_word' id='word_1_118' title='bbox 815 1492 974 1531; x_wconf 73' lang='lat' dir='ltr'>pastorem</span> <span class='ocrx_word' id='word_1_119' title='bbox 1003 1488 1184 1529; x_wconf 88' lang='lat' dir='ltr'>constituit,</span> 
     </span>
     <span class='ocr_line' id='line_1_32' title="bbox 442 1540 1185 1584; baseline 0.004 -11"><span class='ocrx_word' id='word_1_120' title='bbox 442 1544 475 1574; x_wconf 83' lang='lat' dir='ltr'>ut</span> <span class='ocrx_word' id='word_1_121' title='bbox 492 1541 578 1574; x_wconf 80' lang='lat' dir='ltr'>iuxta</span> <span class='ocrx_word' id='word_1_122' title='bbox 603 1540 827 1584; x_wconf 86' lang='lat' dir='ltr'>propheticum</span> <span class='ocrx_word' id='word_1_123' title='bbox 845 1541 975 1574; x_wconf 78' lang='lat' dir='ltr'>verbum</span> <span class='ocrx_word' id='word_1_124' title='bbox 992 1542 1084 1575; x_wconf 83' lang='lat' dir='ltr'>noxia</span> <span class='ocrx_word' id='word_1_125' title='bbox 1102 1543 1185 1576; x_wconf 83' lang='lat' dir='ltr'>evel-</span> 
     </span>
     <span class='ocr_line' id='line_1_33' title="bbox 442 1594 1185 1640; baseline 0.004 -14"><span class='ocrx_word' id='word_1_126' title='bbox 442 1595 484 1627; x_wconf 89' lang='lat' dir='ltr'>lat</span> <span class='ocrx_word' id='word_1_127' title='bbox 508 1599 535 1627; x_wconf 86' lang='lat' dir='ltr'>et</span> <span class='ocrx_word' id='word_1_128' title='bbox 561 1594 710 1636; x_wconf 84' lang='lat' dir='ltr'>destruat,</span> <span class='ocrx_word' id='word_1_129' title='bbox 731 1594 881 1639; x_wconf 74' lang='lat' dir='ltr'>utiliaque</span> <span class='ocrx_word' id='word_1_130' title='bbox 899 1599 929 1629; x_wconf 87' lang='lat' dir='ltr'>et</span> <span class='ocrx_word' id='word_1_131' title='bbox 945 1596 1080 1628; x_wconf 86' lang='lat' dir='ltr'>salubria</span> <span class='ocrx_word' id='word_1_132' title='bbox 1100 1597 1185 1640; x_wconf 88' lang='lat' dir='ltr'>plan-</span> 
     </span>
     <span class='ocr_line' id='line_1_34' title="bbox 442 1648 1185 1694; baseline 0.004 -15"><span class='ocrx_word' id='word_1_133' title='bbox 442 1652 485 1679; x_wconf 86' lang='lat' dir='ltr'>tet</span> <span class='ocrx_word' id='word_1_134' title='bbox 499 1653 528 1680; x_wconf 88' lang='lat' dir='ltr'>et</span> <span class='ocrx_word' id='word_1_135' title='bbox 544 1648 697 1690; x_wconf 82' lang='lat' dir='ltr'>aedificet,</span> <span class='ocrx_word' id='word_1_136' title='bbox 714 1648 745 1680; x_wconf 94' lang='lat' dir='ltr'>in</span> <span class='ocrx_word' id='word_1_137' title='bbox 763 1648 812 1681; x_wconf 92' lang='lat' dir='ltr'>his</span> <span class='ocrx_word' id='word_1_138' title='bbox 829 1649 1047 1682; x_wconf 79' lang='lat' dir='ltr'>sollicitudinis</span> <span class='ocrx_word' id='word_1_139' title='bbox 1064 1654 1094 1682; x_wconf 91' lang='lat' dir='ltr'>et</span> <span class='ocrx_word' id='word_1_140' title='bbox 1111 1661 1185 1694; x_wconf 89' lang='lat' dir='ltr'>pro-</span> 
     </span>
     <span class='ocr_line' id='line_1_35' title="bbox 443 1701 1184 1747; baseline 0.005 -14"><span class='ocrx_word' id='word_1_141' title='bbox 443 1701 596 1734; x_wconf 68' lang='lat' dir='ltr'>videntiae</span> <span class='ocrx_word' id='word_1_142' title='bbox 614 1712 688 1734; x_wconf 89' lang='lat' dir='ltr'>suae</span> <span class='ocrx_word' id='word_1_143' title='bbox 706 1707 811 1745; x_wconf 89' lang='lat' dir='ltr'>partes</span> <span class='ocrx_word' id='word_1_144' title='bbox 832 1702 1011 1746; x_wconf 78' lang='lat' dir='ltr'>interponit,</span> <span class='ocrx_word' id='word_1_145' title='bbox 1029 1713 1085 1747; x_wconf 82' lang='lat' dir='ltr'>per</span> <span class='ocrx_word' id='word_1_146' title='bbox 1105 1714 1184 1747; x_wconf 90' lang='lat' dir='ltr'>quae</span> 
     </span>
     <span class='ocr_line' id='line_1_36' title="bbox 444 1756 1184 1801; baseline 0.004 -13"><span class='ocrx_word' id='word_1_147' title='bbox 444 1766 605 1789; x_wconf 85' lang='lat' dir='ltr'>sacrarum</span> <span class='ocrx_word' id='word_1_148' title='bbox 631 1756 821 1799; x_wconf 76' lang='lat' dir='ltr'>religionum</span> <span class='ocrx_word' id='word_1_149' title='bbox 856 1762 1014 1801; x_wconf 87' lang='lat' dir='ltr'>tamqnam</span> <span class='ocrx_word' id='word_1_150' title='bbox 1044 1758 1184 1791; x_wconf 85' lang='lat' dir='ltr'>fructuo-</span> 
     </span>
     <span class='ocr_line' id='line_1_37' title="bbox 443 1810 1184 1854; baseline 0.005 -13"><span class='ocrx_word' id='word_1_151' title='bbox 443 1820 547 1842; x_wconf 88' lang='lat' dir='ltr'>sarum</span> <span class='ocrx_word' id='word_1_152' title='bbox 565 1810 745 1853; x_wconf 85' lang='lat' dir='ltr'>plantarum</span> <span class='ocrx_word' id='word_1_153' title='bbox 764 1811 795 1843; x_wconf 90' lang='lat' dir='ltr'>in</span> <span class='ocrx_word' id='word_1_154' title='bbox 813 1810 935 1854; x_wconf 88' lang='lat' dir='ltr'>irriguo</span> <span class='ocrx_word' id='word_1_155' title='bbox 952 1811 1113 1845; x_wconf 86' lang='lat' dir='ltr'>militantis</span> <span class='ocrx_word' id='word_1_156' title='bbox 1131 1813 1184 1845; x_wconf 87' lang='lat' dir='ltr'>Ec-</span> 
     </span>
     <span class='ocr_line' id='line_1_38' title="bbox 443 1863 1182 1905; baseline 0.007 -11"><span class='ocrx_word' id='word_1_157' title='bbox 443 1863 554 1895; x_wconf 78' lang='lat' dir='ltr'>clesiae</span> <span class='ocrx_word' id='word_1_158' title='bbox 575 1873 651 1905; x_wconf 88' lang='lat' dir='ltr'>agro</span> <span class='ocrx_word' id='word_1_159' title='bbox 677 1874 693 1896; x_wconf 91' lang='lat' dir='ltr'>a</span> <span class='ocrx_word' id='word_1_160' title='bbox 718 1864 832 1897; x_wconf 88' lang='lat' dir='ltr'>sanctis</span> <span class='ocrx_word' id='word_1_161' title='bbox 849 1865 923 1897; x_wconf 88' lang='lat' dir='ltr'>viris</span> <span class='ocrx_word' id='word_1_162' title='bbox 943 1866 1182 1899; x_wconf 79' lang='lat' dir='ltr'>constitutarum</span> 
     </span>
     <span class='ocr_line' id='line_1_39' title="bbox 443 1917 1183 1961; baseline 0.007 -14"><span class='ocrx_word' id='word_1_163' title='bbox 443 1917 564 1959; x_wconf 85' lang='lat' dir='ltr'>puritas</span> <span class='ocrx_word' id='word_1_164' title='bbox 588 1922 618 1949; x_wconf 89' lang='lat' dir='ltr'>et</span> <span class='ocrx_word' id='word_1_165' title='bbox 643 1917 761 1950; x_wconf 85' lang='lat' dir='ltr'>candor</span> <span class='ocrx_word' id='word_1_166' title='bbox 786 1918 888 1961; x_wconf 84' lang='lat' dir='ltr'>vigeat</span> <span class='ocrx_word' id='word_1_167' title='bbox 912 1923 942 1951; x_wconf 85' lang='lat' dir='ltr'>et</span> <span class='ocrx_word' id='word_1_168' title='bbox 966 1924 1183 1960; x_wconf 78' lang='lat' dir='ltr'>conservetur,</span> 
     </span>
     <span class='ocr_line' id='line_1_40' title="bbox 443 1970 1183 2016; baseline 0.005 -14"><span class='ocrx_word' id='word_1_169' title='bbox 443 1974 473 2002; x_wconf 88' lang='lat' dir='ltr'>et</span> <span class='ocrx_word' id='word_1_170' title='bbox 492 1970 517 2002; x_wconf 89' lang='lat' dir='ltr'>si</span> <span class='ocrx_word' id='word_1_171' title='bbox 538 1981 614 2014; x_wconf 89' lang='lat' dir='ltr'>quas</span> <span class='ocrx_word' id='word_1_172' title='bbox 639 1982 777 2014; x_wconf 86' lang='lat' dir='ltr'>unquam</span> <span class='ocrx_word' id='word_1_173' title='bbox 803 1971 993 2005; x_wconf 86' lang='lat' dir='ltr'>adulterinas</span> <span class='ocrx_word' id='word_1_174' title='bbox 1018 1972 1183 2016; x_wconf 83' lang='lat' dir='ltr'>plantatio-</span> 
     </span>
     <span class='ocr_line' id='line_1_41' title="bbox 442 2025 1184 2069; baseline 0.004 -13"><span class='ocrx_word' id='word_1_175' title='bbox 442 2034 496 2057; x_wconf 83' lang='lat' dir='ltr'>nes</span> <span class='ocrx_word' id='word_1_176' title='bbox 520 2025 676 2067; x_wconf 87' lang='lat' dir='ltr'>pullulare</span> <span class='ocrx_word' id='word_1_177' title='bbox 709 2026 890 2068; x_wconf 73' lang='lat' dir='ltr'>cognoscit,</span> <span class='ocrx_word' id='word_1_178' title='bbox 925 2037 976 2059; x_wconf 89' lang='lat' dir='ltr'>eas</span> <span class='ocrx_word' id='word_1_179' title='bbox 1005 2026 1184 2069; x_wconf 67' lang='lat' dir='ltr'>vigilantiae</span> 
     </span>
     <span class='ocr_line' id='line_1_42' title="bbox 443 2079 1185 2124; baseline 0.005 -14"><span class='ocrx_word' id='word_1_180' title='bbox 443 2089 516 2110; x_wconf 83' lang='lat' dir='ltr'>suae</span> <span class='ocrx_word' id='word_1_181' title='bbox 542 2079 644 2111; x_wconf 83' lang='lat' dir='ltr'>studio</span> <span class='ocrx_word' id='word_1_182' title='bbox 670 2079 818 2113; x_wconf 72' lang='lat' dir='ltr'>radicitus</span> <span class='ocrx_word' id='word_1_183' title='bbox 836 2080 981 2123; x_wconf 77' lang='lat' dir='ltr'>extirpat,</span> <span class='ocrx_word' id='word_1_184' title='bbox 1002 2086 1097 2124; x_wconf 88' lang='lat' dir='ltr'>prout</span> <span class='ocrx_word' id='word_1_185' title='bbox 1115 2092 1185 2114; x_wconf 88' lang='lat' dir='ltr'>con-</span> 
     </span>
     <span class='ocr_line' id='line_1_43' title="bbox 445 2132 1121 2178; baseline 0.006 -15"><span class='ocrx_word' id='word_1_186' title='bbox 445 2132 535 2175; x_wconf 84' lang='lat' dir='ltr'>spicit</span> <span class='ocrx_word' id='word_1_187' title='bbox 559 2132 591 2164; x_wconf 90' lang='lat' dir='ltr'>in</span> <span class='ocrx_word' id='word_1_188' title='bbox 616 2132 747 2165; x_wconf 88' lang='lat' dir='ltr'>Domino</span> <span class='ocrx_word' id='word_1_189' title='bbox 772 2133 940 2167; x_wconf 79' lang='lat' dir='ltr'>salubriter</span> <span class='ocrx_word' id='word_1_190' title='bbox 964 2134 1121 2178; x_wconf 79' lang='lat' dir='ltr'>expedire.</span> 
     </span>
    </p>

    <p class='ocr_par' dir='ltr' id='par_1_13' title="bbox 445 2186 1188 2716">
     <span class='ocr_line' id='line_1_44' title="bbox 489 2186 1184 2231; baseline 0.004 -13"><span class='ocrx_word' id='word_1_191' title='bbox 489 2186 503 2229; x_wconf 62' lang='grc' dir='ltr'>ξ</span> <span class='ocrx_word' id='word_1_192' title='bbox 526 2186 549 2218; x_wconf 93' lang='lat' dir='ltr'>l.</span> <span class='ocrx_word' id='word_1_193' title='bbox 567 2187 642 2220; x_wconf 87' lang='lat' dir='ltr'>Cum</span> <span class='ocrx_word' id='word_1_194' title='bbox 660 2188 774 2231; x_wconf 82' lang='lat' dir='ltr'>itaque,</span> <span class='ocrx_word' id='word_1_195' title='bbox 792 2187 871 2220; x_wconf 88' lang='lat' dir='ltr'>sicut</span> <span class='ocrx_word' id='word_1_196' title='bbox 888 2188 978 2221; x_wconf 82' lang='lat' dir='ltr'>nobis</span> <span class='ocrx_word' id='word_1_197' title='bbox 995 2188 1139 2229; x_wconf 87' lang='lat' dir='ltr'>innotuit,</span> <span class='ocrx_word' id='word_1_198' title='bbox 1153 2189 1184 2221; x_wconf 91' lang='lat' dir='ltr'>in</span> 
     </span>
     <span class='ocr_line' id='line_1_45' title="bbox 445 2240 1184 2284; baseline 0.005 -13"><span class='ocrx_word' id='word_1_199' title='bbox 445 2250 543 2281; x_wconf 80' lang='lat' dir='ltr'>regno</span> <span class='ocrx_word' id='word_1_200' title='bbox 564 2240 680 2273; x_wconf 81' lang='lat' dir='ltr'>Galliae</span> <span class='ocrx_word' id='word_1_201' title='bbox 699 2241 736 2273; x_wconf 79' lang='lat' dir='ltr'>ab</span> <span class='ocrx_word' id='word_1_202' title='bbox 754 2241 873 2284; x_wconf 80' lang='lat' dir='ltr'>aliquot</span> <span class='ocrx_word' id='word_1_203' title='bbox 889 2241 977 2274; x_wconf 85' lang='lat' dir='ltr'>annis</span> <span class='ocrx_word' id='word_1_204' title='bbox 994 2242 1079 2274; x_wconf 79' lang='lat' dir='ltr'>nulla</span> <span class='ocrx_word' id='word_1_205' title='bbox 1097 2242 1184 2276; x_wconf 88' lang='lat' dir='ltr'>Sedis</span> 
     </span>
     <span class='ocr_line' id='line_1_46' title="bbox 445 2294 1184 2339; baseline 0.004 -14"><span class='ocrx_word' id='word_1_206' title='bbox 445 2294 641 2336; x_wconf 78' lang='lat' dir='ltr'>Apostolieae</span> <span class='ocrx_word' id='word_1_207' title='bbox 661 2295 855 2334; x_wconf 81' lang='lat' dir='ltr'>auctoritate,</span> <span class='ocrx_word' id='word_1_208' title='bbox 877 2295 952 2338; x_wconf 88' lang='lat' dir='ltr'>quin</span> <span class='ocrx_word' id='word_1_209' title='bbox 978 2296 1082 2339; x_wconf 87' lang='lat' dir='ltr'>potius</span> <span class='ocrx_word' id='word_1_210' title='bbox 1100 2295 1184 2329; x_wconf 87' lang='lat' dir='ltr'>dam-</span> 
     </span>
     <span class='ocr_line' id='line_1_47' title="bbox 445 2346 1185 2393; baseline 0.007 -16"><span class='ocrx_word' id='word_1_211' title='bbox 445 2346 540 2379; x_wconf 84' lang='lat' dir='ltr'>nabili</span> <span class='ocrx_word' id='word_1_212' title='bbox 566 2348 750 2388; x_wconf 83' lang='lat' dir='ltr'>temeritate,</span> <span class='ocrx_word' id='word_1_213' title='bbox 781 2348 956 2382; x_wconf 87' lang='lat' dir='ltr'>introducta</span> <span class='ocrx_word' id='word_1_214' title='bbox 980 2349 1074 2382; x_wconf 85' lang='lat' dir='ltr'>suerit</span> <span class='ocrx_word' id='word_1_215' title='bbox 1095 2360 1185 2393; x_wconf 87' lang='lat' dir='ltr'>quae-</span> 
     </span>
     <span class='ocr_line' id='line_1_48' title="bbox 446 2400 1184 2446; baseline 0.004 -14"><span class='ocrx_word' id='word_1_216' title='bbox 446 2400 515 2432; x_wconf 77' lang='lat' dir='ltr'>dam</span> <span class='ocrx_word' id='word_1_217' title='bbox 535 2402 737 2443; x_wconf 71' lang='lat' dir='ltr'>congregatio</span> <span class='ocrx_word' id='word_1_218' title='bbox 755 2402 812 2434; x_wconf 82' lang='lat' dir='ltr'>sul)</span> <span class='ocrx_word' id='word_1_219' title='bbox 834 2403 922 2435; x_wconf 89' lang='lat' dir='ltr'>titulo</span> <span class='ocrx_word' id='word_1_220' title='bbox 941 2402 970 2435; x_wconf 89' lang='lat' dir='ltr'>S.</span> <span class='ocrx_word' id='word_1_221' title='bbox 988 2403 1073 2435; x_wconf 87' lang='lat' dir='ltr'>Pauli</span> <span class='ocrx_word' id='word_1_222' title='bbox 1090 2403 1184 2446; x_wconf 90' lang='lat' dir='ltr'>primi</span> 
     </span>
     <span class='ocr_line' id='line_1_49' title="bbox 446 2453 1184 2499; baseline 0.004 -14"><span class='ocrx_word' id='word_1_223' title='bbox 446 2453 612 2491; x_wconf 64' lang='lat' dir='ltr'>Ermnitae,</span> <span class='ocrx_word' id='word_1_224' title='bbox 634 2455 664 2486; x_wconf 88' lang='lat' dir='ltr'>iu</span> <span class='ocrx_word' id='word_1_225' title='bbox 679 2456 777 2498; x_wconf 74' lang='lat' dir='ltr'>eaque</span> <span class='ocrx_word' id='word_1_226' title='bbox 795 2456 961 2499; x_wconf 80' lang='lat' dir='ltr'>perplures</span> <span class='ocrx_word' id='word_1_227' title='bbox 978 2460 1137 2499; x_wconf 86' lang='lat' dir='ltr'>tamquam</span> <span class='ocrx_word' id='word_1_228' title='bbox 1154 2456 1184 2488; x_wconf 89' lang='lat' dir='ltr'>in</span> 
     </span>
     <span class='ocr_line' id='line_1_50' title="bbox 447 2508 1185 2552; baseline 0.005 -13"><span class='ocrx_word' id='word_1_229' title='bbox 447 2508 599 2549; x_wconf 66' lang='lat' dir='ltr'>religione</span> <span class='ocrx_word' id='word_1_230' title='bbox 615 2510 788 2552; x_wconf 75' lang='lat' dir='ltr'>approbata</span> <span class='ocrx_word' id='word_1_231' title='bbox 807 2510 866 2542; x_wconf 89' lang='lat' dir='ltr'>tria</span> <span class='ocrx_word' id='word_1_232' title='bbox 885 2514 955 2544; x_wconf 72' lang='lat' dir='ltr'>vota</span> <span class='ocrx_word' id='word_1_233' title='bbox 972 2510 1185 2543; x_wconf 83' lang='lat' dir='ltr'>substantialia</span> 
     </span>
     <span class='ocr_line' id='line_1_51' title="bbox 448 2563 1186 2608; baseline 0.007 -15"><span class='ocrx_word' id='word_1_234' title='bbox 448 2563 619 2602; x_wconf 50' lang='lat' dir='ltr'>(nimrim,</span> <span class='ocrx_word' id='word_1_235' title='bbox 633 2565 855 2608; x_wconf 83' lang='lat' dir='ltr'>caputiumque</span> <span class='ocrx_word' id='word_1_236' title='bbox 869 2565 1047 2606; x_wconf 78' lang='lat' dir='ltr'>detulerint,</span> <span class='ocrx_word' id='word_1_237' title='bbox 1061 2570 1090 2598; x_wconf 89' lang='lat' dir='ltr'>et</span> <span class='ocrx_word' id='word_1_238' title='bbox 1103 2576 1186 2598; x_wconf 89' lang='lat' dir='ltr'>nunc</span> 
     </span>
     <span class='ocr_line' id='line_1_52' title="bbox 449 2616 1188 2659; baseline 0.004 -12"><span class='ocrx_word' id='word_1_239' title='bbox 449 2627 573 2659; x_wconf 70' lang='lat' dir='ltr'>quoquc</span> <span class='ocrx_word' id='word_1_240' title='bbox 594 2616 742 2658; x_wconf 69' lang='lat' dir='ltr'>delerant,</span> <span class='ocrx_word' id='word_1_241' title='bbox 757 2618 794 2650; x_wconf 88' lang='lat' dir='ltr'>ad</span> <span class='ocrx_word' id='word_1_242' title='bbox 815 2618 911 2651; x_wconf 87' lang='lat' dir='ltr'>instar</span> <span class='ocrx_word' id='word_1_243' title='bbox 928 2619 1058 2652; x_wconf 84' lang='lat' dir='ltr'>fratrum</span> <span class='ocrx_word' id='word_1_244' title='bbox 1076 2619 1188 2652; x_wconf 79' lang='lat' dir='ltr'>Discat—</span> 
     </span>
     <span class='ocr_line' id='line_1_53' title="bbox 448 2672 1188 2716; baseline 0.004 -13"><span class='ocrx_word' id='word_1_245' title='bbox 448 2676 609 2704; x_wconf 87' lang='lat' dir='ltr'>ceatorum</span> <span class='ocrx_word' id='word_1_246' title='bbox 633 2678 887 2716; x_wconf 81' lang='lat' dir='ltr'>lunicupatorum</span> <span class='ocrx_word' id='word_1_247' title='bbox 900 2672 1025 2707; x_wconf 86' lang='lat' dir='ltr'>Ordinis</span> <span class='ocrx_word' id='word_1_248' title='bbox 1037 2673 1067 2707; x_wconf 88' lang='lat' dir='ltr'>S.</span> <span class='ocrx_word' id='word_1_249' title='bbox 1084 2674 1188 2716; x_wconf 86' lang='lat' dir='ltr'>Augu-</span> 
     </span>
    </p>
   </div>
   <div class='ocr_carea' id='block_1_10' title="bbox 1024 264 1380 289">
    <p class='ocr_par' dir='ltr' id='par_1_14' title="bbox 1024 264 1380 289">
     <span class='ocr_line' id='line_1_54' title="bbox 1024 264 1380 289; baseline 0 -1"><span class='ocrx_word' id='word_1_250' title='bbox 1024 265 1120 289; x_wconf 67' lang='lat' dir='ltr'>RVLLA</span> <span class='ocrx_word' id='word_1_251' title='bbox 1127 265 1202 289; x_wconf 66' lang='lat' dir='ltr'>ntulit</span> <span class='ocrx_word' id='word_1_252' title='bbox 1228 264 1380 289; x_wconf 68' lang='lat' dir='ltr'>ROMANFM</span> 
     </span>
    </p>
   </div>
   <div class='ocr_carea' id='block_1_11' title="bbox 1201 315 1205 2696">
    <p class='ocr_par' dir='ltr' id='par_1_15' title="bbox 1201 315 1205 2696">
     <span class='ocr_line' id='line_1_55' title="bbox 1201 315 1205 2696; baseline 0 0"><span class='ocrx_word' id='word_1_253' title='bbox 1201 315 1205 2696; x_wconf 95' lang='lat' dir='ltr'> </span> 
     </span>
    </p>
   </div>
   <div class='ocr_carea' id='block_1_12' title="bbox 1216 262 2160 2285">
    <p class='ocr_par' dir='ltr' id='par_1_16' title="bbox 1217 262 2151 784">
     <span class='ocr_line' id='line_1_56' title="bbox 1965 262 2151 292; baseline 0.005 -2"><span class='ocrx_word' id='word_1_254' title='bbox 1965 263 2014 291; x_wconf 83' lang='grc' dir='ltr'>Λη.</span> <span class='ocrx_word' id='word_1_255' title='bbox 2036 264 2066 292; x_wconf 85' lang='lat' dir='ltr'>C.</span> <span class='ocrx_word' id='word_1_256' title='bbox 2085 262 2151 292; x_wconf 73' lang='lat'><strong>1627</strong></span> 
     </span>
     <span class='ocr_line' id='line_1_57' title="bbox 1219 311 1956 357; baseline 0 -11"><span class='ocrx_word' id='word_1_257' title='bbox 1219 313 1307 352; x_wconf 73' lang='lat' dir='ltr'>stini,</span> <span class='ocrx_word' id='word_1_258' title='bbox 1329 323 1463 355; x_wconf 83' lang='lat' dir='ltr'>eumque</span> <span class='ocrx_word' id='word_1_259' title='bbox 1485 311 1626 345; x_wconf 88' lang='lat' dir='ltr'>nonnulli</span> <span class='ocrx_word' id='word_1_260' title='bbox 1644 322 1679 344; x_wconf 80' lang='lat' dir='ltr'>ex</span> <span class='ocrx_word' id='word_1_261' title='bbox 1695 311 1804 345; x_wconf 74' lang='lat' dir='ltr'>eadem</span> <span class='ocrx_word' id='word_1_262' title='bbox 1826 323 1956 357; x_wconf 82' lang='lat' dir='ltr'>congre-</span> 
     </span>
     <span class='ocr_line' id='line_1_58' title="bbox 1219 365 1955 407; baseline 0.003 -9"><span class='ocrx_word' id='word_1_263' title='bbox 1219 366 1353 407; x_wconf 82' lang='lat' dir='ltr'>gatione,</span> <span class='ocrx_word' id='word_1_264' title='bbox 1378 365 1502 407; x_wconf 77' lang='lat' dir='ltr'>cognita</span> <span class='ocrx_word' id='word_1_265' title='bbox 1530 365 1670 399; x_wconf 85' lang='lat' dir='ltr'>nullitate</span> <span class='ocrx_word' id='word_1_266' title='bbox 1698 365 1895 407; x_wconf 77' lang='lat' dir='ltr'>fundationis,</span> <span class='ocrx_word' id='word_1_267' title='bbox 1919 377 1955 400; x_wconf 90' lang='lat' dir='ltr'>ac</span> 
     </span>
     <span class='ocr_line' id='line_1_59' title="bbox 1219 418 1955 462; baseline 0 -11"><span class='ocrx_word' id='word_1_268' title='bbox 1219 419 1346 461; x_wconf 74' lang='lat' dir='ltr'>l&#39;iuude,</span> <span class='ocrx_word' id='word_1_269' title='bbox 1372 429 1465 462; x_wconf 85' lang='lat' dir='ltr'>qnam</span> <span class='ocrx_word' id='word_1_270' title='bbox 1497 418 1645 451; x_wconf 83' lang='lat' dir='ltr'>idemmet</span> <span class='ocrx_word' id='word_1_271' title='bbox 1669 418 1815 451; x_wconf 79' lang='lat' dir='ltr'>fundator</span> <span class='ocrx_word' id='word_1_272' title='bbox 1849 418 1955 462; x_wconf 86' lang='lat' dir='ltr'>paucis</span> 
     </span>
     <span class='ocr_line' id='line_1_60' title="bbox 1218 472 1956 513; baseline -0.001 -8"><span class='ocrx_word' id='word_1_273' title='bbox 1218 478 1288 505; x_wconf 91' lang='lat' dir='ltr'>ante</span> <span class='ocrx_word' id='word_1_274' title='bbox 1309 473 1427 505; x_wconf 86' lang='lat' dir='ltr'>obitum</span> <span class='ocrx_word' id='word_1_275' title='bbox 1453 472 1573 513; x_wconf 86' lang='lat' dir='ltr'>dicbus,</span> <span class='ocrx_word' id='word_1_276' title='bbox 1591 472 1798 505; x_wconf 86' lang='lat' dir='ltr'>eonscientiae</span> <span class='ocrx_word' id='word_1_277' title='bbox 1823 472 1956 505; x_wconf 89' lang='lat' dir='ltr'>stimulis</span> 
     </span>
     <span class='ocr_line' id='line_1_61' title="bbox 1217 525 1956 570; baseline -0.001 -11"><span class='ocrx_word' id='word_1_278' title='bbox 1217 527 1361 570; x_wconf 86' lang='lat' dir='ltr'>adactus,</span> <span class='ocrx_word' id='word_1_279' title='bbox 1393 531 1427 559; x_wconf 89' lang='lat' dir='ltr'>ut</span> <span class='ocrx_word' id='word_1_280' title='bbox 1452 525 1543 559; x_wconf 88' lang='lat' dir='ltr'>nobis</span> <span class='ocrx_word' id='word_1_281' title='bbox 1576 526 1669 558; x_wconf 84' lang='lat' dir='ltr'>etiam</span> <span class='ocrx_word' id='word_1_282' title='bbox 1703 525 1857 566; x_wconf 89' lang='lat' dir='ltr'>innotuit,</span> <span class='ocrx_word' id='word_1_283' title='bbox 1882 535 1956 558; x_wconf 91' lang='lat' dir='ltr'>con-</span> 
     </span>
     <span class='ocr_line' id='line_1_62' title="bbox 1218 578 1956 620; baseline -0.003 -7"><span class='ocrx_word' id='word_1_284' title='bbox 1218 581 1316 613; x_wconf 84' lang='lat' dir='ltr'>sessus</span> <span class='ocrx_word' id='word_1_285' title='bbox 1341 584 1387 613; x_wconf 88' lang='lat' dir='ltr'>est</span> <span class='ocrx_word' id='word_1_286' title='bbox 1412 590 1444 613; x_wconf 84' lang='lat' dir='ltr'>se</span> <span class='ocrx_word' id='word_1_287' title='bbox 1468 585 1586 612; x_wconf 85' lang='lat' dir='ltr'>temere</span> <span class='ocrx_word' id='word_1_288' title='bbox 1611 583 1824 612; x_wconf 87' lang='lat' dir='ltr'>commentum</span> <span class='ocrx_word' id='word_1_289' title='bbox 1845 578 1956 620; x_wconf 86' lang='lat' dir='ltr'>fuisse,</span> 
     </span>
     <span class='ocr_line' id='line_1_63' title="bbox 1217 631 1956 678; baseline -0.003 -12"><span class='ocrx_word' id='word_1_290' title='bbox 1217 644 1233 666; x_wconf 86' lang='lat' dir='ltr'>a</span> <span class='ocrx_word' id='word_1_291' title='bbox 1257 633 1335 667; x_wconf 82' lang='lat' dir='ltr'>Sede</span> <span class='ocrx_word' id='word_1_292' title='bbox 1356 633 1515 678; x_wconf 80' lang='lat' dir='ltr'>praedicta</span> <span class='ocrx_word' id='word_1_293' title='bbox 1538 632 1765 677; x_wconf 84' lang='lat' dir='ltr'>postulaverint</span> <span class='ocrx_word' id='word_1_294' title='bbox 1792 631 1956 672; x_wconf 86' lang='lat' dir='ltr'>declarari,</span> 
     </span>
     <span class='ocr_line' id='line_1_64' title="bbox 1217 685 1959 730; baseline -0.003 -11"><span class='ocrx_word' id='word_1_295' title='bbox 1217 697 1249 720; x_wconf 85' lang='lat' dir='ltr'>se</span> <span class='ocrx_word' id='word_1_296' title='bbox 1266 697 1328 720; x_wconf 92' lang='lat' dir='ltr'>non</span> <span class='ocrx_word' id='word_1_297' title='bbox 1349 698 1415 719; x_wconf 86' lang='lat' dir='ltr'>esse</span> <span class='ocrx_word' id='word_1_298' title='bbox 1437 686 1672 730; x_wconf 78' lang='lat' dir='ltr'>congregationi</span> <span class='ocrx_word' id='word_1_299' title='bbox 1690 685 1870 718; x_wconf 88' lang='lat' dir='ltr'>huiusmodi</span> <span class='ocrx_word' id='word_1_300' title='bbox 1893 685 1959 718; x_wconf 85' lang='lat' dir='ltr'>alli-</span> 
     </span>
     <span class='ocr_line' id='line_1_65' title="bbox 1217 738 1956 784; baseline -0.004 -11"><span class='ocrx_word' id='word_1_301' title='bbox 1217 746 1316 784; x_wconf 89' lang='lat' dir='ltr'>gatos,</span> <span class='ocrx_word' id='word_1_302' title='bbox 1334 745 1363 773; x_wconf 91' lang='lat' dir='ltr'>et</span> <span class='ocrx_word' id='word_1_303' title='bbox 1384 750 1476 783; x_wconf 87' lang='lat' dir='ltr'>posse</span> <span class='ocrx_word' id='word_1_304' title='bbox 1500 739 1599 772; x_wconf 87' lang='lat' dir='ltr'>libere</span> <span class='ocrx_word' id='word_1_305' title='bbox 1617 739 1654 772; x_wconf 90' lang='lat' dir='ltr'>ad</span> <span class='ocrx_word' id='word_1_306' title='bbox 1675 740 1814 772; x_wconf 86' lang='lat' dir='ltr'>seculum</span> <span class='ocrx_word' id='word_1_307' title='bbox 1836 738 1956 771; x_wconf 89' lang='lat' dir='ltr'>redire:</span> 
     </span>
    </p>

    <p class='ocr_par' dir='ltr' id='par_1_17' title="bbox 1216 791 1967 2231">
     <span class='ocr_line' id='line_1_66' title="bbox 1261 791 1958 837; baseline -0.003 -11"><span class='ocrx_word' id='word_1_308' title='bbox 1261 794 1276 837; x_wconf 64' lang='grc' dir='ltr'>ἓ</span> <span class='ocrx_word' id='word_1_309' title='bbox 1299 793 1328 826; x_wconf 72' lang='lat'>⁶2.</span> <span class='ocrx_word' id='word_1_310' title='bbox 1347 794 1419 833; x_wconf 88' lang='lat' dir='ltr'>Nos,</span> <span class='ocrx_word' id='word_1_311' title='bbox 1433 793 1563 836; x_wconf 88' lang='lat' dir='ltr'>dignum</span> <span class='ocrx_word' id='word_1_312' title='bbox 1581 793 1803 833; x_wconf 83' lang='lat' dir='ltr'>existimantes,</span> <span class='ocrx_word' id='word_1_313' title='bbox 1821 796 1855 826; x_wconf 83' lang='lat' dir='ltr'>ut</span> <span class='ocrx_word' id='word_1_314' title='bbox 1871 791 1958 825; x_wconf 87' lang='lat' dir='ltr'>adul-</span> 
     </span>
     <span class='ocr_line' id='line_1_67' title="bbox 1217 846 1957 890; baseline 0 -12"><span class='ocrx_word' id='word_1_315' title='bbox 1217 846 1334 879; x_wconf 87' lang='lat' dir='ltr'>terinas</span> <span class='ocrx_word' id='word_1_316' title='bbox 1358 846 1539 880; x_wconf 88' lang='lat' dir='ltr'>huiusmodi</span> <span class='ocrx_word' id='word_1_317' title='bbox 1565 846 1783 890; x_wconf 82' lang='lat' dir='ltr'>plantationes,</span> <span class='ocrx_word' id='word_1_318' title='bbox 1802 856 1879 889; x_wconf 88' lang='lat' dir='ltr'>quas</span> <span class='ocrx_word' id='word_1_319' title='bbox 1895 855 1957 879; x_wconf 90' lang='lat' dir='ltr'>non</span> 
     </span>
     <span class='ocr_line' id='line_1_68' title="bbox 1218 899 1957 941; baseline 0.001 -10"><span class='ocrx_word' id='word_1_320' title='bbox 1218 899 1483 941; x_wconf 54' lang='lat' dir='ltr'>Pateitcaelestis,</span> <span class='ocrx_word' id='word_1_321' title='bbox 1509 899 1563 932; x_wconf 88' lang='lat' dir='ltr'>sed</span> <span class='ocrx_word' id='word_1_322' title='bbox 1590 899 1746 932; x_wconf 83' lang='lat' dir='ltr'>humanae</span> <span class='ocrx_word' id='word_1_323' title='bbox 1771 899 1957 932; x_wconf 85' lang='lat' dir='ltr'>temeritatis</span> 
     </span>
     <span class='ocr_line' id='line_1_69' title="bbox 1217 952 1958 996; baseline 0.003 -12"><span class='ocrx_word' id='word_1_324' title='bbox 1217 952 1345 985; x_wconf 85' lang='lat' dir='ltr'>audacia</span> <span class='ocrx_word' id='word_1_325' title='bbox 1365 953 1500 996; x_wconf 84' lang='lat' dir='ltr'>plantat,</span> <span class='ocrx_word' id='word_1_326' title='bbox 1530 952 1695 996; x_wconf 88' lang='lat' dir='ltr'>apostolici</span> <span class='ocrx_word' id='word_1_327' title='bbox 1719 952 1865 986; x_wconf 88' lang='lat' dir='ltr'>culminis</span> <span class='ocrx_word' id='word_1_328' title='bbox 1890 962 1958 986; x_wconf 86' lang='lat' dir='ltr'>cen-</span> 
     </span>
     <span class='ocr_line' id='line_1_70' title="bbox 1217 1005 1967 1050; baseline 0.003 -12"><span class='ocrx_word' id='word_1_329' title='bbox 1217 1017 1290 1038; x_wconf 88' lang='lat' dir='ltr'>sura</span> <span class='ocrx_word' id='word_1_330' title='bbox 1314 1005 1449 1049; x_wconf 83' lang='lat' dir='ltr'>divellat,</span> <span class='ocrx_word' id='word_1_331' title='bbox 1466 1017 1525 1039; x_wconf 84' lang='lat' dir='ltr'>nec</span> <span class='ocrx_word' id='word_1_332' title='bbox 1541 1006 1677 1050; x_wconf 88' lang='lat' dir='ltr'>patiatur</span> <span class='ocrx_word' id='word_1_333' title='bbox 1702 1006 1733 1038; x_wconf 91' lang='lat' dir='ltr'>in</span> <span class='ocrx_word' id='word_1_334' title='bbox 1760 1017 1837 1049; x_wconf 82' lang='lat' dir='ltr'>agro</span> <span class='ocrx_word' id='word_1_335' title='bbox 1857 1006 1967 1040; x_wconf 89' lang='lat' dir='ltr'>Domi-·</span> 
     </span>
     <span class='ocr_line' id='line_1_71' title="bbox 1216 1059 1960 1104; baseline 0.003 -13"><span class='ocrx_word' id='word_1_336' title='bbox 1216 1059 1287 1092; x_wconf 90' lang='lat' dir='ltr'>nico</span> <span class='ocrx_word' id='word_1_337' title='bbox 1305 1059 1486 1101; x_wconf 84' lang='lat' dir='ltr'>illegitimae</span> <span class='ocrx_word' id='word_1_338' title='bbox 1504 1059 1759 1102; x_wconf 86' lang='lat' dir='ltr'>congregationis</span> <span class='ocrx_word' id='word_1_339' title='bbox 1779 1070 1891 1104; x_wconf 86' lang='lat' dir='ltr'>vepres</span> <span class='ocrx_word' id='word_1_340' title='bbox 1910 1070 1960 1093; x_wconf 86' lang='lat' dir='ltr'>ex-</span> 
     </span>
     <span class='ocr_line' id='line_1_72' title="bbox 1217 1113 1957 1157; baseline 0.001 -11"><span class='ocrx_word' id='word_1_341' title='bbox 1217 1123 1370 1154; x_wconf 85' lang='lat' dir='ltr'>crescere,</span> <span class='ocrx_word' id='word_1_342' title='bbox 1385 1113 1435 1146; x_wconf 90' lang='lat' dir='ltr'>cui</span> <span class='ocrx_word' id='word_1_343' title='bbox 1454 1113 1620 1157; x_wconf 88' lang='lat' dir='ltr'>proprium</span> <span class='ocrx_word' id='word_1_344' title='bbox 1634 1118 1680 1146; x_wconf 88' lang='lat' dir='ltr'>est</span> <span class='ocrx_word' id='word_1_345' title='bbox 1697 1113 1828 1146; x_wconf 87' lang='lat' dir='ltr'>virtutes</span> <span class='ocrx_word' id='word_1_346' title='bbox 1842 1124 1957 1156; x_wconf 78' lang='lat' dir='ltr'>serere,</span> 
     </span>
     <span class='ocr_line' id='line_1_73' title="bbox 1217 1166 1958 1210; baseline 0.001 -11"><span class='ocrx_word' id='word_1_347' title='bbox 1217 1177 1253 1199; x_wconf 85' lang='lat' dir='ltr'>ac</span> <span class='ocrx_word' id='word_1_348' title='bbox 1278 1166 1351 1199; x_wconf 87' lang='lat' dir='ltr'>vitia</span> <span class='ocrx_word' id='word_1_349' title='bbox 1376 1166 1526 1200; x_wconf 87' lang='lat' dir='ltr'>radicitus</span> <span class='ocrx_word' id='word_1_350' title='bbox 1551 1166 1734 1210; x_wconf 69' lang='lat' dir='ltr'>extirpare,</span> <span class='ocrx_word' id='word_1_351' title='bbox 1760 1166 1895 1208; x_wconf 87' lang='lat' dir='ltr'>idcirco,</span> <span class='ocrx_word' id='word_1_352' title='bbox 1920 1166 1958 1200; x_wconf 90' lang='lat' dir='ltr'>de</span> 
     </span>
     <span class='ocr_line' id='line_1_74' title="bbox 1218 1219 1958 1253; baseline 0 -1"><span class='ocrx_word' id='word_1_353' title='bbox 1218 1219 1445 1252; x_wconf 76' lang='lat' dir='ltr'>venerabilium</span> <span class='ocrx_word' id='word_1_354' title='bbox 1469 1220 1603 1253; x_wconf 83' lang='lat' dir='ltr'>fratrum</span> <span class='ocrx_word' id='word_1_355' title='bbox 1626 1225 1807 1253; x_wconf 83' lang='lat' dir='ltr'>nostrorum</span> <span class='ocrx_word' id='word_1_356' title='bbox 1825 1220 1853 1253; x_wconf 90' lang='lat' dir='ltr'>S.</span> <span class='ocrx_word' id='word_1_357' title='bbox 1872 1220 1906 1253; x_wconf 83' lang='lat' dir='ltr'>R.</span> <span class='ocrx_word' id='word_1_358' title='bbox 1925 1220 1958 1253; x_wconf 90' lang='lat' dir='ltr'>E.</span> 
     </span>
     <span class='ocr_line' id='line_1_75' title="bbox 1219 1273 1959 1318; baseline 0.001 -12"><span class='ocrx_word' id='word_1_359' title='bbox 1219 1273 1424 1306; x_wconf 87' lang='lat' dir='ltr'>cardinalium</span> <span class='ocrx_word' id='word_1_360' title='bbox 1449 1273 1583 1317; x_wconf 88' lang='lat' dir='ltr'>negotiis</span> <span class='ocrx_word' id='word_1_361' title='bbox 1603 1273 1799 1316; x_wconf 85' lang='lat' dir='ltr'>regularium</span> <span class='ocrx_word' id='word_1_362' title='bbox 1824 1283 1959 1318; x_wconf 86' lang='lat' dir='ltr'>praepo-</span> 
     </span>
     <span class='ocr_line' id='line_1_76' title="bbox 1219 1327 1961 1368; baseline 0.003 -9"><span class='ocrx_word' id='word_1_363' title='bbox 1219 1327 1350 1361; x_wconf 86' lang='lat' dir='ltr'>sitorum</span> <span class='ocrx_word' id='word_1_364' title='bbox 1375 1327 1516 1368; x_wconf 88' lang='lat' dir='ltr'>consilio,</span> <span class='ocrx_word' id='word_1_365' title='bbox 1541 1332 1667 1368; x_wconf 87' lang='lat' dir='ltr'>sectam,</span> <span class='ocrx_word' id='word_1_366' title='bbox 1696 1331 1810 1360; x_wconf 88' lang='lat' dir='ltr'>statum</span> <span class='ocrx_word' id='word_1_367' title='bbox 1835 1332 1866 1360; x_wconf 87' lang='lat' dir='ltr'>et</span> <span class='ocrx_word' id='word_1_368' title='bbox 1889 1338 1961 1361; x_wconf 82' lang='lat' dir='ltr'>eon-</span> 
     </span>
     <span class='ocr_line' id='line_1_77' title="bbox 1219 1380 1959 1424; baseline 0.001 -11"><span class='ocrx_word' id='word_1_369' title='bbox 1219 1380 1434 1424; x_wconf 84' lang='lat' dir='ltr'>gregationem</span> <span class='ocrx_word' id='word_1_370' title='bbox 1460 1380 1640 1414; x_wconf 87' lang='lat' dir='ltr'>huiusmodi</span> <span class='ocrx_word' id='word_1_371' title='bbox 1665 1380 1782 1414; x_wconf 89' lang='lat' dir='ltr'>nullius</span> <span class='ocrx_word' id='word_1_372' title='bbox 1801 1380 1959 1415; x_wconf 86' lang='lat' dir='ltr'>firmitatis</span> 
     </span>
     <span class='ocr_line' id='line_1_78' title="bbox 1219 1433 1956 1478; baseline 0.001 -12"><span class='ocrx_word' id='word_1_373' title='bbox 1219 1445 1368 1478; x_wconf 86' lang='lat' dir='ltr'>umquam</span> <span class='ocrx_word' id='word_1_374' title='bbox 1384 1461 1391 1475; x_wconf 93' lang='lat'>,</span> <span class='ocrx_word' id='word_1_375' title='bbox 1416 1434 1512 1467; x_wconf 81' lang='lat' dir='ltr'>fuisse</span> <span class='ocrx_word' id='word_1_376' title='bbox 1531 1439 1584 1467; x_wconf 85' lang='lat' dir='ltr'>aut</span> <span class='ocrx_word' id='word_1_377' title='bbox 1608 1445 1677 1467; x_wconf 88' lang='lat' dir='ltr'>esse</span> <span class='ocrx_word' id='word_1_378' title='bbox 1701 1433 1873 1478; x_wconf 79' lang='lat' dir='ltr'>apostolica</span> <span class='ocrx_word' id='word_1_379' title='bbox 1898 1445 1956 1467; x_wconf 86' lang='lat' dir='ltr'>au-</span> 
     </span>
     <span class='ocr_line' id='line_1_79' title="bbox 1220 1485 1960 1532; baseline -0.001 -10"><span class='ocrx_word' id='word_1_380' title='bbox 1220 1488 1373 1530; x_wconf 85' lang='lat' dir='ltr'>ctoritate,</span> <span class='ocrx_word' id='word_1_381' title='bbox 1390 1493 1499 1522; x_wconf 87' lang='lat' dir='ltr'>tenore</span> <span class='ocrx_word' id='word_1_382' title='bbox 1518 1488 1742 1532; x_wconf 86' lang='lat' dir='ltr'>praesentium,</span> <span class='ocrx_word' id='word_1_383' title='bbox 1760 1485 1960 1521; x_wconf 88' lang='lat' dir='ltr'>decernimus</span> 
     </span>
     <span class='ocr_line' id='line_1_80' title="bbox 1219 1542 1961 1586; baseline 0.001 -12"><span class='ocrx_word' id='word_1_384' title='bbox 1219 1547 1249 1574; x_wconf 87' lang='lat' dir='ltr'>et</span> <span class='ocrx_word' id='word_1_385' title='bbox 1273 1542 1480 1583; x_wconf 85' lang='lat' dir='ltr'>declaramus,</span> <span class='ocrx_word' id='word_1_386' title='bbox 1499 1546 1529 1575; x_wconf 84' lang='lat' dir='ltr'>et</span> <span class='ocrx_word' id='word_1_387' title='bbox 1553 1546 1705 1586; x_wconf 86' lang='lat' dir='ltr'>quatenus</span> <span class='ocrx_word' id='word_1_388' title='bbox 1730 1542 1768 1575; x_wconf 88' lang='lat' dir='ltr'>de</span> <span class='ocrx_word' id='word_1_389' title='bbox 1791 1542 1872 1575; x_wconf 83' lang='lat' dir='ltr'>sacto</span> <span class='ocrx_word' id='word_1_390' title='bbox 1889 1552 1961 1586; x_wconf 89' lang='lat' dir='ltr'>pro-</span> 
     </span>
     <span class='ocr_line' id='line_1_81' title="bbox 1219 1595 1960 1640; baseline -0.001 -11"><span class='ocrx_word' id='word_1_391' title='bbox 1219 1596 1322 1637; x_wconf 87' lang='lat' dir='ltr'>cessit,</span> <span class='ocrx_word' id='word_1_392' title='bbox 1347 1596 1465 1629; x_wconf 85' lang='lat' dir='ltr'>eisdem</span> <span class='ocrx_word' id='word_1_393' title='bbox 1489 1596 1673 1630; x_wconf 88' lang='lat' dir='ltr'>auctoritate</span> <span class='ocrx_word' id='word_1_394' title='bbox 1693 1601 1723 1629; x_wconf 90' lang='lat' dir='ltr'>et</span> <span class='ocrx_word' id='word_1_395' title='bbox 1743 1600 1852 1630; x_wconf 87' lang='lat' dir='ltr'>tenore</span> <span class='ocrx_word' id='word_1_396' title='bbox 1876 1595 1960 1640; x_wconf 88' lang='lat' dir='ltr'>peni-</span> 
     </span>
     <span class='ocr_line' id='line_1_82' title="bbox 1219 1650 1959 1693; baseline -0.001 -10"><span class='ocrx_word' id='word_1_397' title='bbox 1219 1655 1268 1683; x_wconf 87' lang='lat' dir='ltr'>tus</span> <span class='ocrx_word' id='word_1_398' title='bbox 1293 1655 1322 1683; x_wconf 87' lang='lat' dir='ltr'>et</span> <span class='ocrx_word' id='word_1_399' title='bbox 1352 1650 1482 1684; x_wconf 89' lang='lat' dir='ltr'>omnino</span> <span class='ocrx_word' id='word_1_400' title='bbox 1514 1661 1720 1693; x_wconf 77' lang='lat' dir='ltr'>revocamus,</span> <span class='ocrx_word' id='word_1_401' title='bbox 1745 1661 1904 1683; x_wconf 87' lang='lat' dir='ltr'>cassamus</span> <span class='ocrx_word' id='word_1_402' title='bbox 1929 1655 1959 1683; x_wconf 86' lang='lat' dir='ltr'>et</span> 
     </span>
     <span class='ocr_line' id='line_1_83' title="bbox 1218 1703 1957 1748; baseline -0.001 -12"><span class='ocrx_word' id='word_1_403' title='bbox 1218 1704 1416 1737; x_wconf 87' lang='lat' dir='ltr'>annullamus</span> <span class='ocrx_word' id='word_1_404' title='bbox 1434 1731 1440 1744; x_wconf 93' lang='lat'>,</span> <span class='ocrx_word' id='word_1_405' title='bbox 1476 1709 1710 1748; x_wconf 86' lang='lat' dir='ltr'>perpetuaeque</span> <span class='ocrx_word' id='word_1_406' title='bbox 1748 1703 1957 1748; x_wconf 85' lang='lat' dir='ltr'>prohibitioni</span> 
     </span>
     <span class='ocr_line' id='line_1_84' title="bbox 1218 1757 1961 1801; baseline -0.001 -11"><span class='ocrx_word' id='word_1_407' title='bbox 1218 1758 1410 1799; x_wconf 87' lang='lat' dir='ltr'>subiicimus,</span> <span class='ocrx_word' id='word_1_408' title='bbox 1421 1763 1450 1791; x_wconf 90' lang='lat' dir='ltr'>et</span> <span class='ocrx_word' id='word_1_409' title='bbox 1467 1758 1505 1791; x_wconf 88' lang='lat' dir='ltr'>ab</span> <span class='ocrx_word' id='word_1_410' title='bbox 1521 1758 1660 1791; x_wconf 77' lang='lat' dir='ltr'>Ecclesia</span> <span class='ocrx_word' id='word_1_411' title='bbox 1676 1758 1731 1791; x_wconf 87' lang='lat' dir='ltr'>Dei</span> <span class='ocrx_word' id='word_1_412' title='bbox 1748 1758 1872 1801; x_wconf 87' lang='lat' dir='ltr'>penitus</span> <span class='ocrx_word' id='word_1_413' title='bbox 1889 1757 1961 1790; x_wconf 89' lang='lat' dir='ltr'>abo-</span> 
     </span>
     <span class='ocr_line' id='line_1_85' title="bbox 1218 1811 1960 1856; baseline 0 -12"><span class='ocrx_word' id='word_1_414' title='bbox 1218 1813 1335 1853; x_wconf 88' lang='lat' dir='ltr'>lemus,</span> <span class='ocrx_word' id='word_1_415' title='bbox 1360 1822 1483 1845; x_wconf 85' lang='lat' dir='ltr'>necnon</span> <span class='ocrx_word' id='word_1_416' title='bbox 1507 1813 1665 1852; x_wconf 87' lang='lat' dir='ltr'>omnibus,</span> <span class='ocrx_word' id='word_1_417' title='bbox 1682 1812 1736 1856; x_wconf 87' lang='lat' dir='ltr'>qui</span> <span class='ocrx_word' id='word_1_418' title='bbox 1756 1811 1908 1853; x_wconf 86' lang='lat' dir='ltr'>habitum,</span> <span class='ocrx_word' id='word_1_419' title='bbox 1925 1815 1960 1844; x_wconf 88' lang='lat' dir='ltr'>ut</span> 
     </span>
     <span class='ocr_line' id='line_1_86' title="bbox 1218 1865 1961 1910; baseline -0.003 -11"><span class='ocrx_word' id='word_1_420' title='bbox 1218 1876 1312 1909; x_wconf 90' lang='lat' dir='ltr'>supra</span> <span class='ocrx_word' id='word_1_421' title='bbox 1337 1869 1553 1910; x_wconf 66' lang='lat' dir='ltr'>susceperunt,</span> <span class='ocrx_word' id='word_1_422' title='bbox 1573 1866 1865 1909; x_wconf 86' lang='lat' dir='ltr'>professionemque</span> <span class='ocrx_word' id='word_1_423' title='bbox 1885 1865 1961 1898; x_wconf 88' lang='lat' dir='ltr'>emi-</span> 
     </span>
     <span class='ocr_line' id='line_1_87' title="bbox 1218 1918 1961 1959; baseline -0.001 -8"><span class='ocrx_word' id='word_1_424' title='bbox 1218 1924 1336 1959; x_wconf 86' lang='lat' dir='ltr'>serunt,</span> <span class='ocrx_word' id='word_1_425' title='bbox 1359 1919 1416 1951; x_wconf 88' lang='lat' dir='ltr'>sub</span> <span class='ocrx_word' id='word_1_426' title='bbox 1434 1918 1770 1952; x_wconf 81' lang='lat' dir='ltr'>excommunicationis</span> <span class='ocrx_word' id='word_1_427' title='bbox 1789 1919 1869 1951; x_wconf 88' lang='lat' dir='ltr'>latae</span> <span class='ocrx_word' id='word_1_428' title='bbox 1894 1928 1961 1951; x_wconf 87' lang='lat' dir='ltr'>sen-</span> 
     </span>
     <span class='ocr_line' id='line_1_88' title="bbox 1218 1973 1960 2017; baseline 0 -12"><span class='ocrx_word' id='word_1_429' title='bbox 1218 1973 1332 2005; x_wconf 87' lang='lat' dir='ltr'>tentiae</span> <span class='ocrx_word' id='word_1_430' title='bbox 1345 1975 1447 2017; x_wconf 78' lang='lat' dir='ltr'>poena</span> <span class='ocrx_word' id='word_1_431' title='bbox 1460 1973 1676 2006; x_wconf 88' lang='lat' dir='ltr'>interdicimus</span> <span class='ocrx_word' id='word_1_432' title='bbox 1690 1977 1720 2005; x_wconf 85' lang='lat' dir='ltr'>et</span> <span class='ocrx_word' id='word_1_433' title='bbox 1733 1982 1880 2016; x_wconf 80' lang='lat' dir='ltr'>expresse</span> <span class='ocrx_word' id='word_1_434' title='bbox 1890 1983 1960 2016; x_wconf 85' lang='lat' dir='ltr'>pro-</span> 
     </span>
     <span class='ocr_line' id='line_1_89' title="bbox 1218 2016 1958 2069; baseline -0.001 -10"><span class='ocrx_word' id='word_1_435' title='bbox 1218 2027 1375 2067; x_wconf 87' lang='lat' dir='ltr'>hibemus,</span> <span class='ocrx_word' id='word_1_436' title='bbox 1396 2037 1436 2060; x_wconf 87' lang='lat' dir='ltr'>ne</span> <span class='ocrx_word' id='word_1_437' title='bbox 1461 2032 1576 2059; x_wconf 86' lang='lat' dir='ltr'>sectam</span> <span class='ocrx_word' id='word_1_438' title='bbox 1603 2038 1655 2060; x_wconf 87' lang='lat' dir='ltr'>seu</span> <span class='ocrx_word' id='word_1_439' title='bbox 1681 2016 1958 2069; x_wconf 83' lang='lat' dir='ltr'>congregationem</span> 
     </span>
     <span class='ocr_line' id='line_1_90' title="bbox 1218 2081 1959 2125; baseline -0.001 -12"><span class='ocrx_word' id='word_1_440' title='bbox 1218 2081 1397 2114; x_wconf 85' lang='lat' dir='ltr'>huiusmodi</span> <span class='ocrx_word' id='word_1_441' title='bbox 1423 2082 1461 2114; x_wconf 85' lang='lat' dir='ltr'>ab</span> <span class='ocrx_word' id='word_1_442' title='bbox 1487 2081 1563 2125; x_wconf 87' lang='lat' dir='ltr'>ipsis</span> <span class='ocrx_word' id='word_1_443' title='bbox 1581 2086 1776 2124; x_wconf 85' lang='lat' dir='ltr'>assumptam</span> <span class='ocrx_word' id='word_1_444' title='bbox 1801 2083 1959 2113; x_wconf 84' lang='lat' dir='ltr'>sectentur</span> 
     </span>
     <span class='ocr_line' id='line_1_91' title="bbox 1217 2134 1959 2178; baseline 0 -12"><span class='ocrx_word' id='word_1_445' title='bbox 1217 2134 1359 2175; x_wconf 87' lang='lat' dir='ltr'>ulterius,</span> <span class='ocrx_word' id='word_1_446' title='bbox 1374 2134 1421 2167; x_wconf 70' lang='lat' dir='ltr'>vel</span> <span class='ocrx_word' id='word_1_447' title='bbox 1439 2134 1538 2178; x_wconf 85' lang='lat' dir='ltr'>ipsam</span> <span class='ocrx_word' id='word_1_448' title='bbox 1558 2134 1595 2167; x_wconf 88' lang='lat' dir='ltr'>de</span> <span class='ocrx_word' id='word_1_449' title='bbox 1612 2145 1694 2167; x_wconf 74' lang='lat' dir='ltr'>novo</span> <span class='ocrx_word' id='word_1_450' title='bbox 1710 2144 1870 2167; x_wconf 87' lang='lat' dir='ltr'>assumere</span> <span class='ocrx_word' id='word_1_451' title='bbox 1884 2143 1959 2177; x_wconf 87' lang='lat' dir='ltr'>quo-</span> 
     </span>
     <span class='ocr_line' id='line_1_92' title="bbox 1218 2187 1866 2231; baseline -0.002 -11"><span class='ocrx_word' id='word_1_452' title='bbox 1218 2198 1280 2231; x_wconf 90' lang='lat' dir='ltr'>quo</span> <span class='ocrx_word' id='word_1_453' title='bbox 1305 2187 1399 2221; x_wconf 89' lang='lat' dir='ltr'>modo</span> <span class='ocrx_word' id='word_1_454' title='bbox 1423 2188 1558 2220; x_wconf 88' lang='lat' dir='ltr'>audeant</span> <span class='ocrx_word' id='word_1_455' title='bbox 1582 2188 1629 2220; x_wconf 86' lang='lat' dir='ltr'>vel</span> <span class='ocrx_word' id='word_1_456' title='bbox 1653 2192 1866 2231; x_wconf 84' lang='lat' dir='ltr'>praesumant.</span> 
     </span>
    </p>

    <p class='ocr_par' dir='ltr' id='par_1_18' title="bbox 1263 2240 2160 2285">
     <span class='ocr_line' id='line_1_93' title="bbox 1263 2240 2160 2285; baseline -0.001 -11"><span class='ocrx_word' id='word_1_457' title='bbox 1263 2242 1277 2285; x_wconf 61' lang='grc' dir='ltr'><strong>ξ</strong></span> <span class='ocrx_word' id='word_1_458' title='bbox 1301 2241 1330 2274; x_wconf 80' lang='grc'>3.</span> <span class='ocrx_word' id='word_1_459' title='bbox 1356 2242 1393 2274; x_wconf 86' lang='lat' dir='ltr'>Et</span> <span class='ocrx_word' id='word_1_460' title='bbox 1416 2241 1621 2275; x_wconf 86' lang='lat' dir='ltr'>nihilominus</span> <span class='ocrx_word' id='word_1_461' title='bbox 1647 2242 1694 2281; x_wconf 82' lang='lat' dir='ltr'>iis,</span> <span class='ocrx_word' id='word_1_462' title='bbox 1712 2241 1765 2285; x_wconf 88' lang='lat' dir='ltr'>qui</span> <span class='ocrx_word' id='word_1_463' title='bbox 1790 2241 1873 2274; x_wconf 75' lang='lat' dir='ltr'>bona</span> <span class='ocrx_word' id='word_1_464' title='bbox 1898 2240 1960 2273; x_wconf 84' lang='lat' dir='ltr'>fide</span> <span class='ocrx_word' id='word_1_465' title='bbox 2001 2248 2024 2269; x_wconf 83' lang='lat' dir='ltr'>ln</span> <span class='ocrx_word' id='word_1_466' title='bbox 2040 2253 2064 2268; x_wconf 80' lang='lat' dir='ltr'>ea</span> <span class='ocrx_word' id='word_1_467' title='bbox 2079 2247 2160 2274; x_wconf 72' lang='lat' dir='ltr'>profes·</span> 
     </span>
    </p>
   </div>
   <div class='ocr_carea' id='block_1_13' title="bbox 1218 2275 2161 2339">
    <p class='ocr_par' dir='ltr' id='par_1_19' title="bbox 1218 2275 2161 2339">
     <span class='ocr_line' id='line_1_94' title="bbox 1218 2275 2161 2339; baseline -0.001 -12"><span class='ocrx_word' id='word_1_468' title='bbox 1218 2300 1299 2336; x_wconf 74' lang='lat' dir='ltr'>vota,</span> <span class='ocrx_word' id='word_1_469' title='bbox 1314 2300 1349 2327; x_wconf 92' lang='lat' dir='ltr'>ut</span> <span class='ocrx_word' id='word_1_470' title='bbox 1372 2306 1476 2339; x_wconf 85' lang='lat' dir='ltr'>supra,</span> <span class='ocrx_word' id='word_1_471' title='bbox 1494 2295 1677 2337; x_wconf 83' lang='lat' dir='ltr'>emiserunt,</span> <span class='ocrx_word' id='word_1_472' title='bbox 1695 2300 1730 2327; x_wconf 94' lang='lat' dir='ltr'>ut</span> <span class='ocrx_word' id='word_1_473' title='bbox 1754 2295 1784 2327; x_wconf 88' lang='lat' dir='ltr'>in</span> <span class='ocrx_word' id='word_1_474' title='bbox 1806 2294 1911 2327; x_wconf 89' lang='lat' dir='ltr'>seculo</span> <span class='ocrx_word' id='word_1_475' title='bbox 1929 2293 1960 2326; x_wconf 89' lang='lat' dir='ltr'>in</span> <span class='ocrx_word' id='word_1_476' title='bbox 1975 2280 2084 2322; x_wconf 57' lang='lat' dir='ltr'>{ffi‘gflfg</span> <span class='ocrx_word' id='word_1_477' title='bbox 2087 2275 2161 2322; x_wconf 52' lang='lat' dir='ltr'>‘31¹1&#39;th</span> 
     </span>
    </p>
   </div>
   <div class='ocr_carea' id='block_1_14' title="bbox 1219 2328 2162 2662">
    <p class='ocr_par' dir='ltr' id='par_1_20' title="bbox 1219 2328 2162 2662">
     <span class='ocr_line' id='line_1_95' title="bbox 1219 2328 2160 2392; baseline -0.007 -10"><span class='ocrx_word' id='word_1_478' title='bbox 1219 2349 1327 2382; x_wconf 89' lang='lat' dir='ltr'>habitu</span> <span class='ocrx_word' id='word_1_479' title='bbox 1342 2349 1489 2389; x_wconf 80' lang='lat' dir='ltr'>clericali,</span> <span class='ocrx_word' id='word_1_480' title='bbox 1507 2350 1565 2382; x_wconf 85' lang='lat' dir='ltr'>sub</span> <span class='ocrx_word' id='word_1_481' title='bbox 1583 2349 1760 2383; x_wconf 75' lang='lat' dir='ltr'>obedientia</span> <span class='ocrx_word' id='word_1_482' title='bbox 1777 2353 1882 2381; x_wconf 87' lang='lat' dir='ltr'>tamen</span> <span class='ocrx_word' id='word_1_483' title='bbox 1900 2348 1962 2392; x_wconf 88' lang='lat' dir='ltr'>epi·</span> <span class='ocrx_word' id='word_1_484' title='bbox 1976 2328 2160 2376; x_wconf 36' lang='lat' dir='ltr'>&amp;Quemna-</span> 
     </span>
     <span class='ocr_line' id='line_1_96' title="bbox 1219 2402 1961 2446; baseline 0 -11"><span class='ocrx_word' id='word_1_485' title='bbox 1219 2403 1304 2446; x_wconf 87' lang='lat' dir='ltr'>scopi</span> <span class='ocrx_word' id='word_1_486' title='bbox 1324 2403 1393 2445; x_wconf 89' lang='lat' dir='ltr'>loci,</span> <span class='ocrx_word' id='word_1_487' title='bbox 1412 2403 1467 2436; x_wconf 91' lang='lat' dir='ltr'>ubi</span> <span class='ocrx_word' id='word_1_488' title='bbox 1485 2413 1538 2436; x_wconf 87' lang='lat' dir='ltr'>eos</span> <span class='ocrx_word' id='word_1_489' title='bbox 1556 2403 1674 2436; x_wconf 88' lang='lat' dir='ltr'>morari</span> <span class='ocrx_word' id='word_1_490' title='bbox 1692 2402 1871 2445; x_wconf 84' lang='lat' dir='ltr'>contigerit,</span> <span class='ocrx_word' id='word_1_491' title='bbox 1888 2406 1961 2435; x_wconf 88' lang='lat' dir='ltr'>voto</span> 
     </span>
     <span class='ocr_line' id='line_1_97' title="bbox 1220 2455 1961 2490; baseline -0.001 -1"><span class='ocrx_word' id='word_1_492' title='bbox 1220 2456 1368 2490; x_wconf 87' lang='lat' dir='ltr'>castitatis</span> <span class='ocrx_word' id='word_1_493' title='bbox 1393 2456 1534 2490; x_wconf 85' lang='lat' dir='ltr'>adstricti</span> <span class='ocrx_word' id='word_1_494' title='bbox 1559 2467 1724 2489; x_wconf 87' lang='lat' dir='ltr'>remanere</span> <span class='ocrx_word' id='word_1_495' title='bbox 1748 2456 1847 2489; x_wconf 85' lang='lat' dir='ltr'>libere</span> <span class='ocrx_word' id='word_1_496' title='bbox 1872 2460 1902 2488; x_wconf 88' lang='lat' dir='ltr'>et</span> <span class='ocrx_word' id='word_1_497' title='bbox 1924 2455 1961 2488; x_wconf 93' lang='lat' dir='ltr'>li-</span> 
     </span>
     <span class='ocr_line' id='line_1_98' title="bbox 1220 2509 1963 2554; baseline -0.001 -11"><span class='ocrx_word' id='word_1_498' title='bbox 1220 2511 1279 2543; x_wconf 87' lang='lat' dir='ltr'>cite</span> <span class='ocrx_word' id='word_1_499' title='bbox 1305 2511 1435 2551; x_wconf 75' lang='lat' dir='ltr'>valeant,</span> <span class='ocrx_word' id='word_1_500' title='bbox 1457 2511 1642 2544; x_wconf 87' lang='lat' dir='ltr'>auctoritate</span> <span class='ocrx_word' id='word_1_501' title='bbox 1663 2515 1692 2543; x_wconf 84' lang='lat' dir='ltr'>et</span> <span class='ocrx_word' id='word_1_502' title='bbox 1709 2515 1819 2544; x_wconf 86' lang='lat' dir='ltr'>tenore</span> <span class='ocrx_word' id='word_1_503' title='bbox 1842 2509 1963 2554; x_wconf 87' lang='lat' dir='ltr'>praedi-</span> 
     </span>
     <span class='ocr_line' id='line_1_99' title="bbox 1220 2564 1791 2607; baseline 0.002 -11"><span class='ocrx_word' id='word_1_504' title='bbox 1220 2564 1277 2597; x_wconf 88' lang='lat' dir='ltr'>ctis</span> <span class='ocrx_word' id='word_1_505' title='bbox 1302 2564 1503 2597; x_wconf 88' lang='lat' dir='ltr'>concedimus</span> <span class='ocrx_word' id='word_1_506' title='bbox 1527 2569 1557 2597; x_wconf 87' lang='lat' dir='ltr'>et</span> <span class='ocrx_word' id='word_1_507' title='bbox 1581 2564 1791 2607; x_wconf 86' lang='lat' dir='ltr'>indulgemus.</span> 
     </span>
     <span class='ocr_line' id='line_1_100' title="bbox 1265 2618 2162 2662; baseline -0.001 -11"><span class='ocrx_word' id='word_1_508' title='bbox 1265 2619 1279 2660; x_wconf 61' lang='grc' dir='ltr'>ξ</span> <span class='ocrx_word' id='word_1_509' title='bbox 1293 2618 1322 2651; x_wconf 65' lang='lat' dir='ltr'>st.</span> <span class='ocrx_word' id='word_1_510' title='bbox 1337 2619 1480 2651; x_wconf 88' lang='lat' dir='ltr'>Ceterum</span> <span class='ocrx_word' id='word_1_511' title='bbox 1496 2629 1548 2652; x_wconf 87' lang='lat' dir='ltr'>eos</span> <span class='ocrx_word' id='word_1_512' title='bbox 1561 2624 1690 2662; x_wconf 86' lang='lat' dir='ltr'>paterno</span> <span class='ocrx_word' id='word_1_513' title='bbox 1704 2619 1734 2651; x_wconf 92' lang='lat' dir='ltr'>in</span> <span class='ocrx_word' id='word_1_514' title='bbox 1745 2618 1878 2652; x_wconf 89' lang='lat' dir='ltr'>Domino</span> <span class='ocrx_word' id='word_1_515' title='bbox 1892 2618 1963 2651; x_wconf 87' lang='lat' dir='ltr'>hor-</span> <span class='ocrx_word' id='word_1_516' title='bbox 1984 2622 2162 2643; x_wconf 62' lang='lat' dir='ltr'>Hormtnrwmen</span> 
     </span>
    </p>
   </div>
   <div class='ocr_carea' id='block_1_15' title="bbox 1222 2649 2162 2717">
    <p class='ocr_par' dir='ltr' id='par_1_21' title="bbox 1222 2649 2162 2717">
     <span class='ocr_line' id='line_1_101' title="bbox 1222 2649 2162 2717; baseline -0.003 -12"><span class='ocrx_word' id='word_1_517' title='bbox 1222 2677 1334 2714; x_wconf 87' lang='lat' dir='ltr'>tamur,</span> <span class='ocrx_word' id='word_1_518' title='bbox 1347 2678 1382 2706; x_wconf 90' lang='lat' dir='ltr'>ut</span> <span class='ocrx_word' id='word_1_519' title='bbox 1397 2673 1533 2717; x_wconf 88' lang='lat' dir='ltr'>aliquam</span> <span class='ocrx_word' id='word_1_520' title='bbox 1550 2672 1767 2717; x_wconf 86' lang='lat' dir='ltr'>ingrediantur</span> <span class='ocrx_word' id='word_1_521' title='bbox 1782 2672 1820 2706; x_wconf 88' lang='lat' dir='ltr'>dc</span> <span class='ocrx_word' id='word_1_522' title='bbox 1837 2649 2162 2716; x_wconf 54' lang='lat' dir='ltr'>1=eljg10.i¹iiiffiiffiiiu¹¹s¹aivf</span> 
     </span>
    </p>
   </div>
   <div class='ocr_carea' id='block_1_16' title="bbox 1973 802 2157 850">
    <p class='ocr_par' dir='ltr' id='par_1_22' title="bbox 1973 802 2157 850">
     <span class='ocr_line' id='line_1_102' title="bbox 2008 802 2157 829; baseline 0 -6"><span class='ocrx_word' id='word_1_523' title='bbox 2008 802 2059 823; x_wconf 73' lang='lat' dir='ltr'>Eam</span> <span class='ocrx_word' id='word_1_524' title='bbox 2075 803 2157 829; x_wconf 80' lang='lat' dir='ltr'>suppri-</span> 
     </span>
     <span class='ocr_line' id='line_1_103' title="bbox 1973 830 2128 850; baseline 0 0"><span class='ocrx_word' id='word_1_525' title='bbox 1973 830 2009 850; x_wconf 84' lang='lat' dir='ltr'>mit</span> <span class='ocrx_word' id='word_1_526' title='bbox 2024 830 2128 850; x_wconf 74' lang='lat' dir='ltr'>Pounsex.</span> 
     </span>
    </p>
   </div>
  </div>
 </body>
</html>
