2269 3235
165 227 213 257 An.
235 227 264 256 C.
283 227 349 255 1624

195 449 348 475 Transumptis-

165 482 206 523 gp?
217 476 274 496 credi
289 482 348 496 man-

186 1727 327 1749 Prooemium.

195 2205 225 2226 Ad
241 2205 340 2226 dirimen-

158 2232 196 2251 das
218 2232 265 2252 lites
287 2231 341 2253 inter'

157 2260 235 2305 partes,
251 2259 277 2279 de
295 2260 340 2285 qui-

173 2291 196 2305 us
220 2286 297 2306 mentio
320 2285 341 2306 fit

158 2317 178 2331 tu
194 2311 286 2336 rubriCssm

970 229 1113 253 uubanus

365 276 589 320 permansuris,
602 276 661 309 liae
670 275 736 309 vice
749 276 911 309 dumtaxat
927 276 1104 319 specialiter

363 334 394 363 et
410 339 555 374 expresse
575 330 776 374 derogamus,
793 329 967 373 ceterisque
983 334 1106 362 contra-

365 382 419 415 riis
443 382 704 427 quibuscumque.

408 436 423 480 ἓ
438 436 465 469 7.
492 437 641 470 Volumus
657 441 773 477 autem,
789 435 873 480 quod
891 434 1103 479 praesentium

365 490 578 534 transumptis,
596 490 688 523 etiam
705 489 878 534 impressis,
896 498 990 521 manu
1007 488 1104 520 alicu-

366 543 412 576 ius
424 543 538 577 notarii
551 543 668 588 publici
682 537 879 586 subseriptis,
894 547 924 575 et
936 541 1040 584 sigillo
1054 541 1106 573 ali-

365 597 454 630 euius
477 607 629 641 personae
655 597 685 629 in
714 596 865 639 dignitate
892 595 1104 629 ecclesiastica

365 650 551 683 constitutae
570 649 716 690 munitis,
741 649 849 682 eadem
872 659 1003 693 prorsus
1027 648 1105 680 sides

365 703 560 744 adhibeatur,
570 713 649 746 quae
662 702 781 736 eisdem
792 702 1011 746 praesentibus
1021 701 1106 734 adhi-

365 758 503 798 beretur,
523 757 548 791 si
569 757 671 791 forent
687 757 845 790 exhibitae
862 757 910 789 vel
929 761 1081 790 ostensae.

407 811 518 844 Datum
538 812 657 845 Romae
674 838 681 852 ‚
707 810 791 855 apud
815 811 844 844 S.
870 811 997 843 Petrum
1013 837 1020 850 ,
1044 809 1104 843 sub

363 865 478 898 annulo
494 864 672 905 piscatoris,
690 865 740 898 die
760 876 779 898 x
800 865 932 898 ianuarii
950 873 1104 904 MncxxIV,

363 918 564 963 pontificatus
588 919 687 952 nostri
711 929 793 952 anno
818 930 837 953 1.

398 981 455 1009 Dat.
473 982 517 1009 die
536 983 567 1009 10
581 982 694 1009 ianuarii
712 981 793 1017 1624,
810 982 905 1017 pontif.
924 990 968 1008 an.
990 982 1024 1008 1¹.

679 1097 782 1131 XXIII.

363 1169 532 1203 Collectori
561 1169 709 1212 yeneralz'
743 1169 923 1212 spoliorum
959 1178 1104 1201 camerae

405 1222 598 1266 apostolicae
609 1222 645 1255 iu
658 1223 767 1265 reynis
784 1221 1015 1264 Portuyatliae
1024 1232 1105 1254 com-

405 1276 562 1315 mittitur,
578 1279 614 1307 ut
631 1274 871 1317 archiepiscopo
888 1274 1058 1307 Elborensi
1075 1279 1103 1307 et

403 1328 565 1361 militibus
578 1328 781 1360 militiarum
795 1327 826 1360 S.
841 1327 951 1360 Jacobz·
963 1332 991 1360 et
1001 1327 1032 1360 S.
1048 1328 1104 1360 Be-

403 1381 525 1414 nedicti
541 1381 578 1414 cle
597 1382 677 1415 Avis
698 1382 876 1414 terminum
892 1381 1015 1424 riqintz'
1035 1381 1102 1414 die-

402 1445 478 1468 rum
496 1435 657 1479 praefiyat
679 1435 723 1468 acl
747 1435 885 1468 arbitros
910 1436 1104 1468 constituen-

403 1487 469 1528 dos,
492 1489 552 1531 qui
568 1488 799 1521 controversias
822 1498 931 1520 omnes
948 1488 1034 1520 inter
1054 1498 1103 1520 eos

401 1545 557 1574 vertentes
581 1541 741 1584 definiant
754 1540 774 1573 ἵ.

563 1613 700 1640 Urbanus
721 1613 800 1647 Papa
819 1613 897 1645 VIII,

503 1657 539 1684 ad
558 1657 691 1685 futuram
710 1658 754 1685 rei
774 1657 954 1685 memoriam.

402 1719 542 1752 Onerosa
566 1719 734 1763 pastoralis
750 1719 845 1752 officii
863 1729 947 1759 cura,
966 1719 1052 1752 nullo
1070 1719 1102 1751 li-

357 1776 405 1807 cet
414 1773 601 1806 meritorum
618 1772 780 1816 suffragio,
790 1772 959 1805 humilitati
975 1778 1101 1805 nostrae

357 1826 559 1859 inenarrabili
577 1826 670 1869 Regis
687 1836 798 1869 regum
817 1831 846 1858 et
866 1826 990 1859 Domini
1004 1826 1101 1858 domi-

355 1881 497 1913 nantium
519 1880 635 1913 iudicio
649 1880 818 1913 commissa
831 1880 977 1923 postulat,
991 1885 1099 1912 utnon

357 1933 459 1967 solum
485 1934 641 1974 omnibus,
658 1934 843 1978 praesertim
870 1934 1099 1974 ecclesiasticis,

357 1987 618 2030 regularibusque
646 1987 789 2030 personis
818 1986 966 2020 iustitiam
998 1988 1098 2030 aequa

356 2039 443 2073 lance
460 2040 641 2073 ministrare
658 2050 815 2082 curemus,
839 2040 892 2072 sed
910 2039 1099 2084 quandoque

355 2094 424 2127 lites
449 2099 478 2126 et
503 2094 734 2127 controversias
758 2098 788 2126 et
804 2093 932 2126 dissidia
949 2093 1030 2126 inter
1047 2105 1098 2127 eas

355 2147 494 2189 vigentes
519 2147 623 2190 quiete
647 2146 830 2190 praecidere
855 2146 1045 2179 studeamus.

400 2201 415 2244 ἓ
434 2201 464 2233 1.
489 2201 565 2234 Cum
586 2200 700 2244 itaque,
720 2200 800 2233 sieut
817 2200 1006 2244 accepimus,
1027 2201 1099 2233 clia-

356 2253 500 2286 rissimus
516 2254 548 2286 in
564 2253 687 2286 Christo
704 2253 788 2285 filius
808 2258 916 2286 noster
933 2253 1098 2297 Philippus
1112 2227 1115 2267 Ι

356 2306 565 2349 Portugalliae
589 2310 619 2340 et
642 2306 865 2349 Algarbiorum
891 2316 943 2338 rex
970 2275 1115 2339 cathon-i

356 2370 421 2401 eus,
442 2360 572 2403 provide
599 2360 801 2393 considerans
829 2370 865 2392 ex
901 2359 1007 2392 litibus
1042 2334 1115 2392 seui

356 2413 590 2454 controversiis,
614 2423 694 2457 quae
718 2413 800 2446 inter
822 2412 1097 2456 arehiepiscopum

357 2464 561 2497 Elborensem
590 2474 649 2508 pro
681 2469 823 2508 tempore
849 2463 1032 2497 existentem
1059 2474 1095 2496 ex

392 2546 403 2572 1
421 2544 634 2572 Declarationem
649 2545 822 2581 supradictae
837 2544 1042 2572 Constitutionis
1057 2552 1098 2572 re-

357 2589 433 2626 quire
448 2589 517 2617 infra
531 2589 582 2617 sub
597 2589 652 2618 dat.
669 2590 699 2617 31
718 2590 807 2618 martii
823 2589 849 2617 h.
866 2598 909 2618 an.
925 2590 963 2624 (n.
981 2590 1029 2625 r.).

391 2635 408 2662 2
427 2634 464 2662 Ex
480 2635 587 2671 Regest.
604 2635 631 2662 in
651 2635 751 2663 Secret.
768 2635 846 2662 Brev.

1137 229 1194 252 vui
1218 229 1265 253 re.

1139 279 1209 318 una,
1223 288 1258 310 ac
1274 281 1493 321 praeceptores
1511 286 1565 309 seu
1586 276 1879 315 commendatarios,

1138 330 1262 371 fratres,
1288 330 1412 369 milites,
1433 329 1581 363 officiales
1599 334 1629 361 et
1648 329 1806 363 ministros
1827 330 1880 362 mi-

1139 383 1275 416 litiarum
1301 384 1329 416 S.
1352 383 1453 416 lacobi
1478 387 1508 416 ct
1532 382 1561 415 S.
1580 382 1736 415 Benedicti
1754 382 1792 415 dc
1809 383 1880 415 Avis

1139 437 1228 478 regni
1253 436 1474 479 Portugalliae,
1500 447 1633 480 quarum
1659 436 1740 469 idem
1767 436 1881 479 Philip-

1139 498 1260 531 pusrex
1271 494 1442 532 perpetuus
1456 489 1693 522 administrator
1710 489 1879 532 apostolica

1140 541 1325 574 auctoritate
1357 542 1524 585 deputatus
1556 542 1680 583 existit,
1712 553 1749 575 ex
1783 542 1879 575 altera

1139 594 1294 638 partibus,
1318 595 1356 627 de
1381 600 1411 627 et
1435 605 1530 638 super
1555 595 1791 638 iurisdictione,
1817 595 1880 627 sive

1139 648 1283 681 facultate
1309 647 1450 681 visitandi
1469 653 1498 680 et
1518 649 1709 681 reformandi
1735 649 1881 681 ccclesias

1139 712 1195 734 seu
1207 711 1358 745 personas
1372 700 1527 733 dictarum
1544 701 1736 741 militiarum,
1752 706 1781 735 et
1793 703 1879 745 quasi

1139 754 1322 788 omnimodo
1354 754 1481 787 illarum
1512 759 1576 786 tam
1607 754 1761 797 spirituali
1786 765 1879 797 quam

1139 808 1304 853 temporali
1326 807 1491 851 gubernio,
1508 807 1629 840 ratione
1642 807 1879 850 privilegiorum

1140 867 1169 896 et
1193 861 1427 905 exemptionum
1445 860 1562 893 eisdem
1584 860 1704 892 militiis
1722 870 1882 893 concesso-

1139 927 1221 956 rum,
1245 915 1533 958 nonnullorumque
1558 914 1759 947 decretorum
1777 925 1812 947 ac
1833 915 1882 946 de-

1139 969 1346 1002 clarationum
1377 968 1505 1001 Concilii
1537 967 1727 1008 Tridentini,
1760 977 1881 1000 necnon

1139 1022 1363 1055 sententiarum
1389 1021 1520 1054 diversis
1550 1021 1744 1065 temporibus
1773 1021 1811 1053 ad
1843 1021 1882 1052 sa-

1139 1086 1247 1109 vorem
1260 1075 1442 1109 earumdem
1457 1075 1640 1108 militiarum
1655 1079 1881 1114 emanatarum,

1138 1130 1435 1174 possessionumque
1451 1129 1761 1169 immemorabilium,
1774 1139 1880 1162 eoram

1139 1193 1202 1217 uno
1227 1194 1282 1216 seu
1307 1184 1438 1216 diversis
1464 1183 1619 1216 iudicibus
1637 1182 1791 1215 indecisae
1809 1193 1882 1225 peu-

1139 1236 1222 1277 dent,
1236 1237 1371 1280 plurima
1382 1236 1569 1269 detrimenta
1589 1246 1652 1268 non
1669 1236 1734 1268 sine
1751 1235 1880 1268 notabili

1140 1289 1343 1322 ecclesiarum
1368 1295 1398 1322 et
1421 1299 1627 1333 personarum
1648 1288 1880 1332 praedictarum

1139 1353 1209 1375 cum
1243 1343 1398 1387 spirituali
1430 1347 1496 1375 tum
1529 1342 1693 1385 temporali
1719 1341 1881 1385 dispendio

1139 1401 1168 1428 et
1177 1396 1429 1429 christifidelium
1438 1396 1584 1429 scandalo
1592 1395 1769 1440 provenire,
1779 1396 1879 1438 ipsum

1138 1460 1213 1482 vero
1226 1450 1511 1493 archiepiscopum,
1523 1459 1645 1482 necnon
1658 1454 1880 1493 praeceptores

1138 1514 1193 1536 seu
1207 1503 1502 1543 commendatarios,
1516 1503 1638 1543 fratres,
1653 1502 1777 1542 milites,
1794 1501 1881 1533 alias-

1137 1568 1197 1601 que
1221 1567 1373 1601 personas
1397 1557 1577 1589 huiusmodi
1595 1557 1633 1589 ad
1649 1556 1751 1588 litium
1769 1555 1880 1588 dubios

1137 1616 1267 1643 eventus
1284 1611 1316 1644 in
1332 1611 1369 1643 iis
1386 1610 1626 1654 prosequendis,
1642 1609 1766 1641 labores
1786 1613 1816 1640 et
1833 1619 1881 1640 ex-

1135 1673 1248 1707 pensas
1272 1663 1373 1696 subiri
1397 1663 1503 1696 solitas
1528 1661 1717 1702 evitandum,
1735 1672 1829 1704 super
1849 1661 1882 1692 li-

1137 1717 1218 1749 tibus
1243 1722 1272 1749 et
1297 1717 1520 1750 controversiis
1535 1716 1616 1748 iuter
1635 1726 1689 1748 eos
1704 1715 1880 1757 vigentibus

1137 1770 1328 1811 huiusmodi,
1345 1776 1373 1802 ct
1391 1781 1470 1814 quae
1495 1769 1572 1802 oriri
1590 1774 1719 1813 possunt
1738 1774 1879 1812 tempore

1135 1824 1337 1868 procedente,
1362 1824 1399 1856 ad
1417 1823 1618 1856 concordiam
1636 1827 1665 1855 et
1683 1822 1878 1854 amicabilem

1135 1877 1416 1921 compositionem,
1441 1877 1509 1920 ipso
1535 1876 1678 1919 Philippo
1707 1886 1785 1917 rege
1813 1886 1879 1907 me-

1134 1931 1254 1970 diante,
1279 1931 1367 1963 facile
1393 1930 1583 1963 deventuros
1607 1940 1695 1967 esse,
1721 1929 1746 1961 si
1772 1936 1878 1961 nostra

1134 1990 1164 2017 et
1189 1985 1277 2017 Sedis
1301 1984 1496 2028 Apostolicae
1515 1983 1644 2015 facultas
1661 1983 1796 2025 desuper
1814 1982 1877 2013 sus-

1134 2039 1292 2081 fragetur:

1178 2093 1192 2135 ξ
1217 2092 1246 2124 2.
1264 2092 1337 2130 Nos,
1354 2092 1406 2134 qui
1426 2091 1456 2123 in
1476 2090 1506 2122 id
1532 2100 1657 2133 semper
1674 2089 1875 2127 intendimus,
1904 2131 1921 2138 ‚-
1942 2105 1966 2134 ⁰⁷¹¹
1980 2099 2004 2118 1*
2034 2105 2075 2118 υ..-

1134 2151 1166 2178 ut
1190 2145 1320 2178 sublatis
1344 2145 1445 2176 litium
1467 2149 1494 2176 et
1516 2143 1802 2176 controversiarum
1827 2154 1876 2175 oc·
1892 2132 1964 2195 lizinii*
2054 2135 2064 2143 ‘'

1132 2198 1319 2237 casionibus‚
1337 2196 1565 2229 ecclesiasticae
1581 2201 1611 2229 et
1628 2197 1813 2239 praesertim
1831 2196 1875 2227 di·
1899 2212 1930 2249 :5⁹

1132 2252 1203 2284 vino
1214 2250 1546 2294 servitiomancipatae
1560 2260 1723 2293 personae,
1734 2249 1873 2292 quietam
1954 2265 1985 2277 w
2044 2286 2061 2296 ,-

1131 2309 1159 2337 et
1173 2304 1373 2347 tranquillam
1385 2303 1479 2335 vitam
1493 2302 1704 2342 traducentes,
1714 2303 1745 2334 in
1759 2301 1873 2335 tuenda
1889 2291 2074 2356 {issffstfiu-331vSl

1131 2367 1208 2401 pace
1225 2362 1318 2400 atque
1331 2357 1446 2389 unione
1460 2356 1630 2389 christiana
1648 2355 1761 2388 ceteris
1774 2366 1874 2388 exem-

1131 2412 1217 2454 plum
1241 2410 1428 2454 praebeant,
1454 2409 1685 2453 praedictarum
1707 2419 1872 2442 causarum

1131 2468 1160 2498 et
1183 2464 1284 2496 litium
1309 2468 1407 2496 status
1431 2468 1461 2495 et
1484 2462 1607 2502 merita,
1633 2462 1823 2505 nominaque
1845 2468 1870 2494 ct

1131 2517 1320 2560 cognomina
1344 2516 1484 2549 iudicum
1504 2521 1534 2548 et
1552 2515 1812 2558 collitigantium,
1838 2526 1872 2548 ac

1131 2571 1190 2603 alia
1214 2570 1252 2603 de
1276 2569 1461 2602 necessitate
1485 2568 1698 2614 exprimenda,
1724 2579 1871 2613 praesen-

1132 2624 1213 2657 tibus
1236 2634 1294 2667 pro
1319 2623 1510 2656 sufficienter
1534 2623 1690 2667 expressis
1709 2623 1870 2663 habentes,

1808 222 1848 253 §39
1897 230 1944 254 An.
1966 229 1992 254 c.
2012 229 2078 255 icat
