<?xml version="1.0" encoding="UTF-8"?>
<!DOCTYPE html PUBLIC "-//W3C//DTD XHTML 1.0 Transitional//EN"
    "http://www.w3.org/TR/xhtml1/DTD/xhtml1-transitional.dtd">
<html xmlns="http://www.w3.org/1999/xhtml" xml:lang="en" lang="en">
 <head>
  <title>
</title>
<meta http-equiv="Content-Type" content="text/html;charset=utf-8" />
  <meta name='ocr-system' content='tesseract 3.04.00' />
  <meta name='ocr-capabilities' content='ocr_page ocr_carea ocr_par ocr_line ocrx_word'/>
</head>
<body>
  <div class='ocr_page' id='page_1' title='image "./bullarumdiplomat13cath_0117.png"; bbox 0 0 2269 3235; ppageno 0'>
   <div class='ocr_carea' id='block_1_1' title="bbox 123 247 310 277">
    <p class='ocr_par' dir='ltr' id='par_1_1' title="bbox 123 247 310 277">
     <span class='ocr_line' id='line_1_1' title="bbox 123 247 310 277; baseline -0.005 -1"><span class='ocrx_word' id='word_1_1' title='bbox 123 248 173 277; x_wconf 76' lang='lat' dir='ltr'>An.</span> <span class='ocrx_word' id='word_1_2' title='bbox 193 248 222 276; x_wconf 90' lang='lat' dir='ltr'>C.</span> <span class='ocrx_word' id='word_1_3' title='bbox 242 247 310 276; x_wconf 79' lang='lat'>¹623</span> 
     </span>
    </p>
   </div>
   <div class='ocr_carea' id='block_1_2' title="bbox 123 629 320 837">
    <p class='ocr_par' dir='ltr' id='par_1_2' title="bbox 123 629 320 837">
     <span class='ocr_line' id='line_1_2' title="bbox 150 629 308 651; baseline -0.006 0"><span class='ocrx_word' id='word_1_4' title='bbox 150 630 192 651; x_wconf 86' lang='lat' dir='ltr'>Leo</span> <span class='ocrx_word' id='word_1_5' title='bbox 208 630 226 650; x_wconf 74' lang='grc' dir='ltr'><strong>Χ</strong></span> <span class='ocrx_word' id='word_1_6' title='bbox 241 629 308 651; x_wconf 87' lang='lat' dir='ltr'>indul-</span> 
     </span>
     <span class='ocr_line' id='line_1_3' title="bbox 123 657 320 682; baseline -0.005 -5"><span class='ocrx_word' id='word_1_7' title='bbox 123 658 151 677; x_wconf 78' lang='lat' dir='ltr'>sit</span> <span class='ocrx_word' id='word_1_8' title='bbox 171 662 233 682; x_wconf 83' lang='lat' dir='ltr'>posse</span> <span class='ocrx_word' id='word_1_9' title='bbox 254 657 320 677; x_wconf 70' lang='lat' dir='ltr'>crle·.</span> 
     </span>
     <span class='ocr_line' id='line_1_4' title="bbox 123 683 308 704; baseline -0.005 0"><span class='ocrx_word' id='word_1_10' title='bbox 123 683 181 704; x_wconf 82' lang='lat' dir='ltr'>brari</span> <span class='ocrx_word' id='word_1_11' title='bbox 225 683 308 703; x_wconf 76' lang='lat' dir='ltr'>missam</span> 
     </span>
     <span class='ocr_line' id='line_1_5' title="bbox 123 709 308 730; baseline -0.005 0"><span class='ocrx_word' id='word_1_12' title='bbox 123 716 170 730; x_wconf 87' lang='lat' dir='ltr'>cum</span> <span class='ocrx_word' id='word_1_13' title='bbox 186 709 258 730; x_wconf 82' lang='lat' dir='ltr'>officio</span> <span class='ocrx_word' id='word_1_14' title='bbox 283 710 308 729; x_wconf 71' lang='lat' dir='ltr'>:le</span> 
     </span>
     <span class='ocr_line' id='line_1_6' title="bbox 123 736 308 757; baseline 0 -1"><span class='ocrx_word' id='word_1_15' title='bbox 123 737 164 757; x_wconf 77' lang='lat' dir='ltr'>hac</span> <span class='ocrx_word' id='word_1_16' title='bbox 173 736 268 757; x_wconf 77' lang='lat' dir='ltr'>Beatam</span> <span class='ocrx_word' id='word_1_17' title='bbox 280 742 308 756; x_wconf 78' lang='lat' dir='ltr'>ei-</span> 
     </span>
     <span class='ocr_line' id='line_1_7' title="bbox 124 763 308 783; baseline 0.005 -1"><span class='ocrx_word' id='word_1_18' title='bbox 124 764 188 783; x_wconf 74' lang='lat' dir='ltr'>vitate</span> <span class='ocrx_word' id='word_1_19' title='bbox 195 763 308 783; x_wconf 73' lang='lat' dir='ltr'>Cortonen-</span> 
     </span>
     <span class='ocr_line' id='line_1_8' title="bbox 123 789 309 810; baseline 0.005 -1"><span class='ocrx_word' id='word_1_20' title='bbox 123 790 140 809; x_wconf 73' lang='grc' dir='ltr'>εἰ</span> <span class='ocrx_word' id='word_1_21' title='bbox 152 792 172 809; x_wconf 79' lang='lat' dir='ltr'>et</span> <span class='ocrx_word' id='word_1_22' title='bbox 182 789 236 810; x_wconf 83' lang='lat' dir='ltr'>illius</span> <span class='ocrx_word' id='word_1_23' title='bbox 251 789 309 810; x_wconf 83' lang='lat' dir='ltr'>dioe-</span> 
     </span>
     <span class='ocr_line' id='line_1_9' title="bbox 123 816 174 837; baseline 0 -1"><span class='ocrx_word' id='word_1_24' title='bbox 123 816 174 837; x_wconf 82' lang='lat' dir='ltr'>cesi.</span> 
     </span>
    </p>
   </div>
   <div class='ocr_carea' id='block_1_3' title="bbox 127 1533 314 1743">
    <p class='ocr_par' dir='ltr' id='par_1_3' title="bbox 127 1533 314 1743">
     <span class='ocr_line' id='line_1_10' title="bbox 149 1533 311 1555; baseline -0.012 0"><span class='ocrx_word' id='word_1_25' title='bbox 149 1534 193 1555; x_wconf 82' lang='lat' dir='ltr'>lloc</span> <span class='ocrx_word' id='word_1_26' title='bbox 209 1533 311 1554; x_wconf 79' lang='lat' dir='ltr'>iudunum</span> 
     </span>
     <span class='ocr_line' id='line_1_11' title="bbox 133 1561 304 1587; baseline -0.012 -5"><span class='ocrx_word' id='word_1_27' title='bbox 133 1561 304 1587; x_wconf 74' lang='lat' dir='ltr'>congregationis</span> 
     </span>
     <span class='ocr_line' id='line_1_12' title="bbox 127 1589 312 1609; baseline -0.005 0"><span class='ocrx_word' id='word_1_28' title='bbox 127 1594 235 1609; x_wconf 72' lang='lat' dir='ltr'>sacrorum</span> <span class='ocrx_word' id='word_1_29' title='bbox 285 1589 312 1608; x_wconf 90' lang='lat' dir='ltr'>ri·</span> 
     </span>
     <span class='ocr_line' id='line_1_13' title="bbox 127 1614 312 1636; baseline -0.005 -1"><span class='ocrx_word' id='word_1_30' title='bbox 127 1618 185 1636; x_wconf 84' lang='lat' dir='ltr'>tuum</span> <span class='ocrx_word' id='word_1_31' title='bbox 218 1614 312 1635; x_wconf 79' lang='lat' dir='ltr'>extendit</span> 
     </span>
     <span class='ocr_line' id='line_1_14' title="bbox 127 1641 313 1662; baseline -0.005 0"><span class='ocrx_word' id='word_1_32' title='bbox 127 1642 156 1662; x_wconf 76' lang='lat' dir='ltr'>ad</span> <span class='ocrx_word' id='word_1_33' title='bbox 178 1647 250 1662; x_wconf 82' lang='lat' dir='ltr'>omnes</span> <span class='ocrx_word' id='word_1_34' title='bbox 272 1641 313 1661; x_wconf 80' lang='lat' dir='ltr'>sra-</span> 
     </span>
     <span class='ocr_line' id='line_1_15' title="bbox 128 1669 313 1689; baseline -0.005 0"><span class='ocrx_word' id='word_1_35' title='bbox 128 1671 170 1689; x_wconf 75' lang='lat' dir='ltr'>tres</span> <span class='ocrx_word' id='word_1_36' title='bbox 180 1670 201 1689; x_wconf 82' lang='lat' dir='ltr'>et</span> <span class='ocrx_word' id='word_1_37' title='bbox 212 1669 313 1688; x_wconf 80' lang='lat' dir='ltr'>moniales</span> 
     </span>
     <span class='ocr_line' id='line_1_16' title="bbox 128 1694 314 1716; baseline -0.005 0"><span class='ocrx_word' id='word_1_38' title='bbox 128 1695 213 1716; x_wconf 83' lang='lat' dir='ltr'>Ordinis</span> <span class='ocrx_word' id='word_1_39' title='bbox 220 1694 314 1716; x_wconf 57' lang='lat' dir='ltr'>&amp;Fran-</span> 
     </span>
     <span class='ocr_line' id='line_1_17' title="bbox 128 1722 187 1743; baseline -0.017 0"><span class='ocrx_word' id='word_1_40' title='bbox 128 1722 187 1743; x_wconf 80' lang='lat' dir='ltr'>cisci.</span> 
     </span>
    </p>
   </div>
   <div class='ocr_carea' id='block_1_4' title="bbox 133 2619 319 2672">
    <p class='ocr_par' dir='ltr' id='par_1_4' title="bbox 133 2619 319 2672">
     <span class='ocr_line' id='line_1_18' title="bbox 161 2619 318 2644; baseline -0.006 -5"><span class='ocrx_word' id='word_1_41' title='bbox 161 2619 246 2639; x_wconf 74' lang='lat' dir='ltr'>Fratres</span> <span class='ocrx_word' id='word_1_42' title='bbox 270 2623 318 2644; x_wconf 86' lang='lat' dir='ltr'>sup-</span> 
     </span>
     <span class='ocr_line' id='line_1_19' title="bbox 133 2645 319 2672; baseline 0 -6"><span class='ocrx_word' id='word_1_43' title='bbox 133 2646 213 2672; x_wconf 77' lang='lat' dir='ltr'>plicant</span> <span class='ocrx_word' id='word_1_44' title='bbox 229 2651 266 2671; x_wconf 78' lang='lat' dir='ltr'>pro</span> <span class='ocrx_word' id='word_1_45' title='bbox 281 2645 319 2667; x_wconf 85' lang='lat' dir='ltr'>hu-</span> 
     </span>
    </p>
   </div>
   <div class='ocr_carea' id='block_1_5' title="bbox 943 244 1231 269">
    <p class='ocr_par' dir='ltr' id='par_1_5' title="bbox 943 244 1231 269">
     <span class='ocr_line' id='line_1_20' title="bbox 943 244 1231 269; baseline 0.003 -1"><span class='ocrx_word' id='word_1_46' title='bbox 943 244 1086 269; x_wconf 81' lang='lat' dir='ltr'>URBANUS</span> <span class='ocrx_word' id='word_1_47' title='bbox 1107 245 1163 269; x_wconf 87' lang='lat' dir='ltr'>VIII</span> <span class='ocrx_word' id='word_1_48' title='bbox 1183 246 1231 269; x_wconf 73' lang='lat' dir='ltr'>Pr.</span> 
     </span>
    </p>
   </div>
   <div class='ocr_carea' id='block_1_6' title="bbox 322 291 1071 1298">
    <p class='ocr_par' dir='ltr' id='par_1_6' title="bbox 322 291 1067 604">
     <span class='ocr_line' id='line_1_21' title="bbox 323 291 1066 328; baseline -0.005 0"><span class='ocrx_word' id='word_1_49' title='bbox 323 294 488 328; x_wconf 87' lang='lat' dir='ltr'>rismatum</span> <span class='ocrx_word' id='word_1_50' title='bbox 512 293 603 327; x_wconf 90' lang='lat' dir='ltr'>donis</span> <span class='ocrx_word' id='word_1_51' title='bbox 628 293 709 327; x_wconf 82' lang='lat' dir='ltr'>felici</span> <span class='ocrx_word' id='word_1_52' title='bbox 735 291 939 325; x_wconf 87' lang='lat' dir='ltr'>inundatione</span> <span class='ocrx_word' id='word_1_53' title='bbox 963 292 1066 325; x_wconf 87' lang='lat' dir='ltr'>secun-</span> 
     </span>
     <span class='ocr_line' id='line_1_22' title="bbox 322 344 1066 388; baseline -0.005 -8"><span class='ocrx_word' id='word_1_54' title='bbox 322 348 410 388; x_wconf 89' lang='lat' dir='ltr'>dans,</span> <span class='ocrx_word' id='word_1_55' title='bbox 435 347 534 381; x_wconf 87' lang='lat' dir='ltr'>multo</span> <span class='ocrx_word' id='word_1_56' title='bbox 559 347 699 380; x_wconf 86' lang='lat' dir='ltr'>cernitur</span> <span class='ocrx_word' id='word_1_57' title='bbox 723 344 962 384; x_wconf 77' lang='lat' dir='ltr'>admirabilior,</span> <span class='ocrx_word' id='word_1_58' title='bbox 994 355 1066 377; x_wconf 88' lang='lat' dir='ltr'>cum</span> 
     </span>
     <span class='ocr_line' id='line_1_23' title="bbox 323 398 1065 444; baseline -0.005 -10"><span class='ocrx_word' id='word_1_59' title='bbox 323 411 398 444; x_wconf 82' lang='lat' dir='ltr'>erga</span> <span class='ocrx_word' id='word_1_60' title='bbox 422 401 547 435; x_wconf 86' lang='lat' dir='ltr'>vascula</span> <span class='ocrx_word' id='word_1_61' title='bbox 565 399 741 433; x_wconf 84' lang='lat' dir='ltr'>infirmiora</span> <span class='ocrx_word' id='word_1_62' title='bbox 766 403 796 431; x_wconf 91' lang='lat' dir='ltr'>et</span> <span class='ocrx_word' id='word_1_63' title='bbox 815 408 923 431; x_wconf 85' lang='lat' dir='ltr'>sexum</span> <span class='ocrx_word' id='word_1_64' title='bbox 941 398 1065 431; x_wconf 89' lang='lat' dir='ltr'>consilii</span> 
     </span>
     <span class='ocr_line' id='line_1_24' title="bbox 322 452 1067 498; baseline -0.005 -10"><span class='ocrx_word' id='word_1_65' title='bbox 322 454 541 488; x_wconf 80' lang='lat' dir='ltr'>imbecillioris</span> <span class='ocrx_word' id='word_1_66' title='bbox 571 463 733 498; x_wconf 89' lang='lat' dir='ltr'>apponens</span> <span class='ocrx_word' id='word_1_67' title='bbox 758 463 813 486; x_wconf 89' lang='lat' dir='ltr'>cor</span> <span class='ocrx_word' id='word_1_68' title='bbox 837 462 929 485; x_wconf 86' lang='lat' dir='ltr'>suurn</span> <span class='ocrx_word' id='word_1_69' title='bbox 944 479 951 493; x_wconf 93' lang='lat'>,</span> <span class='ocrx_word' id='word_1_70' title='bbox 976 452 1067 485; x_wconf 89' lang='lat' dir='ltr'>mise-</span> 
     </span>
     <span class='ocr_line' id='line_1_25' title="bbox 324 505 1067 550; baseline -0.007 -8"><span class='ocrx_word' id='word_1_71' title='bbox 324 508 533 542; x_wconf 87' lang='lat' dir='ltr'>ricordiarum</span> <span class='ocrx_word' id='word_1_72' title='bbox 564 517 693 541; x_wconf 90' lang='lat' dir='ltr'>suarum</span> <span class='ocrx_word' id='word_1_73' title='bbox 724 505 846 539; x_wconf 87' lang='lat' dir='ltr'>divitias</span> <span class='ocrx_word' id='word_1_74' title='bbox 875 505 1067 550; x_wconf 87' lang='lat' dir='ltr'>superabun-</span> 
     </span>
     <span class='ocr_line' id='line_1_26' title="bbox 323 561 618 604; baseline -0.003 -10"><span class='ocrx_word' id='word_1_75' title='bbox 323 561 433 595; x_wconf 89' lang='lat' dir='ltr'>danter</span> <span class='ocrx_word' id='word_1_76' title='bbox 458 561 618 604; x_wconf 83' lang='lat' dir='ltr'>elargitur.</span> 
     </span>
    </p>

    <p class='ocr_par' dir='ltr' id='par_1_7' title="bbox 324 611 1071 1298">
     <span class='ocr_line' id='line_1_27' title="bbox 369 611 1066 659; baseline -0.006 -11"><span class='ocrx_word' id='word_1_77' title='bbox 369 616 385 659; x_wconf 60' lang='grc' dir='ltr'><strong>ἓ</strong></span> <span class='ocrx_word' id='word_1_78' title='bbox 408 615 438 648; x_wconf 76' lang='grc'><strong>1.</strong></span> <span class='ocrx_word' id='word_1_79' title='bbox 463 614 546 648; x_wconf 81' lang='lat' dir='ltr'>Alias</span> <span class='ocrx_word' id='word_1_80' title='bbox 570 612 726 657; x_wconf 90' lang='lat' dir='ltr'>siquidem</span> <span class='ocrx_word' id='word_1_81' title='bbox 751 612 849 646; x_wconf 88' lang='lat' dir='ltr'>selicis</span> <span class='ocrx_word' id='word_1_82' title='bbox 874 611 1066 645; x_wconf 85' lang='lat' dir='ltr'>recordatio-</span> 
     </span>
     <span class='ocr_line' id='line_1_28' title="bbox 324 665 1067 711; baseline -0.004 -10"><span class='ocrx_word' id='word_1_83' title='bbox 324 668 372 701; x_wconf 90' lang='lat' dir='ltr'>nis</span> <span class='ocrx_word' id='word_1_84' title='bbox 397 668 459 701; x_wconf 91' lang='lat' dir='ltr'>Leo</span> <span class='ocrx_word' id='word_1_85' title='bbox 484 667 566 711; x_wconf 89' lang='lat' dir='ltr'>Papa</span> <span class='ocrx_word' id='word_1_86' title='bbox 590 667 615 699; x_wconf 91' lang='lat' dir='ltr'>X</span> <span class='ocrx_word' id='word_1_87' title='bbox 640 665 865 710; x_wconf 88' lang='lat' dir='ltr'>praedecessor</span> <span class='ocrx_word' id='word_1_88' title='bbox 894 670 1003 699; x_wconf 87' lang='lat' dir='ltr'>noster</span> <span class='ocrx_word' id='word_1_89' title='bbox 1030 675 1067 698; x_wconf 78' lang='lat' dir='ltr'>ex</span> 
     </span>
     <span class='ocr_line' id='line_1_29' title="bbox 324 719 1069 765; baseline -0.004 -10"><span class='ocrx_word' id='word_1_90' title='bbox 324 720 494 765; x_wconf 89' lang='lat' dir='ltr'>praeclaris</span> <span class='ocrx_word' id='word_1_91' title='bbox 510 719 759 753; x_wconf 88' lang='lat' dir='ltr'>attestationibus</span> <span class='ocrx_word' id='word_1_92' title='bbox 776 730 792 752; x_wconf 91' lang='lat' dir='ltr'>a</span> <span class='ocrx_word' id='word_1_93' title='bbox 808 719 878 763; x_wconf 92' lang='lat' dir='ltr'>piae</span> <span class='ocrx_word' id='word_1_94' title='bbox 895 719 1069 752; x_wconf 80' lang='lat' dir='ltr'>memoriae</span> 
     </span>
     <span class='ocr_line' id='line_1_30' title="bbox 324 772 1070 816; baseline -0.005 -8"><span class='ocrx_word' id='word_1_95' title='bbox 324 774 481 808; x_wconf 88' lang='lat' dir='ltr'>Bonifacio</span> <span class='ocrx_word' id='word_1_96' title='bbox 495 774 560 807; x_wconf 93' lang='lat' dir='ltr'>VIII</span> <span class='ocrx_word' id='word_1_97' title='bbox 574 778 604 806; x_wconf 91' lang='lat' dir='ltr'>et</span> <span class='ocrx_word' id='word_1_98' title='bbox 616 772 757 816; x_wconf 87' lang='lat' dir='ltr'>Eugenio</span> <span class='ocrx_word' id='word_1_99' title='bbox 774 772 812 805; x_wconf 93' lang='lat' dir='ltr'>IV</span> <span class='ocrx_word' id='word_1_100' title='bbox 829 772 978 806; x_wconf 84' lang='lat' dir='ltr'>Romanis</span> <span class='ocrx_word' id='word_1_101' title='bbox 993 772 1070 805; x_wconf 91' lang='lat' dir='ltr'>Pon-</span> 
     </span>
     <span class='ocr_line' id='line_1_31' title="bbox 325 825 1069 870; baseline -0.003 -10"><span class='ocrx_word' id='word_1_102' title='bbox 325 827 470 868; x_wconf 86' lang='lat' dir='ltr'>tificibus,</span> <span class='ocrx_word' id='word_1_103' title='bbox 492 826 585 859; x_wconf 86' lang='lat' dir='ltr'>etiarn</span> <span class='ocrx_word' id='word_1_104' title='bbox 612 825 910 870; x_wconf 80' lang='lat' dir='ltr'>praedecessoribus</span> <span class='ocrx_word' id='word_1_105' title='bbox 941 825 1069 866; x_wconf 84' lang='lat' dir='ltr'>nostris,</span> 
     </span>
     <span class='ocr_line' id='line_1_32' title="bbox 324 878 1068 923; baseline -0.003 -10"><span class='ocrx_word' id='word_1_106' title='bbox 324 881 362 913; x_wconf 88' lang='lat' dir='ltr'>de</span> <span class='ocrx_word' id='word_1_107' title='bbox 373 880 404 913; x_wconf 92' lang='lat' dir='ltr'>B.</span> <span class='ocrx_word' id='word_1_108' title='bbox 419 879 611 923; x_wconf 81' lang='lat' dir='ltr'>Margherita</span> <span class='ocrx_word' id='word_1_109' title='bbox 624 879 663 913; x_wconf 90' lang='lat' dir='ltr'>de</span> <span class='ocrx_word' id='word_1_110' title='bbox 676 879 819 920; x_wconf 90' lang='lat' dir='ltr'>Cortona,</span> <span class='ocrx_word' id='word_1_111' title='bbox 831 878 960 912; x_wconf 91' lang='lat' dir='ltr'>moniali</span> <span class='ocrx_word' id='word_1_112' title='bbox 972 878 1068 912; x_wconf 90' lang='lat' dir='ltr'>Tertii</span> 
     </span>
     <span class='ocr_line' id='line_1_33' title="bbox 324 932 1071 977; baseline -0.003 -9"><span class='ocrx_word' id='word_1_113' title='bbox 324 934 448 968; x_wconf 86' lang='lat' dir='ltr'>Ordinis</span> <span class='ocrx_word' id='word_1_114' title='bbox 468 934 497 967; x_wconf 90' lang='lat' dir='ltr'>S.</span> <span class='ocrx_word' id='word_1_115' title='bbox 516 932 674 967; x_wconf 88' lang='lat' dir='ltr'>Francisci</span> <span class='ocrx_word' id='word_1_116' title='bbox 701 933 739 966; x_wconf 93' lang='lat' dir='ltr'>de</span> <span class='ocrx_word' id='word_1_117' title='bbox 764 933 974 973; x_wconf 85' lang='lat' dir='ltr'>Poenitentia‚</span> <span class='ocrx_word' id='word_1_118' title='bbox 998 943 1071 977; x_wconf 90' lang='lat' dir='ltr'>pro-</span> 
     </span>
     <span class='ocr_line' id='line_1_34' title="bbox 324 986 1069 1030; baseline -0.003 -9"><span class='ocrx_word' id='word_1_119' title='bbox 324 987 393 1022; x_wconf 84' lang='lat' dir='ltr'>latis</span> <span class='ocrx_word' id='word_1_120' title='bbox 417 992 533 1028; x_wconf 88' lang='lat' dir='ltr'>motus,</span> <span class='ocrx_word' id='word_1_121' title='bbox 558 987 643 1030; x_wconf 90' lang='lat' dir='ltr'>quod</span> <span class='ocrx_word' id='word_1_122' title='bbox 666 987 780 1020; x_wconf 82' lang='lat' dir='ltr'>festum</span> <span class='ocrx_word' id='word_1_123' title='bbox 804 986 903 1030; x_wconf 89' lang='lat' dir='ltr'>ipsius</span> <span class='ocrx_word' id='word_1_124' title='bbox 927 986 958 1019; x_wconf 92' lang='lat' dir='ltr'>B.</span> <span class='ocrx_word' id='word_1_125' title='bbox 988 987 1069 1020; x_wconf 87' lang='lat' dir='ltr'>Mar-</span> 
     </span>
     <span class='ocr_line' id='line_1_35' title="bbox 325 1040 1069 1085; baseline -0.003 -10"><span class='ocrx_word' id='word_1_126' title='bbox 325 1041 467 1085; x_wconf 81' lang='lat' dir='ltr'>gheritae</span> <span class='ocrx_word' id='word_1_127' title='bbox 483 1051 555 1074; x_wconf 87' lang='lat' dir='ltr'>cum</span> <span class='ocrx_word' id='word_1_128' title='bbox 574 1040 678 1074; x_wconf 87' lang='lat' dir='ltr'>officio</span> <span class='ocrx_word' id='word_1_129' title='bbox 691 1050 750 1074; x_wconf 92' lang='lat' dir='ltr'>nec</span> <span class='ocrx_word' id='word_1_130' title='bbox 766 1040 897 1083; x_wconf 82' lang='lat' dir='ltr'>virginis</span> <span class='ocrx_word' id='word_1_131' title='bbox 913 1050 971 1074; x_wconf 90' lang='lat' dir='ltr'>nec</span> <span class='ocrx_word' id='word_1_132' title='bbox 989 1050 1069 1073; x_wconf 90' lang='lat' dir='ltr'>mar-</span> 
     </span>
     <span class='ocr_line' id='line_1_36' title="bbox 325 1093 1068 1140; baseline -0.004 -12"><span class='ocrx_word' id='word_1_133' title='bbox 325 1095 401 1140; x_wconf 72' lang='lat' dir='ltr'>tyris</span> <span class='ocrx_word' id='word_1_134' title='bbox 433 1095 464 1127; x_wconf 91' lang='lat' dir='ltr'>in</span> <span class='ocrx_word' id='word_1_135' title='bbox 495 1094 627 1128; x_wconf 82' lang='lat' dir='ltr'>ecclesia</span> <span class='ocrx_word' id='word_1_136' title='bbox 658 1093 687 1127; x_wconf 98' lang='lat' dir='ltr'>S.</span> <span class='ocrx_word' id='word_1_137' title='bbox 713 1093 900 1136; x_wconf 77' lang='lat' dir='ltr'>Margaritae</span> <span class='ocrx_word' id='word_1_138' title='bbox 935 1093 1068 1126; x_wconf 87' lang='lat' dir='ltr'>civitatis</span> 
     </span>
     <span class='ocr_line' id='line_1_37' title="bbox 325 1146 1069 1190; baseline -0.004 -8"><span class='ocrx_word' id='word_1_139' title='bbox 325 1148 526 1182; x_wconf 88' lang='lat' dir='ltr'>Cortonensis</span> <span class='ocrx_word' id='word_1_140' title='bbox 544 1147 675 1190; x_wconf 82' lang='lat' dir='ltr'>singulis</span> <span class='ocrx_word' id='word_1_141' title='bbox 695 1146 784 1179; x_wconf 86' lang='lat' dir='ltr'>annis</span> <span class='ocrx_word' id='word_1_142' title='bbox 803 1146 853 1179; x_wconf 90' lang='lat' dir='ltr'>die</span> <span class='ocrx_word' id='word_1_143' title='bbox 870 1156 934 1180; x_wconf 82' lang='lat' dir='ltr'>xxn</span> <span class='ocrx_word' id='word_1_144' title='bbox 952 1146 1069 1179; x_wconf 85' lang='lat' dir='ltr'>mensis</span> 
     </span>
     <span class='ocr_line' id='line_1_38' title="bbox 325 1199 1070 1242; baseline -0.004 -8"><span class='ocrx_word' id='word_1_145' title='bbox 325 1201 477 1235; x_wconf 82' lang='lat' dir='ltr'>februarii</span> <span class='ocrx_word' id='word_1_146' title='bbox 502 1199 665 1241; x_wconf 87' lang='lat' dir='ltr'>celebrari,</span> <span class='ocrx_word' id='word_1_147' title='bbox 691 1199 863 1242; x_wconf 85' lang='lat' dir='ltr'>eademque</span> <span class='ocrx_word' id='word_1_148' title='bbox 887 1199 919 1231; x_wconf 90' lang='lat' dir='ltr'>B.</span> <span class='ocrx_word' id='word_1_149' title='bbox 952 1199 1070 1241; x_wconf 84' lang='lat' dir='ltr'>Marga-</span> 
     </span>
     <span class='ocr_line' id='line_1_39' title="bbox 325 1252 1070 1298; baseline -0.005 -10"><span class='ocrx_word' id='word_1_150' title='bbox 325 1255 385 1289; x_wconf 86' lang='lat' dir='ltr'>rita</span> <span class='ocrx_word' id='word_1_151' title='bbox 400 1265 418 1287; x_wconf 90' lang='lat' dir='ltr'>a</span> <span class='ocrx_word' id='word_1_152' title='bbox 442 1253 603 1298; x_wconf 87' lang='lat' dir='ltr'>quibusvis</span> <span class='ocrx_word' id='word_1_153' title='bbox 628 1252 885 1286; x_wconf 86' lang='lat' dir='ltr'>christifidelibus</span> <span class='ocrx_word' id='word_1_154' title='bbox 898 1252 930 1284; x_wconf 91' lang='lat' dir='ltr'>in</span> <span class='ocrx_word' id='word_1_155' title='bbox 946 1252 1070 1285; x_wconf 81' lang='lat' dir='ltr'>civitate</span> 
     </span>
    </p>
   </div>
   <div class='ocr_carea' id='block_1_7' title="bbox 325 1306 1087 1352">
    <p class='ocr_par' dir='ltr' id='par_1_8' title="bbox 325 1306 1087 1352">
     <span class='ocr_line' id='line_1_40' title="bbox 325 1306 1087 1352; baseline -0.003 -12"><span class='ocrx_word' id='word_1_156' title='bbox 325 1307 486 1352; x_wconf 77' lang='lat' dir='ltr'>praedicta</span> <span class='ocrx_word' id='word_1_157' title='bbox 510 1311 540 1341; x_wconf 85' lang='lat' dir='ltr'>et</span> <span class='ocrx_word' id='word_1_158' title='bbox 564 1307 618 1339; x_wconf 79' lang='lat' dir='ltr'>illa</span> <span class='ocrx_word' id='word_1_159' title='bbox 643 1306 781 1339; x_wconf 90' lang='lat' dir='ltr'>dioecesi</span> <span class='ocrx_word' id='word_1_160' title='bbox 804 1306 952 1349; x_wconf 81' lang='lat' dir='ltr'>privatim</span> <span class='ocrx_word' id='word_1_161' title='bbox 970 1311 1000 1338; x_wconf 87' lang='lat' dir='ltr'>et</span> <span class='ocrx_word' id='word_1_162' title='bbox 1016 1317 1087 1349; x_wconf 58' lang='lat' dir='ltr'>pu-=</span> 
     </span>
    </p>
   </div>
   <div class='ocr_carea' id='block_1_8' title="bbox 326 1359 1070 1511">
    <p class='ocr_par' dir='ltr' id='par_1_9' title="bbox 326 1359 1070 1511">
     <span class='ocr_line' id='line_1_41' title="bbox 326 1359 1070 1403; baseline -0.001 -9"><span class='ocrx_word' id='word_1_163' title='bbox 326 1361 407 1394; x_wconf 87' lang='lat' dir='ltr'>blice</span> <span class='ocrx_word' id='word_1_164' title='bbox 421 1360 565 1394; x_wconf 87' lang='lat' dir='ltr'>venerari</span> <span class='ocrx_word' id='word_1_165' title='bbox 582 1360 681 1393; x_wconf 84' lang='lat' dir='ltr'>libere</span> <span class='ocrx_word' id='word_1_166' title='bbox 698 1365 727 1392; x_wconf 85' lang='lat' dir='ltr'>et</span> <span class='ocrx_word' id='word_1_167' title='bbox 744 1359 828 1392; x_wconf 89' lang='lat' dir='ltr'>licite</span> <span class='ocrx_word' id='word_1_168' title='bbox 845 1360 972 1399; x_wconf 82' lang='lat' dir='ltr'>valeret,</span> <span class='ocrx_word' id='word_1_169' title='bbox 994 1370 1070 1403; x_wconf 83' lang='lat' dir='ltr'>apo-</span> 
     </span>
     <span class='ocr_line' id='line_1_42' title="bbox 327 1412 1070 1456; baseline -0.004 -8"><span class='ocrx_word' id='word_1_170' title='bbox 327 1414 438 1449; x_wconf 77' lang='lat' dir='ltr'>stolica</span> <span class='ocrx_word' id='word_1_171' title='bbox 462 1413 649 1447; x_wconf 89' lang='lat' dir='ltr'>auctoritate</span> <span class='ocrx_word' id='word_1_172' title='bbox 672 1412 810 1453; x_wconf 78' lang='lat' dir='ltr'>indulsit,</span> <span class='ocrx_word' id='word_1_173' title='bbox 831 1418 925 1456; x_wconf 89' lang='lat' dir='ltr'>prout</span> <span class='ocrx_word' id='word_1_174' title='bbox 949 1413 981 1445; x_wconf 92' lang='lat' dir='ltr'>in</span> <span class='ocrx_word' id='word_1_175' title='bbox 1006 1413 1070 1445; x_wconf 92' lang='lat' dir='ltr'>suis</span> 
     </span>
     <span class='ocr_line' id='line_1_43' title="bbox 328 1466 1068 1511; baseline -0.004 -9"><span class='ocrx_word' id='word_1_176' title='bbox 328 1468 440 1502; x_wconf 83' lang='lat' dir='ltr'>exinde</span> <span class='ocrx_word' id='word_1_177' title='bbox 452 1467 601 1501; x_wconf 87' lang='lat' dir='ltr'>consectis</span> <span class='ocrx_word' id='word_1_178' title='bbox 614 1467 727 1502; x_wconf 85' lang='lat' dir='ltr'>litteris</span> <span class='ocrx_word' id='word_1_179' title='bbox 740 1466 864 1511; x_wconf 87' lang='lat' dir='ltr'>plenius</span> <span class='ocrx_word' id='word_1_180' title='bbox 881 1466 1068 1500; x_wconf 71' lang='lat' dir='ltr'>continetur.</span> 
     </span>
    </p>
   </div>
   <div class='ocr_carea' id='block_1_9' title="bbox 373 1520 1088 1566">
    <p class='ocr_par' dir='ltr' id='par_1_10' title="bbox 373 1520 1088 1566">
     <span class='ocr_line' id='line_1_44' title="bbox 373 1520 1088 1566; baseline -0.004 -11"><span class='ocrx_word' id='word_1_181' title='bbox 373 1523 388 1566; x_wconf 64' lang='lat' dir='ltr'>g</span> <span class='ocrx_word' id='word_1_182' title='bbox 412 1522 442 1555; x_wconf 71' lang='grc' dir='ltr'>ΕΖ.</span> <span class='ocrx_word' id='word_1_183' title='bbox 468 1521 657 1566; x_wconf 87' lang='lat' dir='ltr'>Nuperrime</span> <span class='ocrx_word' id='word_1_184' title='bbox 681 1531 756 1554; x_wconf 81' lang='lat' dir='ltr'>vero</span> <span class='ocrx_word' id='word_1_185' title='bbox 789 1520 994 1563; x_wconf 82' lang='lat' dir='ltr'>congregatio</span> <span class='ocrx_word' id='word_1_186' title='bbox 1019 1530 1088 1553; x_wconf 40' lang='lat' dir='ltr'>ves·</span> 
     </span>
    </p>
   </div>
   <div class='ocr_carea' id='block_1_10' title="bbox 328 1574 1073 1889">
    <p class='ocr_par' dir='ltr' id='par_1_11' title="bbox 328 1574 1073 1889">
     <span class='ocr_line' id='line_1_45' title="bbox 328 1574 1072 1609; baseline -0.004 0"><span class='ocrx_word' id='word_1_187' title='bbox 328 1575 520 1609; x_wconf 87' lang='lat' dir='ltr'>nerabilium</span> <span class='ocrx_word' id='word_1_188' title='bbox 545 1575 679 1608; x_wconf 86' lang='lat' dir='ltr'>fratrum</span> <span class='ocrx_word' id='word_1_189' title='bbox 703 1577 886 1608; x_wconf 90' lang='lat' dir='ltr'>nostrorum</span> <span class='ocrx_word' id='word_1_190' title='bbox 911 1574 939 1607; x_wconf 89' lang='lat' dir='ltr'>S.</span> <span class='ocrx_word' id='word_1_191' title='bbox 961 1574 1072 1607; x_wconf 86' lang='lat' dir='ltr'>Roma-</span> 
     </span>
     <span class='ocr_line' id='line_1_46' title="bbox 328 1627 1072 1672; baseline -0.004 -9"><span class='ocrx_word' id='word_1_192' title='bbox 328 1640 386 1663; x_wconf 88' lang='lat' dir='ltr'>nae</span> <span class='ocrx_word' id='word_1_193' title='bbox 416 1629 574 1663; x_wconf 83' lang='lat' dir='ltr'>Ecclesiae</span> <span class='ocrx_word' id='word_1_194' title='bbox 609 1628 816 1662; x_wconf 86' lang='lat' dir='ltr'>cardinalium</span> <span class='ocrx_word' id='word_1_195' title='bbox 848 1638 944 1672; x_wconf 87' lang='lat' dir='ltr'>super</span> <span class='ocrx_word' id='word_1_196' title='bbox 975 1627 1072 1661; x_wconf 90' lang='lat' dir='ltr'>sacris</span> 
     </span>
     <span class='ocr_line' id='line_1_47' title="bbox 328 1681 1073 1727; baseline -0.004 -10"><span class='ocrx_word' id='word_1_197' title='bbox 328 1683 441 1718; x_wconf 87' lang='lat' dir='ltr'>ritibus</span> <span class='ocrx_word' id='word_1_198' title='bbox 466 1683 710 1727; x_wconf 82' lang='lat' dir='ltr'>deputatorum,</span> <span class='ocrx_word' id='word_1_199' title='bbox 735 1681 933 1715; x_wconf 74' lang='lat' dir='ltr'>considerata</span> <span class='ocrx_word' id='word_1_200' title='bbox 963 1682 1073 1714; x_wconf 88' lang='lat' dir='ltr'>sancti-</span> 
     </span>
     <span class='ocr_line' id='line_1_48' title="bbox 330 1735 1073 1782; baseline -0.003 -12"><span class='ocrx_word' id='word_1_201' title='bbox 330 1742 392 1771; x_wconf 86' lang='lat' dir='ltr'>tate</span> <span class='ocrx_word' id='word_1_202' title='bbox 415 1736 596 1782; x_wconf 83' lang='lat' dir='ltr'>praedictae</span> <span class='ocrx_word' id='word_1_203' title='bbox 620 1736 652 1769; x_wconf 91' lang='lat' dir='ltr'>B.</span> <span class='ocrx_word' id='word_1_204' title='bbox 670 1735 866 1779; x_wconf 79' lang='lat' dir='ltr'>Margaritae,</span> <span class='ocrx_word' id='word_1_205' title='bbox 883 1745 963 1779; x_wconf 89' lang='lat' dir='ltr'>quae</span> <span class='ocrx_word' id='word_1_206' title='bbox 981 1745 999 1768; x_wconf 86' lang='lat' dir='ltr'>a</span> <span class='ocrx_word' id='word_1_207' title='bbox 1015 1739 1073 1770; x_wconf 89' lang='lat' dir='ltr'>tre-</span> 
     </span>
     <span class='ocr_line' id='line_1_49' title="bbox 330 1789 1072 1826; baseline -0.001 -2"><span class='ocrx_word' id='word_1_208' title='bbox 330 1791 428 1826; x_wconf 87' lang='lat' dir='ltr'>centis</span> <span class='ocrx_word' id='word_1_209' title='bbox 452 1790 541 1824; x_wconf 91' lang='lat' dir='ltr'>annis</span> <span class='ocrx_word' id='word_1_210' title='bbox 565 1795 595 1823; x_wconf 89' lang='lat' dir='ltr'>et</span> <span class='ocrx_word' id='word_1_211' title='bbox 620 1790 702 1823; x_wconf 89' lang='lat' dir='ltr'>ultra</span> <span class='ocrx_word' id='word_1_212' title='bbox 734 1789 883 1823; x_wconf 92' lang='lat' dir='ltr'>continuo</span> <span class='ocrx_word' id='word_1_213' title='bbox 907 1789 1072 1823; x_wconf 89' lang='lat' dir='ltr'>miraculo-</span> 
     </span>
     <span class='ocr_line' id='line_1_50' title="bbox 330 1843 1072 1889; baseline -0.004 -11"><span class='ocrx_word' id='word_1_214' title='bbox 330 1855 402 1878; x_wconf 89' lang='lat' dir='ltr'>rum</span> <span class='ocrx_word' id='word_1_215' title='bbox 426 1844 595 1889; x_wconf 89' lang='lat' dir='ltr'>splendore</span> <span class='ocrx_word' id='word_1_216' title='bbox 619 1848 774 1885; x_wconf 82' lang='lat' dir='ltr'>coruscat,</span> <span class='ocrx_word' id='word_1_217' title='bbox 791 1852 914 1876; x_wconf 91' lang='lat' dir='ltr'>necnon</span> <span class='ocrx_word' id='word_1_218' title='bbox 934 1843 1072 1876; x_wconf 85' lang='lat' dir='ltr'>mirabili</span> 
     </span>
    </p>
   </div>
   <div class='ocr_carea' id='block_1_11' title="bbox 331 1897 1090 1943">
    <p class='ocr_par' dir='ltr' id='par_1_12' title="bbox 331 1897 1090 1943">
     <span class='ocr_line' id='line_1_51' title="bbox 331 1897 1090 1943; baseline -0.003 -11"><span class='ocrx_word' id='word_1_219' title='bbox 331 1899 414 1932; x_wconf 90' lang='lat' dir='ltr'>illius</span> <span class='ocrx_word' id='word_1_220' title='bbox 435 1898 578 1943; x_wconf 89' lang='lat' dir='ltr'>corporis</span> <span class='ocrx_word' id='word_1_221' title='bbox 597 1898 787 1941; x_wconf 85' lang='lat' dir='ltr'>integritate,</span> <span class='ocrx_word' id='word_1_222' title='bbox 808 1908 888 1942; x_wconf 88' lang='lat' dir='ltr'>quae</span> <span class='ocrx_word' id='word_1_223' title='bbox 904 1897 954 1930; x_wconf 89' lang='lat' dir='ltr'>his</span> <span class='ocrx_word' id='word_1_224' title='bbox 978 1897 1072 1931; x_wconf 86' lang='lat' dir='ltr'>etiam</span> <span class='ocrx_word' id='word_1_225' title='bbox 1088 1905 1090 1913; x_wconf 79' lang='grc'><em>’</em></span> 
     </span>
    </p>
   </div>
   <div class='ocr_carea' id='block_1_12' title="bbox 330 1950 1075 2103">
    <p class='ocr_par' dir='ltr' id='par_1_13' title="bbox 330 1950 1075 2103">
     <span class='ocr_line' id='line_1_52' title="bbox 330 1950 1074 1996; baseline -0.003 -11"><span class='ocrx_word' id='word_1_226' title='bbox 330 1952 441 1986; x_wconf 89' lang='lat' dir='ltr'>diebus</span> <span class='ocrx_word' id='word_1_227' title='bbox 465 1962 561 1996; x_wconf 89' lang='lat' dir='ltr'>supra</span> <span class='ocrx_word' id='word_1_228' title='bbox 584 1955 714 1986; x_wconf 86' lang='lat' dir='ltr'>naturae</span> <span class='ocrx_word' id='word_1_229' title='bbox 734 1951 817 1984; x_wconf 86' lang='lat' dir='ltr'>vires</span> <span class='ocrx_word' id='word_1_230' title='bbox 841 1950 971 1984; x_wconf 89' lang='lat' dir='ltr'>odorem</span> <span class='ocrx_word' id='word_1_231' title='bbox 991 1950 1074 1984; x_wconf 75' lang='lat' dir='ltr'>efflat</span> 
     </span>
     <span class='ocr_line' id='line_1_53' title="bbox 330 2005 1071 2047; baseline -0.003 -8"><span class='ocrx_word' id='word_1_232' title='bbox 330 2006 551 2039; x_wconf 87' lang='lat' dir='ltr'>suavissimum</span> <span class='ocrx_word' id='word_1_233' title='bbox 566 2033 573 2047; x_wconf 95' lang='lat'>,</span> <span class='ocrx_word' id='word_1_234' title='bbox 599 2005 638 2039; x_wconf 91' lang='lat' dir='ltr'>ad</span> <span class='ocrx_word' id='word_1_235' title='bbox 662 2005 857 2046; x_wconf 85' lang='lat' dir='ltr'>instantiam,</span> <span class='ocrx_word' id='word_1_236' title='bbox 882 2015 945 2038; x_wconf 91' lang='lat' dir='ltr'>non</span> <span class='ocrx_word' id='word_1_237' title='bbox 969 2005 1071 2038; x_wconf 90' lang='lat' dir='ltr'>solum</span> 
     </span>
     <span class='ocr_line' id='line_1_54' title="bbox 330 2058 1075 2103; baseline -0.001 -12"><span class='ocrx_word' id='word_1_238' title='bbox 330 2058 407 2092; x_wconf 85' lang='lat' dir='ltr'>cleri</span> <span class='ocrx_word' id='word_1_239' title='bbox 427 2064 457 2091; x_wconf 93' lang='lat' dir='ltr'>et</span> <span class='ocrx_word' id='word_1_240' title='bbox 475 2059 586 2103; x_wconf 88' lang='lat' dir='ltr'>populi</span> <span class='ocrx_word' id='word_1_241' title='bbox 604 2058 815 2099; x_wconf 87' lang='lat' dir='ltr'>Cortonensis,</span> <span class='ocrx_word' id='word_1_242' title='bbox 833 2058 887 2091; x_wconf 86' lang='lat' dir='ltr'>sed</span> <span class='ocrx_word' id='word_1_243' title='bbox 903 2058 999 2091; x_wconf 87' lang='lat' dir='ltr'>etiam</span> <span class='ocrx_word' id='word_1_244' title='bbox 1016 2058 1075 2091; x_wconf 84' lang='lat' dir='ltr'>sra-</span> 
     </span>
    </p>
   </div>
   <div class='ocr_carea' id='block_1_13' title="bbox 331 2112 1091 2147">
    <p class='ocr_par' dir='ltr' id='par_1_14' title="bbox 331 2112 1091 2147">
     <span class='ocr_line' id='line_1_55' title="bbox 331 2112 1091 2147; baseline 0 -1"><span class='ocrx_word' id='word_1_245' title='bbox 331 2118 415 2146; x_wconf 87' lang='lat' dir='ltr'>trum</span> <span class='ocrx_word' id='word_1_246' title='bbox 439 2112 564 2147; x_wconf 88' lang='lat' dir='ltr'>Ordinis</span> <span class='ocrx_word' id='word_1_247' title='bbox 584 2112 613 2146; x_wconf 89' lang='lat' dir='ltr'>S.</span> <span class='ocrx_word' id='word_1_248' title='bbox 630 2112 789 2145; x_wconf 90' lang='lat' dir='ltr'>Francisci</span> <span class='ocrx_word' id='word_1_249' title='bbox 806 2112 844 2145; x_wconf 89' lang='lat' dir='ltr'>de</span> <span class='ocrx_word' id='word_1_250' title='bbox 869 2112 1074 2146; x_wconf 78' lang='lat' dir='ltr'>Observantia</span> <span class='ocrx_word' id='word_1_251' title='bbox 1090 2134 1091 2139; x_wconf 65' lang='lat'>,</span> 
     </span>
    </p>
   </div>
   <div class='ocr_carea' id='block_1_14' title="bbox 330 2166 1076 2739">
    <p class='ocr_par' dir='ltr' id='par_1_15' title="bbox 330 2166 1076 2739">
     <span class='ocr_line' id='line_1_56' title="bbox 330 2166 1074 2212; baseline 0 -12"><span class='ocrx_word' id='word_1_252' title='bbox 330 2172 604 2212; x_wconf 86' lang='lat' dir='ltr'>nuncupatorum,</span> <span class='ocrx_word' id='word_1_253' title='bbox 631 2166 818 2200; x_wconf 89' lang='lat' dir='ltr'>dilectorum</span> <span class='ocrx_word' id='word_1_254' title='bbox 846 2166 1007 2208; x_wconf 86' lang='lat' dir='ltr'>filiorum,</span> <span class='ocrx_word' id='word_1_255' title='bbox 1036 2167 1074 2200; x_wconf 90' lang='lat' dir='ltr'>ad</span> 
     </span>
     <span class='ocr_line' id='line_1_57' title="bbox 331 2219 1074 2254; baseline 0 -1"><span class='ocrx_word' id='word_1_256' title='bbox 331 2230 440 2254; x_wconf 91' lang='lat' dir='ltr'>omnes</span> <span class='ocrx_word' id='word_1_257' title='bbox 459 2220 600 2254; x_wconf 90' lang='lat' dir='ltr'>eiusdem</span> <span class='ocrx_word' id='word_1_258' title='bbox 620 2219 745 2254; x_wconf 91' lang='lat' dir='ltr'>Ordinis</span> <span class='ocrx_word' id='word_1_259' title='bbox 765 2220 794 2254; x_wconf 87' lang='lat' dir='ltr'>S.</span> <span class='ocrx_word' id='word_1_260' title='bbox 812 2220 969 2253; x_wconf 88' lang='lat' dir='ltr'>Francisci</span> <span class='ocrx_word' id='word_1_261' title='bbox 989 2221 1074 2254; x_wconf 89' lang='lat' dir='ltr'>viros</span> 
     </span>
     <span class='ocr_line' id='line_1_58' title="bbox 331 2274 1074 2318; baseline 0.001 -11"><span class='ocrx_word' id='word_1_262' title='bbox 331 2280 362 2307; x_wconf 92' lang='lat' dir='ltr'>et</span> <span class='ocrx_word' id='word_1_263' title='bbox 378 2274 526 2308; x_wconf 91' lang='lat' dir='ltr'>mulieres</span> <span class='ocrx_word' id='word_1_264' title='bbox 550 2274 707 2308; x_wconf 90' lang='lat' dir='ltr'>indultum</span> <span class='ocrx_word' id='word_1_265' title='bbox 730 2274 926 2318; x_wconf 86' lang='lat' dir='ltr'>praedictum</span> <span class='ocrx_word' id='word_1_266' title='bbox 950 2275 1074 2308; x_wconf 85' lang='lat' dir='ltr'>extendi</span> 
     </span>
     <span class='ocr_line' id='line_1_59' title="bbox 332 2327 1074 2372; baseline 0.001 -12"><span class='ocrx_word' id='word_1_267' title='bbox 332 2338 425 2372; x_wconf 90' lang='lat' dir='ltr'>posse</span> <span class='ocrx_word' id='word_1_268' title='bbox 443 2328 569 2371; x_wconf 82' lang='lat' dir='ltr'>(habito</span> <span class='ocrx_word' id='word_1_269' title='bbox 586 2338 680 2372; x_wconf 82' lang='lat' dir='ltr'>super</span> <span class='ocrx_word' id='word_1_270' title='bbox 705 2328 766 2361; x_wconf 89' lang='lat' dir='ltr'>hoc</span> <span class='ocrx_word' id='word_1_271' title='bbox 786 2327 884 2361; x_wconf 78' lang='lat' dir='ltr'>felicis</span> <span class='ocrx_word' id='word_1_272' title='bbox 902 2328 1074 2362; x_wconf 82' lang='lat' dir='ltr'>memoriae</span> 
     </span>
     <span class='ocr_line' id='line_1_60' title="bbox 332 2380 1076 2425; baseline 0 -10"><span class='ocrx_word' id='word_1_273' title='bbox 332 2381 477 2423; x_wconf 78' lang='lat' dir='ltr'>Gregorii</span> <span class='ocrx_word' id='word_1_274' title='bbox 501 2381 604 2424; x_wconf 86' lang='lat' dir='ltr'>Papae</span> <span class='ocrx_word' id='word_1_275' title='bbox 628 2381 678 2414; x_wconf 87' lang='lat' dir='ltr'>XV</span> <span class='ocrx_word' id='word_1_276' title='bbox 697 2380 841 2414; x_wconf 91' lang='lat' dir='ltr'>similiter</span> <span class='ocrx_word' id='word_1_277' title='bbox 857 2381 1076 2425; x_wconf 85' lang='lat' dir='ltr'>praedecesso-</span> 
     </span>
     <span class='ocr_line' id='line_1_61' title="bbox 334 2433 1075 2477; baseline 0.003 -11"><span class='ocrx_word' id='word_1_278' title='bbox 334 2434 376 2466; x_wconf 92' lang='lat' dir='ltr'>ris</span> <span class='ocrx_word' id='word_1_279' title='bbox 399 2433 500 2467; x_wconf 88' lang='lat' dir='ltr'>nostri</span> <span class='ocrx_word' id='word_1_280' title='bbox 530 2433 737 2477; x_wconf 88' lang='lat' dir='ltr'>beneplacito,</span> <span class='ocrx_word' id='word_1_281' title='bbox 757 2444 793 2467; x_wconf 88' lang='lat' dir='ltr'>ac</span> <span class='ocrx_word' id='word_1_282' title='bbox 825 2434 972 2467; x_wconf 91' lang='lat' dir='ltr'>omnibus</span> <span class='ocrx_word' id='word_1_283' title='bbox 997 2435 1075 2468; x_wconf 89' lang='lat' dir='ltr'>cius-</span> 
     </span>
     <span class='ocr_line' id='line_1_62' title="bbox 333 2487 1074 2522; baseline 0.001 -2"><span class='ocrx_word' id='word_1_284' title='bbox 333 2487 405 2520; x_wconf 90' lang='lat' dir='ltr'>dem</span> <span class='ocrx_word' id='word_1_285' title='bbox 429 2487 459 2521; x_wconf 87' lang='lat' dir='ltr'>S.</span> <span class='ocrx_word' id='word_1_286' title='bbox 484 2487 642 2520; x_wconf 88' lang='lat' dir='ltr'>Romanae</span> <span class='ocrx_word' id='word_1_287' title='bbox 673 2487 830 2521; x_wconf 87' lang='lat' dir='ltr'>Ecclesiae</span> <span class='ocrx_word' id='word_1_288' title='bbox 863 2488 1074 2522; x_wconf 87' lang='lat' dir='ltr'>cardinalibus</span> 
     </span>
     <span class='ocr_line' id='line_1_63' title="bbox 334 2540 983 2585; baseline 0 -11"><span class='ocrx_word' id='word_1_289' title='bbox 334 2540 523 2574; x_wconf 86' lang='lat' dir='ltr'>unanimiter</span> <span class='ocrx_word' id='word_1_290' title='bbox 543 2541 822 2585; x_wconf 80' lang='lat' dir='ltr'>consentientibus)</span> <span class='ocrx_word' id='word_1_291' title='bbox 836 2541 983 2574; x_wconf 89' lang='lat' dir='ltr'>decrevit.</span> 
     </span>
     <span class='ocr_line' id='line_1_64' title="bbox 378 2594 1075 2639; baseline 0.003 -13"><span class='ocrx_word' id='word_1_292' title='bbox 378 2595 393 2638; x_wconf 64' lang='lat' dir='ltr'>g</span> <span class='ocrx_word' id='word_1_293' title='bbox 417 2594 445 2627; x_wconf 85' lang='grc'>,3.</span> <span class='ocrx_word' id='word_1_294' title='bbox 471 2594 573 2634; x_wconf 86' lang='lat' dir='ltr'>Quare</span> <span class='ocrx_word' id='word_1_295' title='bbox 599 2605 658 2637; x_wconf 90' lang='lat' dir='ltr'>pro</span> <span class='ocrx_word' id='word_1_296' title='bbox 680 2595 865 2628; x_wconf 89' lang='lat' dir='ltr'>eorumdem</span> <span class='ocrx_word' id='word_1_297' title='bbox 883 2595 959 2628; x_wconf 80' lang='lat' dir='ltr'>cleri</span> <span class='ocrx_word' id='word_1_298' title='bbox 977 2601 1007 2628; x_wconf 83' lang='lat' dir='ltr'>et</span> <span class='ocrx_word' id='word_1_299' title='bbox 1023 2606 1075 2639; x_wconf 92' lang='lat' dir='ltr'>po—</span> 
     </span>
     <span class='ocr_line' id='line_1_65' title="bbox 334 2648 1075 2693; baseline 0 -12"><span class='ocrx_word' id='word_1_300' title='bbox 334 2648 400 2693; x_wconf 92' lang='lat' dir='ltr'>puli</span> <span class='ocrx_word' id='word_1_301' title='bbox 425 2659 460 2681; x_wconf 91' lang='lat' dir='ltr'>ac</span> <span class='ocrx_word' id='word_1_302' title='bbox 485 2648 617 2680; x_wconf 86' lang='lat' dir='ltr'>fratrum</span> <span class='ocrx_word' id='word_1_303' title='bbox 649 2652 737 2692; x_wconf 90' lang='lat' dir='ltr'>parte</span> <span class='ocrx_word' id='word_1_304' title='bbox 768 2649 858 2682; x_wconf 88' lang='lat' dir='ltr'>nobis</span> <span class='ocrx_word' id='word_1_305' title='bbox 889 2658 990 2693; x_wconf 85' lang='lat' dir='ltr'>nuper</span> <span class='ocrx_word' id='word_1_306' title='bbox 1018 2649 1075 2681; x_wconf 83' lang='lat' dir='ltr'>fuit</span> 
     </span>
     <span class='ocr_line' id='line_1_66' title="bbox 416 2710 984 2739; baseline -0.002 -1"><span class='ocrx_word' id='word_1_307' title='bbox 416 2711 494 2738; x_wconf 77' lang='lat' dir='ltr'>Bull.</span> <span class='ocrx_word' id='word_1_308' title='bbox 515 2711 591 2739; x_wconf 84' lang='lat' dir='ltr'>Rom.</span> <span class='ocrx_word' id='word_1_309' title='bbox 612 2726 646 2730; x_wconf 76' lang='lat'>—-</span> <span class='ocrx_word' id='word_1_310' title='bbox 669 2710 729 2738; x_wconf 89' lang='lat' dir='ltr'>Vol.</span> <span class='ocrx_word' id='word_1_311' title='bbox 745 2710 824 2738; x_wconf 84' lang='lat' dir='ltr'>XIII.</span> <span class='ocrx_word' id='word_1_312' title='bbox 955 2711 984 2737; x_wconf 84' lang='lat'>11</span> 
     </span>
    </p>
   </div>
   <div class='ocr_carea' id='block_1_15' title="bbox 1082 313 1095 2692">
    <p class='ocr_par' dir='ltr' id='par_1_16' title="bbox 1082 313 1095 2692">
     <span class='ocr_line' id='line_1_67' title="bbox 1082 313 1095 2692; baseline 0 0"><span class='ocrx_word' id='word_1_313' title='bbox 1082 313 1095 2692; x_wconf 95' lang='lat' dir='ltr'> </span> 
     </span>
    </p>
   </div>
   <div class='ocr_carea' id='block_1_16' title="bbox 1768 232 2042 271">
    <p class='ocr_par' dir='ltr' id='par_1_17' title="bbox 1768 232 2042 271">
     <span class='ocr_line' id='line_1_68' title="bbox 1768 232 2042 271; baseline 0.022 -6"><span class='ocrx_word' id='word_1_314' title='bbox 1768 232 1805 266; x_wconf 79' lang='grc'><strong>81</strong></span> <span class='ocrx_word' id='word_1_315' title='bbox 1856 242 1906 270; x_wconf 83' lang='lat' dir='ltr'>An.</span> <span class='ocrx_word' id='word_1_316' title='bbox 1923 242 1951 270; x_wconf 89' lang='lat' dir='ltr'>C.</span> <span class='ocrx_word' id='word_1_317' title='bbox 1974 243 2042 271; x_wconf 78' lang='lat'>1623</span> 
     </span>
    </p>
   </div>
   <div class='ocr_carea' id='block_1_17' title="bbox 1100 292 2043 336">
    <p class='ocr_par' dir='ltr' id='par_1_18' title="bbox 1100 292 2043 336">
     <span class='ocr_line' id='line_1_69' title="bbox 1100 292 2043 336; baseline 0 -11"><span class='ocrx_word' id='word_1_318' title='bbox 1100 292 1261 326; x_wconf 81' lang='lat' dir='ltr'>humiliter</span> <span class='ocrx_word' id='word_1_319' title='bbox 1285 292 1503 336; x_wconf 85' lang='lat' dir='ltr'>supplicatum,</span> <span class='ocrx_word' id='word_1_320' title='bbox 1529 295 1682 334; x_wconf 81' lang='lat' dir='ltr'>quatenus</span> <span class='ocrx_word' id='word_1_321' title='bbox 1706 300 1764 334; x_wconf 84' lang='lat' dir='ltr'>pro</span> <span class='ocrx_word' id='word_1_322' title='bbox 1790 300 1842 324; x_wconf 89' lang='lat' dir='ltr'>eo-</span> <span class='ocrx_word' id='word_1_323' title='bbox 1858 304 2043 325; x_wconf 52' lang='lat' dir='ltr'>manniaco„-</span> 
     </span>
    </p>
   </div>
   <div class='ocr_carea' id='block_1_18' title="bbox 1100 343 1849 1614">
    <p class='ocr_par' dir='ltr' id='par_1_19' title="bbox 1100 343 1842 442">
     <span class='ocr_line' id='line_1_70' title="bbox 1100 343 1842 386; baseline -0.003 -8"><span class='ocrx_word' id='word_1_324' title='bbox 1100 357 1171 379; x_wconf 91' lang='lat' dir='ltr'>rum</span> <span class='ocrx_word' id='word_1_325' title='bbox 1196 346 1363 386; x_wconf 86' lang='lat' dir='ltr'>desiderio,</span> <span class='ocrx_word' id='word_1_326' title='bbox 1388 350 1422 378; x_wconf 89' lang='lat' dir='ltr'>ut</span> <span class='ocrx_word' id='word_1_327' title='bbox 1446 345 1536 386; x_wconf 85' lang='lat' dir='ltr'>infra,</span> <span class='ocrx_word' id='word_1_328' title='bbox 1562 354 1702 377; x_wconf 86' lang='lat' dir='ltr'>annuere</span> <span class='ocrx_word' id='word_1_329' title='bbox 1726 343 1765 377; x_wconf 86' lang='lat' dir='ltr'>de</span> <span class='ocrx_word' id='word_1_330' title='bbox 1788 343 1842 377; x_wconf 90' lang='lat' dir='ltr'>be-</span> 
     </span>
     <span class='ocr_line' id='line_1_71' title="bbox 1100 398 1686 442; baseline -0.002 -12"><span class='ocrx_word' id='word_1_331' title='bbox 1100 399 1253 441; x_wconf 77' lang='lat' dir='ltr'>nignitate</span> <span class='ocrx_word' id='word_1_332' title='bbox 1277 398 1448 442; x_wconf 76' lang='lat' dir='ltr'>apostolica</span> <span class='ocrx_word' id='word_1_333' title='bbox 1472 398 1686 439; x_wconf 83' lang='lat' dir='ltr'>dignaremur.</span> 
     </span>
    </p>

    <p class='ocr_par' dir='ltr' id='par_1_20' title="bbox 1101 448 1849 1614">
     <span class='ocr_line' id='line_1_72' title="bbox 1145 448 1844 493; baseline -0.003 -10"><span class='ocrx_word' id='word_1_334' title='bbox 1145 451 1159 493; x_wconf 57' lang='grc' dir='ltr'>ᾖ</span> <span class='ocrx_word' id='word_1_335' title='bbox 1184 451 1213 483; x_wconf 61' lang='lat' dir='ltr'>ll.</span> <span class='ocrx_word' id='word_1_336' title='bbox 1232 452 1294 484; x_wconf 86' lang='lat' dir='ltr'>Nos</span> <span class='ocrx_word' id='word_1_337' title='bbox 1310 451 1416 493; x_wconf 86' lang='lat' dir='ltr'>igitur,</span> <span class='ocrx_word' id='word_1_338' title='bbox 1437 451 1642 490; x_wconf 79' lang='lat' dir='ltr'>attendentes,</span> <span class='ocrx_word' id='word_1_339' title='bbox 1659 448 1744 493; x_wconf 86' lang='lat' dir='ltr'>quod</span> <span class='ocrx_word' id='word_1_340' title='bbox 1764 449 1844 482; x_wconf 89' lang='lat' dir='ltr'>sicut</span> 
     </span>
     <span class='ocr_line' id='line_1_73' title="bbox 1101 503 1844 547; baseline 0 -12"><span class='ocrx_word' id='word_1_341' title='bbox 1101 505 1167 547; x_wconf 79' lang='lat' dir='ltr'>ipsa</span> <span class='ocrx_word' id='word_1_342' title='bbox 1192 504 1223 535; x_wconf 92' lang='lat' dir='ltr'>B.</span> <span class='ocrx_word' id='word_1_343' title='bbox 1250 504 1417 546; x_wconf 75' lang='lat' dir='ltr'>Margarita</span> <span class='ocrx_word' id='word_1_344' title='bbox 1441 508 1588 537; x_wconf 83' lang='lat' dir='ltr'>coruscat</span> <span class='ocrx_word' id='word_1_345' title='bbox 1612 503 1643 536; x_wconf 92' lang='lat' dir='ltr'>in</span> <span class='ocrx_word' id='word_1_346' title='bbox 1666 503 1778 544; x_wconf 88' lang='lat' dir='ltr'>caelis,</span> <span class='ocrx_word' id='word_1_347' title='bbox 1803 503 1844 535; x_wconf 87' lang='lat' dir='ltr'>ita</span> 
     </span>
     <span class='ocr_line' id='line_1_74' title="bbox 1101 556 1844 600; baseline 0 -11"><span class='ocrx_word' id='word_1_348' title='bbox 1101 556 1191 600; x_wconf 87' lang='lat' dir='ltr'>quasi</span> <span class='ocrx_word' id='word_1_349' title='bbox 1215 557 1380 600; x_wconf 85' lang='lat' dir='ltr'>multiplici</span> <span class='ocrx_word' id='word_1_350' title='bbox 1406 557 1600 590; x_wconf 87' lang='lat' dir='ltr'>rutilantium</span> <span class='ocrx_word' id='word_1_351' title='bbox 1618 557 1740 590; x_wconf 88' lang='lat' dir='ltr'>honore</span> <span class='ocrx_word' id='word_1_352' title='bbox 1756 566 1844 599; x_wconf 83' lang='lat' dir='ltr'>gem-</span> 
     </span>
     <span class='ocr_line' id='line_1_75' title="bbox 1102 610 1845 655; baseline 0 -12"><span class='ocrx_word' id='word_1_353' title='bbox 1102 621 1226 643; x_wconf 88' lang='lat' dir='ltr'>marum</span> <span class='ocrx_word' id='word_1_354' title='bbox 1238 612 1357 643; x_wconf 75' lang='lat' dir='ltr'>corona</span> <span class='ocrx_word' id='word_1_355' title='bbox 1370 610 1485 643; x_wconf 76' lang='lat' dir='ltr'>decora</span> <span class='ocrx_word' id='word_1_356' title='bbox 1499 611 1586 643; x_wconf 87' lang='lat' dir='ltr'>caelo</span> <span class='ocrx_word' id='word_1_357' title='bbox 1596 610 1744 644; x_wconf 88' lang='lat' dir='ltr'>universo</span> <span class='ocrx_word' id='word_1_358' title='bbox 1757 620 1845 655; x_wconf 88' lang='lat' dir='ltr'>prae-</span> 
     </span>
     <span class='ocr_line' id='line_1_76' title="bbox 1102 663 1845 707; baseline -0.001 -11"><span class='ocrx_word' id='word_1_359' title='bbox 1102 664 1230 707; x_wconf 80' lang='lat' dir='ltr'>fulgeat,</span> <span class='ocrx_word' id='word_1_360' title='bbox 1255 663 1331 696; x_wconf 83' lang='lat' dir='ltr'>cleri</span> <span class='ocrx_word' id='word_1_361' title='bbox 1356 668 1385 696; x_wconf 89' lang='lat' dir='ltr'>et</span> <span class='ocrx_word' id='word_1_362' title='bbox 1409 663 1517 707; x_wconf 91' lang='lat' dir='ltr'>populi</span> <span class='ocrx_word' id='word_1_363' title='bbox 1541 673 1577 695; x_wconf 86' lang='lat' dir='ltr'>ac</span> <span class='ocrx_word' id='word_1_364' title='bbox 1600 663 1733 696; x_wconf 84' lang='lat' dir='ltr'>fratrum</span> <span class='ocrx_word' id='word_1_365' title='bbox 1757 673 1845 707; x_wconf 89' lang='lat' dir='ltr'>prae-</span> 
     </span>
     <span class='ocr_line' id='line_1_77' title="bbox 1103 716 1845 760; baseline 0 -10"><span class='ocrx_word' id='word_1_366' title='bbox 1103 717 1260 751; x_wconf 87' lang='lat' dir='ltr'>dictorum</span> <span class='ocrx_word' id='word_1_367' title='bbox 1285 716 1462 759; x_wconf 83' lang='lat' dir='ltr'>singulares</span> <span class='ocrx_word' id='word_1_368' title='bbox 1481 726 1632 760; x_wconf 87' lang='lat' dir='ltr'>personas</span> <span class='ocrx_word' id='word_1_369' title='bbox 1649 727 1666 748; x_wconf 89' lang='lat' dir='ltr'>a</span> <span class='ocrx_word' id='word_1_370' title='bbox 1683 716 1845 760; x_wconf 90' lang='lat' dir='ltr'>quibusvis</span> 
     </span>
     <span class='ocr_line' id='line_1_78' title="bbox 1104 768 1846 813; baseline -0.003 -10"><span class='ocrx_word' id='word_1_371' title='bbox 1104 768 1446 810; x_wconf 79' lang='lat' dir='ltr'>excommunicationis,</span> <span class='ocrx_word' id='word_1_372' title='bbox 1464 768 1679 813; x_wconf 85' lang='lat' dir='ltr'>suspensionis</span> <span class='ocrx_word' id='word_1_373' title='bbox 1704 774 1733 802; x_wconf 88' lang='lat' dir='ltr'>et</span> <span class='ocrx_word' id='word_1_374' title='bbox 1753 769 1846 802; x_wconf 89' lang='lat' dir='ltr'>inter-</span> 
     </span>
     <span class='ocr_line' id='line_1_79' title="bbox 1104 822 1845 867; baseline -0.003 -11"><span class='ocrx_word' id='word_1_375' title='bbox 1104 823 1190 864; x_wconf 88' lang='lat' dir='ltr'>dicti,</span> <span class='ocrx_word' id='word_1_376' title='bbox 1203 823 1335 867; x_wconf 90' lang='lat' dir='ltr'>aIiisque</span> <span class='ocrx_word' id='word_1_377' title='bbox 1353 822 1574 856; x_wconf 88' lang='lat' dir='ltr'>ecclesiasticis</span> <span class='ocrx_word' id='word_1_378' title='bbox 1591 822 1763 865; x_wconf 88' lang='lat' dir='ltr'>sententiis,</span> <span class='ocrx_word' id='word_1_379' title='bbox 1777 832 1845 855; x_wconf 90' lang='lat' dir='ltr'>cen-</span> 
     </span>
     <span class='ocr_line' id='line_1_80' title="bbox 1104 874 1846 921; baseline -0.004 -11"><span class='ocrx_word' id='word_1_380' title='bbox 1104 877 1196 918; x_wconf 88' lang='lat' dir='ltr'>suris,</span> <span class='ocrx_word' id='word_1_381' title='bbox 1211 880 1240 911; x_wconf 86' lang='lat' dir='ltr'>et</span> <span class='ocrx_word' id='word_1_382' title='bbox 1252 876 1372 921; x_wconf 89' lang='lat' dir='ltr'>poenis,</span> <span class='ocrx_word' id='word_1_383' title='bbox 1387 887 1404 909; x_wconf 89' lang='lat' dir='ltr'>a</span> <span class='ocrx_word' id='word_1_384' title='bbox 1420 876 1489 909; x_wconf 87' lang='lat' dir='ltr'>iure</span> <span class='ocrx_word' id='word_1_385' title='bbox 1502 876 1549 909; x_wconf 90' lang='lat' dir='ltr'>vel</span> <span class='ocrx_word' id='word_1_386' title='bbox 1566 875 1605 908; x_wconf 89' lang='lat' dir='ltr'>ab</span> <span class='ocrx_word' id='word_1_387' title='bbox 1621 874 1760 916; x_wconf 91' lang='lat' dir='ltr'>homine,</span> <span class='ocrx_word' id='word_1_388' title='bbox 1774 886 1846 919; x_wconf 85' lang='lat' dir='ltr'>qua—</span> 
     </span>
     <span class='ocr_line' id='line_1_81' title="bbox 1104 928 1846 972; baseline -0.003 -9"><span class='ocrx_word' id='word_1_389' title='bbox 1104 930 1149 963; x_wconf 88' lang='lat' dir='ltr'>vis</span> <span class='ocrx_word' id='word_1_390' title='bbox 1174 930 1340 964; x_wconf 85' lang='lat' dir='ltr'>occasione</span> <span class='ocrx_word' id='word_1_391' title='bbox 1364 930 1412 963; x_wconf 88' lang='lat' dir='ltr'>vel</span> <span class='ocrx_word' id='word_1_392' title='bbox 1443 930 1539 962; x_wconf 71' lang='lat' dir='ltr'>causa</span> <span class='ocrx_word' id='word_1_393' title='bbox 1567 928 1658 969; x_wconf 89' lang='lat' dir='ltr'>latis,</span> <span class='ocrx_word' id='word_1_394' title='bbox 1682 929 1707 961; x_wconf 91' lang='lat' dir='ltr'>si</span> <span class='ocrx_word' id='word_1_395' title='bbox 1732 928 1846 972; x_wconf 90' lang='lat' dir='ltr'>quibus</span> 
     </span>
     <span class='ocr_line' id='line_1_82' title="bbox 1104 980 1847 1027; baseline -0.004 -10"><span class='ocrx_word' id='word_1_396' title='bbox 1104 983 1343 1027; x_wconf 83' lang='lat' dir='ltr'>quomodolibet</span> <span class='ocrx_word' id='word_1_397' title='bbox 1366 982 1532 1016; x_wconf 88' lang='lat' dir='ltr'>innodatae</span> <span class='ocrx_word' id='word_1_398' title='bbox 1556 981 1701 1023; x_wconf 84' lang='lat' dir='ltr'>existunt,</span> <span class='ocrx_word' id='word_1_399' title='bbox 1718 981 1757 1014; x_wconf 92' lang='lat' dir='ltr'>ad</span> <span class='ocrx_word' id='word_1_400' title='bbox 1776 980 1847 1014; x_wconf 82' lang='lat' dir='ltr'>effe-</span> 
     </span>
     <span class='ocr_line' id='line_1_83' title="bbox 1104 1035 1847 1080; baseline -0.003 -11"><span class='ocrx_word' id='word_1_401' title='bbox 1104 1040 1189 1070; x_wconf 88' lang='lat' dir='ltr'>ctum</span> <span class='ocrx_word' id='word_1_402' title='bbox 1213 1036 1428 1080; x_wconf 89' lang='lat' dir='ltr'>praesentium</span> <span class='ocrx_word' id='word_1_403' title='bbox 1463 1035 1626 1069; x_wconf 79' lang='lat' dir='ltr'>dumtaxat</span> <span class='ocrx_word' id='word_1_404' title='bbox 1655 1044 1847 1079; x_wconf 88' lang='lat' dir='ltr'>consequen-</span> 
     </span>
     <span class='ocr_line' id='line_1_84' title="bbox 1104 1088 1846 1131; baseline -0.003 -8"><span class='ocrx_word' id='word_1_405' title='bbox 1104 1090 1189 1131; x_wconf 93' lang='lat' dir='ltr'>dum,</span> <span class='ocrx_word' id='word_1_406' title='bbox 1203 1090 1317 1123; x_wconf 87' lang='lat' dir='ltr'>harum</span> <span class='ocrx_word' id='word_1_407' title='bbox 1338 1089 1418 1123; x_wconf 89' lang='lat' dir='ltr'>serie</span> <span class='ocrx_word' id='word_1_408' title='bbox 1431 1089 1628 1123; x_wconf 83' lang='lat' dir='ltr'>absolventes</span> <span class='ocrx_word' id='word_1_409' title='bbox 1645 1094 1676 1122; x_wconf 88' lang='lat' dir='ltr'>et</span> <span class='ocrx_word' id='word_1_410' title='bbox 1688 1088 1846 1122; x_wconf 83' lang='lat' dir='ltr'>absolutas</span> 
     </span>
     <span class='ocr_line' id='line_1_85' title="bbox 1103 1143 1847 1186; baseline -0.004 -8"><span class='ocrx_word' id='word_1_411' title='bbox 1103 1144 1171 1178; x_wconf 88' lang='lat' dir='ltr'>sore</span> <span class='ocrx_word' id='word_1_412' title='bbox 1196 1148 1376 1183; x_wconf 70' lang='lat' dir='ltr'>censentes,</span> <span class='ocrx_word' id='word_1_413' title='bbox 1401 1153 1523 1176; x_wconf 89' lang='lat' dir='ltr'>necnon</span> <span class='ocrx_word' id='word_1_414' title='bbox 1554 1143 1731 1176; x_wconf 89' lang='lat' dir='ltr'>litterarum</span> <span class='ocrx_word' id='word_1_415' title='bbox 1759 1152 1847 1186; x_wconf 88' lang='lat' dir='ltr'>prae-</span> 
     </span>
     <span class='ocr_line' id='line_1_86' title="bbox 1104 1196 1846 1242; baseline 0 -13"><span class='ocrx_word' id='word_1_416' title='bbox 1104 1197 1259 1231; x_wconf 86' lang='lat' dir='ltr'>dictarum</span> <span class='ocrx_word' id='word_1_417' title='bbox 1290 1201 1321 1229; x_wconf 92' lang='lat' dir='ltr'>et</span> <span class='ocrx_word' id='word_1_418' title='bbox 1351 1196 1423 1229; x_wconf 91' lang='lat' dir='ltr'>inde</span> <span class='ocrx_word' id='word_1_419' title='bbox 1454 1200 1661 1239; x_wconf 85' lang='lat' dir='ltr'>sequutorum</span> <span class='ocrx_word' id='word_1_420' title='bbox 1693 1207 1846 1242; x_wconf 90' lang='lat' dir='ltr'>quorum-</span> 
     </span>
     <span class='ocr_line' id='line_1_87' title="bbox 1104 1248 1846 1294; baseline -0.001 -11"><span class='ocrx_word' id='word_1_421' title='bbox 1104 1261 1239 1294; x_wconf 85' lang='lat' dir='ltr'>cumque</span> <span class='ocrx_word' id='word_1_422' title='bbox 1253 1255 1378 1283; x_wconf 88' lang='lat' dir='ltr'>tenores</span> <span class='ocrx_word' id='word_1_423' title='bbox 1390 1248 1609 1293; x_wconf 87' lang='lat' dir='ltr'>praesentibus</span> <span class='ocrx_word' id='word_1_424' title='bbox 1622 1260 1680 1293; x_wconf 89' lang='lat' dir='ltr'>pro</span> <span class='ocrx_word' id='word_1_425' title='bbox 1692 1250 1846 1293; x_wconf 88' lang='lat' dir='ltr'>expressis</span> 
     </span>
     <span class='ocr_line' id='line_1_88' title="bbox 1104 1302 1847 1346; baseline -0.001 -10"><span class='ocrx_word' id='word_1_426' title='bbox 1104 1304 1264 1343; x_wconf 75' lang='lat' dir='ltr'>habentes3</span> <span class='ocrx_word' id='word_1_427' title='bbox 1277 1302 1461 1336; x_wconf 89' lang='lat' dir='ltr'>huiusmodi</span> <span class='ocrx_word' id='word_1_428' title='bbox 1471 1302 1750 1346; x_wconf 86' lang='lat' dir='ltr'>supplicationibus</span> <span class='ocrx_word' id='word_1_429' title='bbox 1763 1302 1847 1335; x_wconf 88' lang='lat' dir='ltr'>ineli-</span> 
     </span>
     <span class='ocr_line' id='line_1_89' title="bbox 1104 1355 1848 1398; baseline -0.004 -8"><span class='ocrx_word' id='word_1_430' title='bbox 1104 1357 1184 1398; x_wconf 90' lang='lat' dir='ltr'>nati,</span> <span class='ocrx_word' id='word_1_431' title='bbox 1202 1357 1240 1390; x_wconf 87' lang='lat' dir='ltr'>de</span> <span class='ocrx_word' id='word_1_432' title='bbox 1257 1361 1329 1390; x_wconf 83' lang='lat' dir='ltr'>voto</span> <span class='ocrx_word' id='word_1_433' title='bbox 1345 1356 1486 1389; x_wconf 84' lang='lat' dir='ltr'>eiusdem</span> <span class='ocrx_word' id='word_1_434' title='bbox 1503 1355 1758 1398; x_wconf 84' lang='lat' dir='ltr'>congregationis</span> <span class='ocrx_word' id='word_1_435' title='bbox 1782 1365 1848 1387; x_wconf 88' lang='lat' dir='ltr'>san-</span> 
     </span>
     <span class='ocr_line' id='line_1_90' title="bbox 1105 1408 1847 1452; baseline -0.005 -8"><span class='ocrx_word' id='word_1_436' title='bbox 1105 1415 1171 1444; x_wconf 85' lang='lat' dir='ltr'>ctae</span> <span class='ocrx_word' id='word_1_437' title='bbox 1184 1411 1343 1444; x_wconf 80' lang='lat' dir='ltr'>Romanae</span> <span class='ocrx_word' id='word_1_438' title='bbox 1357 1409 1514 1443; x_wconf 85' lang='lat' dir='ltr'>Ecclesiae</span> <span class='ocrx_word' id='word_1_439' title='bbox 1533 1408 1739 1442; x_wconf 89' lang='lat' dir='ltr'>cardinalium</span> <span class='ocrx_word' id='word_1_440' title='bbox 1753 1419 1847 1452; x_wconf 87' lang='lat' dir='ltr'>super</span> 
     </span>
     <span class='ocr_line' id='line_1_91' title="bbox 1104 1461 1848 1507; baseline -0.004 -10"><span class='ocrx_word' id='word_1_441' title='bbox 1104 1464 1217 1498; x_wconf 84' lang='lat' dir='ltr'>ritibus</span> <span class='ocrx_word' id='word_1_442' title='bbox 1241 1463 1397 1497; x_wconf 87' lang='lat' dir='ltr'>Ecclesiae</span> <span class='ocrx_word' id='word_1_443' title='bbox 1422 1463 1645 1507; x_wconf 84' lang='lat' dir='ltr'>deputatorum</span> <span class='ocrx_word' id='word_1_444' title='bbox 1660 1489 1667 1503; x_wconf 92' lang='lat'>,</span> <span class='ocrx_word' id='word_1_445' title='bbox 1691 1461 1848 1494; x_wconf 88' lang='lat' dir='ltr'>indultum</span> 
     </span>
     <span class='ocr_line' id='line_1_92' title="bbox 1105 1515 1847 1562; baseline -0.003 -12"><span class='ocrx_word' id='word_1_446' title='bbox 1105 1522 1134 1550; x_wconf 88' lang='lat' dir='ltr'>ct</span> <span class='ocrx_word' id='word_1_447' title='bbox 1149 1518 1285 1562; x_wconf 85' lang='lat' dir='ltr'>desuper</span> <span class='ocrx_word' id='word_1_448' title='bbox 1301 1517 1458 1550; x_wconf 81' lang='lat' dir='ltr'>confectas</span> <span class='ocrx_word' id='word_1_449' title='bbox 1474 1516 1594 1549; x_wconf 84' lang='lat' dir='ltr'>litteras</span> <span class='ocrx_word' id='word_1_450' title='bbox 1611 1515 1793 1549; x_wconf 91' lang='lat' dir='ltr'>huiusmodi</span> <span class='ocrx_word' id='word_1_451' title='bbox 1809 1515 1847 1548; x_wconf 89' lang='lat' dir='ltr'>ad</span> 
     </span>
     <span class='ocr_line' id='line_1_93' title="bbox 1105 1569 1849 1614; baseline -0.003 -10"><span class='ocrx_word' id='word_1_452' title='bbox 1105 1581 1214 1604; x_wconf 89' lang='lat' dir='ltr'>omnes</span> <span class='ocrx_word' id='word_1_453' title='bbox 1232 1576 1261 1604; x_wconf 88' lang='lat' dir='ltr'>et</span> <span class='ocrx_word' id='word_1_454' title='bbox 1278 1571 1417 1614; x_wconf 79' lang='lat' dir='ltr'>singulas</span> <span class='ocrx_word' id='word_1_455' title='bbox 1441 1580 1603 1613; x_wconf 88' lang='lat' dir='ltr'>personas,</span> <span class='ocrx_word' id='word_1_456' title='bbox 1620 1574 1683 1602; x_wconf 90' lang='lat' dir='ltr'>tam</span> <span class='ocrx_word' id='word_1_457' title='bbox 1707 1569 1791 1603; x_wconf 71' lang='lat' dir='ltr'>viros</span> <span class='ocrx_word' id='word_1_458' title='bbox 1807 1569 1849 1602; x_wconf 85' lang='lat' dir='ltr'>vi—</span> 
     </span>
    </p>
   </div>
   <div class='ocr_carea' id='block_1_19' title="bbox 1087 1623 1849 1667">
    <p class='ocr_par' dir='ltr' id='par_1_21' title="bbox 1087 1623 1849 1667">
     <span class='ocr_line' id='line_1_94' title="bbox 1087 1623 1849 1667; baseline -0.003 -9"><span class='ocrx_word' id='word_1_459' title='bbox 1087 1625 1218 1658; x_wconf 74' lang='lat' dir='ltr'>‘delicet</span> <span class='ocrx_word' id='word_1_460' title='bbox 1242 1635 1337 1667; x_wconf 89' lang='lat' dir='ltr'>quam</span> <span class='ocrx_word' id='word_1_461' title='bbox 1363 1623 1521 1664; x_wconf 81' lang='lat' dir='ltr'>muliereS,</span> <span class='ocrx_word' id='word_1_462' title='bbox 1545 1633 1629 1656; x_wconf 91' lang='lat' dir='ltr'>nunc</span> <span class='ocrx_word' id='word_1_463' title='bbox 1647 1628 1677 1656; x_wconf 89' lang='lat' dir='ltr'>et</span> <span class='ocrx_word' id='word_1_464' title='bbox 1692 1633 1751 1667; x_wconf 92' lang='lat' dir='ltr'>pro</span> <span class='ocrx_word' id='word_1_465' title='bbox 1772 1628 1849 1656; x_wconf 91' lang='lat' dir='ltr'>tem-</span> 
     </span>
    </p>
   </div>
   <div class='ocr_carea' id='block_1_20' title="bbox 1105 1676 1850 2688">
    <p class='ocr_par' dir='ltr' id='par_1_22' title="bbox 1105 1676 1850 2688">
     <span class='ocr_line' id='line_1_95' title="bbox 1105 1676 1849 1723; baseline -0.003 -12"><span class='ocrx_word' id='word_1_466' title='bbox 1105 1689 1182 1723; x_wconf 90' lang='lat' dir='ltr'>pore</span> <span class='ocrx_word' id='word_1_467' title='bbox 1207 1678 1373 1712; x_wconf 77' lang='lat' dir='ltr'>existentes</span> <span class='ocrx_word' id='word_1_468' title='bbox 1398 1676 1539 1710; x_wconf 89' lang='lat' dir='ltr'>eiusdem</span> <span class='ocrx_word' id='word_1_469' title='bbox 1564 1676 1689 1710; x_wconf 91' lang='lat' dir='ltr'>Ordinis</span> <span class='ocrx_word' id='word_1_470' title='bbox 1706 1677 1735 1711; x_wconf 88' lang='lat' dir='ltr'>S.</span> <span class='ocrx_word' id='word_1_471' title='bbox 1756 1677 1778 1709; x_wconf 88' lang='lat' dir='ltr'>F</span> <span class='ocrx_word' id='word_1_472' title='bbox 1782 1686 1849 1709; x_wconf 90' lang='lat' dir='ltr'>ran-</span> 
     </span>
     <span class='ocr_line' id='line_1_96' title="bbox 1106 1730 1848 1775; baseline -0.003 -10"><span class='ocrx_word' id='word_1_473' title='bbox 1106 1732 1190 1773; x_wconf 91' lang='lat' dir='ltr'>cisci,</span> <span class='ocrx_word' id='word_1_474' title='bbox 1203 1742 1375 1775; x_wconf 86' lang='lat' dir='ltr'>earumque</span> <span class='ocrx_word' id='word_1_475' title='bbox 1390 1730 1547 1772; x_wconf 88' lang='lat' dir='ltr'>ecclesias,</span> <span class='ocrx_word' id='word_1_476' title='bbox 1557 1734 1622 1763; x_wconf 88' lang='lat' dir='ltr'>tam</span> <span class='ocrx_word' id='word_1_477' title='bbox 1634 1730 1717 1763; x_wconf 88' lang='lat' dir='ltr'>intra</span> <span class='ocrx_word' id='word_1_478' title='bbox 1729 1730 1848 1764; x_wconf 87' lang='lat' dir='ltr'>Italiam</span> 
     </span>
     <span class='ocr_line' id='line_1_97' title="bbox 1106 1783 1849 1830; baseline -0.003 -11"><span class='ocrx_word' id='word_1_479' title='bbox 1106 1796 1199 1830; x_wconf 89' lang='lat' dir='ltr'>quam</span> <span class='ocrx_word' id='word_1_480' title='bbox 1225 1790 1312 1819; x_wconf 80' lang='lat' dir='ltr'>extra</span> <span class='ocrx_word' id='word_1_481' title='bbox 1336 1785 1528 1829; x_wconf 90' lang='lat' dir='ltr'>ubicumque</span> <span class='ocrx_word' id='word_1_482' title='bbox 1556 1783 1762 1818; x_wconf 86' lang='lat' dir='ltr'>consistentes</span> <span class='ocrx_word' id='word_1_483' title='bbox 1786 1784 1849 1828; x_wconf 86' lang='lat' dir='ltr'>(ita</span> 
     </span>
     <span class='ocr_line' id='line_1_98' title="bbox 1106 1838 1849 1884; baseline -0.004 -10"><span class='ocrx_word' id='word_1_484' title='bbox 1106 1840 1190 1884; x_wconf 93' lang='lat' dir='ltr'>quod</span> <span class='ocrx_word' id='word_1_485' title='bbox 1208 1850 1245 1873; x_wconf 89' lang='lat' dir='ltr'>ex</span> <span class='ocrx_word' id='word_1_486' title='bbox 1262 1849 1345 1873; x_wconf 91' lang='lat' dir='ltr'>nunc</span> <span class='ocrx_word' id='word_1_487' title='bbox 1365 1839 1404 1873; x_wconf 91' lang='lat' dir='ltr'>de</span> <span class='ocrx_word' id='word_1_488' title='bbox 1429 1844 1534 1873; x_wconf 89' lang='lat' dir='ltr'>cetero</span> <span class='ocrx_word' id='word_1_489' title='bbox 1558 1838 1720 1883; x_wconf 88' lang='lat' dir='ltr'>perpetuis</span> <span class='ocrx_word' id='word_1_490' title='bbox 1736 1838 1849 1872; x_wconf 84' lang='lat' dir='ltr'>suturis</span> 
     </span>
     <span class='ocr_line' id='line_1_99' title="bbox 1109 1892 1850 1938; baseline -0.003 -10"><span class='ocrx_word' id='word_1_491' title='bbox 1109 1894 1304 1938; x_wconf 82' lang='lat' dir='ltr'>temporibus</span> <span class='ocrx_word' id='word_1_492' title='bbox 1324 1894 1445 1938; x_wconf 86' lang='lat' dir='ltr'>possint</span> <span class='ocrx_word' id='word_1_493' title='bbox 1468 1892 1652 1926; x_wconf 87' lang='lat' dir='ltr'>huiusmodi</span> <span class='ocrx_word' id='word_1_494' title='bbox 1676 1894 1789 1927; x_wconf 79' lang='lat' dir='ltr'>festum</span> <span class='ocrx_word' id='word_1_495' title='bbox 1807 1893 1850 1926; x_wconf 93' lang='lat' dir='ltr'>di-</span> 
     </span>
     <span class='ocr_line' id='line_1_100' title="bbox 1107 1946 1849 1991; baseline -0.003 -10"><span class='ocrx_word' id='word_1_496' title='bbox 1107 1953 1174 1981; x_wconf 90' lang='lat' dir='ltr'>ctae</span> <span class='ocrx_word' id='word_1_497' title='bbox 1197 1948 1230 1981; x_wconf 88' lang='lat' dir='ltr'>B.</span> <span class='ocrx_word' id='word_1_498' title='bbox 1255 1947 1442 1991; x_wconf 80' lang='lat' dir='ltr'>Margaritae</span> <span class='ocrx_word' id='word_1_499' title='bbox 1459 1946 1490 1980; x_wconf 92' lang='lat' dir='ltr'>in</span> <span class='ocrx_word' id='word_1_500' title='bbox 1507 1957 1617 1980; x_wconf 89' lang='lat' dir='ltr'>earum</span> <span class='ocrx_word' id='word_1_501' title='bbox 1633 1947 1774 1980; x_wconf 86' lang='lat' dir='ltr'>ecclesiis</span> <span class='ocrx_word' id='word_1_502' title='bbox 1791 1947 1849 1980; x_wconf 90' lang='lat' dir='ltr'>hu-</span> 
     </span>
     <span class='ocr_line' id='line_1_101' title="bbox 1107 2000 1849 2046; baseline -0.003 -10"><span class='ocrx_word' id='word_1_503' title='bbox 1107 2002 1244 2036; x_wconf 90' lang='lat' dir='ltr'>iusmodi</span> <span class='ocrx_word' id='word_1_504' title='bbox 1268 2001 1436 2046; x_wconf 88' lang='lat' dir='ltr'>quotannis</span> <span class='ocrx_word' id='word_1_505' title='bbox 1466 2000 1550 2034; x_wconf 78' lang='lat' dir='ltr'>dicta</span> <span class='ocrx_word' id='word_1_506' title='bbox 1569 2000 1620 2034; x_wconf 89' lang='lat' dir='ltr'>die</span> <span class='ocrx_word' id='word_1_507' title='bbox 1637 2010 1704 2035; x_wconf 84' lang='lat' dir='ltr'>xxn</span> <span class='ocrx_word' id='word_1_508' title='bbox 1727 2001 1849 2034; x_wconf 87' lang='lat' dir='ltr'>februa-</span> 
     </span>
     <span class='ocr_line' id='line_1_102' title="bbox 1108 2054 1848 2099; baseline -0.003 -10"><span class='ocrx_word' id='word_1_509' title='bbox 1108 2057 1146 2090; x_wconf 90' lang='lat' dir='ltr'>rii</span> <span class='ocrx_word' id='word_1_510' title='bbox 1171 2067 1243 2090; x_wconf 88' lang='lat' dir='ltr'>cum</span> <span class='ocrx_word' id='word_1_511' title='bbox 1263 2056 1367 2090; x_wconf 85' lang='lat' dir='ltr'>officio</span> <span class='ocrx_word' id='word_1_512' title='bbox 1390 2065 1448 2089; x_wconf 87' lang='lat' dir='ltr'>nec</span> <span class='ocrx_word' id='word_1_513' title='bbox 1472 2054 1604 2098; x_wconf 80' lang='lat' dir='ltr'>virginis</span> <span class='ocrx_word' id='word_1_514' title='bbox 1626 2065 1683 2088; x_wconf 91' lang='lat' dir='ltr'>nec</span> <span class='ocrx_word' id='word_1_515' title='bbox 1701 2054 1848 2099; x_wconf 66' lang='lat' dir='ltr'>martyris</span> 
     </span>
     <span class='ocr_line' id='line_1_103' title="bbox 1108 2107 1849 2152; baseline -0.004 -9"><span class='ocrx_word' id='word_1_516' title='bbox 1108 2109 1279 2151; x_wconf 88' lang='lat' dir='ltr'>celebrare,</span> <span class='ocrx_word' id='word_1_517' title='bbox 1304 2113 1335 2144; x_wconf 91' lang='lat' dir='ltr'>et</span> <span class='ocrx_word' id='word_1_518' title='bbox 1358 2108 1502 2142; x_wconf 91' lang='lat' dir='ltr'>eamdem</span> <span class='ocrx_word' id='word_1_519' title='bbox 1518 2108 1550 2141; x_wconf 87' lang='lat' dir='ltr'>B.</span> <span class='ocrx_word' id='word_1_520' title='bbox 1568 2107 1770 2151; x_wconf 88' lang='lat' dir='ltr'>Margaritam</span> <span class='ocrx_word' id='word_1_521' title='bbox 1786 2108 1849 2152; x_wconf 87' lang='lat' dir='ltr'>pri-</span> 
     </span>
     <span class='ocr_line' id='line_1_104' title="bbox 1108 2161 1849 2207; baseline -0.004 -10"><span class='ocrx_word' id='word_1_522' title='bbox 1108 2164 1203 2197; x_wconf 89' lang='lat' dir='ltr'>vatim</span> <span class='ocrx_word' id='word_1_523' title='bbox 1227 2167 1257 2198; x_wconf 89' lang='lat' dir='ltr'>et</span> <span class='ocrx_word' id='word_1_524' title='bbox 1280 2162 1406 2207; x_wconf 89' lang='lat' dir='ltr'>publice</span> <span class='ocrx_word' id='word_1_525' title='bbox 1421 2161 1564 2195; x_wconf 85' lang='lat' dir='ltr'>venerari</span> <span class='ocrx_word' id='word_1_526' title='bbox 1589 2161 1688 2194; x_wconf 84' lang='lat' dir='ltr'>libere</span> <span class='ocrx_word' id='word_1_527' title='bbox 1711 2166 1742 2194; x_wconf 87' lang='lat' dir='ltr'>et</span> <span class='ocrx_word' id='word_1_528' title='bbox 1764 2161 1849 2194; x_wconf 90' lang='lat' dir='ltr'>licite</span> 
     </span>
     <span class='ocr_line' id='line_1_105' title="bbox 1107 2214 1848 2262; baseline -0.005 -11"><span class='ocrx_word' id='word_1_529' title='bbox 1107 2217 1228 2262; x_wconf 88' lang='lat' dir='ltr'>possint</span> <span class='ocrx_word' id='word_1_530' title='bbox 1252 2220 1282 2251; x_wconf 87' lang='lat' dir='ltr'>et</span> <span class='ocrx_word' id='word_1_531' title='bbox 1304 2216 1439 2259; x_wconf 89' lang='lat' dir='ltr'>valeant)</span> <span class='ocrx_word' id='word_1_532' title='bbox 1465 2215 1639 2260; x_wconf 79' lang='lat' dir='ltr'>apostolica</span> <span class='ocrx_word' id='word_1_533' title='bbox 1663 2214 1848 2249; x_wconf 87' lang='lat' dir='ltr'>auctoritate</span> 
     </span>
     <span class='ocr_line' id='line_1_106' title="bbox 1109 2269 1850 2315; baseline -0.005 -11"><span class='ocrx_word' id='word_1_534' title='bbox 1109 2270 1270 2315; x_wconf 82' lang='lat' dir='ltr'>praedicta</span> <span class='ocrx_word' id='word_1_535' title='bbox 1294 2269 1501 2310; x_wconf 80' lang='lat' dir='ltr'>extendimus,</span> <span class='ocrx_word' id='word_1_536' title='bbox 1518 2279 1555 2302; x_wconf 89' lang='lat' dir='ltr'>ac</span> <span class='ocrx_word' id='word_1_537' title='bbox 1574 2273 1734 2302; x_wconf 81' lang='lat' dir='ltr'>extensam</span> <span class='ocrx_word' id='word_1_538' title='bbox 1752 2273 1782 2300; x_wconf 91' lang='lat' dir='ltr'>et</span> <span class='ocrx_word' id='word_1_539' title='bbox 1799 2278 1850 2301; x_wconf 82' lang='lat' dir='ltr'>ex-</span> 
     </span>
     <span class='ocr_line' id='line_1_107' title="bbox 1110 2322 1849 2365; baseline -0.005 -8"><span class='ocrx_word' id='word_1_540' title='bbox 1110 2329 1212 2357; x_wconf 86' lang='lat' dir='ltr'>tensas</span> <span class='ocrx_word' id='word_1_541' title='bbox 1228 2335 1264 2357; x_wconf 82' lang='lat' dir='ltr'>ex</span> <span class='ocrx_word' id='word_1_542' title='bbox 1280 2334 1364 2357; x_wconf 84' lang='lat' dir='ltr'>nunc</span> <span class='ocrx_word' id='word_1_543' title='bbox 1380 2334 1447 2357; x_wconf 88' lang='lat' dir='ltr'>esse</span> <span class='ocrx_word' id='word_1_544' title='bbox 1464 2327 1495 2356; x_wconf 87' lang='lat' dir='ltr'>et</span> <span class='ocrx_word' id='word_1_545' title='bbox 1511 2324 1588 2363; x_wconf 84' lang='lat' dir='ltr'>sore,</span> <span class='ocrx_word' id='word_1_546' title='bbox 1606 2322 1767 2365; x_wconf 86' lang='lat' dir='ltr'>dictasque</span> <span class='ocrx_word' id='word_1_547' title='bbox 1780 2331 1849 2365; x_wconf 86' lang='lat' dir='ltr'>per-</span> 
     </span>
     <span class='ocr_line' id='line_1_108' title="bbox 1109 2375 1849 2422; baseline -0.007 -10"><span class='ocrx_word' id='word_1_548' title='bbox 1109 2389 1200 2412; x_wconf 83' lang='lat' dir='ltr'>sonas</span> <span class='ocrx_word' id='word_1_549' title='bbox 1231 2378 1366 2422; x_wconf 86' lang='lat' dir='ltr'>desuper</span> <span class='ocrx_word' id='word_1_550' title='bbox 1390 2388 1407 2409; x_wconf 84' lang='lat' dir='ltr'>a</span> <span class='ocrx_word' id='word_1_551' title='bbox 1431 2386 1590 2421; x_wconf 85' lang='lat' dir='ltr'>quoquam</span> <span class='ocrx_word' id='word_1_552' title='bbox 1624 2375 1735 2419; x_wconf 88' lang='lat' dir='ltr'>quovis</span> <span class='ocrx_word' id='word_1_553' title='bbox 1763 2385 1849 2419; x_wconf 87' lang='lat' dir='ltr'>prae-</span> 
     </span>
     <span class='ocr_line' id='line_1_109' title="bbox 1110 2428 1850 2474; baseline -0.005 -9"><span class='ocrx_word' id='word_1_554' title='bbox 1110 2438 1205 2474; x_wconf 84' lang='lat' dir='ltr'>textu,</span> <span class='ocrx_word' id='word_1_555' title='bbox 1230 2432 1345 2472; x_wconf 89' lang='lat' dir='ltr'>colore,</span> <span class='ocrx_word' id='word_1_556' title='bbox 1364 2431 1410 2463; x_wconf 82' lang='lat' dir='ltr'>vel</span> <span class='ocrx_word' id='word_1_557' title='bbox 1435 2430 1560 2473; x_wconf 85' lang='lat' dir='ltr'>ingenio</span> <span class='ocrx_word' id='word_1_558' title='bbox 1585 2428 1761 2470; x_wconf 87' lang='lat' dir='ltr'>molestari,</span> <span class='ocrx_word' id='word_1_559' title='bbox 1779 2439 1850 2472; x_wconf 90' lang='lat' dir='ltr'>per-</span> 
     </span>
     <span class='ocr_line' id='line_1_110' title="bbox 1111 2482 1850 2527; baseline -0.008 -8"><span class='ocrx_word' id='word_1_560' title='bbox 1111 2485 1241 2525; x_wconf 88' lang='lat' dir='ltr'>turbari,</span> <span class='ocrx_word' id='word_1_561' title='bbox 1259 2489 1312 2517; x_wconf 89' lang='lat' dir='ltr'>aut</span> <span class='ocrx_word' id='word_1_562' title='bbox 1330 2483 1555 2527; x_wconf 88' lang='lat' dir='ltr'>quoquomodo</span> <span class='ocrx_word' id='word_1_563' title='bbox 1580 2482 1727 2526; x_wconf 88' lang='lat' dir='ltr'>impediri</span> <span class='ocrx_word' id='word_1_564' title='bbox 1751 2482 1850 2514; x_wconf 88' lang='lat' dir='ltr'>nulla-</span> 
     </span>
     <span class='ocr_line' id='line_1_111' title="bbox 1109 2535 1849 2581; baseline -0.007 -8"><span class='ocrx_word' id='word_1_565' title='bbox 1109 2544 1198 2574; x_wconf 84' lang='lat' dir='ltr'>tenus</span> <span class='ocrx_word' id='word_1_566' title='bbox 1234 2548 1372 2581; x_wconf 88' lang='lat' dir='ltr'>unquam</span> <span class='ocrx_word' id='word_1_567' title='bbox 1408 2547 1517 2580; x_wconf 80' lang='lat' dir='ltr'>posse;</span> <span class='ocrx_word' id='word_1_568' title='bbox 1546 2546 1668 2569; x_wconf 86' lang='lat' dir='ltr'>necnon</span> <span class='ocrx_word' id='word_1_569' title='bbox 1697 2535 1849 2579; x_wconf 90' lang='lat' dir='ltr'>quidquid</span> 
     </span>
     <span class='ocr_line' id='line_1_112' title="bbox 1109 2589 1849 2636; baseline -0.007 -10"><span class='ocrx_word' id='word_1_570' title='bbox 1109 2604 1199 2626; x_wconf 83' lang='lat' dir='ltr'>secus</span> <span class='ocrx_word' id='word_1_571' title='bbox 1216 2602 1310 2636; x_wconf 84' lang='lat' dir='ltr'>super</span> <span class='ocrx_word' id='word_1_572' title='bbox 1327 2591 1375 2623; x_wconf 79' lang='lat' dir='ltr'>his</span> <span class='ocrx_word' id='word_1_573' title='bbox 1392 2601 1409 2623; x_wconf 91' lang='lat' dir='ltr'>a</span> <span class='ocrx_word' id='word_1_574' title='bbox 1427 2600 1597 2634; x_wconf 87' lang='lat' dir='ltr'>quoquam,</span> <span class='ocrx_word' id='word_1_575' title='bbox 1619 2589 1728 2633; x_wconf 86' lang='lat' dir='ltr'>quavis</span> <span class='ocrx_word' id='word_1_576' title='bbox 1744 2594 1849 2622; x_wconf 86' lang='lat' dir='ltr'>aucto-</span> 
     </span>
     <span class='ocr_line' id='line_1_113' title="bbox 1109 2642 1850 2688; baseline -0.005 -8"><span class='ocrx_word' id='word_1_577' title='bbox 1109 2648 1216 2687; x_wconf 84' lang='lat' dir='ltr'>ritate,</span> <span class='ocrx_word' id='word_1_578' title='bbox 1242 2646 1377 2679; x_wconf 84' lang='lat' dir='ltr'>scienter</span> <span class='ocrx_word' id='word_1_579' title='bbox 1400 2645 1447 2678; x_wconf 92' lang='lat' dir='ltr'>vel</span> <span class='ocrx_word' id='word_1_580' title='bbox 1471 2644 1663 2688; x_wconf 88' lang='lat' dir='ltr'>ignoranter,</span> <span class='ocrx_word' id='word_1_581' title='bbox 1683 2642 1850 2687; x_wconf 81' lang='lat' dir='ltr'>contigerit</span> 
     </span>
    </p>
   </div>
   <div class='ocr_carea' id='block_1_21' title="bbox 1857 330 1983 352">
    <p class='ocr_par' dir='ltr' id='par_1_23' title="bbox 1857 330 1983 352">
     <span class='ocr_line' id='line_1_114' title="bbox 1857 330 1983 352; baseline 0 -1"><span class='ocrx_word' id='word_1_582' title='bbox 1857 330 1983 352; x_wconf 80' lang='lat' dir='ltr'>firmatione.</span> 
     </span>
    </p>
   </div>
   <div class='ocr_carea' id='block_1_22' title="bbox 1859 462 2043 510">
    <p class='ocr_par' dir='ltr' id='par_1_24' title="bbox 1859 462 2043 510">
     <span class='ocr_line' id='line_1_115' title="bbox 1886 462 2043 484; baseline 0.006 -2"><span class='ocrx_word' id='word_1_583' title='bbox 1886 462 1983 482; x_wconf 73' lang='lat' dir='ltr'>Urbanus</span> <span class='ocrx_word' id='word_1_584' title='bbox 1997 462 2043 484; x_wconf 89' lang='lat' dir='ltr'>Vlll</span> 
     </span>
     <span class='ocr_line' id='line_1_116' title="bbox 1859 489 1976 510; baseline 0 -1"><span class='ocrx_word' id='word_1_585' title='bbox 1859 489 1976 510; x_wconf 75' lang='lat' dir='ltr'>confirmat.</span> 
     </span>
    </p>
   </div>
  </div>
 </body>
</html>
