2269 3235
95 232 146 260 An.
163 232 190 259 C.
213 231 280 260 1623

131 399 278 421 notationibus

95 427 173 448 auditis
182 443 187 451 ‚
207 432 278 447 omnes

95 456 222 474 censuerunt.
233 459 278 474 esse

95 480 269 501 cauoninandum.

901 229 1041 252 ansanus

292 284 326 312 ut
338 288 448 312 rursus
462 283 562 311 totum
575 276 738 321 negotium
759 275 1031 320 quamdiligcntis-
1047 282 1048 285 ’

293 332 370 366 sime
393 332 595 373 discuterent,
616 330 765 365 remisit¹.

338 387 354 430 ἓ
378 386 407 419 7.
431 386 520 425 Quod
544 397 616 420 cum
641 385 685 418 illi
716 388 860 419 accurate
884 384 1032 428 perfecis-

295 444 373 481 sent,
385 450 421 472 ac
437 450 495 483 pro
509 439 596 473 Servi
609 438 663 472 Dei
677 438 910 472 canonizatione
924 448 1033 470 omnes

295 493 485 526 unanimiter
501 491 711 531 censuissent,
737 490 837 524 bonae
862 490 1034 524 memoriae

296 546 482 580 Franciscus
520 545 615 578 Maria
647 544 815 588 episeopus
852 543 1035 577 Portuensis

297 599 326 632 S.
345 600 502 633 Romanae
521 598 677 632 Ecclesiae
695 598 862 632 cardinalis
878 597 916 630 de
933 597 1036 630 Monte

297 658 494 697 nuncupatus
522 652 617 686 totius
636 662 803 696 processus
821 662 988 691 summam,
1006 655 1037 684 et

297 716 397 747 suam,
422 706 677 750 collegarumque
701 705 906 747 sententiam,
931 715 1036 738 coram

297 760 380 793 dicto
394 759 547 803 Gregorio
564 759 818 804 praedecessore,
832 764 863 792 et
878 758 1039 792 venerabi-

297 813 379 846 libus
402 813 554 846 fratribus
578 813 703 854 nostris,
721 819 794 846 tunc
818 812 892 853 suis,
914 816 1039 845 sanctae

298 867 455 901 Romanae
479 867 636 901 Ecclesiae
660 866 881 907 cardinalibus,
901 866 940 899 de
963 877 1040 910 quo-

297 932 369 955 rum
386 932 520 956 numero
544 926 618 955 tunc
642 932 778 960 eramus,
796 921 828 953 in
852 920 1039 954 consistorio

299 986 355 1009 suo
380 980 501 1009 secreto
526 975 679 1019 exposuit.
705 974 823 1013 Quibus
848 974 972 1014 auditis,
995 984 1042 1006 re-

299 1028 376 1073 liqui
400 1028 574 1062 cardinales
599 1028 638 1061 ad
662 1027 814 1061 ulteriora
838 1028 905 1060 sore
929 1037 1041 1071 proce-

299 1081 437 1115 dendum
450 1081 610 1116 communi
624 1080 774 1124 suffragio
786 1080 1039 1125 pronuntiarunt.

302 1136 410 1179 Igitur,
434 1147 506 1169 cum
530 1136 562 1168 in
584 1135 711 1179 publico
735 1135 922 1169 consistorio
946 1144 1043 1178 quon—

301 1188 373 1222 dam
393 1189 488 1222 Iulius
504 1188 753 1229 Zambeccarius,
770 1193 844 1221 tunc
861 1188 950 1221 aulae
970 1198 1042 1220 con-

302 1242 465 1276 sistorialis
495 1242 684 1282 advocatus,
708 1241 848 1286 plurima
878 1241 916 1274 de
947 1241 1041 1274 huius

301 1296 388 1329 Servi
420 1295 474 1329 Dei
498 1295 561 1328 vita
592 1301 622 1328 et
651 1295 819 1328 virtutibus
847 1300 1040 1335 enarrasset;

300 1354 393 1392 atque
406 1348 546 1382 eiusdem
559 1348 781 1392 Hispaniarum
796 1348 881 1391 regis
895 1348 1041 1382 catholici

299 1413 409 1446 preces
424 1413 483 1447 pro
503 1402 613 1436 eadem
634 1402 866 1436 canonizatione
883 1402 1043 1446 exposuis-

300 1461 346 1490 set
353 1468 362 1497 ;
386 1462 482 1501 utque
499 1456 537 1489 ad
554 1467 623 1489 eam
648 1456 822 1501 procedere
846 1456 1041 1499 dignaretur,

298 1510 461 1544 humiliter
491 1510 712 1555 supplicasset:
737 1509 838 1543 dictus
869 1509 1042 1552 Gregorius

300 1563 537 1608 praedecessor,
554 1563 707 1608 praedicti
731 1563 816 1606 regis
836 1562 996 1606 pietatem,
1013 1567 1043 1595 et

300 1617 462 1661 religionis
496 1618 599 1651 zelum
630 1617 805 1662 plurimum
842 1617 873 1649 in
908 1616 1042 1650 Domino

301 1671 536 1712 commendans,
554 1682 648 1715 super
667 1681 702 1704 re
726 1672 811 1703 tanta
829 1670 956 1703 eosdem
976 1680 1043 1703 san-

301 1729 369 1757 ctae
392 1725 551 1758 Romanae
572 1724 729 1758 Ecclesiae
749 1724 923 1758 cardinales
950 1729 1043 1768 atque

301 1778 466 1822 episcopos
497 1778 529 1811 in
564 1779 705 1812 Romana
737 1778 826 1811 curia
861 1783 1043 1822 praesentes

302 1832 510 1866 consulendos
527 1842 596 1866 esse
612 1832 788 1876 respondit:
806 1835 899 1875 atque
916 1832 1043 1865 interim

302 1885 477 1919 cardinales
497 1889 528 1920 et
552 1886 717 1930 episcopos
733 1885 912 1929 praedictos
933 1884 1043 1919 intimo

303 1938 407 1972 cordis
431 1939 478 1972 sui
503 1939 617 1972 affectu
633 1939 835 1973 vehementer
855 1938 886 1971 in
910 1938 1043 1972 Domino

303 1992 445 2025 hortatus
469 1998 533 2033 est,
553 1998 588 2026 ut
617 1992 649 2025 in
682 1992 769 2026 omni
792 1992 985 2034 humilitate,
1014 1998 1045 2025 et

302 2045 481 2091 lachrymis,
497 2046 530 2079 in
546 2046 680 2087 ieiuniis,
698 2050 728 2080 et
751 2046 973 2091 eleemosynis,
996 2058 1045 2080 ex-

303 2104 471 2143 poscerent
495 2100 533 2132 ab
557 2110 612 2140 eo,
636 2099 690 2143 qui
716 2105 762 2133 est
787 2100 836 2132 via
866 2103 896 2134 et
919 2100 1044 2141 veritas,

303 2157 337 2185 ut
367 2152 506 2196 dirigere
538 2153 722 2196 dignaretur
753 2163 881 2196 gressus
909 2164 982 2186 suos
1013 2154 1046 2186 in

304 2206 421 2239 semitis
445 2206 526 2248 suis,
550 2212 585 2240 ut
608 2206 827 2250 ingrederetur
856 2207 887 2240 in
916 2207 1046 2241 veritate

306 2261 370 2300 sua,
394 2263 427 2294 ut
450 2260 535 2304 quod
558 2260 790 2304 beneplacitum
815 2266 896 2294 essct
921 2261 952 2293 in
976 2272 1047 2294 con-

307 2319 414 2356 spectu
437 2315 523 2356 eius,
547 2315 724 2360 intelligere
755 2326 791 2349 ac
819 2316 973 2360 perficere
1009 2326 1046 2349 eo

307 2366 475 2402 auxiliante
498 2369 625 2403 valeret.
650 2369 799 2414 Sequenti
823 2370 928 2414 itaque
952 2369 1047 2403 semi-

306 2419 432 2464 publico
457 2422 662 2464 consistorio,
688 2423 726 2456 ad
750 2423 836 2467 quod
859 2433 923 2456 non
947 2422 1048 2456 cardi-

307 2473 392 2507 nales
416 2474 527 2516 modo,
551 2476 605 2509 sed
629 2476 723 2511 etiam
754 2477 972 2521 patriarchas,
997 2487 1048 2510 ar-

306 2526 544 2572 chiepiscopos,
572 2534 666 2574 atque
698 2530 864 2576 episcopos
894 2531 927 2564 in
959 2531 1048 2564 curia

306 2586 486 2623 praesentes
510 2584 676 2617 convocari
699 2584 875 2625 mandavit;
900 2595 1049 2628 praesen-

342 2645 354 2670 1
372 2644 432 2672 Huc
447 2644 554 2673 tandem
572 2645 674 2674 videtur
689 2647 792 2675 absolvi
809 2648 925 2681 syntaxis
944 2648 980 2676 (n⁴
998 2648 1047 2680 τ.).

1067 228 1121 252 vm
1146 228 1193 251 rr.

1066 276 1211 319 tibusquc
1232 274 1325 308 etiam
1347 273 1435 307 Sedis
1453 272 1650 317 Apostolicae
1667 272 1807 313 notariis,

1065 339 1187 362 necnon
1213 328 1293 361 sacri
1318 328 1424 372 palatii
1449 325 1614 371 apostolici
1639 336 1806 358 causarum

1066 382 1277 421 auditoribus;
1296 392 1367 415 euin
1384 380 1521 425 plurima
1545 379 1582 412 de
1604 379 1731 422 egregia
1750 378 1806 410 viri

1067 436 1121 468 Dei
1145 435 1304 468 Francisci
1329 435 1452 468 Xarerii
1477 435 1557 474 vita,
1582 445 1618 466 ac
1649 432 1809 465 miraculis

1067 494 1261 528 enarrasset,
1280 494 1394 531 quanta
1411 487 1540 531 insignis
1557 487 1608 519 liic
1624 486 1677 519 Dei
1696 486 1810 518 Servus

1068 554 1126 586 pro
1150 542 1278 576 nomine
1310 542 1434 574 Domini
1467 541 1565 575 nostri
1599 540 1667 573 lesu
1697 539 1810 573 Christi

1069 597 1261 641 pertulisset,
1279 600 1460 639 quantoque
1478 606 1548 627 cuni
1570 598 1723 637 proventu
1742 593 1812 635 (Do-

1071 650 1156 683 mino
1181 650 1410 682 incrementum
1431 648 1536 691 dante)
1557 658 1612 690 per
1638 646 1812 689 incognitas

1069 704 1212 737 nationes
1237 703 1368 736 verbum
1397 702 1464 735 cius
1488 701 1737 741 disseminassct,
1763 711 1813 733 ex-

1071 757 1242 801 posuisset,
1260 755 1517 790 commemoratis
1537 755 1630 787 etiam
1648 754 1812 793 instantiis,

1072 822 1152 855 quae
1176 822 1283 845 coram
1300 811 1383 844 dicto
1401 809 1555 853 Gregorio
1572 808 1814 853 praedecessore

1072 872 1138 899 tum
1163 877 1181 899 a
1204 876 1279 909 rege
1304 865 1469 905 catholico,
1487 870 1553 896 tum
1571 863 1609 895 ab
1634 863 1701 895 aliis
1721 862 1815 895 ctiam

1072 920 1266 964 reipublicae
1291 918 1480 952 christianae
1504 917 1633 960 regibus
1665 921 1695 949 et
1726 916 1814 959 prin-

1074 973 1197 1017 cipibus
1221 972 1351 1013 fiebant,
1377 983 1448 1005 cum
1473 971 1671 1014 singulorum
1696 974 1816 1003 senten-

1074 1026 1132 1059 tias
1149 1026 1341 1070 requisisset,
1355 1036 1464 1059 omnes
1482 1035 1545 1058 uno
1562 1035 1617 1058 ore
1633 1023 1816 1057 benedicen-

1074 1084 1119 1114 tes
1136 1080 1245 1121 Deum,
1263 1080 1317 1123 qui
1338 1079 1584 1113 honorificantes
1600 1088 1632 1111 se
1650 1076 1815 1121 glorificat,

1074 1144 1201 1167 servum
1226 1134 1293 1167 eius
1313 1133 1515 1166 Franciseum
1536 1131 1703 1165 Xavcrium
1726 1141 1817 1164 cano-

1073 1188 1239 1220 nizandum
1254 1197 1331 1228 esse,
1348 1192 1440 1230 atque
1458 1186 1538 1218 inter
1555 1186 1684 1219 Sanctos
1697 1185 1817 1218 Censes-

1074 1251 1162 1275 sores
1186 1240 1432 1274 adscribendum
1449 1244 1650 1273 consuerunt.
1676 1239 1816 1277 Quorum

1074 1296 1216 1329 omnium
1234 1295 1340 1328 audito
1358 1304 1523 1334 consensu,
1541 1293 1689 1326 exultavit
1705 1293 1736 1325 in
1754 1292 1817 1325 Deo

1075 1349 1204 1382 salutari
1228 1354 1348 1389 nostro,
1369 1347 1486 1391 gratias
1511 1357 1607 1389 agens
1632 1346 1670 1387 ei,
1695 1345 1748 1390 qui
1772 1351 1815 1378 est

1075 1403 1177 1446 gloria
1199 1402 1323 1436 virtutis
1346 1407 1482 1441 nostrae,
1507 1401 1538 1433 in
1562 1400 1651 1433 cuius
1675 1399 1819 1443 beneplaa

1075 1457 1138 1489 cito
1163 1461 1272 1489 contra
1296 1466 1406 1489 omnes
1431 1454 1626 1487 adversarias
1650 1457 1819 1496 potestates

1076 1510 1230 1543 exaltatur
1254 1520 1353 1543 cornu
1377 1514 1537 1548 nostrum,
1563 1507 1616 1551 qui
1647 1506 1818 1539 Ecclesiam

1076 1575 1163 1597 suam
1178 1564 1210 1597 in
1227 1563 1337 1596 diebus
1354 1563 1421 1596 istis
1438 1563 1499 1596 hoc
1516 1562 1634 1594 lumine
1650 1561 1818 1600 illustrare,

1076 1628 1112 1650 ac
1131 1628 1213 1651 novo
1230 1616 1407 1660 patrocinio
1424 1615 1548 1649 munire
1564 1614 1710 1657 dignatus
1727 1619 1817 1646 esset.

1076 1671 1326 1705 Canonizationis
1345 1670 1449 1713 itaque
1473 1668 1645 1713 publicavit
1668 1667 1752 1700 diem
1776 1667 1821 1699 in-

1076 1725 1296 1769 frascriptum:
1322 1724 1514 1767 eosdemque
1538 1723 1650 1755 fratres
1679 1727 1709 1754 ct
1739 1721 1820 1754 filios

1076 1784 1202 1812 nostros
1218 1780 1349 1823 paterna
1367 1778 1518 1811 charitate
1532 1776 1664 1816 monuit,
1682 1780 1715 1808 ut
1731 1775 1822 1808 bonis

1077 1832 1227 1877 operibus
1252 1832 1467 1872 inhaerentes,
1492 1834 1699 1875 precarentur
1723 1829 1821 1861 Deum

1078 1886 1381 1925 misericordiarum,
1392 1890 1426 1917 ut
1438 1895 1533 1928 super
1547 1895 1600 1917 eos
1613 1894 1724 1917 sereno
1735 1883 1822 1916 vultu

1078 1940 1247 1984 respicere,
1259 1945 1413 1973 eteorum
1427 1938 1566 1971 actiones
1579 1938 1617 1970 ad
1630 1938 1821 1970 voluntatem

1079 1993 1145 2026 eius
1158 1992 1385 2037 perficiendam
1403 1991 1541 2034 dirigere
1558 1991 1751 2033 dignaretur.

1123 2048 1139 2090 ἓ
1164 2047 1192 2080 7.
1206 2047 1351 2087 Demum,
1365 2045 1502 2089 peractis
1518 2044 1675 2084 omnibus,
1689 2054 1769 2087 quae
1787 2054 1822 2076 ex

1079 2100 1177 2134 sacris
1191 2100 1469 2134 constitutionibus
1482 2110 1518 2132 ae
1541 2099 1700 2132 Romanae
1716 2098 1821 2131 Eccle-

1080 2155 1143 2188 siae
1156 2154 1382 2188 eonsuetudine
1398 2152 1579 2198 peragenda
1595 2157 1693 2193 crant,
1711 2157 1824 2195 quarto

1080 2208 1149 2241 idus
1161 2208 1278 2249 martii,
1295 2207 1496 2251 pontificatus
1513 2207 1561 2240 sui
1577 2216 1658 2239 anno
1675 2205 1823 2245 secundo,

1080 2263 1112 2295 in
1137 2263 1338 2296 sacrosancta
1362 2261 1517 2305 Principis
1542 2261 1757 2304 apostolorum
1774 2259 1825 2293 ha-

1081 2316 1179 2357 silica‚
1204 2327 1277 2350 cum
1303 2315 1422 2349 eisdem
1447 2313 1678 2354 cardinalibus,
1703 2323 1825 2346 necnon

1080 2370 1286 2414 patriarchis,
1321 2367 1568 2412 archiepiscopis
1597 2372 1628 2399 et
1651 2366 1825 2410 episcopis,

1082 2424 1240 2457 Romanae
1265 2422 1372 2456 curiae
1395 2421 1554 2466 praelatis,
1572 2420 1769 2460 officialibus,
1788 2420 1826 2452 sa-

1082 2477 1259 2510 miliaribus
1273 2476 1347 2517 suis,
1370 2475 1455 2508 clero
1477 2474 1612 2507 seculari
1626 2477 1656 2507 et
1676 2473 1825 2516 regulari,

1082 2530 1284 2574 maximaque
1316 2529 1425 2573 populi
1450 2527 1645 2572 frequentia,
1670 2527 1825 2560 convenit.

1084 2585 1152 2625 Ubi,
1177 2585 1320 2629 repetitis
1344 2595 1403 2628 pro
1428 2583 1673 2617 canonizationis
1689 2582 1827 2621 decreto,

1084 2639 1210 2672 nomine
1228 2638 1370 2673 eiusdem
1391 2637 1566 2672 charissimi
1585 2637 1615 2670 in
1633 2636 1756 2670 Christo
1771 2634 1826 2667 filii

1724 215 1775 247 143
1821 225 1870 251 An.
1887 224 1913 250 C.
1938 224 2005 252 1623

1865 2052 1950 2072 Demum
1973 2052 2023 2072 tire·

1838 2085 1908 2103 gorius
1924 2078 1959 2098 XV
1971 2079 2022 2099 San-

1838 2106 2023 2128 ciorumcaialoao

1838 2133 1951 2157 adscripsit
1989 2133 2023 2151 ilii)

1840 2165 1864 2179 xn
1880 2159 1957 2179 nuntii.
