2269 3235
209 232 257 259 An.
274 232 302 259 C.
319 231 387 257 1027

260 1091 393 1110 Obstantium

209 1118 327 1143 derogatio.

255 2047 317 2068 Fides
332 2047 401 2067 danda

219 2077 363 2100 transumptis.

436 222 498 254 5ἵῖἵῖ

406 278 540 315 licentia,
551 278 713 311 admittere
723 276 856 309 audeant.
866 285 918 307 seu
931 277 1143 318 praesumant,

405 332 589 365 auctoritate
615 332 721 363 nostra
751 327 923 372 apostolica
950 325 1144 369 prohibeatis

405 391 435 417 et
461 384 670 417 interdicatis:
697 394 730 415 ac
750 382 773 413 si
792 391 868 424 quas
886 380 916 412 in
937 380 1019 412 bunc
1045 388 1143 422 usque

405 439 487 471 diem
513 438 664 469 admissas
690 434 881 478 repereritis,
900 432 971 465 inde
988 432 1144 476 quampri-

407 504 490 525 mum
513 490 613 524 educi,
632 500 666 522 ae
684 487 930 532 proximioribus
949 497 1057 519 carum
1075 496 1145 519 con-

405 544 583 585 sanguineis
597 541 774 585 consignari
788 541 916 574 omnino
931 539 1056 580 curctis;
1075 550 1144 572 con-

407 598 589 630 tradictores
624 595 780 639 quoslibet
811 599 841 627 et
870 593 1023 633 rebelles,
1053 603 1088 625 ac
1113 592 1143 624 in

407 650 586 695 praemissis
606 659 669 682 non
692 653 847 693 parentes,
867 658 925 692 per
949 657 1097 680 censuras
1114 651 1144 679 et

405 715 520 748 poenas
551 702 795 744 ecclesiasticas,
821 702 943 745 aliaque
968 704 1145 745 opportuna

406 758 482 790 iuris
507 761 536 789 et
560 756 632 789 sat-ti
657 755 805 796 remedia,
829 754 1037 798 appellatione
1062 758 1145 797 post-

408 810 518 854 posita,
544 809 788 853 compescendo,
821 808 963 840 invocato
989 806 1082 838 etiam
1107 805 1145 837 ad

407 865 476 902 boe,
503 864 526 895 si
553 874 633 907 opus
658 862 761 901 suerit,
779 861 894 893 auxilio
918 859 1040 892 brachii
1061 869 1146 891 secu-

407 917 496 950 laris:
523 927 618 960 super
643 915 757 959 quibus
787 913 936 947 omnibns
960 917 990 944 et
1015 911 1146 954 singulis

408 972 531 1014 plenam
557 975 586 1002 et
610 969 747 1012 amplam
772 967 950 1000 facultatem
971 964 1059 998 vobis
1077 974 1147 997 con-

408 1023 548 1056 cedimus
573 1027 603 1054 et
627 1020 835 1064 impartimur.

452 1078 467 1119 ξ
491 1076 520 1108 3.
546 1076 614 1108 Non
639 1073 835 1107 obstantibus
856 1071 1019 1115 quibusvis
1037 1070 1148 1103 consti-

410 1129 581 1163 tutionibus
605 1133 634 1162 et
663 1126 916 1161 ordinationilnts
949 1124 1148 1168 apostolicis,

408 1195 443 1216 ae
464 1183 536 1216 dieti
562 1181 686 1215 Ordinis
705 1180 812 1223 <etiam
831 1180 1017 1218 iuramento,
1035 1177 1150 1211 confir-

408 1237 544 1269 matione
576 1235 767 1279 apostolica,
798 1233 845 1266 xel
870 1232 978 1276 quavis
1003 1231 1149 1264 firmitate

408 1290 467 1323 alia
486 1288 655 1331 roboratis)
674 1286 795 1321 statutis
813 1291 842 1319 et
859 1284 1149 1324 consuetudinibus,

410 1343 583 1389 privilegiis
604 1352 739 1385 quoquc,
762 1339 888 1373 indultis
906 1343 935 1373 et
951 1338 1064 1371 litteris
1080 1348 1151 1382 ῑιρο-

410 1397 537 1437 stolicis,
563 1395 620 1428 sub
645 1394 899 1438 quibuscumque
934 1391 1096 1425 tenoribus
1121 1396 1151 1423 et

410 1450 529 1491 formis,
547 1460 581 1482 ac
603 1459 673 1481 cum
699 1447 861 1491 quibusvis
885 1445 1033 1479 clausulis
1051 1450 1081 1478 et
1101 1444 1151 1478 de-

412 1505 515 1545 cretis,
537 1505 568 1536 iu
585 1502 778 1536 eontrarium
804 1500 1052 1545 praemissorum
1077 1509 1152 1542 quo-

412 1557 584 1591 modolibet
609 1556 776 1595 concessis,
802 1554 996 1587 confirmatis
1013 1559 1043 1586 et
1067 1553 1152 1586 inno-

413 1612 498 1643 vatis.
523 1611 640 1650 Quibus
657 1609 802 1643 omnibus
820 1613 849 1641 et
866 1607 1006 1650 singulis,
1025 1607 1151 1639 illorum

413 1670 536 1697 tenores
568 1662 788 1707 praesentibus
816 1672 874 1705 pro
898 1661 989 1704 plene
1013 1665 1040 1692 et
1067 1660 1152 1692 susti-

413 1719 530 1751 cienter
556 1716 712 1760 expressis
734 1726 769 1748 ac
786 1715 823 1747 (le
848 1714 945 1747 verbo
966 1714 1003 1746 ad
1022 1713 1152 1746 verbum

414 1771 538 1804 insertis
563 1770 724 1809 liabenbffs,
743 1768 804 1801 illis
822 1768 896 1800 alias
915 1768 946 1800 in
963 1778 1020 1800 suo
1038 1766 1152 1800 robore

414 1822 642 1869 permansuris,
661 1822 698 1854 ad
722 1821 971 1865 praemissorum
996 1820 1152 1862 effectum,

415 1879 473 1911 hac
495 1878 560 1910 viee
581 1877 742 1909 dumtaxat
766 1874 942 1918 specialiter
963 1879 992 1906 et
1009 1884 1154 1917 expresse

416 1932 615 1973 derogamus,
637 1929 812 1972 ceterisque
837 1927 1003 1968 contrariis
1024 1926 1154 1970 quibus-

417 1995 560 2027 eumque.

461 2039 476 2081 ξ
500 2037 529 2069 t.
547 2037 698 2070 Yolumus
716 2038 828 2077 autem,
843 2034 924 2078 qnod
942 2033 1155 2078 praesentium

418 2090 634 2134 transumptis,
656 2100 711 2122 seu
728 2088 890 2132 exemplis,
911 2087 1004 2120 etiam
1024 2087 1156 2131 impres-

418 2145 469 2185 sis,
488 2155 581 2177 manu
602 2143 733 2176 alicuius
750 2142 864 2175 notarii
882 2141 998 2185 publici
1017 2140 1156 2173 subscri-

418 2199 488 2243 ptis7
507 2202 535 2231 et
561 2198 663 2240 sigillo
684 2196 815 2229 alieuius
839 2205 991 2239 personae
1012 2194 1042 2227 in
1061 2194 1158 2237 digni-

420 2258 481 2285 tate
507 2251 718 2284 eeclesiastiea
743 2250 929 2283 constitutae
950 2249 1089 2289 munitis,
1112 2259 1159 2281 ea-

420 2306 489 2338 dem
514 2315 645 2348 prorsus
661 2304 738 2336 tides
758 2303 873 2346 ubique.
898 2303 1062 2343 habeatur,
1079 2313 1158 2346 quae

420 2358 639 2402 praesentilnis
673 2357 747 2401 ipsis
779 2357 968 2396 baberetur,
1001 2356 1024 2389 si
1058 2357 1160 2389 forent

421 2413 574 2445 exhibitae
600 2412 647 2443 vel
673 2416 824 2444 ostensae.

468 2466 574 2497 [tumn
597 2465 724 2505 Romae,
742 2464 824 2508 apud
838 2464 866 2497 S.
881 2464 1018 2504 Petrum,
1036 2463 1093 2496 sub
1110 2473 1161 2496 an-

422 2518 495 2549 nulo
520 2518 696 2558 Piscator-is,
721 2518 770 2550 die
794 2528 804 2550 1
824 2517 973 2550 februarii
998 2526 1160 2558 MDcxxvn,

422 2572 620 2614 pontificatus
643 2572 741 2603 nostri
759 2581 841 2604 anno
866 2581 907 2603 1v.

460 2632 515 2660 bat.
535 2633 577 2659 die
601 2634 609 2659 t
628 2632 756 2660 februarii
774 2633 850 2668 1627,
870 2632 967 2668 pontif.
985 2640 1056 2660 anno
1070 2638 1105 2659 tv.

977 225 1155 249 BULLARIUM
1180 224 1333 249 ROMANUM

1928 220 1981 246 An.
1998 219 2028 247 c.
2046 218 2112 246 1627

1466 269 1626 304 CCXXXV.

1178 350 1303 384 Divisio
1337 349 1603 393 Conqreqationis
1630 346 1916 383 Clerz'corum'Re-

1221 404 1392 447 qyulcm'um
1411 403 1580 436 Mz‘nornm
1599 405 1866 445 nuncupatorum
1879 402 1917 434 in

1221 457 1258 489 in
1274 456 1356 489 duas
1372 455 1647 500 provincias,cmn
1664 453 1838 487 nonnullis
1854 458 1917 487 sta-

1225 509 1330 543 tutis'.

1381 588 1516 616 Urbanus
1536 588 1616 622 Papa
1635 586 1712 619 VIII,

1305 635 1340 660 ad
1355 635 1531 667 perpetuam
1545 631 1590 659 rei
1605 630 1787 659 memoriam.

1223 704 1267 737 Ad
1292 704 1405 737 uberes
1430 709 1460 737 et
1484 713 1595 737 suaves
1619 702 1750 743 sructuS,
1774 711 1853 745 quos
1877 701 1920 734 di-
1960 704 2100 726 Pron-’mium-

1180 757 1249 790 lecti
1267 757 1323 790 filii
1344 757 1450 790 clerici
1475 757 1636 800 regulares
1661 754 1919 799 Congregationis

1179 811 1372 844 Clerieorum
1397 810 1600 853 Regularium
1617 809 1774 842 Minoi-um
1798 818 1919 841 nuncu-

1180 869 1325 908 patorum
1351 864 1382 896 in
1407 863 1552 896 militanti
1578 863 1733 904 Ecclesia,
1760 861 1849 895 cuius
1873 871 1920 894 re-

1181 916 1292 958 gimini
1311 916 1416 948 divina
1441 915 1625 959 disponente
1649 915 1815 948 clementia
1832 925 1921 958 prae-

1181 969 1328 1010 sidemus,
1348 969 1379 1001 in
1403 968 1469 1001 dies
1493 968 1638 1009 afferunt,
1656 968 1770 1000 mentis
1795 972 1920 1000 nostrae

1181 1019 1279 1052 aciem
1311 1023 1546 1059 convertentes,
1571 1018 1646 1062 quid
1668 1017 1923 1062 pro’laudabilis

1182 1083 1294 1106 eorum
1308 1072 1441 1104 instituti
1455 1071 1535 1104 felici
1550 1071 1724 1105 directione
1740 1076 1834 1114 atque
1854 1081 1924 1115 pro-

1183 1137 1294 1169 gressu
1323 1126 1463 1159 conserat
1493 1125 1660 1168 diligenter
1687 1124 1922 1169 prospicimus,

1183 1190 1218 1212 ac
1235 1179 1371 1223 desuper
1396 1178 1563 1222 pastoralis
1583 1178 1678 1211 officii
1701 1177 1801 1211 nostri
1818 1182 1923 1222 partes

1184 1233 1400 1266 favorabiliter
1425 1231 1672 1275 interponimus,
1696 1236 1792 1275 prout
1815 1242 1924 1264 rerum

1184 1292 1214 1320 et
1239 1290 1417 1331 temporum
1442 1286 1643 1330 qualitatibus
1667 1285 1771 1318 debite
1787 1285 1925 1329 pensatis

1185 1340 1396 1384 conspicimus
1421 1339 1454 1372 in
1478 1339 1610 1373 Domino
1635 1338 1802 1372 salubriter
1826 1348 1922 1383 expe-

1184 1393 1261 1426 dire.

1976 1449 2057 1470 Divisio
2073 1449 2125 1470 Con·

1230 1447 1244 1490 g
1268 1446 1297 1478 sl.
1323 1446 1399 1480 Cum
1414 1446 1528 1490 itaque,
1549 1446 1629 1480 sieut
1644 1446 1836 1490 accepimus,
1851 1446 1926 1480 Con-
1942 1476 2071 1502 greganonis
2080 1477 2125 1497 Cle·

1941 1509 2034 1523 ricnrum
2056 1503 2125 1530 Regu-

1185 1499 1326 1543 gregatio
1340 1498 1509 1543 praedicta,
1523 1509 1603 1542 quae
1616 1499 1731 1532 multos
1745 1504 1926 1540 conventus,
1942 1530 2016 1550 mmm
2060 1530 2125 1550 Mum-

1185 1553 1249 1586 sire
1263 1553 1383 1593 domos,
1402 1558 1432 1586 et
1445 1553 1505 1586 alia
1521 1554 1589 1586 loca
1603 1553 1761 1596 regularia
1777 1553 1926 1597 possidet,
1941 1557 2061 1609 {Jssgtviuicssas
2072 1557 2126 1578 ‘1⁰³⁵

1186 1618 1280 1640 unam
1294 1607 1455 1640 dumtaxat
1468 1607 1661 1651 provinciam
1679 1618 1736 1651 per
1753 1611 1851 1641 totam
1870 1607 1928 1640 Ita-
2064 1599 2069 1605 ⁸

1186 1661 1258 1693 liam
1290 1660 1477 1694 constituat:
1510 1670 1582 1700 nos,
1610 1660 1692 1693 felici
1718 1665 1746 1692 et
1771 1671 1927 1704 prospero

1187 1714 1325 1747 eiusdem
1350 1713 1618 1756 Congregationis,
1643 1718 1676 1746 ut
1700 1712 1873 1746 maioribus
1899 1713 1929 1745 in

1187 1768 1252 1801 dics
1281 1767 1427 1811 proficiat
1457 1766 1679 1807 incrementis,
1709 1767 1801 1799 statui
1836 1771 1929 1810 atque

1188 1821 1345 1865 regimini,
1370 1825 1520 1865 quantum
1546 1820 1639 1853 nobis
1664 1830 1701 1854 ex
1725 1821 1788 1854 alto
1813 1830 1928 1854 conce-

1188 1876 1281 1917 ditur,
1306 1876 1472 1908 consulere
1497 1875 1645 1915 veientes,
1671 1879 1760 1907 motu
1784 1874 1928 1918 proprio,

1189 1935 1218 1962 et
1240 1940 1277 1962 ex
1300 1931 1386 1962 certa
1411 1928 1540 1962 seientia
1565 1938 1600 1960 ac
1625 1930 1750 1961 matura
1779 1927 1930 1961 delibera-

1190 1983 1272 2016 tione
1296 1982 1431 2023 nostris,
1455 1981 1651 2026 provinciam
1680 1981 1873 2025 praedictam
1898 1981 1929 2014 in

1190 2036 1266 2068 duas
1283 2035 1444 2069 distinctas
1461 2035 1561 2080 ipsius
1581 2035 1840 2078 Congregationis
1860 2046 1930 2079 pro-

1190 2089 1315 2130 vincias,
1336 2090 1368 2122 in
1384 2100 1517 2132 quarum
1535 2091 1596 2122 una
1618 2099 1727 2121 omnes
1747 2093 1929 2129 conventus,

1191 2143 1253 2176 sive
1267 2143 1389 2184 domus,
1404 2149 1433 2175 et
1449 2144 1518 2176 loca
1534 2143 1692 2185 regularia
1705 2142 1845 2176 eiusdem
1860 2153 1926 2175 con-

1191 2196 1382 2239 gregationis
1396 2196 1532 2237 fundata,
1549 2201 1578 2229 et
1596 2196 1633 2228 de
1652 2200 1756 2229 cetero
1773 2195 1930 2228 fundanda

1192 2250 1224 2282 in
1240 2253 1374 2293 utraque
1399 2249 1514 2290 Sicilia,
1532 2249 1563 2281 in
1580 2249 1679 2282 altera
1699 2259 1774 2282 vero
1791 2249 1931 2293 reliquae

1192 2313 1300 2336 omnes
1332 2307 1485 2346 quotquot
1515 2302 1632 2335 suerint
1664 2302 1696 2334 in
1727 2301 1796 2334 aliis
1827 2302 1932 2334 Italiae

1192 2356 1335 2400 partibus
1360 2355 1588 2395 contineantur,
1613 2355 1784 2399 apostoliea
1800 2354 1933 2388 auctori-

1193 2415 1264 2451 tate,
1290 2414 1399 2442 tenore
1422 2409 1646 2453 praesentium,
1670 2412 1824 2452 perpetuo
1849 2408 1930 2441 divi—-

1193 2464 1316 2496 dimus:
1343 2463 1481 2506 duasque
1515 2462 1654 2495 eiusdem
1679 2462 1933 2506 congregationis

1193 2517 1370 2561 provincias
1402 2517 1434 2550 in
1458 2518 1521 2550 tota
1548 2516 1655 2558 ltalia,
1680 2521 1715 2549 ut
1737 2516 1932 2560 praefertur,

1194 2570 1346 2613 erigimus
1371 2574 1401 2603 et
1425 2569 1624 2602 instituimus.

1232 2633 1241 2659 t
1260 2632 1297 2659 Ex
1313 2631 1420 2668 Regest.
1436 2631 1463 2659 in
1477 2631 1578 2660 Secret.
1594 2631 1670 2660 Brev.
