2269 3235
106 276 162 303 An.
175 275 203 304 C.
221 275 289 303 1624

911 273 1052 297 URBANUS
1078 273 1133 297 vm
1158 274 1204 298 Pr.

303 332 426 357 necnon
450 323 554 357 omnia
571 328 601 356 et
618 322 739 366 singula
756 322 787 355 in
804 321 863 354 illis
887 326 1042 360 contenta,

304 381 335 409 et
358 377 444 417 alias,
465 376 495 409 in
520 377 687 420 pristinum
713 387 748 409 ac
772 374 994 414 eumdemmet,
1012 374 1042 406 in

303 441 376 474 quo,
394 436 560 474 antequam
575 430 673 474 ipsius
687 429 772 463 Pauli
789 428 1042 472 praedecessoris

303 486 366 514 tam
390 482 512 526 priores
529 492 622 525 quam
640 480 831 525 posteriores
850 479 972 512 litterae
989 479 1043 511 liu-

303 535 439 569 iusmodi
457 539 648 575 emanarent,
664 533 913 577 reperiebantur,
927 538 1041 565 statum

303 588 336 621 in
360 588 507 622 omnibus
531 593 561 621 et
583 597 639 631 per
663 586 767 619 omnia
796 586 966 630 apostolica
991 595 1044 618 au-

304 642 456 683 ctoritate,
470 646 579 675 tenore
592 639 814 684 praesentium,
832 643 984 683 perpetuo
998 649 1043 672 re-

304 695 474 735 stituimus,
499 693 682 737 reponimus
706 698 737 726 et
760 693 899 737 plenarie
921 693 1034 726 reinte-

304 758 448 791 gramus:
467 746 668 790 singulasque
685 746 771 779 Pauli
789 746 1043 790 praedecessoris

304 799 484 834 huiusmodi
507 799 635 840 litteras,
653 799 820 843 omniaque
840 799 870 832 in
896 799 940 832 eis
965 809 1043 843 quo-

304 853 473 887 modolibet
483 858 627 886 contenta
643 858 672 886 et
686 864 843 897 expressa,
858 853 1043 887 auctoritate

302 911 333 939 et
355 911 465 939 tenore
488 905 657 950 praedictis
674 906 728 949 (ita
753 906 837 950 quod
861 907 953 940 liceat
980 917 1044 940 mo-

302 959 400 993 derno
425 964 455 993 et
477 970 536 1003 pro
561 965 704 1004 tempore
728 960 870 993 existenti
894 960 1044 1004 episcopo

302 1013 331 1047 S.
350 1013 519 1047 Salvatoris
536 1015 744 1058 corporalem,
763 1014 878 1047 realem
896 1019 925 1046 et
943 1019 1045 1047 actua-

302 1068 363 1100 lem
382 1068 612 1111 possessionem
638 1068 780 1101 omnium
799 1072 828 1102 et
848 1068 1043 1111 singularum

303 1121 537 1165 provinciarum
569 1121 824 1165 praedictarum,
856 1121 1044 1165 illarumque

303 1175 459 1208 bonorum
484 1175 733 1218 possessionem,
758 1186 813 1207 seu
837 1175 944 1218 quasi,
970 1186 1043 1215 suo,

303 1228 517 1272 ecclesiaeque
541 1228 569 1261 S.
595 1227 764 1260 Salvatoris
789 1227 969 1271 praedictae
993 1237 1046 1260 no-

303 1281 387 1314 mine
402 1281 532 1325 propria
556 1281 740 1315 auctoritate
757 1281 855 1314 libere
872 1281 1045 1326 apprehen-

303 1334 387 1375 dere,
412 1339 442 1367 et
466 1334 698 1378 apprehensam
722 1340 874 1379 perpetuo
898 1335 1044 1375 retinere,

303 1387 580 1432 omnimodamque
605 1388 637 1420 in
661 1388 778 1421 eisdem
804 1388 978 1433 provinciis
998 1389 1045 1421 iu-

302 1441 515 1475 risdictionem
537 1447 567 1474 et
584 1442 854 1485 superioritatem,
879 1453 958 1486 quae
983 1443 1046 1486 epi-

303 1505 399 1539 scopo
435 1495 463 1528 S.
500 1495 668 1529 Salvator-is
703 1502 869 1540 antequam
905 1496 1045 1539 singulae

283 1549 425 1582 —litterae
455 1549 541 1582 Pauli
577 1549 828 1593 praedecessoris
864 1549 1045 1583 huiusmodi

140 2095 167 2117 Et
180 2092 292 2115 ecclesiam

110 2121 133 2143 S.
176 2121 293 2142 salvatoris

109 2148 229 2169 indemnem
281 2152 293 2166 a

109 2175 170 2196 Pauli
219 2174 294 2196 titteris

110 2201 187 2223 reddit.

139 2647 248 2669 Clausulas
257 2654 296 2676 pro

111 2678 254 2702 praesentium
264 2676 296 2697 lit-

304 1608 496 1644 emanarent,
517 1603 725 1647 competebat,
743 1609 771 1636 et
792 1610 972 1647 competere
994 1615 1047 1648 po-

303 1662 394 1697 terat,
407 1667 564 1697 exercere,
578 1662 745 1700 ceteraque
758 1657 863 1690 omnia
880 1662 910 1690 et
926 1658 1047 1701 singula

304 1710 343 1744 ad
364 1710 503 1755 episcopi
524 1720 638 1743 munus
658 1710 696 1743 de
721 1711 789 1744 iure
810 1711 857 1744 vel
882 1717 1048 1744 consuetu-

304 1764 376 1798 dine
399 1770 452 1798 aut
475 1764 549 1797 alias
573 1763 809 1808 quomodolibet
834 1765 1048 1808 spectantibus

304 1822 335 1853 et
352 1818 581 1863 pertinentibus
601 1818 715 1857 facere,
738 1828 849 1861 gerere
873 1824 902 1851 et
926 1819 1047 1863 exequi,

305 1871 441 1905 cuiusvis
468 1870 594 1904 licentia
618 1871 753 1915 desuper
784 1871 912 1905 minime
936 1873 1044 1916 requi-

305 1925 378 1969 sita)
395 1924 539 1958 similiter
559 1930 713 1968 perpetuo
734 1936 930 1967 revocamus,
947 1937 1047 1959 cassa-

306 1989 385 2018 mus,
397 1978 587 2021 abrogamus
600 1982 630 2012 et
645 1979 855 2020 annullamus,
868 1979 1049 2024 viribusque

306 2037 338 2065 et
356 2031 469 2066 effectu
489 2042 620 2075 prorsus
637 2042 814 2065 vacuamus.

352 2085 367 2130 ἓ
390 2085 419 2118 4.
445 2085 572 2118 Necnon
604 2086 768 2119 ecclesiam
801 2086 830 2119 S.
858 2087 1048 2129 Salvatoris,

309 2139 438 2183 eiusque
452 2149 592 2172 mensam
608 2139 819 2183 episcopalem
841 2140 989 2174 adversus
1006 2153 1050 2175 se-

309 2193 488 2237 parationes
516 2198 546 2226 et
575 2193 891 2235 dismembrationeS,
916 2197 1050 2230 erectio-

308 2256 443 2290 nemque
460 2252 491 2280 et
506 2247 742 2288 institutionem,
759 2259 881 2282 necnon
901 2250 1050 2283 unionem

309 2306 339 2333 et
355 2300 587 2334 adiunctionem
606 2303 781 2345 praedictas
799 2303 986 2345 restitutam,
1005 2316 1052 2338 re-

308 2354 442 2399 positam
468 2358 497 2388 et
520 2355 659 2398 plenarie
688 2357 934 2400 reintegratam,
960 2370 1049 2403 prae-

309 2408 470 2452 dictasque
494 2408 579 2442 Pauli
603 2410 854 2453 praedecessoris
872 2412 1050 2446 huiusmodi

309 2462 438 2502 litteras,
464 2463 631 2507 omniaque
645 2465 676 2496 in
690 2465 734 2497 eis
749 2471 904 2507 contenta,
919 2473 952 2499 ut
966 2478 1053 2511 prae-

309 2517 418 2556 fertur,
433 2522 586 2556 revocata,
604 2528 701 2559 cassa,
710 2519 869 2563 abrogata,
884 2521 1051 2562 annullata,

310 2570 491 2614 viribusque
515 2576 545 2603 et
569 2570 681 2604 effectu
705 2583 815 2615 vacua,

355 2624 371 2668 ἓ
387 2624 415 2658 5.
434 2624 617 2657 Praesentes
631 2635 704 2659 vero
725 2627 852 2668 litteras,
870 2639 941 2661 cum
956 2629 1053 2662 omni-

310 2678 370 2712 bus
394 2682 424 2713 et
447 2679 579 2722 singulis
602 2679 634 2712 in
658 2679 703 2713 eis
728 2682 898 2723 contentis,
927 2693 1052 2727 semper

417 2740 495 2769 Bull.
515 2742 596 2769 Rom.
613 2757 648 2762 —
667 2742 725 2769 Vol.
747 2743 878 2803 XHL*
975 2745 1009 2771 24

1721 261 1789 297 185

1077 327 1106 353 et
1120 327 1272 365 perpetuo
1291 321 1415 362 validas,
1429 321 1538 354 firmas
1555 326 1586 354 et
1601 321 1743 355 efficaces
1758 321 1818 354 exi-

1076 380 1157 407 stere
1174 380 1204 407 et
1221 375 1297 415 sore,
1312 386 1448 418 suosque
1458 374 1615 418 plenarios
1632 380 1662 407 et
1679 375 1818 418 integros

1076 426 1205 460 effectus
1229 428 1335 461 sortiri
1366 434 1396 461 et
1429 429 1592 469 obtinere,
1616 438 1719 472 neque
1750 428 1818 461 illas

1076 480 1191 523 (etiam
1217 491 1253 513 ex
1277 491 1314 514 eo
1338 481 1422 524 quod
1443 492 1553 514 causae
1580 486 1710 526 propter
1741 492 1819 525 quas

1076 533 1260 574 emanarint,
1285 544 1461 577 expressae,
1485 535 1663 575 verificatae
1684 539 1714 567 ct
1730 534 1818 567 iusti-

1075 586 1199 627 ficatae,
1218 590 1270 620 aut
1289 586 1480 630 quicumque
1497 587 1526 619 in
1544 588 1724 630 praemissis
1744 588 1820 621 inte-

1076 650 1161 673 resse
1179 640 1339 680 habentes,
1353 640 1417 672 sive
1433 640 1549 673 habere
1568 641 1817 684 praetendentes,

1076 693 1114 726 ad
1138 694 1199 727 hoc
1224 693 1334 734 vocati,
1360 693 1444 726 citati
1462 699 1492 726 et
1508 694 1604 726 auditi
1620 705 1682 727 non
1694 695 1818 736 fuerint,

1075 756 1177 790 neque
1202 746 1264 779 illis
1283 746 1511 787 consenserint,
1532 747 1578 779 vel
1599 747 1674 780 alias
1691 758 1727 780 cx
1745 759 1820 791 quo-

1077 811 1212 844 cumque
1236 801 1346 845 capite,
1366 805 1540 845 praetextu,
1559 801 1675 842 colore,
1693 802 1819 844 ingenio

1077 854 1124 887 vel
1149 856 1257 898 causa)
1274 855 1312 888 de
1332 855 1543 899 subreptionis
1561 855 1608 889 vel
1625 855 1819 899 obreptionis

1077 918 1132 941 seu
1154 908 1305 941 nullitatis
1323 908 1396 942 vitio
1417 913 1470 941 aut
1493 908 1674 942 intentionis
1694 914 1819 942 nostrae

1078 961 1125 994 vel
1149 961 1210 995 alio
1230 962 1341 1005 quovis
1360 962 1482 995 defectu
1499 962 1612 1002 notari,
1626 963 1819 1006 impugnari,

1078 1014 1244 1058 redargui,
1269 1016 1413 1058 infringi,
1439 1017 1617 1058 retractari,
1644 1016 1674 1048 in
1700 1017 1748 1049 ius
1772 1017 1820 1049 vel

1078 1068 1325 1101 controversiam
1351 1068 1503 1109 revocari,
1521 1069 1559 1101 ad
1577 1069 1728 1102 terminos
1742 1069 1820 1102 iuris

1078 1121 1195 1161 reduci,
1209 1120 1275 1154 aut¹
1291 1121 1374 1154 aliud
1392 1122 1524 1165 quodvis
1547 1123 1667 1165 gratiae
1685 1124 1731 1157 vet
1748 1123 1820 1156 facti

1079 1174 1253 1207 remedium
1279 1174 1441 1218 impetrari
1466 1186 1521 1208 seu
1547 1176 1676 1209 concedi
1693 1177 1821 1211 nullate-

1077 1238 1136 1260 nus
1160 1239 1262 1272 posse;
1283 1229 1400 1272 sicque,
1419 1234 1449 1261 et
1464 1239 1526 1262 non
1543 1229 1642 1270 aliter,
1659 1242 1716 1274 per
1730 1242 1822 1274 quos-

1078 1291 1214 1325 cumque
1238 1281 1358 1315 iudices
1382 1282 1559 1315 ordinarios
1584 1289 1614 1315 et
1640 1283 1798 1326 delegatos
1813 1311 1820 1325 ‚

1078 1335 1171 1367 etiam
1197 1345 1362 1368 causarum
1388 1336 1494 1379 palatii
1519 1337 1682 1380 apostolici
1704 1337 1822 1371 audito-

1078 1399 1139 1428 res,
1163 1399 1199 1421 ac
1224 1389 1252 1422 S.
1270 1389 1304 1421 R.
1324 1389 1356 1421 E.
1375 1389 1549 1422 cardinales
1564 1390 1655 1423 etiam
1673 1390 1711 1423 de
1725 1391 1821 1424 latere

1079 1442 1217 1485 legatos,
1242 1447 1272 1475 et
1297 1442 1385 1475 Sedis
1409 1444 1610 1486 Apostolicae
1634 1445 1765 1477 nuncios
1790 1447 1822 1478 in

1078 1496 1187 1539 quavis
1211 1498 1306 1529 causa
1331 1502 1361 1529 et
1384 1497 1531 1531 instantia
1564 1498 1694 1530 iudicari
1719 1504 1749 1530 ct
1773 1498 1822 1531 de-

1079 1549 1162 1582 finiri
1187 1550 1313 1590 debere,
1338 1560 1373 1583 ac
1390 1550 1514 1583 irritum
1528 1557 1558 1583 et
1574 1551 1675 1591 inane,
1693 1552 1717 1584 si
1732 1562 1822 1585 secus

1080 1614 1175 1647 super
1198 1604 1246 1636 his
1271 1614 1288 1636 a
1311 1615 1480 1648 quoquam,
1498 1605 1606 1648 quavis
1627 1606 1822 1647 auctoritate,

1080 1658 1215 1691 scienter
1240 1658 1286 1691 vel
1310 1658 1508 1702 ignoranter,
1526 1659 1694 1703 contigerit
1716 1665 1818 1693 atten-

1080 1712 1149 1745 tari.

1126 1766 1140 1809 ἓ
1168 1764 1197 1798 6.
1224 1766 1292 1798 Non
1312 1765 1508 1800 obstantibus
1534 1767 1619 1800 Pauli
1643 1767 1823 1812 praedeces-

1082 1820 1162 1853 soris
1186 1819 1367 1853 huiusmodi
1387 1820 1508 1860 litteris,
1529 1832 1565 1854 ac
1581 1822 1690 1864 regula
1715 1824 1823 1856 nostra

1081 1874 1119 1906 de
1144 1873 1211 1905 iure
1237 1873 1377 1917 quaesito
1395 1884 1457 1907 non
1475 1875 1623 1914 tollendo,
1649 1875 1824 1919 ceterisque

1082 1928 1113 1960 in
1130 1927 1323 1961 contrarium
1341 1927 1528 1960 facientibus
1542 1929 1801 1972 quibuscumque.

1126 1982 1236 2015 Datum
1266 1982 1396 2022 Romae,
1421 1982 1502 2026 apud
1527 1982 1555 2016 S.
1581 1983 1708 2016 Mariam
1734 1983 1826 2017 Maio-

1081 2046 1149 2069 rem
1164 2062 1172 2076 ,
1197 2035 1254 2068 sub
1282 2036 1398 2069 annulo
1428 2036 1610 2075 piscatoris,
1632 2037 1682 2069 die
1701 2047 1733 2070 vl
1758 2037 1824 2071 iulii

1082 2100 1234 2130 Μῡοχκιν,
1258 2090 1458 2134 pontificatus
1475 2090 1573 2124 nostri
1591 2101 1672 2124 anno
1694 2101 1712 2124 1.

1118 2162 1176 2190 Dat.
1194 2163 1238 2190 die
1253 2162 1270 2190 6
1284 2162 1341 2189 iulii
1360 2163 1437 2196 1624,
1454 2163 1552 2198 pontif.
1569 2171 1640 2190 anno
1655 2169 1672 2190 1.

1399 2358 1510 2393 LXXV.

1085 2469 1255 2513 Impositz'o
1284 2469 1427 2502 decimae
1452 2480 1511 2512 pro
1539 2470 1683 2514 episcopo
1714 2471 1826 2514 Eyste-

1131 2524 1212 2556 tensi
1235 2523 1270 2555 in
1297 2523 1362 2555 torci
1386 2523 1456 2555 eius
1480 2522 1642 2556 dioecesi&

1123 2648 1130 2674 1
1155 2647 1333 2681 Subintellige
1353 2647 1489 2674 adversus
1509 2648 1577 2675 illas
1596 2649 1632 2684 (n.
1654 2650 1701 2684 τ.).

1119 2692 1136 2718 2
1151 2692 1188 2718 Ex
1205 2692 1312 2727 Regest.
1328 2692 1355 2719 in
1374 2692 1475 2720 secret.
1494 2693 1628 2721 Brevium.

1835 273 2016 302 An.c.1624

1834 339 1925 356 tei-:imm
1953 336 2016 357 sirmi·

1833 365 1875 384 tate
1894 366 1988 389 apponit.

1874 1776 1899 1798 Et
1915 1776 2022 1798 contraria

1839 1805 1898 1826 tollit.
