2269 3235
53 238 104 266 An.
123 237 152 266 C.
171 235 239 265 1628

104 1155 236 1186 Praecedens

55 1186 169 1204 concessio.

858 237 1001 261 URBANUS
1026 238 1081 261 VIII
1105 238 1153 261 1³1³.

293 283 405 317 Datum
429 283 556 325 Romae,
581 283 665 327 apud
685 283 714 317 S.
736 283 861 318 Petrum
876 311 883 325 ‚
908 295 989 318 anno

250 337 478 371 lucarnationis
512 338 694 371 Dominicae
730 347 910 377 Mncxxvm‚
946 349 988 372 xu

250 391 399 424 kalendas
439 390 589 425 februarii
604 418 611 432 ‚
650 391 852 436 pontificatus
889 391 987 424 nostri

250 454 333 478 anno
359 455 387 477 v.

285 506 345 534 Dat.
363 506 406 534 die
421 506 450 534 2¹
471 506 584 534 ianuarii
606 506 683 541 1628,
703 505 798 541 pontif.
823 513 893 532 anno
908 511 934 532 v.

525 621 711 655 CCLXXVII.

250 694 403 726 Eoetensz'o
428 683 637 726 concessionis
668 691 705 724 de
736 690 826 724 beatri
851 691 929 724 Rita
954 690 991 723 cle

297 745 409 780 Cassia
427 744 560 779 Ordinis
577 744 609 777 S.
630 743 814 787 Auyustini
829 744 992 776 recitandi

294 800 428 831 ‘missam
437 808 498 841 pro
508 797 743 840 confluentibus
757 797 877 840 ubique
891 801 992 830 terra-

294 862 368 884 rum
385 850 428 883 ad
448 851 594 883 ecclesias
613 850 777 893 praedicti
799 850 946 890 Ordinis,
964 854 992 882 et

294 905 331 938 in
356 905 421 937 told
449 903 626 947 Spoletana
658 903 792 936 dioecesi
817 903 860 936 ad
884 914 992 937 omnes

295 957 442 991 ecclesias
453 954 473 990 ¹.

455 1028 593 1055 Urbanus
614 1028 692 1062 Papa
712 1028 790 1061 vm,

373 1073 409 1100 ad
429 1076 604 1107 perpetuam
623 1074 667 1099 rei
687 1072 868 1099 memoriam.

295 1137 412 1180 Nuper,
433 1146 492 1180 pro
512 1142 601 1179 parte
619 1135 804 1168 dilectarum
823 1136 854 1168 in
869 1135 992 1169 Christo

250 1189 389 1222 filiarum
420 1189 590 1233 priorissae
615 1195 646 1222 et
669 1190 852 1222 monialium
885 1190 993 1223 beatae

252 1244 340 1277 Ritae
363 1243 528 1277 de·Cassia
553 1243 678 1276 Ordinis
703 1244 800 1276 sancti
826 1244 993 1287 Augustini

253 1299 437 1342 Spoletanae
456 1297 607 1331 dioecesis
623 1298 714 1330 nobis
739 1299 890 1342 exposito,
909 1298 993 1342 quod

252 1352 347 1396 ipsae,
367 1362 426 1395 pro
446 1362 497 1392 eo,
523 1362 616 1395 quem
642 1362 717 1394 erga
741 1351 865 1384 beatam
891 1352 993 1384 [titani

205 1445 208 1447 Α
253 1406 421 1449 gerebant,
446 1405 620 1438 devotionis
644 1405 775 1447 affectu,
801 1405 939 1437 officium
965 1410 995 1437 et

101 2545 200 2567 Exiensio
215 2545 241 2567 de

60 2577 102 2599 qua
113 2573 135 2594 in
147 2573 240 2594 rubrica.

255 1459 382 1492 missam
407 1458 445 1491 de
466 1460 502 1491 ea
526 1458 653 1491 recitari
678 1463 708 1490 et
732 1458 886 1491 celebrari
903 1468 994 1502 posse

254 1513 481 1554 desiderabant,
496 1523 562 1554 nOS,
578 1523 686 1545 earum
700 1513 758 1545 bac
776 1512 807 1544 in
821 1518 909 1556 parte
926 1523 995 1555 sup-

253 1567 473 1611 plicationibus
484 1567 633 1607 inclinati,
642 1567 680 1599 de
694 1566 920 1598 venerabilium
935 1567 996 1598 l'ra-

253 1627 337 1654 trum
360 1627 544 1654 nostrorum
569 1625 694 1653 sanctae
711 1621 868 1653 Romanae
888 1620 994 1652 Eccle-

252 1675 315 1709 siae
339 1675 546 1709 cardinalium
577 1674 674 1706 sacris
699 1673 812 1706 ritibus
837 1673 996 1717 praeposi-

253 1735 358 1763 torum
382 1728 524 1768 consilio,
541 1732 576 1761 ut
595 1727 634 1761 de
654 1727 736 1760 dicta
760 1727 849 1759 beata
875 1728 943 1760 Rita
964 1728 995 1759 in

254 1784 319 1816 tota
349 1782 483 1815 dioecesi
516 1782 699 1825 Spoletana,
723 1791 759 1813 ac
784 1781 822 1813 ab
847 1781 994 1814 omnibus

255 1836 418 1880 utriusque
431 1846 521 1869 sexus
535 1835 608 1868 dicti
622 1835 747 1868 Ordinis
760 1835 917 1878 religiosis
932 1835 996 1867 ubi-

255 1901 316 1935 que
326 1890 529 1923 existentibus
542 1889 681 1928 officium
692 1894 721 1922 et
731 1889 825 1922 missa
836 1895 994 1933 tamquam

255 1944 294 1977 de
307 1943 433 1977 comuni
450 1953 508 1975 nec
521 1943 658 1985 Virginis
672 1953 729 1976 nec
743 1943 894 1987 Martyris,
910 1943 996 1976 iuxta

255 1997 399 2030 rubricas
426 1996 573 2030 breviarii
597 2001 627 2029 et
651 1996 784 2029 missalis
813 1997 935 2029 romani
960 2008 995 2030 ac

255 2051 447 2084 breviarium
470 2051 570 2094 ipsius
591 2050 716 2084 Ordinis
733 2061 750 2083 a
767 2051 845 2083 Sede
862 2052 995 2094 Aposto-

254 2105 314 2138 lica
346 2105 580 2148 approbatum,
607 2105 782 2148 respective
807 2105 934 2137 recitari
966 2110 996 2138 et

256 2158 409 2192 celebrari
434 2158 532 2190 libere
549 2162 580 2190 et
596 2157 679 2190 licite
695 2162 802 2201 posset
819 2161 848 2191 et
869 2159 994 2199 valeret,

256 2212 427 2256 apostolica
444 2211 629 2245 auctoritate
650 2211 807 2244 licentiam
829 2217 858 2245 ct
871 2213 996 2245 l‘aculta-

257 2271 319 2299 tem
343 2266 492 2309 impertiti
513 2276 631 2305 sumus,
648 2271 743 2309 prout
760 2266 792 2298 in
808 2266 925 2299 nostris
942 2266 996 2299 de-

257 2330 353 2363 super
380 2319 413 2352 in
444 2319 537 2352 simili
569 2320 672 2353 forma
704 2320 811 2352 Brevis
843 2320 996 2364 expeditis

257 2372 379 2413 litteris,
403 2382 537 2415 quarum
560 2377 686 2406 tenores
702 2373 920 2416 praesentibus
937 2384 995 2417 pro

256 2425 413 2469 expressis
437 2425 547 2458 haberi
572 2426 726 2467 volumus,
746 2427 871 2470 plenius
897 2427 996 2460 conti-

249 2485 358 2512 netur.

300 2533 315 2577 ξ
339 2532 368 2566 2.
398 2532 487 2566 Nunc
511 2537 614 2566 autem
646 2533 832 2568 dilectorum
858 2534 997 2568 filiorum

254 2586 371 2632 prioris
395 2586 550 2629 generalis
574 2591 605 2619 et
627 2587 760 2620 fratrum
784 2588 879 2622 totius
904 2588 996 2622 Ordi-

293 2653 305 2678 1
321 2650 389 2680 Vide
403 2659 485 2687 supra
499 2658 561 2687 pag.
577 2650 628 2680 603
644 2651 681 2687 (R.
697 2652 747 2688 T.).

1665 228 1724 262 631
1774 237 1959 266 An.c.1628

1024 285 1071 318 nis
1097 286 1285 327 huiusmodi,
1313 296 1433 319 necnon
1458 286 1627 329 priorissae
1644 291 1673 319 et
1698 298 1762 320 mo-

1024 339 1151 371 nialium
1165 340 1372 382 pract'atariuu
1384 340 1663 383 supplicationibus
1674 341 1763 373 uobis

1024 393 1128 425 dcnuo
1162 393 1322 425 liumilitcr
1355 395 1508 436 porrectis
1545 395 1700 434 inclinati,
1726 395 1763 427 dc

1024 446 1207 478 corumdem
1227 447 1431 478 cardinalium
1454 448 1594 487 consilio,
1614 453 1645 480 ut
1664 448 1693 479 in
1714 448 1764 481 die

1025 498 1133 530 t'cstivo
1145 498 1181 530 dc
1196 499 1304 531 eadem
1317 499 1407 532 licata
1417 501 1484 532 ltita
1496 501 1589 533 missa
1603 506 1762 544 tamquam

1024 551 1061 583 dc
1086 551 1245 584 communi
1274 562 1331 584 nec
1363 552 1497 591 Virniuis
1522 564 1578 586 nce
1604 543 1763 598 Martyris,

1025 604 1109 636 iuxta
1127 604 1269 638 rubricas
1284 605 1417 637 missalis
1435 606 1554 638 romani
1575 607 1764 646 huiusmodi,

1025 657 1062 689 ab
1092 656 1239 689 omnibus
1275 658 1467 701 presbyteris
1501 660 1694 691 secularibus
1727 660 1765 692 ad

1025 720 1134 742 omncs
1152 710 1246 743 totius
1263 710 1387 743 Ordinis
1405 712 1534 754 pract'ati
1555 723 1590 744 ac
1614 713 1766 746 dioecesis

1026 764 1210 807 Spoletanae
1235 764 1381 797 ecclesias
1406 766 1651 805 conlhwntibus,
1680 767 1764 799 cclc-

1027 817 1111 849 brari
1137 817 1235 850 libere
1273 817 1418 853 similitcr
1446 822 1475 851 ct
1505 819 1586 850 licite
1617 819 1714 861 possit
1739 823 1768 853 et

1026 873 1135 912 valeat,
1160 873 1269 906 eadem
1291 873 1475 906 auctoritate
1495 879 1601 906 tenore¹
1623 885 1769 917 praesen-

1027 926 1103 958 tium
1130 926 1284 959 licentiam
1306 931 1336 960 ct
1360 927 1535 960 facultatem
1558 926 1767 970 impertimur.

1072 981 1086 1023 ἓ
1110 980 1139 1013 3.
1164 982 1232 1013 Non
1265 981 1461 1014 obstantibus
1495 981 1768 1014 constitutionibus

1028 1039 1057 1066 et
1082 1034 1330 1067 ordinationibus
1363 1035 1564 1078 apostolicis,
1593 1035 1768 1079 ceterisque

1028 1088 1194 1119 contrariis
1219 1088 1481 1132 quibuscumque.

1072 1141 1086 1183 ἓ
1106 1139 1134 1172 «I.
1155 1142 1304 1174 Volumus
1321 1148 1436 1181 autom,
1455 1142 1537 1186 quod
1555 1143 1766 1186 praesentium

1029 1194 1249 1237 transumptis,
1276 1195 1368 1227 etiam
1399 1195 1569 1238 impressis,
1594 1207 1686 1229 manu
1711 1197 1768 1229 ali-

1028 1247 1117 1279 cuius
1134 1247 1246 1280 notarii
1267 1248 1383 1291 publici
1401 1249 1595 1292 subscriptis,
1617 1255 1646 1281 ct
1666 1250 1769 1292 sigillo

1028 1310 1180 1343 personae
1206 1300 1236 1332 in
1260 1301 1411 1343 (lignitate
1429 1302 1638 1335 ecclcsiastica
1659 1303 1771 1336 consti-

1030 1357 1111 1386 tutae
1128 1354 1256 1386 munitis
1272 1355 1381 1387 cadem
1406 1366 1536 1398 prorsus
1559 1356 1675 1399 ubique
1692 1356 1769 1389 fides

1030 1406 1060 1438 in
1078 1406 1193 1440 iudicio
1211 1412 1241 1439 ct
1265 1412 1353 1439 extra
1377 1408 1572 1448 adhibeatur,
1598 1420 1677 1451 quae
1696 1409 1770 1452 ipsis

1028 1461 1247 1503 praesentibus
1271 1461 1484 1504 adhiberetur,
1511 1462 1536 1494 si
1563 1463 1663 1495 forent
1689 1463 1771 1495 exbi-

1030 1514 1111 1546 bitae
1137 1515 1184 1546 vel
1210 1520 1361 1547 ostensae.

1073 1568 1184 1600 Datum
1209 1569 1337 1607 Romae,
1351 1569 1432 1612 apud
1448 1569 1476 1602 S.
1491 1569 1628 1609 Petrum,
1643 1571 1700 1603 sub
1718 1581 1769 1603 an-

1028 1622 1103 1653 nulo
1126 1621 1361 1660 Piscator-istiu}
1380 1633 1411 1655 iv
1428 1617 1579 1656 februarii
1593 1634 1770 1664 nucxxvut,

1030 1675 1231 1719 pontificatus
1248 1676 1345 1709 nostri
1363 1686 1444 1709 anno
1462 1686 1491 1708 v.

1834 995 1967 1016 Ob‹tantiuin

1784 1026 1879 1043 remotio.

1824 1156 1967 1182 'transumptis

1784 1184 1854 1204 danda
1870 1183 1928 1204 tides.

1065 1737 1121 1766 Dat.
1142 1738 1185 1765 die
1206 1739 1221 1765 4
1236 1738 1365 1766 februarii
1386 1738 1461 1772 1628,
1482 1739 1578 1774 pontif.
1597 1747 1667 1766 anno
1683 1746 1707 1765 v.

1301 1861 1501 1916 chxxvui.

1031 1961 1241 2004 Confirmatio
1264 1962 1511 2005 privilegfl'ormn
1531 1974 1567 1996 ac
1585 1964 1712 1996 imium
1732 1974 1775 1998 ec-

1074 2015 1187 2048 clesiae
1205 2020 1233 2047 et
1251 2016 1389 2058 capituli
1407 2016 1438 2049 S.
1456 2017 1582 2049 Mariae
1599 2017 1641 2049 acl
1654 2018 1776 2061 Marty-

1074 2079 1123 2102 res
1140 2079 1236 2112 super
1250 2069 1362 2112 plutect
1380 2074 1455 2102 mele
1472 2070 1579 2113 ipsam
1595 2071 1770 2104 ecclesiam.

1225 2150 1363 2176 Urbanus
1393 2150 1473 2184 Papa
1492 2151 1577 2184 vm,

1154 2196 1190 2221 ad
1205 2198 1383 2228 perpetuam
1403 2196 1449 2222 rei
1469 2195 1651 2223 memoriam.

1074 2267 1231 2299 Romanus
1256 2266 1406 2306 Pontifex,
1432 2267 1523 2310 aequi
1547 2267 1685 2311 bonique
1710 2280 1766 2301 su-

1029 2330 1159 2363 premus
1183 2325 1329 2361 assertor,
1353 2320 1432 2352 iuter
1457 2320 1669 2362 gravissimas,
1690 2322 1771 2353 mul-

1030 2374 1214 2417 tiplicesque
1232 2373 1422 2417 apostolicae
1443 2374 1600 2406 servitutis
1619 2386 1720 2415 curas,
1740 2375 1771 2407 in

1030 2437 1098 2459 cam
1124 2426 1274 2470 peculiari
1300 2426 1402 2460 studio
1428 2427 1541 2469 iugiter
1562 2427 1722 2469 incumbit,
1741 2431 1774 2461 ut

1031 2481 1235 2513 ecclesiarum
1253 2481 1404 2521 omnium,
1423 2480 1609 2523 pracsertiru
1628 2480 1775 2523 collegia-

1031 2539 1132 2567 tarum
1148 2534 1317 2576 insig‘nium
1331 2534 1431 2566 almae
1445 2533 1534 2566 Urbis
1547 2538 1683 2573 nostrae,
1695 2533 1773 2574 iura,

1031 2587 1240 2631 proprietatos
1264 2592 1293 2619 ot
1317 2586 1456 2619 dominia
1480 2592 1563 2619 sarta
1588 2590 1667 2620 tecta
1694 2597 1770 2619 cou-

1030 2646 1205 2682 serventur,
1223 2646 1253 2674 et
1273 2652 1352 2685 quac
1369 2646 1540 2686 propterca
1556 2651 1574 2674 a
1590 2641 1773 2686 praedeces-

1816 2282 1955 2303 Prooemium.
