2269 3235
285 256 334 283 Αῃ.
355 256 385 283 c..
403 255 469 284 1628
518 247 582 282 656

323 639 466 659 Consi-‹sarm-

283 672 326 686 rum
357 666 465 685 facultates

283 693 404 712 absolu-ndi

282 719 366 738 casii-us
397 723 465 738 reser-

306 2076 330 2096 Et
344 2078 392 2097 vota
407 2082 461 2098 com·

278 2103 379 2124 mutandi.

292 2448 417 2468 Praesentes
426 2452 462 2473 pu-

279 2474 391 2494 bttcandae
408 2477 427 2494 et
443 2480 462 2492 [¹-

279 2501 462 2526 xequutioniman-

280 2527 370 2548 dandae.

482 311 513 338 et
536 305 668 347 singula,
688 306 734 337 vel
756 314 864 337 eorum
887 304 1001 348 aliqua,
1020 305 1050 337 in
1076 305 1134 338 alia
1159 305 1221 349 pie-

484 359 554 391 tatis
578 370 674 402 opera
699 364 902 397 commutare,
920 359 966 391 vel
988 359 1018 390 in
1043 359 1126 391 aliud
1152 370 1221 403 pro-

484 412 600 444 ximum
627 417 749 454 tempus
774 422 948 455 prorogare
973 412 1092 455 possit,
1121 423 1219 457 eaque

483 465 663 507 iniungere,
689 474 768 507 quae
794 464 851 507 ipsi
877 465 1072 508 poenitentes
1096 466 1219 499 efficere

482 523 648 562 poterunt,
673 518 790 561 pariter
821 518 1021 552 concedimus
1050 525 1079 552 et
1110 519 1216 553 indul-

482 582 600 608 cemus.

525 625 540 667 ξ
564 624 592 657 ’5.
618 624 784 668 Cupientes
808 631 922 666 autem,
940 636 1048 660 omnes
1072 627 1237 675 christifi-,

455 698 465 710 al
481 677 566 709 deles
590 677 759 721 participes
791 678 860 711 sieri
882 678 975 712 huius
1000 679 1218 722 pretiosissimi

483 731 642 771 thesauri,
667 731 821 764 universis
845 737 875 764 et
900 732 1030 774 singulis
1054 733 1236 776 utriusque>

481 794 583 824 sexus,
608 789 669 816 tam
694 784 781 818 laicis
805 795 899 829 quam
924 785 1150 827 eeclesiastieiS,
1170 796 1217 819 se-

480 837 639 870 cularibus
656 843 685 870 et
702 838 901 880 regularibus
927 838 1063 870 cuiusvis
1083 838 1216 878 Ordinis,

480 891 734 933 congregationis
751 896 780 923 et
800 891 932 924 instituti
958 890 1126 931 licentiam,
1148 902 1217 924 con-

479 944 618 978 cedimus
643 948 671 977 et
695 944 873 977 facultatem
898 944 1019 984 damus,
1045 948 1078 978 ut
1102 945 1162 977 sibi
1179 945 1235 977 adi

478 998 562 1030 hunc
586 998 730 1030 ess‘eetum
749 997 867 1040 eligere
891 998 1011 1041 possint
1036 1004 1217 1041 quemcum-

477 1062 537 1095 que
554 1051 772 1095 presbyterum
793 1051 1028 1092 confessarium,
1050 1057 1112 1083 tam
1133 1062 1234 1093 secu-¹

477 1105 574 1137 larem
601 1115 694 1147 quam
719 1104 855 1136 cuiusvis
876 1104 1001 1137 Ordinis
1026 1105 1216 1148 regularem,

477 1169 513 1190 ex
538 1157 720 1201 approbatis
745 1168 761 1189 a
785 1158 928 1190 locorum
953 1157 1141 1199 Ordinariis,
1164 1159 1216 1202 qui

477 1222 529 1244 eos
554 1212 592 1244 ab
618 1211 763 1244 omnibus
788 1211 1132 1251 excomnmnieationis,
1154 1223 1234 1244 sus-=

1233 1263 1235 1272 ¹
1251 1276 1329 1306 sare,
1351 1266 1399 1298 vel
1424 1265 1560 1309 aliquam
1578 1265 1756 1299 facultatem
1774 1266 1916 1300 tribuere
1933 1267 1992 1300 dis-

476 1265 654 1309 pensionis‚
687 1270 715 1297 et
744 1264 811 1297 aliis
844 1265 1061 1298 ecclesiasticis
1093 1270 1216 1298 senten-

476 1319 526 1352 tiis
551 1323 579 1353 et
604 1319 765 1359 censuris,
790 1329 806 1351 a
831 1318 898 1351 iure
924 1319 972 1350 vel
1002 1318 1040 1350 ab
1065 1318 1193 1352 homine
1209 1347 1234 1361 „

477 1373 584 1417 quavis
602 1375 694 1406 eausa
711 1373 791 1413 latis,
809 1383 864 1405 seu
885 1371 1021 1412 inflictis,
1040 1382 1161 1405 necnon
1179 1372 1216 1405 ab
1233 1397 1235 1420 .‘

477 1427 623 1460 omnibus
648 1426 795 1470 peccatis,
814 1425 1002 1467 excessibus,
1021 1426 1215 1468 criminibus,

478 1486 507 1514 et
527 1480 657 1522 delictis,
677 1479 877 1523 quantumvis
902 1479 1051 1522 gravibus
1076 1485 1105 1512 et
1128 1490 1234 1513 enoc-¹

477 1533 589 1573 mibus,
608 1533 701 1566 etiam
722 1533 866 1566 locorum
884 1532 1067 1573 Ordinariis,
1085 1532 1148 1565 sive
1165 1544 1217 1566 no-

477 1588 524 1620 bis
549 1592 578 1620 et
602 1587 673 1620 Sedi
697 1586 904 1630 Apostolieae,
931 1586 1025 1618 ctiam
1049 1586 1080 1618 in
1104 1587 1216 1620 litteris

477 1640 526 1673 die
551 1640 671 1673 Cocnae
696 1639 819 1672 Domini
843 1639 904 1682 legi
930 1639 1028 1672 solitis
1053 1640 1216 1680 contentis,

477 1699 506 1727 et
519 1695 593 1727 alias
610 1705 666 1738 per
683 1704 897 1737 quascumque
911 1694 1123 1726 Romanorum
1141 1694 1217 1727 Pon·
1233 1708 1234 1711 ¹

476 1747 595 1780 tificum
621 1747 898 1791 praedecessorum
927 1752 1109 1780 nostrorum
1141 1758 1216 1780 con·
1232 1759 1234 1779 s

477 1801 663 1840 stitutiones,
683 1798 816 1844 quarum
845 1805 969 1834 tenores
1000 1801 1216 1845 praesentibus

477 1854 587 1887 haberi
611 1854 756 1887 volumus
777 1864 835 1897 pro
860 1853 1025 1896 expressis,
1043 1854 1216 1896 quomodo-

478 1918 612 1951 cumque
637 1907 803 1940 reservatis
818 1934 825 1947 ,
849 1907 881 1939 in
911 1907 980 1939 foro
1008 1907 1216 1948 conscientiae

477 1965 507 1995 ct
530 1962 589 1994 hae
612 1961 679 1995 viee
698 1966 828 2002 tantum,
853 1960 1016 1993 absolvere
1033 1965 1063 1993 et
1079 1961 1216 1994 liberare

478 2015 609 2047 valeant.

520 2069 535 2112 g
560 2069 589 2102 6.
615 2068 652 2101 Et
675 2067 804 2111 insuper
828 2072 899 2100 vota
923 2077 1139 2111 quaecumque
1157 2068 1217 2111 (re-

476 2121 612 2164 ligionis,
633 2126 662 2153 et
686 2121 834 2153 castitatis
859 2120 1008 2163 exceptis)
1027 2120 1058 2152 in
1082 2121 1141 2153 alia
1165 2121 1216 2165 pia

477 2180 507 2208 et
531 2175 678 2208 salutaria
703 2185 800 2218 opera
835 2180 1051 2215 commutare,
1077 2175 1215 2208 iniuncta

477 2234 580 2261 tamen
611 2229 655 2261 eis
688 2234 718 2261 et
749 2238 858 2261 eorum
888 2228 1016 2261 cuilibet
1048 2229 1080 2260 in
1109 2239 1217 2273 supra-

476 2283 565 2316 dictis
590 2282 736 2316 omnibus
768 2282 890 2315 casibus
919 2282 1110 2326 poenitentia
1139 2283 1217 2315 salu-

477 2337 544 2378 tari,
563 2337 692 2380 aliisque
717 2335 856 2369 eiusdem
883 2336 1065 2369 confessarii
1085 2336 1215 2370 arbitrio

477 2390 706 2434 ingiungendis.

521 2444 535 2486 ζξ
553 2444 580 2476 7.
595 2444 800 2488 Quapropter,
814 2448 921 2477 tenore
939 2443 1164 2488 praesentium,
1185 2443 1216 2476 in

479 2498 591 2529 virtute
609 2502 730 2530 sanctae
751 2497 954 2539 obedientiae,
973 2497 1112 2530 districte
1125 2507 1215 2541 prae-

480 2551 611 2594 cipimus
628 2556 719 2595 atque
736 2552 920 2585 mandamus
938 2552 1084 2585 omnibus
1102 2557 1132 2585 et
1148 2552 1216 2596 qui-

479 2604 673 2647 buscumque
684 2605 913 2638 venerabilibus
924 2606 1074 2638 fratribus
1087 2606 1216 2650 patriar-

479 2657 567 2699 chis,
599 2657 862 2702 archiepiscopis,
895 2659 1052 2703 episcopis
1080 2664 1111 2692 et
1145 2659 1213 2692 aliis

1061 258 1239 282 BULLMUUM
1264 258 1416 283 ROMANUM

2000 262 2051 293 An.
2072 264 2102 294 C.
2120 263 2188 294 1628

1254 306 1457 339 eeclesiarum
1481 307 1649 351 praelatis,
1681 318 1717 342 ac
1740 309 1991 356 quibuscumque

1253 360 1427 394 Ordinariis
1450 361 1602 403 locorum,
1621 371 1795 406 eorumque
1819 363 1942 398 vicariis
1961 370 1992 398 et

1254 413 1448 454 officialibus,
1466 414 1524 454 vel,
1542 414 1580 447 iis
1603 414 1830 457 deficientibus,
1847 417 1918 458 iltis,
1938 418 1992 461 qui

1254 478 1361 500 curam
1382 467 1558 500 animarum
1579 474 1735 510 exercent,
1752 474 1795 510 ut,
1814 480 1884 502 cum
1901 480 1992 514 prae-

1254 520 1388 552 sentium
1405 520 1581 554 litterarum
1606 525 1804 565 transumpta
1820 527 1874 555 aut
1892 533 1994 556 exem-

1253 573 1303 616 pla
1324 573 1417 606 ctiam
1442 574 1596 617 impressa
1613 574 1800 618 acceperint,
1821 575 1872 607 illa
1889 576 1992 608 statim

1253 626 1370 670 absque
1387 626 1450 659 ulta
1472 628 1570 667 mora,
1591 627 1811 668 retardatione,
1829 628 1876 660 vel
1896 628 1991 672 impe-

1253 679 1391 712 dimento
1411 690 1468 723 per
1492 690 1562 712 suas
1588 680 1735 713 eeclesias
1760 686 1790 713 et
1821 680 1990 723 dioeceses,

1253 733 1440 775 provincias,
1454 732 1603 776 civitates,
1615 733 1739 777 oppida,
1754 739 1855 766 terras
1869 738 1899 766 et
1913 735 1990 777 loca,

1252 785 1413 828 publicent
1437 791 1467 818 et
1490 785 1645 829 publicari
1661 786 1785 827 faciant,
1803 791 1832 819 et
1849 787 1941 820 cleris
1955 797 1991 820 ac

1252 838 1379 882 populis
1411 838 1469 871 sibi
1503 839 1651 872 subiectis
1682 840 1839 872 solemnes
1862 850 1991 883 proces-

1252 891 1365 932 siones,
1386 896 1416 924 et
1440 892 1682 935 supplicationes
1699 892 1836 925 indicent
1860 898 1890 926 et
1914 894 1992 927 cele-

1251 944 1352 984 brent,
1373 944 1610 988 ecclesiamque,
1627 955 1683 978 seu
1700 945 1847 979 eeclesias
1866 946 1991 980 visitan-

1251 997 1306 1030 das
1330 997 1502 1040 designent.

1295 1051 1310 1093 g
1334 1049 1363 1083 8.
1388 1051 1457 1084 Non
1480 1050 1671 1084 intendimus
1695 1055 1799 1084 autem
1822 1062 1879 1096 per
1901 1063 1991 1096 prae-

1251 1110 1353 1137 sentes
1376 1115 1470 1148 super
1497 1105 1601 1148 aliqua
1618 1104 1849 1148 irregularitate
1865 1107 1990 1150 publica

2052 1069 2132 1093 Quibus
2145 1074 2188 1090 non

2004 1095 2152 1122 sum-agentur'.

1233 1151 1234 1156 ¹
1252 1159 1298 1191 vel
1312 1159 1446 1199 occulta,
1459 1159 1544 1199 nota,
1558 1158 1690 1200 defectu,
1706 1159 1921 1204 incapacitate,
1935 1171 1991 1194 seu

1251 1211 1444 1244 inhabilitate
1458 1212 1682 1255 quoquomodo
1695 1215 1855 1246 eontracta
1869 1213 1991 1257 dispen-

1250 1319 1400 1362 pensandi
1425 1329 1480 1352 seu
1505 1318 1688 1351 habilitandi
1717 1319 1798 1352 etin
1820 1320 1991 1364 pristinum

1251 1377 1365 1407 statum
1382 1373 1567 1406 restituendi
1585 1373 1678 1406 etiam
1698 1373 1730 1406 in
1747 1373 1816 1407 foro
1834 1375 1992 1407 conscien-

1251 1427 1326 1466 tiae,
1344 1437 1446 1470 neque
1471 1428 1564 1459 etiam
1590 1427 1637 1470 iis,
1655 1427 1709 1471 qui
1725 1438 1742 1460 a
1758 1428 1849 1461 nobis
1869 1433 1899 1461 et
1914 1429 1992 1472 Apo-

1251 1480 1360 1514 stolica
1385 1480 1472 1522 Sede,
1499 1480 1547 1513 vel
1572 1480 1611 1512 ab
1635 1480 1740 1524 aliquo
1764 1481 1916 1524 praelato,
1937 1491 1992 1514 seu

1251 1534 1353 1567 iudice
1378 1533 1588 1567 ecclesiastico
1618 1534 1898 1576 excommunicati,
1928 1545 1992 1568 sus-

1251 1588 1357 1632 pensi,
1383 1587 1561 1628 interdicti,
1589 1598 1643 1620 seu
1666 1583 1742 1620 alias
1767 1587 1798 1620 in
1822 1589 1990 1622 sententias

1251 1646 1280 1674 et
1294 1651 1442 1674 censuras
1456 1641 1600 1674 incidisse
1617 1640 1781 1683 declarati,
1799 1642 1847 1674 vel
1866 1642 1990 1685 publice

1251 1694 1422 1727 denuntiati
1447 1694 1571 1735 fuerint,
1592 1694 1650 1726 nisi
1667 1694 1747 1726 infra
1769 1699 1894 1738 tempus
1914 1695 1991 1728 eele-

1250 1748 1402 1781 brationis
1426 1748 1607 1781 huiusmodi
1623 1747 1750 1780 iubilaei
1775 1748 1990 1790 satisfecerint,

1251 1805 1301 1835 aut
1334 1812 1406 1834 cum
1438 1801 1581 1845 partibus
1617 1801 1897 1843 concordaverint,
1926 1802 1991 1836 ullo

1251 1855 1345 1888 modo
1371 1855 1539 1898 suffragari
1562 1865 1654 1898 posse
1678 1860 1730 1888 aut
1754 1855 1879 1888 debere.

1296 1909 1310 1952 ξ
1334 1909 1363 1942 9.
1389 1909 1457 1941 Non
1486 1908 1684 1941 obstantibus
1716 1908 1990 1942 constitutionibus
2026 1920 2136 1942 Contraria
2148 1921 2188 1943 101-

1251 1967 1280 1995 et
1304 1961 1555 1995 ordinationibus
1579 1961 1775 2006 apostolicis,
1802 1963 1990 2006 praesertim
2004 1947 2081 1969 mmm

1251 2016 1364 2059 quibus
1388 2015 1518 2048 facultas
1543 2015 1724 2048 absolvendi
1744 2015 1776 2048 in
1801 2015 1894 2049 certis
1918 2020 1990 2050 tunc

1251 2069 1408 2113 expressis
1426 2068 1550 2102 casibus
1565 2068 1607 2101 ita
1621 2068 1762 2102 Romano
1776 2069 1917 2102 Pontifici
1931 2080 1990 2113 pro

1232 2166 1234 2169 ι
1251 2129 1392 2166 tempore
1407 2122 1549 2165 existenti
1564 2128 1752 2163 reservatur,
1771 2127 1807 2155 ut
1822 2133 1880 2155 nee
1897 2123 1990 2156 etiam

1251 2177 1368 2209 similes
1392 2177 1441 2209 vel
1465 2176 1631 2209 dissimiles
1655 2175 1798 2216 iubilaei,
1824 2176 1988 2219 indulgen-

1249 2229 1364 2262 tiarum
1388 2240 1423 2262 ac
1447 2230 1628 2262 facultatum
1659 2229 1839 2262 huiusmodi
1864 2239 1990 2263 conces-

1250 2284 1363 2324 siones,
1387 2283 1447 2316 nisi
1472 2283 1510 2316 de
1533 2283 1595 2316 illis
1620 2293 1767 2327 expressa
1790 2283 1908 2316 mentio
1936 2289 1990 2316 aut

1250 2337 1393 2381 specialis
1418 2336 1580 2380 derogatio
1611 2336 1663 2369 siat
1678 2365 1685 2379 ,
1706 2337 1854 2381 cuiquam
1876 2337 1988 2370 suffra-

1250 2391 1317 2434 gari
1334 2396 1459 2434 queant,
1480 2400 1603 2423 necnon
1620 2391 1730 2434 regula
1747 2393 1855 2424 nostra
1872 2390 1910 2424 de
1926 2401 1990 2424 non

1250 2445 1458 2478 concedendis
1472 2444 1673 2488 indulgentiis
1690 2444 1729 2477 ad
1745 2445 1853 2486 instar,
1867 2455 1902 2478 ae
1915 2455 1991 2489 quo-

1249 2509 1458 2543 rumcumque
1475 2499 1627 2533 Ordinum
1643 2504 1673 2532 et
1692 2499 1988 2542 Congregafionum,

1250 2553 1313 2585 sive
1338 2553 1551 2586 institutorum
1576 2553 1781 2595 regularium,
1802 2553 1988 2594 iuramento,

1249 2606 1488 2639 confirmatione
1508 2607 1679 2650 apostolica
1694 2633 1701 2647 ‚
1726 2607 1773 2639 vel
1794 2606 1855 2639 alia
1879 2606 1987 2650 quavis

1248 2660 1395 2694 firmitate
1414 2659 1581 2702 roboratis,
1603 2659 1725 2693 statutis
1743 2665 1772 2693 et
1792 2658 1987 2693 consuetudi-
