<?xml version="1.0" encoding="UTF-8"?>
<!DOCTYPE html PUBLIC "-//W3C//DTD XHTML 1.0 Transitional//EN"
    "http://www.w3.org/TR/xhtml1/DTD/xhtml1-transitional.dtd">
<html xmlns="http://www.w3.org/1999/xhtml" xml:lang="en" lang="en">
 <head>
  <title>
</title>
<meta http-equiv="Content-Type" content="text/html;charset=utf-8" />
  <meta name='ocr-system' content='tesseract 3.04.00' />
  <meta name='ocr-capabilities' content='ocr_page ocr_carea ocr_par ocr_line ocrx_word'/>
</head>
<body>
  <div class='ocr_page' id='page_1' title='image "./bullarumdiplomat13cath_0688.png"; bbox 0 0 2269 3235; ppageno 0'>
   <div class='ocr_carea' id='block_1_1' title="bbox 259 226 551 263">
    <p class='ocr_par' dir='ltr' id='par_1_1' title="bbox 259 226 551 263">
     <span class='ocr_line' id='line_1_1' title="bbox 259 226 551 263; baseline -0.024 0"><span class='ocrx_word' id='word_1_1' title='bbox 259 237 306 263; x_wconf 81' lang='lat' dir='ltr'>An.</span> <span class='ocrx_word' id='word_1_2' title='bbox 325 237 351 263; x_wconf 75' lang='lat' dir='ltr'>C.</span> <span class='ocrx_word' id='word_1_3' title='bbox 374 236 441 263; x_wconf 69' lang='grc'>1628</span> <span class='ocrx_word' id='word_1_4' title='bbox 488 226 551 259; x_wconf 75' lang='lat'>650</span> 
     </span>
    </p>
   </div>
   <div class='ocr_carea' id='block_1_2' title="bbox 260 1096 445 1201">
    <p class='ocr_par' dir='ltr' id='par_1_2' title="bbox 260 1096 445 1201">
     <span class='ocr_line' id='line_1_2' title="bbox 288 1096 443 1122; baseline -0.013 -6"><span class='ocrx_word' id='word_1_5' title='bbox 288 1097 353 1122; x_wconf 74' lang='lat' dir='ltr'>Atque</span> <span class='ocrx_word' id='word_1_6' title='bbox 371 1096 389 1115; x_wconf 91' lang='lat' dir='ltr'>in</span> <span class='ocrx_word' id='word_1_7' title='bbox 403 1102 443 1115; x_wconf 65' lang='lat' dir='ltr'>uui-</span> 
     </span>
     <span class='ocr_line' id='line_1_3' title="bbox 260 1122 445 1142; baseline -0.005 -1"><span class='ocrx_word' id='word_1_8' title='bbox 260 1123 321 1142; x_wconf 68' lang='lat' dir='ltr'>nilius</span> <span class='ocrx_word' id='word_1_9' title='bbox 360 1122 445 1142; x_wconf 69' lang='lat' dir='ltr'>indultis</span> 
     </span>
     <span class='ocr_line' id='line_1_4' title="bbox 261 1150 444 1174; baseline 0 -6"><span class='ocrx_word' id='word_1_10' title='bbox 261 1151 370 1174; x_wconf 67' lang='lat' dir='ltr'>exceptam</span> <span class='ocrx_word' id='word_1_11' title='bbox 386 1150 444 1169; x_wconf 66' lang='lat' dir='ltr'>intel·</span> 
     </span>
     <span class='ocr_line' id='line_1_5' title="bbox 261 1176 304 1201; baseline -0.047 -5"><span class='ocrx_word' id='word_1_12' title='bbox 261 1176 304 1201; x_wconf 63' lang='lat' dir='ltr'>ligi.</span> 
     </span>
    </p>
   </div>
   <div class='ocr_carea' id='block_1_3' title="bbox 458 280 1211 2300">
    <p class='ocr_par' dir='ltr' id='par_1_3' title="bbox 458 280 1200 1071">
     <span class='ocr_line' id='line_1_6' title="bbox 459 280 1194 326; baseline -0.005 -9"><span class='ocrx_word' id='word_1_13' title='bbox 459 284 569 317; x_wconf 81' lang='lat' dir='ltr'>modae</span> <span class='ocrx_word' id='word_1_14' title='bbox 606 283 804 326; x_wconf 76' lang='lat' dir='ltr'>exequutioui</span> <span class='ocrx_word' id='word_1_15' title='bbox 840 281 1021 314; x_wconf 78' lang='lat' dir='ltr'>demandari</span> <span class='ocrx_word' id='word_1_16' title='bbox 1058 280 1172 313; x_wconf 81' lang='lat' dir='ltr'>debere</span> <span class='ocrx_word' id='word_1_17' title='bbox 1187 307 1194 321; x_wconf 88' lang='lat'>,</span> 
     </span>
     <span class='ocr_line' id='line_1_7' title="bbox 458 333 1195 380; baseline -0.003 -13"><span class='ocrx_word' id='word_1_18' title='bbox 458 337 577 369; x_wconf 77' lang='lat' dir='ltr'>etiamsi</span> <span class='ocrx_word' id='word_1_19' title='bbox 598 337 626 368; x_wconf 91' lang='lat' dir='ltr'>in</span> <span class='ocrx_word' id='word_1_20' title='bbox 649 335 815 380; x_wconf 77' lang='lat' dir='ltr'>praedietis</span> <span class='ocrx_word' id='word_1_21' title='bbox 834 334 970 376; x_wconf 76' lang='lat' dir='ltr'>indultis,</span> <span class='ocrx_word' id='word_1_22' title='bbox 990 333 1123 367; x_wconf 82' lang='lat' dir='ltr'>licentiis</span> <span class='ocrx_word' id='word_1_23' title='bbox 1141 344 1195 366; x_wconf 80' lang='lat' dir='ltr'>seu</span> 
     </span>
     <span class='ocr_line' id='line_1_8' title="bbox 460 386 1196 430; baseline -0.007 -7"><span class='ocrx_word' id='word_1_24' title='bbox 460 390 655 423; x_wconf 70' lang='lat' dir='ltr'>tacultatibus</span> <span class='ocrx_word' id='word_1_25' title='bbox 665 388 806 427; x_wconf 73' lang='lat' dir='ltr'>testandi,</span> <span class='ocrx_word' id='word_1_26' title='bbox 817 388 864 419; x_wconf 89' lang='lat' dir='ltr'>vel</span> <span class='ocrx_word' id='word_1_27' title='bbox 876 386 1196 430; x_wconf 80' lang='lat' dir='ltr'>aliasquomodolibet</span> 
     </span>
     <span class='ocr_line' id='line_1_9' title="bbox 458 440 1196 487; baseline -0.004 -12"><span class='ocrx_word' id='word_1_28' title='bbox 458 442 654 487; x_wconf 81' lang='lat' dir='ltr'>disponendi,</span> <span class='ocrx_word' id='word_1_29' title='bbox 680 447 709 473; x_wconf 91' lang='lat' dir='ltr'>et</span> <span class='ocrx_word' id='word_1_30' title='bbox 732 441 770 473; x_wconf 84' lang='lat' dir='ltr'>al)</span> <span class='ocrx_word' id='word_1_31' title='bbox 797 441 939 474; x_wconf 83' lang='lat' dir='ltr'>intestato</span> <span class='ocrx_word' id='word_1_32' title='bbox 967 440 1196 473; x_wconf 70' lang='lat' dir='ltr'>transn&#39;iittendi</span> 
     </span>
     <span class='ocr_line' id='line_1_10' title="bbox 460 493 1197 536; baseline -0.005 -7"><span class='ocrx_word' id='word_1_33' title='bbox 460 497 505 529; x_wconf 79' lang='lat' dir='ltr'>vel</span> <span class='ocrx_word' id='word_1_34' title='bbox 531 494 738 536; x_wconf 84' lang='lat' dir='ltr'>succedendi,</span> <span class='ocrx_word' id='word_1_35' title='bbox 766 494 915 526; x_wconf 83' lang='lat' dir='ltr'>haetenus</span> <span class='ocrx_word' id='word_1_36' title='bbox 944 493 1036 526; x_wconf 88' lang='lat' dir='ltr'>etiam</span> <span class='ocrx_word' id='word_1_37' title='bbox 1060 503 1116 536; x_wconf 87' lang='lat' dir='ltr'>per</span> <span class='ocrx_word' id='word_1_38' title='bbox 1140 502 1197 525; x_wconf 84' lang='lat' dir='ltr'>nos</span> 
     </span>
     <span class='ocr_line' id='line_1_11' title="bbox 458 547 1198 590; baseline -0.004 -9"><span class='ocrx_word' id='word_1_39' title='bbox 458 548 622 588; x_wconf 64' lang='lat' dir='ltr'>concessis,</span> <span class='ocrx_word' id='word_1_40' title='bbox 648 552 677 580; x_wconf 89' lang='lat' dir='ltr'>et.</span> <span class='ocrx_word' id='word_1_41' title='bbox 702 547 739 579; x_wconf 89' lang='lat' dir='ltr'>de</span> <span class='ocrx_word' id='word_1_42' title='bbox 764 551 869 580; x_wconf 85' lang='lat' dir='ltr'>cetero</span> <span class='ocrx_word' id='word_1_43' title='bbox 890 547 981 581; x_wconf 86' lang='lat' dir='ltr'>etiam</span> <span class='ocrx_word' id='word_1_44' title='bbox 1000 557 1057 590; x_wconf 86' lang='lat' dir='ltr'>per</span> <span class='ocrx_word' id='word_1_45' title='bbox 1078 557 1198 579; x_wconf 84' lang='lat' dir='ltr'>sueces-</span> 
     </span>
     <span class='ocr_line' id='line_1_12' title="bbox 458 600 1197 642; baseline -0.001 -9"><span class='ocrx_word' id='word_1_46' title='bbox 458 612 544 635; x_wconf 76' lang='lat' dir='ltr'>sores</span> <span class='ocrx_word' id='word_1_47' title='bbox 568 606 692 633; x_wconf 81' lang='lat' dir='ltr'>nostros</span> <span class='ocrx_word' id='word_1_48' title='bbox 717 601 874 633; x_wconf 78' lang='lat' dir='ltr'>Romanos</span> <span class='ocrx_word' id='word_1_49' title='bbox 903 600 1079 642; x_wconf 78' lang='lat' dir='ltr'>Pontifices,</span> <span class='ocrx_word' id='word_1_50' title='bbox 1104 600 1197 632; x_wconf 89' lang='lat' dir='ltr'>etiam</span> 
     </span>
     <span class='ocr_line' id='line_1_13' title="bbox 459 652 1198 696; baseline -0.003 -10"><span class='ocrx_word' id='word_1_51' title='bbox 459 660 563 694; x_wconf 84' lang='lat' dir='ltr'>motu,</span> <span class='ocrx_word' id='word_1_52' title='bbox 593 653 723 686; x_wconf 73' lang='lat' dir='ltr'>seientia</span> <span class='ocrx_word' id='word_1_53' title='bbox 756 658 786 685; x_wconf 85' lang='lat' dir='ltr'>et</span> <span class='ocrx_word' id='word_1_54' title='bbox 817 652 978 696; x_wconf 84' lang='lat' dir='ltr'>potestatis</span> <span class='ocrx_word' id='word_1_55' title='bbox 1006 652 1198 696; x_wconf 86' lang='lat' dir='ltr'>plenitudine</span> 
     </span>
     <span class='ocr_line' id='line_1_14' title="bbox 459 705 1198 749; baseline -0.001 -10"><span class='ocrx_word' id='word_1_56' title='bbox 459 707 624 747; x_wconf 69' lang='lat' dir='ltr'>¹similibus,</span> <span class='ocrx_word' id='word_1_57' title='bbox 650 707 696 739; x_wconf 89' lang='lat' dir='ltr'>vel</span> <span class='ocrx_word' id='word_1_58' title='bbox 722 707 798 739; x_wconf 75' lang='lat' dir='ltr'>alias</span> <span class='ocrx_word' id='word_1_59' title='bbox 823 705 1062 749; x_wconf 76' lang='lat' dir='ltr'>quomodolibet</span> <span class='ocrx_word' id='word_1_60' title='bbox 1087 716 1198 739; x_wconf 83' lang='lat' dir='ltr'>conee-</span> 
     </span>
     <span class='ocr_line' id='line_1_15' title="bbox 459 759 1199 804; baseline -0.003 -11"><span class='ocrx_word' id='word_1_61' title='bbox 459 761 579 801; x_wconf 84' lang='lat' dir='ltr'>(lendis,</span> <span class='ocrx_word' id='word_1_62' title='bbox 590 760 729 794; x_wconf 78' lang='lat' dir='ltr'>clausula</span> <span class='ocrx_word' id='word_1_63' title='bbox 740 759 919 804; x_wconf 69' lang='lat' dir='ltr'>praedictae</span> <span class='ocrx_word' id='word_1_64' title='bbox 933 759 1060 802; x_wconf 75' lang='lat' dir='ltr'>regulae</span> <span class='ocrx_word' id='word_1_65' title='bbox 1075 764 1199 792; x_wconf 84' lang='lat' dir='ltr'>nostrae</span> 
     </span>
     <span class='ocr_line' id='line_1_16' title="bbox 459 805 1199 857; baseline -0.003 -11"><span class='ocrx_word' id='word_1_66' title='bbox 459 813 671 847; x_wconf 70' lang='lat' dir='ltr'>revocatoriae</span> <span class='ocrx_word' id='word_1_67' title='bbox 706 812 937 857; x_wconf 77' lang='lat' dir='ltr'>praeservativa</span> <span class='ocrx_word' id='word_1_68' title='bbox 972 812 1036 845; x_wconf 73' lang='lat' dir='ltr'>sire</span> <span class='ocrx_word' id='word_1_69' title='bbox 1067 805 1199 855; x_wconf 80' lang='lat' dir='ltr'>quodvis</span> 
     </span>
     <span class='ocr_line' id='line_1_17' title="bbox 458 865 1198 909; baseline -0.004 -10"><span class='ocrx_word' id='word_1_70' title='bbox 458 867 541 900; x_wconf 88' lang='lat' dir='ltr'>aliud</span> <span class='ocrx_word' id='word_1_71' title='bbox 552 867 723 907; x_wconf 87' lang='lat' dir='ltr'>decretum,</span> <span class='ocrx_word' id='word_1_72' title='bbox 741 866 799 899; x_wconf 85' lang='lat' dir='ltr'>sub</span> <span class='ocrx_word' id='word_1_73' title='bbox 817 876 1014 909; x_wconf 88' lang='lat' dir='ltr'>quacumque</span> <span class='ocrx_word' id='word_1_74' title='bbox 1028 865 1198 897; x_wconf 81' lang='lat' dir='ltr'>verborum</span> 
     </span>
     <span class='ocr_line' id='line_1_18' title="bbox 459 917 1198 963; baseline -0.005 -10"><span class='ocrx_word' id='word_1_75' title='bbox 459 922 559 954; x_wconf 79' lang='lat' dir='ltr'>forma</span> <span class='ocrx_word' id='word_1_76' title='bbox 582 925 611 953; x_wconf 88' lang='lat' dir='ltr'>et</span> <span class='ocrx_word' id='word_1_77' title='bbox 636 919 837 963; x_wconf 78' lang='lat' dir='ltr'>expressione</span> <span class='ocrx_word' id='word_1_78' title='bbox 861 923 1059 961; x_wconf 86' lang='lat' dir='ltr'>conceptum,</span> <span class='ocrx_word' id='word_1_79' title='bbox 1085 917 1123 950; x_wconf 91' lang='lat' dir='ltr'>de</span> <span class='ocrx_word' id='word_1_80' title='bbox 1148 919 1198 950; x_wconf 74' lang='lat' dir='ltr'>ea-</span> 
     </span>
     <span class='ocr_line' id='line_1_19' title="bbox 459 971 1200 1016; baseline -0.005 -10"><span class='ocrx_word' id='word_1_81' title='bbox 459 974 530 1007; x_wconf 90' lang='lat' dir='ltr'>dem</span> <span class='ocrx_word' id='word_1_82' title='bbox 555 973 666 1015; x_wconf 73' lang='lat' dir='ltr'>regula</span> <span class='ocrx_word' id='word_1_83' title='bbox 684 972 913 1016; x_wconf 64' lang='lat' dir='ltr'>piaeserramla</span> <span class='ocrx_word' id='word_1_84' title='bbox 931 971 1075 1015; x_wconf 88' lang='lat' dir='ltr'>apposita</span> <span class='ocrx_word' id='word_1_85' title='bbox 1100 975 1129 1005; x_wconf 86' lang='lat' dir='ltr'>et</span> <span class='ocrx_word' id='word_1_86' title='bbox 1149 982 1200 1014; x_wconf 87' lang='lat' dir='ltr'>ap—</span> 
     </span>
     <span class='ocr_line' id='line_1_20' title="bbox 460 1024 1010 1071; baseline -0.004 -13"><span class='ocrx_word' id='word_1_87' title='bbox 460 1027 595 1071; x_wconf 84' lang='lat' dir='ltr'>positum</span> <span class='ocrx_word' id='word_1_88' title='bbox 622 1025 795 1068; x_wconf 76' lang='lat' dir='ltr'>respective</span> <span class='ocrx_word' id='word_1_89' title='bbox 820 1035 883 1057; x_wconf 89' lang='lat' dir='ltr'>nou</span> <span class='ocrx_word' id='word_1_90' title='bbox 907 1024 1010 1057; x_wconf 87' lang='lat' dir='ltr'>suerit.</span> 
     </span>
    </p>

    <p class='ocr_par' dir='ltr' id='par_1_4' title="bbox 462 1076 1211 2300">
     <span class='ocr_line' id='line_1_21' title="bbox 505 1076 1200 1123; baseline -0.003 -11"><span class='ocrx_word' id='word_1_91' title='bbox 505 1081 519 1123; x_wconf 60' lang='grc' dir='ltr'>ξ</span> <span class='ocrx_word' id='word_1_92' title='bbox 544 1080 572 1112; x_wconf 90' lang='grc'>7.</span> <span class='ocrx_word' id='word_1_93' title='bbox 598 1079 711 1111; x_wconf 82' lang='lat' dir='ltr'>Omnes</span> <span class='ocrx_word' id='word_1_94' title='bbox 738 1089 811 1111; x_wconf 76' lang='lat' dir='ltr'>vcro</span> <span class='ocrx_word' id='word_1_95' title='bbox 836 1083 865 1110; x_wconf 87' lang='lat' dir='ltr'>et</span> <span class='ocrx_word' id='word_1_96' title='bbox 890 1078 1028 1120; x_wconf 74' lang='lat' dir='ltr'>singulas</span> <span class='ocrx_word' id='word_1_97' title='bbox 1047 1076 1200 1118; x_wconf 76' lang='lat' dir='ltr'>licentias,</span> 
     </span>
     <span class='ocr_line' id='line_1_22' title="bbox 462 1122 1202 1174; baseline -0.004 -8"><span class='ocrx_word' id='word_1_98' title='bbox 462 1134 579 1166; x_wconf 89' lang='lat' dir='ltr'>indulta</span> <span class='ocrx_word' id='word_1_99' title='bbox 599 1138 629 1165; x_wconf 86' lang='lat' dir='ltr'>et</span> <span class='ocrx_word' id='word_1_100' title='bbox 649 1133 809 1165; x_wconf 81' lang='lat' dir='ltr'>facultates</span> <span class='ocrx_word' id='word_1_101' title='bbox 831 1132 972 1172; x_wconf 87' lang='lat' dir='ltr'>testandi,</span> <span class='ocrx_word' id='word_1_102' title='bbox 991 1137 1020 1164; x_wconf 87' lang='lat' dir='ltr'>et</span> <span class='ocrx_word' id='word_1_103' title='bbox 1037 1132 1112 1164; x_wconf 69' lang='lat' dir='ltr'>alias</span> <span class='ocrx_word' id='word_1_104' title='bbox 1126 1122 1202 1174; x_wconf 87' lang='lat' dir='ltr'>quo—</span> 
     </span>
     <span class='ocr_line' id='line_1_23' title="bbox 462 1185 1202 1229; baseline -0.003 -10"><span class='ocrx_word' id='word_1_105' title='bbox 462 1185 825 1229; x_wconf 82' lang='lat' dir='ltr'>modolibetdisponendi</span> <span class='ocrx_word' id='word_1_106' title='bbox 835 1186 881 1217; x_wconf 77' lang='lat' dir='ltr'>vel</span> <span class='ocrx_word' id='word_1_107' title='bbox 893 1185 930 1217; x_wconf 87' lang='lat' dir='ltr'>ab</span> <span class='ocrx_word' id='word_1_108' title='bbox 946 1185 1090 1218; x_wconf 81' lang='lat' dir='ltr'>intestato</span> <span class='ocrx_word' id='word_1_109' title='bbox 1107 1189 1202 1217; x_wconf 88' lang='lat' dir='ltr'>trans-</span> 
     </span>
     <span class='ocr_line' id='line_1_24' title="bbox 462 1238 1202 1279; baseline -0.003 -7"><span class='ocrx_word' id='word_1_110' title='bbox 462 1240 604 1272; x_wconf 85' lang='lat' dir='ltr'>mittendi</span> <span class='ocrx_word' id='word_1_111' title='bbox 636 1244 666 1271; x_wconf 86' lang='lat' dir='ltr'>et</span> <span class='ocrx_word' id='word_1_112' title='bbox 696 1239 900 1279; x_wconf 84' lang='lat' dir='ltr'>succedendi,</span> <span class='ocrx_word' id='word_1_113' title='bbox 928 1243 989 1271; x_wconf 78' lang='lat' dir='ltr'>tam</span> <span class='ocrx_word' id='word_1_114' title='bbox 1014 1249 1031 1271; x_wconf 88' lang='lat' dir='ltr'>a</span> <span class='ocrx_word' id='word_1_115' title='bbox 1055 1238 1202 1271; x_wconf 81' lang='lat' dir='ltr'>Romanis</span> 
     </span>
     <span class='ocr_line' id='line_1_25' title="bbox 464 1291 1203 1335; baseline -0.001 -10"><span class='ocrx_word' id='word_1_116' title='bbox 464 1293 666 1326; x_wconf 82' lang='lat' dir='ltr'>Pontificibus</span> <span class='ocrx_word' id='word_1_117' title='bbox 698 1292 995 1335; x_wconf 72' lang='lat' dir='ltr'>praedecessoribus</span> <span class='ocrx_word' id='word_1_118' title='bbox 1025 1291 1141 1325; x_wconf 87' lang='lat' dir='ltr'>nostris</span> <span class='ocrx_word' id='word_1_119' title='bbox 1174 1296 1203 1324; x_wconf 85' lang='lat' dir='ltr'>ct</span> 
     </span>
     <span class='ocr_line' id='line_1_26' title="bbox 464 1346 1203 1389; baseline -0.003 -10"><span class='ocrx_word' id='word_1_120' title='bbox 464 1358 480 1379; x_wconf 92' lang='lat' dir='ltr'>a</span> <span class='ocrx_word' id='word_1_121' title='bbox 496 1347 586 1379; x_wconf 89' lang='lat' dir='ltr'>nobis</span> <span class='ocrx_word' id='word_1_122' title='bbox 610 1347 760 1379; x_wconf 81' lang='lat' dir='ltr'>hacteuus</span> <span class='ocrx_word' id='word_1_123' title='bbox 779 1346 1016 1389; x_wconf 73' lang='lat' dir='ltr'>quomodolibet.</span> <span class='ocrx_word' id='word_1_124' title='bbox 1040 1355 1203 1379; x_wconf 84' lang='lat' dir='ltr'>concessas</span> 
     </span>
     <span class='ocr_line' id='line_1_27' title="bbox 464 1399 1205 1443; baseline -0.001 -10"><span class='ocrx_word' id='word_1_125' title='bbox 464 1405 494 1433; x_wconf 86' lang='lat' dir='ltr'>et</span> <span class='ocrx_word' id='word_1_126' title='bbox 507 1406 675 1441; x_wconf 83' lang='lat' dir='ltr'>emanatas,</span> <span class='ocrx_word' id='word_1_127' title='bbox 689 1411 783 1443; x_wconf 85' lang='lat' dir='ltr'>quam</span> <span class='ocrx_word' id='word_1_128' title='bbox 798 1400 829 1432; x_wconf 92' lang='lat' dir='ltr'>in</span> <span class='ocrx_word' id='word_1_129' title='bbox 843 1400 984 1432; x_wconf 80' lang='lat' dir='ltr'>futurum</span> <span class='ocrx_word' id='word_1_130' title='bbox 1001 1399 1093 1433; x_wconf 87' lang='lat' dir='ltr'>etiam</span> <span class='ocrx_word' id='word_1_131' title='bbox 1108 1410 1125 1431; x_wconf 87' lang='lat' dir='ltr'>a</span> <span class='ocrx_word' id='word_1_132' title='bbox 1138 1409 1205 1432; x_wconf 83' lang='lat' dir='ltr'>suc—</span> 
     </span>
     <span class='ocr_line' id='line_1_28' title="bbox 465 1452 1204 1496; baseline -0.004 -10"><span class='ocrx_word' id='word_1_133' title='bbox 465 1454 642 1486; x_wconf 76' lang='lat' dir='ltr'>cessoribus</span> <span class='ocrx_word' id='word_1_134' title='bbox 662 1453 777 1486; x_wconf 88' lang='lat' dir='ltr'>nostris</span> <span class='ocrx_word' id='word_1_135' title='bbox 798 1452 975 1496; x_wconf 77' lang='lat' dir='ltr'>praedictis,</span> <span class='ocrx_word' id='word_1_136' title='bbox 992 1452 1085 1484; x_wconf 82' lang='lat' dir='ltr'>etiam</span> <span class='ocrx_word' id='word_1_137' title='bbox 1106 1456 1204 1492; x_wconf 84' lang='lat' dir='ltr'>motu,</span> 
     </span>
     <span class='ocr_line' id='line_1_29' title="bbox 464 1505 1203 1550; baseline -0.005 -9"><span class='ocrx_word' id='word_1_138' title='bbox 464 1507 594 1541; x_wconf 75' lang='lat' dir='ltr'>scientia</span> <span class='ocrx_word' id='word_1_139' title='bbox 616 1513 645 1540; x_wconf 85' lang='lat' dir='ltr'>et</span> <span class='ocrx_word' id='word_1_140' title='bbox 667 1507 827 1550; x_wconf 81' lang='lat' dir='ltr'>potcstatis</span> <span class='ocrx_word' id='word_1_141' title='bbox 850 1506 1044 1550; x_wconf 85' lang='lat' dir='ltr'>plenitudine</span> <span class='ocrx_word' id='word_1_142' title='bbox 1065 1505 1203 1549; x_wconf 86' lang='lat' dir='ltr'>paribus,</span> 
     </span>
     <span class='ocr_line' id='line_1_30' title="bbox 465 1560 1205 1602; baseline -0.003 -9"><span class='ocrx_word' id='word_1_143' title='bbox 465 1561 679 1594; x_wconf 86' lang='lat' dir='ltr'>concedendas</span> <span class='ocrx_word' id='word_1_144' title='bbox 693 1566 722 1593; x_wconf 86' lang='lat' dir='ltr'>et</span> <span class='ocrx_word' id='word_1_145' title='bbox 736 1560 924 1593; x_wconf 70' lang='lat' dir='ltr'>emanandas</span> <span class='ocrx_word' id='word_1_146' title='bbox 938 1560 968 1591; x_wconf 84' lang='lat' dir='ltr'>in</span> <span class='ocrx_word' id='word_1_147' title='bbox 982 1560 1119 1592; x_wconf 70' lang='lat' dir='ltr'>savorem</span> <span class='ocrx_word' id='word_1_148' title='bbox 1132 1570 1205 1602; x_wconf 88' lang='lat' dir='ltr'>qua-</span> 
     </span>
     <span class='ocr_line' id='line_1_31' title="bbox 466 1612 1206 1658; baseline -0.004 -11"><span class='ocrx_word' id='word_1_149' title='bbox 466 1625 673 1658; x_wconf 87' lang='lat' dir='ltr'>rumcumque</span> <span class='ocrx_word' id='word_1_150' title='bbox 698 1624 905 1657; x_wconf 85' lang='lat' dir='ltr'>personarum</span> <span class='ocrx_word' id='word_1_151' title='bbox 923 1613 1016 1646; x_wconf 88' lang='lat' dir='ltr'>etiam</span> <span class='ocrx_word' id='word_1_152' title='bbox 1035 1612 1159 1656; x_wconf 83' lang='lat' dir='ltr'>speciali</span> <span class='ocrx_word' id='word_1_153' title='bbox 1177 1617 1206 1645; x_wconf 87' lang='lat' dir='ltr'>et</span> 
     </span>
     <span class='ocr_line' id='line_1_32' title="bbox 466 1666 1205 1710; baseline -0.004 -10"><span class='ocrx_word' id='word_1_154' title='bbox 466 1668 626 1701; x_wconf 74' lang='lat' dir='ltr'>individua</span> <span class='ocrx_word' id='word_1_155' title='bbox 651 1667 808 1700; x_wconf 86' lang='lat' dir='ltr'>mentione</span> <span class='ocrx_word' id='word_1_156' title='bbox 830 1672 860 1699; x_wconf 86' lang='lat' dir='ltr'>et</span> <span class='ocrx_word' id='word_1_157' title='bbox 878 1667 1079 1710; x_wconf 72' lang='lat' dir='ltr'>expressione</span> <span class='ocrx_word' id='word_1_158' title='bbox 1097 1666 1205 1709; x_wconf 80' lang='lat' dir='ltr'>digna-</span> 
     </span>
     <span class='ocr_line' id='line_1_33' title="bbox 466 1720 1207 1765; baseline -0.004 -11"><span class='ocrx_word' id='word_1_159' title='bbox 466 1733 547 1762; x_wconf 84' lang='lat' dir='ltr'>rum,</span> <span class='ocrx_word' id='word_1_160' title='bbox 558 1722 784 1765; x_wconf 80' lang='lat' dir='ltr'>cuiuscumque</span> <span class='ocrx_word' id='word_1_161' title='bbox 795 1721 961 1764; x_wconf 81' lang='lat' dir='ltr'>qualitatis,</span> <span class='ocrx_word' id='word_1_162' title='bbox 973 1725 1080 1759; x_wconf 85' lang='lat' dir='ltr'>status,</span> <span class='ocrx_word' id='word_1_163' title='bbox 1091 1720 1207 1762; x_wconf 72' lang='lat' dir='ltr'>gradus</span> 
     </span>
     <span class='ocr_line' id='line_1_34' title="bbox 467 1774 1206 1816; baseline -0.004 -9"><span class='ocrx_word' id='word_1_164' title='bbox 467 1780 495 1808; x_wconf 85' lang='lat' dir='ltr'>et</span> <span class='ocrx_word' id='word_1_165' title='bbox 520 1775 708 1808; x_wconf 86' lang='lat' dir='ltr'>conditionis</span> <span class='ocrx_word' id='word_1_166' title='bbox 726 1775 786 1807; x_wconf 84' lang='lat' dir='ltr'>sint</span> <span class='ocrx_word' id='word_1_167' title='bbox 804 1775 850 1806; x_wconf 67' lang='lat' dir='ltr'>vel</span> <span class='ocrx_word' id='word_1_168' title='bbox 869 1774 993 1813; x_wconf 84' lang='lat' dir='ltr'>suerint,</span> <span class='ocrx_word' id='word_1_169' title='bbox 1011 1778 1041 1806; x_wconf 84' lang='lat' dir='ltr'>et</span> <span class='ocrx_word' id='word_1_170' title='bbox 1054 1784 1206 1816; x_wconf 86' lang='lat' dir='ltr'>quacum-</span> 
     </span>
     <span class='ocr_line' id='line_1_35' title="bbox 467 1827 1206 1872; baseline -0.004 -11"><span class='ocrx_word' id='word_1_171' title='bbox 467 1839 527 1872; x_wconf 87' lang='lat' dir='ltr'>que</span> <span class='ocrx_word' id='word_1_172' title='bbox 545 1829 695 1871; x_wconf 77' lang='lat' dir='ltr'>dignitate</span> <span class='ocrx_word' id='word_1_173' title='bbox 714 1828 806 1860; x_wconf 88' lang='lat' dir='ltr'>etiam</span> <span class='ocrx_word' id='word_1_174' title='bbox 826 1827 1033 1860; x_wconf 86' lang='lat' dir='ltr'>cardinalatus</span> <span class='ocrx_word' id='word_1_175' title='bbox 1058 1827 1206 1869; x_wconf 75' lang='lat' dir='ltr'>fulgeant,</span> 
     </span>
     <span class='ocr_line' id='line_1_36' title="bbox 467 1880 1206 1923; baseline -0.004 -8"><span class='ocrx_word' id='word_1_176' title='bbox 467 1882 647 1923; x_wconf 80' lang='lat' dir='ltr'>censendas,</span> <span class='ocrx_word' id='word_1_177' title='bbox 674 1881 832 1913; x_wconf 83' lang='lat' dir='ltr'>habendas</span> <span class='ocrx_word' id='word_1_178' title='bbox 850 1885 880 1912; x_wconf 87' lang='lat' dir='ltr'>et</span> <span class='ocrx_word' id='word_1_179' title='bbox 895 1880 1112 1922; x_wconf 75' lang='lat' dir='ltr'>intelligendas</span> <span class='ocrx_word' id='word_1_180' title='bbox 1129 1890 1206 1921; x_wconf 83' lang='lat' dir='ltr'>csse,</span> 
     </span>
     <span class='ocr_line' id='line_1_37' title="bbox 468 1933 1210 1978; baseline -0.004 -10"><span class='ocrx_word' id='word_1_181' title='bbox 468 1935 661 1978; x_wconf 89' lang='lat' dir='ltr'>censerique,</span> <span class='ocrx_word' id='word_1_182' title='bbox 679 1934 787 1967; x_wconf 83' lang='lat' dir='ltr'>baberi</span> <span class='ocrx_word' id='word_1_183' title='bbox 805 1939 834 1967; x_wconf 86' lang='lat' dir='ltr'>et</span> <span class='ocrx_word' id='word_1_184' title='bbox 850 1933 980 1976; x_wconf 73' lang='lat' dir='ltr'>intelligi</span> <span class='ocrx_word' id='word_1_185' title='bbox 1001 1933 1125 1975; x_wconf 82' lang='lat' dir='ltr'>debere,</span> <span class='ocrx_word' id='word_1_186' title='bbox 1141 1944 1210 1976; x_wconf 87' lang='lat' dir='ltr'>per-</span> 
     </span>
     <span class='ocr_line' id='line_1_38' title="bbox 467 1987 1207 2031; baseline -0.004 -10"><span class='ocrx_word' id='word_1_187' title='bbox 467 1989 538 2021; x_wconf 84' lang='lat' dir='ltr'>inde</span> <span class='ocrx_word' id='word_1_188' title='bbox 563 1999 598 2021; x_wconf 82' lang='lat' dir='ltr'>ae</span> <span class='ocrx_word' id='word_1_189' title='bbox 623 1988 648 2021; x_wconf 90' lang='lat' dir='ltr'>si</span> <span class='ocrx_word' id='word_1_190' title='bbox 673 1988 703 2020; x_wconf 88' lang='lat' dir='ltr'>in</span> <span class='ocrx_word' id='word_1_191' title='bbox 728 1988 772 2020; x_wconf 89' lang='lat' dir='ltr'>eis</span> <span class='ocrx_word' id='word_1_192' title='bbox 804 1992 833 2020; x_wconf 87' lang='lat' dir='ltr'>et</span> <span class='ocrx_word' id='word_1_193' title='bbox 861 1997 1057 2031; x_wconf 69' lang='lat' dir='ltr'>quaerunque</span> <span class='ocrx_word' id='word_1_194' title='bbox 1083 1987 1207 2019; x_wconf 86' lang='lat' dir='ltr'>illarum</span> 
     </span>
     <span class='ocr_line' id='line_1_39' title="bbox 469 2040 1209 2086; baseline -0.004 -11"><span class='ocrx_word' id='word_1_195' title='bbox 469 2047 556 2086; x_wconf 87' lang='lat' dir='ltr'>parte</span> <span class='ocrx_word' id='word_1_196' title='bbox 582 2042 724 2086; x_wconf 88' lang='lat' dir='ltr'>apposita</span> <span class='ocrx_word' id='word_1_197' title='bbox 750 2046 831 2075; x_wconf 83' lang='lat' dir='ltr'>esset</span> <span class='ocrx_word' id='word_1_198' title='bbox 855 2041 994 2074; x_wconf 72' lang='lat' dir='ltr'>clausula</span> <span class='ocrx_word' id='word_1_199' title='bbox 1014 2040 1154 2073; x_wconf 87' lang='lat' dir='ltr'>omnium</span> <span class='ocrx_word' id='word_1_200' title='bbox 1180 2044 1209 2073; x_wconf 80' lang='lat' dir='ltr'>et</span> 
     </span>
     <span class='ocr_line' id='line_1_40' title="bbox 469 2094 1209 2139; baseline -0.005 -10"><span class='ocrx_word' id='word_1_201' title='bbox 469 2097 666 2139; x_wconf 79' lang='lat' dir='ltr'>singulorum</span> <span class='ocrx_word' id='word_1_202' title='bbox 699 2096 814 2128; x_wconf 89' lang='lat' dir='ltr'>iurium</span> <span class='ocrx_word' id='word_1_203' title='bbox 847 2095 1079 2139; x_wconf 85' lang='lat' dir='ltr'>praedictorum</span> <span class='ocrx_word' id='word_1_204' title='bbox 1109 2094 1209 2126; x_wconf 86' lang='lat' dir='ltr'>dietae</span> 
     </span>
     <span class='ocr_line' id='line_1_41' title="bbox 469 2148 1211 2193; baseline -0.003 -12"><span class='ocrx_word' id='word_1_205' title='bbox 469 2160 612 2183; x_wconf 76' lang='lat' dir='ltr'>camerae</span> <span class='ocrx_word' id='word_1_206' title='bbox 637 2149 836 2193; x_wconf 85' lang='lat' dir='ltr'>apostolieae,</span> <span class='ocrx_word' id='word_1_207' title='bbox 858 2159 893 2181; x_wconf 88' lang='lat' dir='ltr'>ac</span> <span class='ocrx_word' id='word_1_208' title='bbox 919 2148 1091 2192; x_wconf 66' lang='lat' dir='ltr'>respective</span> <span class='ocrx_word' id='word_1_209' title='bbox 1113 2148 1211 2180; x_wconf 86' lang='lat' dir='ltr'>eccle-</span> 
     </span>
     <span class='ocr_line' id='line_1_42' title="bbox 470 2202 1211 2245; baseline -0.003 -10"><span class='ocrx_word' id='word_1_210' title='bbox 470 2205 586 2237; x_wconf 78' lang='lat' dir='ltr'>siarum</span> <span class='ocrx_word' id='word_1_211' title='bbox 612 2209 642 2236; x_wconf 88' lang='lat' dir='ltr'>et</span> <span class='ocrx_word' id='word_1_212' title='bbox 661 2203 898 2243; x_wconf 81' lang='lat' dir='ltr'>beneficiorum,</span> <span class='ocrx_word' id='word_1_213' title='bbox 917 2203 947 2234; x_wconf 91' lang='lat' dir='ltr'>in</span> <span class='ocrx_word' id='word_1_214' title='bbox 965 2202 1072 2245; x_wconf 84' lang='lat' dir='ltr'>eisque</span> <span class='ocrx_word' id='word_1_215' title='bbox 1090 2212 1211 2234; x_wconf 75' lang='lat' dir='ltr'>sueces-</span> 
     </span>
     <span class='ocr_line' id='line_1_43' title="bbox 471 2255 1209 2300; baseline -0.004 -10"><span class='ocrx_word' id='word_1_216' title='bbox 471 2269 588 2297; x_wconf 66' lang='lat' dir='ltr'>sorum‚</span> <span class='ocrx_word' id='word_1_217' title='bbox 609 2256 848 2300; x_wconf 71' lang='lat' dir='ltr'>praeserrativa,</span> <span class='ocrx_word' id='word_1_218' title='bbox 869 2256 972 2288; x_wconf 81' lang='lat' dir='ltr'>verbis</span> <span class='ocrx_word' id='word_1_219' title='bbox 991 2255 1209 2298; x_wconf 81' lang='lat' dir='ltr'>infrascriptis⁷</span> 
     </span>
    </p>
   </div>
   <div class='ocr_carea' id='block_1_4' title="bbox 1041 232 1397 256">
    <p class='ocr_par' dir='ltr' id='par_1_5' title="bbox 1041 232 1397 256">
     <span class='ocr_line' id='line_1_44' title="bbox 1041 232 1397 256; baseline -0.003 0"><span class='ocrx_word' id='word_1_220' title='bbox 1041 233 1219 256; x_wconf 70' lang='lat' dir='ltr'>tuthmnnlm</span> <span class='ocrx_word' id='word_1_221' title='bbox 1245 232 1397 256; x_wconf 74' lang='lat' dir='ltr'>ROMANUM</span> 
     </span>
    </p>
   </div>
   <div class='ocr_carea' id='block_1_5' title="bbox 1230 280 1971 479">
    <p class='ocr_par' dir='ltr' id='par_1_6' title="bbox 1230 280 1971 479">
     <span class='ocr_line' id='line_1_45' title="bbox 1274 280 1967 325; baseline 0.003 -13"><span class='ocrx_word' id='word_1_222' title='bbox 1274 282 1288 323; x_wconf 56' lang='grc' dir='ltr'>ᾗ</span> <span class='ocrx_word' id='word_1_223' title='bbox 1313 280 1340 313; x_wconf 83' lang='grc'>8.</span> <span class='ocrx_word' id='word_1_224' title='bbox 1369 280 1531 312; x_wconf 82' lang='lat' dir='ltr'>Praeterea</span> <span class='ocrx_word' id='word_1_225' title='bbox 1549 280 1642 314; x_wconf 87' lang='lat' dir='ltr'>etiam</span> <span class='ocrx_word' id='word_1_226' title='bbox 1660 280 1867 325; x_wconf 84' lang='lat' dir='ltr'>decernimus,</span> <span class='ocrx_word' id='word_1_227' title='bbox 1887 291 1967 314; x_wconf 90' lang='lat' dir='ltr'>nun-</span> 
     </span>
     <span class='ocr_line' id='line_1_46' title="bbox 1230 333 1969 378; baseline 0.004 -13"><span class='ocrx_word' id='word_1_228' title='bbox 1230 344 1322 377; x_wconf 86' lang='lat' dir='ltr'>quam</span> <span class='ocrx_word' id='word_1_229' title='bbox 1348 334 1385 365; x_wconf 87' lang='lat' dir='ltr'>de</span> <span class='ocrx_word' id='word_1_230' title='bbox 1406 339 1510 366; x_wconf 86' lang='lat' dir='ltr'>cetero</span> <span class='ocrx_word' id='word_1_231' title='bbox 1528 333 1557 366; x_wconf 96' lang='lat' dir='ltr'>in</span> <span class='ocrx_word' id='word_1_232' title='bbox 1575 333 1826 378; x_wconf 85' lang='lat' dir='ltr'>quibuscumque</span> <span class='ocrx_word' id='word_1_233' title='bbox 1844 345 1969 368; x_wconf 86' lang='lat' dir='ltr'>conces-</span> 
     </span>
     <span class='ocr_line' id='line_1_47' title="bbox 1231 386 1970 430; baseline 0.001 -11"><span class='ocrx_word' id='word_1_234' title='bbox 1231 386 1372 420; x_wconf 80' lang='lat' dir='ltr'>sionibus</span> <span class='ocrx_word' id='word_1_235' title='bbox 1389 391 1419 419; x_wconf 86' lang='lat' dir='ltr'>ct</span> <span class='ocrx_word' id='word_1_236' title='bbox 1438 386 1705 430; x_wconf 73' lang='lat' dir='ltr'>dispositionibus,</span> <span class='ocrx_word' id='word_1_237' title='bbox 1723 386 1861 428; x_wconf 84' lang='lat' dir='ltr'>indultis,</span> <span class='ocrx_word' id='word_1_238' title='bbox 1879 387 1970 420; x_wconf 80' lang='lat' dir='ltr'>sacul-</span> 
     </span>
     <span class='ocr_line' id='line_1_48' title="bbox 1233 437 1971 479; baseline 0.001 -9"><span class='ocrx_word' id='word_1_239' title='bbox 1233 438 1346 470; x_wconf 86' lang='lat' dir='ltr'>tatibus</span> <span class='ocrx_word' id='word_1_240' title='bbox 1371 441 1401 471; x_wconf 84' lang='lat' dir='ltr'>et</span> <span class='ocrx_word' id='word_1_241' title='bbox 1425 437 1544 479; x_wconf 70' lang='lat' dir='ltr'>gratiis,</span> <span class='ocrx_word' id='word_1_242' title='bbox 1568 437 1659 470; x_wconf 87' lang='lat' dir='ltr'>etiam</span> <span class='ocrx_word' id='word_1_243' title='bbox 1679 442 1775 478; x_wconf 87' lang='lat' dir='ltr'>motu,</span> <span class='ocrx_word' id='word_1_244' title='bbox 1794 437 1922 471; x_wconf 73' lang='lat' dir='ltr'>scientia</span> <span class='ocrx_word' id='word_1_245' title='bbox 1940 443 1971 471; x_wconf 85' lang='lat' dir='ltr'>et</span> 
     </span>
    </p>
   </div>
   <div class='ocr_carea' id='block_1_6' title="bbox 1985 233 2167 262">
    <p class='ocr_par' dir='ltr' id='par_1_7' title="bbox 1985 233 2167 262">
     <span class='ocr_line' id='line_1_49' title="bbox 1985 233 2167 262; baseline 0.011 -2"><span class='ocrx_word' id='word_1_246' title='bbox 1985 233 2032 260; x_wconf 80' lang='lat' dir='ltr'>An.</span> <span class='ocrx_word' id='word_1_247' title='bbox 2050 234 2077 261; x_wconf 88' lang='lat' dir='ltr'>C.</span> <span class='ocrx_word' id='word_1_248' title='bbox 2098 234 2167 262; x_wconf 74' lang='lat'><strong>1628</strong></span> 
     </span>
    </p>
   </div>
   <div class='ocr_carea' id='block_1_7' title="bbox 1983 295 2168 396">
    <p class='ocr_par' dir='ltr' id='par_1_8' title="bbox 1983 295 2168 396">
     <span class='ocr_line' id='line_1_50' title="bbox 2018 295 2166 322; baseline 0.007 -7"><span class='ocrx_word' id='word_1_249' title='bbox 2018 295 2061 316; x_wconf 73' lang='lat' dir='ltr'>Nec</span> <span class='ocrx_word' id='word_1_250' title='bbox 2079 296 2117 316; x_wconf 58' lang='lat' dir='ltr'>suli</span> <span class='ocrx_word' id='word_1_251' title='bbox 2133 302 2166 322; x_wconf 71' lang='lat' dir='ltr'>gc-</span> 
     </span>
     <span class='ocr_line' id='line_1_51' title="bbox 1983 323 2168 344; baseline 0.011 -2"><span class='ocrx_word' id='word_1_252' title='bbox 1983 323 2091 343; x_wconf 74' lang='lat' dir='ltr'>noi-atibus</span> <span class='ocrx_word' id='word_1_253' title='bbox 2108 323 2168 344; x_wconf 73' lang='lat' dir='ltr'>clau-</span> 
     </span>
     <span class='ocr_line' id='line_1_52' title="bbox 1984 348 2168 379; baseline 0 -10"><span class='ocrx_word' id='word_1_254' title='bbox 1984 350 2034 379; x_wconf 73' lang='lat' dir='ltr'>sulis</span> <span class='ocrx_word' id='word_1_255' title='bbox 2056 348 2168 374; x_wconf 68' lang='lat' dir='ltr'>derogato-</span> 
     </span>
     <span class='ocr_line' id='line_1_53' title="bbox 1985 382 2020 396; baseline -0.029 0"><span class='ocrx_word' id='word_1_256' title='bbox 1985 382 2020 396; x_wconf 76' lang='lat' dir='ltr'>rtis</span> 
     </span>
    </p>
   </div>
   <div class='ocr_carea' id='block_1_8' title="bbox 1985 381 2168 423">
    <p class='ocr_par' dir='ltr' id='par_1_9' title="bbox 1985 381 2168 423">
     <span class='ocr_line' id='line_1_54' title="bbox 2074 381 2168 402; baseline 0.011 -6"><span class='ocrx_word' id='word_1_257' title='bbox 2074 381 2168 402; x_wconf 82' lang='lat' dir='ltr'>compro-</span> 
     </span>
     <span class='ocr_line' id='line_1_55' title="bbox 1985 402 2055 423; baseline -0.014 0"><span class='ocrx_word' id='word_1_258' title='bbox 1985 402 2055 423; x_wconf 77' lang='lat' dir='ltr'>nendi.</span> 
     </span>
    </p>
   </div>
   <div class='ocr_carea' id='block_1_9' title="bbox 1233 482 2019 535">
    <p class='ocr_par' dir='ltr' id='par_1_10' title="bbox 1233 482 2019 535">
     <span class='ocr_line' id='line_1_56' title="bbox 1233 482 2019 535; baseline 0.003 -14"><span class='ocrx_word' id='word_1_259' title='bbox 1233 490 1392 535; x_wconf 80' lang='lat' dir='ltr'>potcstatis</span> <span class='ocrx_word' id='word_1_260' title='bbox 1409 490 1603 534; x_wconf 82' lang='lat' dir='ltr'>plenitudine</span> <span class='ocrx_word' id='word_1_261' title='bbox 1622 490 1761 534; x_wconf 84' lang='lat' dir='ltr'>paribus,</span> <span class='ocrx_word' id='word_1_262' title='bbox 1782 489 1874 523; x_wconf 78' lang='lat' dir='ltr'>etiarn</span> <span class='ocrx_word' id='word_1_263' title='bbox 1892 501 1970 534; x_wconf 76' lang='lat' dir='ltr'>quo·</span> <span class='ocrx_word' id='word_1_264' title='bbox 2015 482 2019 487; x_wconf 70' lang='grc'><strong>’</strong></span> 
     </span>
    </p>
   </div>
   <div class='ocr_carea' id='block_1_10' title="bbox 1232 540 1987 2296">
    <p class='ocr_par' dir='ltr' id='par_1_11' title="bbox 1232 540 1978 1333">
     <span class='ocr_line' id='line_1_57' title="bbox 1232 540 1972 586; baseline -0.001 -10"><span class='ocrx_word' id='word_1_265' title='bbox 1232 554 1305 577; x_wconf 66' lang='lat' dir='ltr'>rum</span> <span class='ocrx_word' id='word_1_266' title='bbox 1334 548 1475 584; x_wconf 75' lang='lat' dir='ltr'>tenores,</span> <span class='ocrx_word' id='word_1_267' title='bbox 1501 548 1557 576; x_wconf 90' lang='lat' dir='ltr'>etc.</span> <span class='ocrx_word' id='word_1_268' title='bbox 1572 569 1581 583; x_wconf 91' lang='lat'>‚</span> <span class='ocrx_word' id='word_1_269' title='bbox 1606 547 1635 576; x_wconf 92' lang='lat' dir='ltr'>et</span> <span class='ocrx_word' id='word_1_270' title='bbox 1659 553 1873 586; x_wconf 88' lang='lat' dir='ltr'>quascumque</span> <span class='ocrx_word' id='word_1_271' title='bbox 1897 540 1972 576; x_wconf 87' lang='lat' dir='ltr'>alias</span> 
     </span>
     <span class='ocr_line' id='line_1_58' title="bbox 1233 596 1973 639; baseline -0.003 -9"><span class='ocrx_word' id='word_1_272' title='bbox 1233 598 1397 637; x_wconf 79' lang='lat' dir='ltr'>clausulas,</span> <span class='ocrx_word' id='word_1_273' title='bbox 1424 597 1517 629; x_wconf 86' lang='lat' dir='ltr'>etiam</span> <span class='ocrx_word' id='word_1_274' title='bbox 1542 596 1814 638; x_wconf 77' lang='lat' dir='ltr'>derogatoriarum</span> <span class='ocrx_word' id='word_1_275' title='bbox 1840 596 1973 639; x_wconf 83' lang='lat' dir='ltr'>deroga-</span> 
     </span>
     <span class='ocr_line' id='line_1_59' title="bbox 1237 649 1973 693; baseline -0.005 -8"><span class='ocrx_word' id='word_1_276' title='bbox 1237 652 1332 685; x_wconf 87' lang='lat' dir='ltr'>torias</span> <span class='ocrx_word' id='word_1_277' title='bbox 1357 651 1553 692; x_wconf 80' lang='lat' dir='ltr'>habentibus,</span> <span class='ocrx_word' id='word_1_278' title='bbox 1572 660 1606 683; x_wconf 86' lang='lat' dir='ltr'>ac</span> <span class='ocrx_word' id='word_1_279' title='bbox 1624 649 1716 682; x_wconf 83' lang='lat' dir='ltr'>etiam</span> <span class='ocrx_word' id='word_1_280' title='bbox 1730 660 1786 693; x_wconf 89' lang='lat' dir='ltr'>per</span> <span class='ocrx_word' id='word_1_281' title='bbox 1799 649 1881 682; x_wconf 86' lang='lat' dir='ltr'>viam</span> <span class='ocrx_word' id='word_1_282' title='bbox 1895 649 1973 692; x_wconf 84' lang='lat' dir='ltr'>legis</span> 
     </span>
     <span class='ocr_line' id='line_1_60' title="bbox 1235 701 1973 747; baseline -0.003 -11"><span class='ocrx_word' id='word_1_283' title='bbox 1235 704 1280 736; x_wconf 81' lang='lat' dir='ltr'>vel</span> <span class='ocrx_word' id='word_1_284' title='bbox 1294 704 1405 736; x_wconf 83' lang='lat' dir='ltr'>indulti</span> <span class='ocrx_word' id='word_1_285' title='bbox 1419 703 1582 747; x_wconf 80' lang='lat' dir='ltr'>generalis,</span> <span class='ocrx_word' id='word_1_286' title='bbox 1598 702 1690 736; x_wconf 87' lang='lat' dir='ltr'>etiam</span> <span class='ocrx_word' id='word_1_287' title='bbox 1705 701 1973 741; x_wconf 77' lang='lat' dir='ltr'>consistorialiter,</span> 
     </span>
     <span class='ocr_line' id='line_1_61' title="bbox 1234 756 1974 800; baseline -0.004 -9"><span class='ocrx_word' id='word_1_288' title='bbox 1234 763 1263 791; x_wconf 84' lang='lat' dir='ltr'>et</span> <span class='ocrx_word' id='word_1_289' title='bbox 1288 758 1362 790; x_wconf 74' lang='lat' dir='ltr'>alias</span> <span class='ocrx_word' id='word_1_290' title='bbox 1382 757 1629 800; x_wconf 86' lang='lat' dir='ltr'>quomodolibet,</span> <span class='ocrx_word' id='word_1_291' title='bbox 1647 757 1704 790; x_wconf 87' lang='lat' dir='ltr'>sub</span> <span class='ocrx_word' id='word_1_292' title='bbox 1722 756 1974 800; x_wconf 83' lang='lat' dir='ltr'>quibuscumque</span> 
     </span>
     <span class='ocr_line' id='line_1_62' title="bbox 1235 810 1974 854; baseline -0.003 -11"><span class='ocrx_word' id='word_1_293' title='bbox 1235 811 1408 844; x_wconf 71' lang='lat' dir='ltr'>tenoribus·</span> <span class='ocrx_word' id='word_1_294' title='bbox 1420 815 1449 843; x_wconf 89' lang='lat' dir='ltr'>et</span> <span class='ocrx_word' id='word_1_295' title='bbox 1473 810 1591 851; x_wconf 83' lang='lat' dir='ltr'>formis,</span> <span class='ocrx_word' id='word_1_296' title='bbox 1610 821 1667 854; x_wconf 87' lang='lat' dir='ltr'>per</span> <span class='ocrx_word' id='word_1_297' title='bbox 1688 820 1746 842; x_wconf 90' lang='lat' dir='ltr'>nos</span> <span class='ocrx_word' id='word_1_298' title='bbox 1763 814 1793 842; x_wconf 82' lang='lat' dir='ltr'>et</span> <span class='ocrx_word' id='word_1_299' title='bbox 1809 820 1974 853; x_wconf 85' lang='lat' dir='ltr'>quoscum-</span> 
     </span>
     <span class='ocr_line' id='line_1_63' title="bbox 1234 862 1970 907; baseline -0.001 -11"><span class='ocrx_word' id='word_1_300' title='bbox 1234 875 1294 907; x_wconf 85' lang='lat' dir='ltr'>que</span> <span class='ocrx_word' id='word_1_301' title='bbox 1320 873 1518 896; x_wconf 84' lang='lat' dir='ltr'>successores</span> <span class='ocrx_word' id='word_1_302' title='bbox 1539 868 1667 896; x_wconf 70' lang='lat' dir='ltr'>vnostros</span> <span class='ocrx_word' id='word_1_303' title='bbox 1692 862 1872 896; x_wconf 90' lang='lat' dir='ltr'>huiusmodi</span> <span class='ocrx_word' id='word_1_304' title='bbox 1893 872 1970 896; x_wconf 88' lang='lat' dir='ltr'>eon-</span> 
     </span>
     <span class='ocr_line' id='line_1_64' title="bbox 1235 915 1974 958; baseline -0.003 -8"><span class='ocrx_word' id='word_1_305' title='bbox 1235 917 1392 957; x_wconf 85' lang='lat' dir='ltr'>cedendis,</span> <span class='ocrx_word' id='word_1_306' title='bbox 1418 927 1472 949; x_wconf 89' lang='lat' dir='ltr'>seu</span> <span class='ocrx_word' id='word_1_307' title='bbox 1497 926 1515 948; x_wconf 93' lang='lat' dir='ltr'>a</span> <span class='ocrx_word' id='word_1_308' title='bbox 1537 916 1628 948; x_wconf 88' lang='lat' dir='ltr'>nohis</span> <span class='ocrx_word' id='word_1_309' title='bbox 1645 916 1692 948; x_wconf 84' lang='lat' dir='ltr'>vel</span> <span class='ocrx_word' id='word_1_310' title='bbox 1708 916 1769 948; x_wconf 87' lang='lat' dir='ltr'>illis</span> <span class='ocrx_word' id='word_1_311' title='bbox 1782 915 1974 958; x_wconf 83' lang='lat' dir='ltr'>emanandis,</span> 
     </span>
     <span class='ocr_line' id='line_1_65' title="bbox 1237 968 1975 1013; baseline -0.003 -11"><span class='ocrx_word' id='word_1_312' title='bbox 1237 980 1411 1013; x_wconf 79' lang='lat' dir='ltr'>numquam</span> <span class='ocrx_word' id='word_1_313' title='bbox 1437 968 1619 1013; x_wconf 83' lang='lat' dir='ltr'>praemissis</span> <span class='ocrx_word' id='word_1_314' title='bbox 1639 968 1785 1001; x_wconf 87' lang='lat' dir='ltr'>omnibus</span> <span class='ocrx_word' id='word_1_315' title='bbox 1802 968 1975 1011; x_wconf 80' lang='lat' dir='ltr'>etsingulis</span> 
     </span>
     <span class='ocr_line' id='line_1_66' title="bbox 1236 1021 1977 1066; baseline -0.004 -10"><span class='ocrx_word' id='word_1_316' title='bbox 1236 1023 1357 1056; x_wconf 81' lang='lat' dir='ltr'>censeri</span> <span class='ocrx_word' id='word_1_317' title='bbox 1378 1023 1408 1055; x_wconf 90' lang='lat' dir='ltr'>in</span> <span class='ocrx_word' id='word_1_318' title='bbox 1427 1022 1531 1066; x_wconf 88' lang='lat' dir='ltr'>aliquo</span> <span class='ocrx_word' id='word_1_319' title='bbox 1548 1021 1797 1065; x_wconf 86' lang='lat' dir='ltr'>praeiudicatum</span> <span class='ocrx_word' id='word_1_320' title='bbox 1814 1024 1872 1054; x_wconf 79' lang='lat' dir='ltr'>ne‘c</span> <span class='ocrx_word' id='word_1_321' title='bbox 1888 1021 1977 1054; x_wconf 88' lang='lat' dir='ltr'>dero-</span> 
     </span>
     <span class='ocr_line' id='line_1_67' title="bbox 1236 1074 1977 1120; baseline -0.003 -11"><span class='ocrx_word' id='word_1_322' title='bbox 1236 1082 1354 1120; x_wconf 74' lang='lat' dir='ltr'>gatum,</span> <span class='ocrx_word' id='word_1_323' title='bbox 1379 1077 1438 1109; x_wconf 88' lang='lat' dir='ltr'>nisi</span> <span class='ocrx_word' id='word_1_324' title='bbox 1463 1077 1493 1109; x_wconf 88' lang='lat' dir='ltr'>in</span> <span class='ocrx_word' id='word_1_325' title='bbox 1519 1086 1629 1109; x_wconf 86' lang='lat' dir='ltr'>eorum</span> <span class='ocrx_word' id='word_1_326' title='bbox 1654 1075 1796 1119; x_wconf 86' lang='lat' dir='ltr'>quolibet</span> <span class='ocrx_word' id='word_1_327' title='bbox 1812 1074 1906 1108; x_wconf 85' lang='lat' dir='ltr'>suerit</span> <span class='ocrx_word' id='word_1_328' title='bbox 1927 1085 1977 1107; x_wconf 81' lang='lat' dir='ltr'>ex-</span> 
     </span>
     <span class='ocr_line' id='line_1_68' title="bbox 1237 1128 1978 1173; baseline -0.003 -11"><span class='ocrx_word' id='word_1_329' title='bbox 1237 1140 1343 1173; x_wconf 84' lang='lat' dir='ltr'>presse</span> <span class='ocrx_word' id='word_1_330' title='bbox 1369 1134 1398 1162; x_wconf 87' lang='lat' dir='ltr'>et</span> <span class='ocrx_word' id='word_1_331' title='bbox 1422 1129 1613 1173; x_wconf 75' lang='lat' dir='ltr'>dispositive,</span> <span class='ocrx_word' id='word_1_332' title='bbox 1629 1138 1692 1161; x_wconf 89' lang='lat' dir='ltr'>non</span> <span class='ocrx_word' id='word_1_333' title='bbox 1709 1133 1812 1161; x_wconf 82' lang='lat' dir='ltr'>autem</span> <span class='ocrx_word' id='word_1_334' title='bbox 1826 1138 1883 1172; x_wconf 88' lang='lat' dir='ltr'>per</span> <span class='ocrx_word' id='word_1_335' title='bbox 1897 1128 1978 1161; x_wconf 84' lang='lat' dir='ltr'>clau-</span> 
     </span>
     <span class='ocr_line' id='line_1_69' title="bbox 1238 1183 1978 1227; baseline -0.003 -11"><span class='ocrx_word' id='word_1_336' title='bbox 1238 1184 1320 1216; x_wconf 81' lang='lat' dir='ltr'>sulas</span> <span class='ocrx_word' id='word_1_337' title='bbox 1341 1184 1503 1227; x_wconf 77' lang='lat' dir='ltr'>generales</span> <span class='ocrx_word' id='word_1_338' title='bbox 1527 1183 1609 1215; x_wconf 88' lang='lat' dir='ltr'>idem</span> <span class='ocrx_word' id='word_1_339' title='bbox 1628 1183 1843 1226; x_wconf 78' lang='lat' dir='ltr'>importanteS,</span> <span class='ocrx_word' id='word_1_340' title='bbox 1869 1187 1898 1215; x_wconf 85' lang='lat' dir='ltr'>et</span> <span class='ocrx_word' id='word_1_341' title='bbox 1922 1192 1978 1215; x_wconf 90' lang='lat' dir='ltr'>seu</span> 
     </span>
     <span class='ocr_line' id='line_1_70' title="bbox 1238 1235 1978 1280; baseline -0.001 -11"><span class='ocrx_word' id='word_1_342' title='bbox 1238 1237 1462 1279; x_wconf 71' lang='lat' dir='ltr'>eventualiter⁷</span> <span class='ocrx_word' id='word_1_343' title='bbox 1488 1235 1646 1280; x_wconf 83' lang='lat' dir='ltr'>praesenti</span> <span class='ocrx_word' id='word_1_344' title='bbox 1673 1239 1799 1269; x_wconf 81' lang='lat' dir='ltr'>nostrae</span> <span class='ocrx_word' id='word_1_345' title='bbox 1827 1235 1978 1268; x_wconf 83' lang='lat' dir='ltr'>constitu-</span> 
     </span>
     <span class='ocr_line' id='line_1_71' title="bbox 1240 1290 1543 1333; baseline -0.003 -10"><span class='ocrx_word' id='word_1_346' title='bbox 1240 1290 1314 1323; x_wconf 86' lang='lat' dir='ltr'>tioni</span> <span class='ocrx_word' id='word_1_347' title='bbox 1339 1290 1543 1333; x_wconf 71' lang='lat' dir='ltr'>derogatum,</span> 
     </span>
    </p>

    <p class='ocr_par' dir='ltr' id='par_1_12' title="bbox 1239 1342 1987 2296">
     <span class='ocr_line' id='line_1_72' title="bbox 1283 1342 1977 1387; baseline -0.001 -11"><span class='ocrx_word' id='word_1_348' title='bbox 1283 1345 1297 1387; x_wconf 59' lang='grc' dir='ltr'>ᾖ</span> <span class='ocrx_word' id='word_1_349' title='bbox 1318 1343 1346 1376; x_wconf 76' lang='grc'>9.</span> <span class='ocrx_word' id='word_1_350' title='bbox 1374 1344 1556 1376; x_wconf 86' lang='lat' dir='ltr'>Praesentes</span> <span class='ocrx_word' id='word_1_351' title='bbox 1574 1354 1648 1376; x_wconf 86' lang='lat' dir='ltr'>vero</span> <span class='ocrx_word' id='word_1_352' title='bbox 1665 1342 1795 1385; x_wconf 73' lang='lat' dir='ltr'>litteras,</span> <span class='ocrx_word' id='word_1_353' title='bbox 1810 1342 1977 1386; x_wconf 83' lang='lat' dir='ltr'>omniaque</span> 
     </span>
     <span class='ocr_line' id='line_1_73' title="bbox 1240 1396 1977 1440; baseline -0.003 -10"><span class='ocrx_word' id='word_1_354' title='bbox 1240 1402 1270 1430; x_wconf 85' lang='lat' dir='ltr'>et</span> <span class='ocrx_word' id='word_1_355' title='bbox 1295 1397 1417 1440; x_wconf 76' lang='lat' dir='ltr'>singula</span> <span class='ocrx_word' id='word_1_356' title='bbox 1449 1397 1480 1429; x_wconf 92' lang='lat' dir='ltr'>in</span> <span class='ocrx_word' id='word_1_357' title='bbox 1505 1396 1549 1429; x_wconf 91' lang='lat' dir='ltr'>eis</span> <span class='ocrx_word' id='word_1_358' title='bbox 1573 1401 1718 1429; x_wconf 86' lang='lat' dir='ltr'>contenta</span> <span class='ocrx_word' id='word_1_359' title='bbox 1743 1406 1977 1440; x_wconf 84' lang='lat' dir='ltr'>quaecumque,</span> 
     </span>
     <span class='ocr_line' id='line_1_74' title="bbox 1239 1449 1979 1494; baseline -0.001 -11"><span class='ocrx_word' id='word_1_360' title='bbox 1239 1451 1331 1483; x_wconf 87' lang='lat' dir='ltr'>etiam</span> <span class='ocrx_word' id='word_1_361' title='bbox 1347 1462 1383 1484; x_wconf 82' lang='lat' dir='ltr'>ex</span> <span class='ocrx_word' id='word_1_362' title='bbox 1398 1461 1434 1483; x_wconf 89' lang='lat' dir='ltr'>eo</span> <span class='ocrx_word' id='word_1_363' title='bbox 1448 1450 1532 1494; x_wconf 90' lang='lat' dir='ltr'>quod</span> <span class='ocrx_word' id='word_1_364' title='bbox 1550 1451 1581 1482; x_wconf 91' lang='lat' dir='ltr'>in</span> <span class='ocrx_word' id='word_1_365' title='bbox 1596 1449 1779 1494; x_wconf 84' lang='lat' dir='ltr'>praemissis</span> <span class='ocrx_word' id='word_1_366' title='bbox 1796 1459 1852 1482; x_wconf 89' lang='lat' dir='ltr'>seu</span> <span class='ocrx_word' id='word_1_367' title='bbox 1869 1460 1979 1482; x_wconf 88' lang='lat' dir='ltr'>eorum</span> 
     </span>
     <span class='ocr_line' id='line_1_75' title="bbox 1239 1503 1980 1548; baseline -0.003 -11"><span class='ocrx_word' id='word_1_368' title='bbox 1239 1505 1344 1548; x_wconf 87' lang='lat' dir='ltr'>aliquo</span> <span class='ocrx_word' id='word_1_369' title='bbox 1366 1504 1515 1537; x_wconf 79' lang='lat' dir='ltr'>interesse</span> <span class='ocrx_word' id='word_1_370' title='bbox 1531 1504 1680 1536; x_wconf 84' lang='lat' dir='ltr'>babentes</span> <span class='ocrx_word' id='word_1_371' title='bbox 1700 1514 1755 1536; x_wconf 88' lang='lat' dir='ltr'>seu</span> <span class='ocrx_word' id='word_1_372' title='bbox 1771 1503 1889 1535; x_wconf 84' lang='lat' dir='ltr'>habere</span> <span class='ocrx_word' id='word_1_373' title='bbox 1906 1513 1980 1546; x_wconf 88' lang='lat' dir='ltr'>quo-</span> 
     </span>
     <span class='ocr_line' id='line_1_76' title="bbox 1241 1556 1981 1600; baseline -0.004 -10"><span class='ocrx_word' id='word_1_374' title='bbox 1241 1557 1413 1591; x_wconf 72' lang='lat' dir='ltr'>modotibct</span> <span class='ocrx_word' id='word_1_375' title='bbox 1448 1557 1686 1600; x_wconf 82' lang='lat' dir='ltr'>praetendentes</span> <span class='ocrx_word' id='word_1_376' title='bbox 1723 1556 1767 1588; x_wconf 88' lang='lat' dir='ltr'>eis</span> <span class='ocrx_word' id='word_1_377' title='bbox 1803 1556 1981 1588; x_wconf 85' lang='lat' dir='ltr'>nullatenus</span> 
     </span>
     <span class='ocr_line' id='line_1_77' title="bbox 1241 1609 1981 1650; baseline -0.003 -7"><span class='ocrx_word' id='word_1_378' title='bbox 1241 1610 1473 1650; x_wconf 82' lang='lat' dir='ltr'>consenserint,</span> <span class='ocrx_word' id='word_1_379' title='bbox 1498 1620 1556 1642; x_wconf 86' lang='lat' dir='ltr'>nec</span> <span class='ocrx_word' id='word_1_380' title='bbox 1576 1610 1614 1642; x_wconf 84' lang='lat' dir='ltr'>ad</span> <span class='ocrx_word' id='word_1_381' title='bbox 1639 1620 1675 1642; x_wconf 80' lang='lat' dir='ltr'>ea</span> <span class='ocrx_word' id='word_1_382' title='bbox 1698 1609 1798 1642; x_wconf 73' lang='lat' dir='ltr'>vocati</span> <span class='ocrx_word' id='word_1_383' title='bbox 1820 1614 1850 1641; x_wconf 88' lang='lat' dir='ltr'>et</span> <span class='ocrx_word' id='word_1_384' title='bbox 1874 1609 1981 1649; x_wconf 86' lang='lat' dir='ltr'>auditi,</span> 
     </span>
     <span class='ocr_line' id='line_1_78' title="bbox 1242 1662 1981 1708; baseline -0.003 -11"><span class='ocrx_word' id='word_1_385' title='bbox 1242 1664 1408 1708; x_wconf 85' lang='lat' dir='ltr'>minusque</span> <span class='ocrx_word' id='word_1_386' title='bbox 1434 1674 1547 1696; x_wconf 88' lang='lat' dir='ltr'>causae</span> <span class='ocrx_word' id='word_1_387' title='bbox 1563 1690 1570 1704; x_wconf 90' lang='lat'>,</span> <span class='ocrx_word' id='word_1_388' title='bbox 1592 1667 1724 1707; x_wconf 84' lang='lat' dir='ltr'>propter</span> <span class='ocrx_word' id='word_1_389' title='bbox 1752 1674 1829 1706; x_wconf 84' lang='lat' dir='ltr'>quas</span> <span class='ocrx_word' id='word_1_390' title='bbox 1854 1662 1981 1695; x_wconf 81' lang='lat' dir='ltr'>eaedem</span> 
     </span>
     <span class='ocr_line' id='line_1_79' title="bbox 1243 1716 1983 1761; baseline -0.001 -11"><span class='ocrx_word' id='word_1_391' title='bbox 1243 1722 1421 1761; x_wconf 81' lang='lat' dir='ltr'>praesentes</span> <span class='ocrx_word' id='word_1_392' title='bbox 1439 1717 1624 1758; x_wconf 79' lang='lat' dir='ltr'>emanarint,</span> <span class='ocrx_word' id='word_1_393' title='bbox 1635 1716 1983 1757; x_wconf 67' lang='lat' dir='ltr'>addiictae‚vei¹ificatae</span> 
     </span>
     <span class='ocr_line' id='line_1_80' title="bbox 1243 1770 1983 1813; baseline -0.001 -10"><span class='ocrx_word' id='word_1_394' title='bbox 1243 1782 1297 1804; x_wconf 82' lang='lat' dir='ltr'>seu</span> <span class='ocrx_word' id='word_1_395' title='bbox 1312 1771 1389 1803; x_wconf 74' lang='lat' dir='ltr'>alias</span> <span class='ocrx_word' id='word_1_396' title='bbox 1403 1770 1588 1803; x_wconf 81' lang='lat' dir='ltr'>iustificatae</span> <span class='ocrx_word' id='word_1_397' title='bbox 1601 1770 1727 1811; x_wconf 88' lang='lat' dir='ltr'>suerint,</span> <span class='ocrx_word' id='word_1_398' title='bbox 1744 1770 1831 1803; x_wconf 91' lang='lat' dir='ltr'>nullo</span> <span class='ocrx_word' id='word_1_399' title='bbox 1844 1780 1983 1813; x_wconf 88' lang='lat' dir='ltr'>unquam</span> 
     </span>
     <span class='ocr_line' id='line_1_81' title="bbox 1244 1823 1983 1867; baseline -0.003 -10"><span class='ocrx_word' id='word_1_400' title='bbox 1244 1830 1384 1867; x_wconf 88' lang='lat' dir='ltr'>tempore</span> <span class='ocrx_word' id='word_1_401' title='bbox 1408 1824 1445 1856; x_wconf 90' lang='lat' dir='ltr'>de</span> <span class='ocrx_word' id='word_1_402' title='bbox 1470 1823 1681 1867; x_wconf 78' lang='lat' dir='ltr'>subreptionis</span> <span class='ocrx_word' id='word_1_403' title='bbox 1705 1823 1753 1856; x_wconf 85' lang='lat' dir='ltr'>vel</span> <span class='ocrx_word' id='word_1_404' title='bbox 1778 1823 1983 1867; x_wconf 86' lang='lat' dir='ltr'>obreptionis,</span> 
     </span>
     <span class='ocr_line' id='line_1_82' title="bbox 1243 1877 1986 1917; baseline 0 -7"><span class='ocrx_word' id='word_1_405' title='bbox 1243 1878 1392 1912; x_wconf 80' lang='lat' dir='ltr'>nullitatis</span> <span class='ocrx_word' id='word_1_406' title='bbox 1417 1888 1472 1910; x_wconf 87' lang='lat' dir='ltr'>scu</span> <span class='ocrx_word' id='word_1_407' title='bbox 1497 1877 1696 1910; x_wconf 72' lang='lat' dir='ltr'>invaliditatis</span> <span class='ocrx_word' id='word_1_408' title='bbox 1717 1877 1802 1917; x_wconf 81' lang='lat' dir='ltr'>vitio,</span> <span class='ocrx_word' id='word_1_409' title='bbox 1820 1882 1873 1910; x_wconf 83' lang='lat' dir='ltr'>aut</span> <span class='ocrx_word' id='word_1_410' title='bbox 1889 1877 1986 1911; x_wconf 87' lang='lat' dir='ltr'>inten—</span> 
     </span>
     <span class='ocr_line' id='line_1_83' title="bbox 1245 1930 1984 1974; baseline -0.001 -10"><span class='ocrx_word' id='word_1_411' title='bbox 1245 1932 1336 1965; x_wconf 85' lang='lat' dir='ltr'>tionis</span> <span class='ocrx_word' id='word_1_412' title='bbox 1360 1936 1496 1972; x_wconf 75' lang='lat' dir='ltr'>nostrae,</span> <span class='ocrx_word' id='word_1_413' title='bbox 1517 1931 1565 1964; x_wconf 71' lang='lat' dir='ltr'>vel</span> <span class='ocrx_word' id='word_1_414' title='bbox 1590 1930 1651 1964; x_wconf 80' lang='lat' dir='ltr'>alio</span> <span class='ocrx_word' id='word_1_415' title='bbox 1676 1931 1826 1974; x_wconf 87' lang='lat' dir='ltr'>quopiam</span> <span class='ocrx_word' id='word_1_416' title='bbox 1851 1931 1984 1972; x_wconf 84' lang='lat' dir='ltr'>defectu,</span> 
     </span>
     <span class='ocr_line' id='line_1_84' title="bbox 1244 1984 1986 2029; baseline 0.001 -12"><span class='ocrx_word' id='word_1_417' title='bbox 1244 1986 1336 2018; x_wconf 87' lang='lat' dir='ltr'>etiam</span> <span class='ocrx_word' id='word_1_418' title='bbox 1362 1984 1561 2029; x_wconf 79' lang='lat' dir='ltr'>quantumviS</span> <span class='ocrx_word' id='word_1_419' title='bbox 1583 1994 1708 2027; x_wconf 82' lang='lat' dir='ltr'>magno,</span> <span class='ocrx_word' id='word_1_420' title='bbox 1726 1984 1935 2027; x_wconf 75' lang='lat' dir='ltr'>inexcogitato</span> <span class='ocrx_word' id='word_1_421' title='bbox 1956 1988 1986 2018; x_wconf 80' lang='lat' dir='ltr'>et</span> 
     </span>
     <span class='ocr_line' id='line_1_85' title="bbox 1245 2037 1986 2081; baseline -0.001 -10"><span class='ocrx_word' id='word_1_422' title='bbox 1245 2039 1460 2081; x_wconf 82' lang='lat' dir='ltr'>substantiali,</span> <span class='ocrx_word' id='word_1_423' title='bbox 1491 2039 1555 2071; x_wconf 82' lang='lat' dir='ltr'>sive</span> <span class='ocrx_word' id='word_1_424' title='bbox 1580 2038 1674 2071; x_wconf 87' lang='lat' dir='ltr'>etiam</span> <span class='ocrx_word' id='word_1_425' title='bbox 1700 2048 1736 2070; x_wconf 79' lang='lat' dir='ltr'>ex</span> <span class='ocrx_word' id='word_1_426' title='bbox 1761 2048 1819 2080; x_wconf 92' lang='lat' dir='ltr'>eo,</span> <span class='ocrx_word' id='word_1_427' title='bbox 1845 2037 1928 2081; x_wconf 88' lang='lat' dir='ltr'>quod</span> <span class='ocrx_word' id='word_1_428' title='bbox 1953 2037 1986 2070; x_wconf 91' lang='lat' dir='ltr'>in</span> 
     </span>
     <span class='ocr_line' id='line_1_86' title="bbox 1244 2091 1986 2132; baseline -0.003 -7"><span class='ocrx_word' id='word_1_429' title='bbox 1244 2092 1442 2126; x_wconf 76' lang='lat' dir='ltr'>facultatibus</span> <span class='ocrx_word' id='word_1_430' title='bbox 1468 2092 1610 2132; x_wconf 86' lang='lat' dir='ltr'>testandi,</span> <span class='ocrx_word' id='word_1_431' title='bbox 1634 2102 1669 2124; x_wconf 86' lang='lat' dir='ltr'>ac</span> <span class='ocrx_word' id='word_1_432' title='bbox 1694 2091 1769 2124; x_wconf 71' lang='lat' dir='ltr'>alias</span> <span class='ocrx_word' id='word_1_433' title='bbox 1789 2091 1827 2124; x_wconf 90' lang='lat' dir='ltr'>de</span> <span class='ocrx_word' id='word_1_434' title='bbox 1844 2091 1939 2124; x_wconf 88' lang='lat' dir='ltr'>rebus</span> <span class='ocrx_word' id='word_1_435' title='bbox 1956 2097 1986 2124; x_wconf 85' lang='lat' dir='ltr'>et</span> 
     </span>
     <span class='ocr_line' id='line_1_87' title="bbox 1245 2143 1986 2188; baseline -0.003 -10"><span class='ocrx_word' id='word_1_436' title='bbox 1245 2146 1335 2178; x_wconf 86' lang='lat' dir='ltr'>bonis</span> <span class='ocrx_word' id='word_1_437' title='bbox 1355 2145 1551 2188; x_wconf 83' lang='lat' dir='ltr'>disponendi,</span> <span class='ocrx_word' id='word_1_438' title='bbox 1569 2144 1730 2188; x_wconf 80' lang='lat' dir='ltr'>quibusvis</span> <span class='ocrx_word' id='word_1_439' title='bbox 1747 2143 1840 2176; x_wconf 84' lang='lat' dir='ltr'>etiam</span> <span class='ocrx_word' id='word_1_440' title='bbox 1862 2146 1986 2177; x_wconf 81' lang='lat' dir='ltr'>sanctae</span> 
     </span>
     <span class='ocr_line' id='line_1_88' title="bbox 1246 2197 1986 2233; baseline -0.003 -1"><span class='ocrx_word' id='word_1_441' title='bbox 1246 2201 1404 2233; x_wconf 79' lang='lat' dir='ltr'>Romanae</span> <span class='ocrx_word' id='word_1_442' title='bbox 1436 2198 1592 2231; x_wconf 80' lang='lat' dir='ltr'>Ecclesiae</span> <span class='ocrx_word' id='word_1_443' title='bbox 1621 2197 1830 2230; x_wconf 85' lang='lat' dir='ltr'>cardinalibus</span> <span class='ocrx_word' id='word_1_444' title='bbox 1862 2208 1879 2230; x_wconf 83' lang='lat' dir='ltr'>a</span> <span class='ocrx_word' id='word_1_445' title='bbox 1908 2197 1986 2231; x_wconf 84' lang='lat' dir='ltr'>Sede</span> 
     </span>
     <span class='ocr_line' id='line_1_89' title="bbox 1246 2251 1987 2296; baseline -0.003 -10"><span class='ocrx_word' id='word_1_446' title='bbox 1246 2252 1423 2296; x_wconf 76' lang='lat' dir='ltr'>Apostoliea</span> <span class='ocrx_word' id='word_1_447' title='bbox 1441 2252 1488 2284; x_wconf 74' lang='lat' dir='ltr'>vel</span> <span class='ocrx_word' id='word_1_448' title='bbox 1507 2251 1582 2284; x_wconf 72' lang='lat' dir='ltr'>alias</span> <span class='ocrx_word' id='word_1_449' title='bbox 1607 2251 1844 2295; x_wconf 82' lang='lat' dir='ltr'>quomodolibet</span> <span class='ocrx_word' id='word_1_450' title='bbox 1861 2262 1897 2284; x_wconf 87' lang='lat' dir='ltr'>ex</span> <span class='ocrx_word' id='word_1_451' title='bbox 1915 2262 1987 2296; x_wconf 87' lang='lat' dir='ltr'>qua-</span> 
     </span>
    </p>
   </div>
   <div class='ocr_carea' id='block_1_11' title="bbox 471 2305 1988 2354">
    <p class='ocr_par' dir='ltr' id='par_1_13' title="bbox 471 2305 1988 2354">
     <span class='ocr_line' id='line_1_90' title="bbox 471 2305 1988 2354; baseline -0.003 -12"><span class='ocrx_word' id='word_1_452' title='bbox 471 2312 533 2343; x_wconf 70' lang='lat' dir='ltr'>sive</span> <span class='ocrx_word' id='word_1_453' title='bbox 558 2310 851 2354; x_wconf 70' lang='lat' dir='ltr'>aequipollentibus,</span> <span class='ocrx_word' id='word_1_454' title='bbox 872 2314 1030 2353; x_wconf 75' lang='lat' dir='ltr'>concepta,</span> <span class='ocrx_word' id='word_1_455' title='bbox 1052 2309 1210 2341; x_wconf 62' lang='lat' dir='ltr'>videlicet:</span> <span class='ocrx_word' id='word_1_456' title='bbox 1247 2317 1380 2349; x_wconf 89' lang='lat' dir='ltr'>eumque</span> <span class='ocrx_word' id='word_1_457' title='bbox 1402 2308 1494 2338; x_wconf 72' lang='lat' dir='ltr'>eausa</span> <span class='ocrx_word' id='word_1_458' title='bbox 1510 2305 1600 2338; x_wconf 83' lang='lat' dir='ltr'>etiam</span> <span class='ocrx_word' id='word_1_459' title='bbox 1623 2305 1794 2345; x_wconf 77' lang='lat' dir='ltr'>favorabili,</span> <span class='ocrx_word' id='word_1_460' title='bbox 1814 2305 1939 2348; x_wconf 76' lang='lat' dir='ltr'>publica</span> <span class='ocrx_word' id='word_1_461' title='bbox 1956 2310 1988 2338; x_wconf 86' lang='lat' dir='ltr'>et</span> 
     </span>
    </p>
   </div>
   <div class='ocr_carea' id='block_1_12' title="bbox 471 2363 1214 2672">
    <p class='ocr_par' dir='ltr' id='par_1_14' title="bbox 471 2363 1214 2672">
     <span class='ocr_line' id='line_1_91' title="bbox 471 2363 1212 2407; baseline -0.003 -11"><span class='ocrx_word' id='word_1_462' title='bbox 471 2364 570 2396; x_wconf 63' lang='lat' dir='ltr'>salvis</span> <span class='ocrx_word' id='word_1_463' title='bbox 594 2374 728 2407; x_wconf 76' lang='lat' dir='ltr'>semper,</span> <span class='ocrx_word' id='word_1_464' title='bbox 757 2367 784 2395; x_wconf 82' lang='lat' dir='ltr'>el</span> <span class='ocrx_word' id='word_1_465' title='bbox 809 2363 845 2395; x_wconf 57' lang='lat' dir='ltr'>‘in</span> <span class='ocrx_word' id='word_1_466' title='bbox 870 2374 925 2395; x_wconf 78' lang='lat' dir='ltr'>suo</span> <span class='ocrx_word' id='word_1_467' title='bbox 950 2363 1061 2395; x_wconf 73' lang='lat' dir='ltr'>robore</span> <span class='ocrx_word' id='word_1_468' title='bbox 1082 2372 1212 2405; x_wconf 71' lang='lat' dir='ltr'>perma-</span> 
     </span>
     <span class='ocr_line' id='line_1_92' title="bbox 474 2415 1213 2461; baseline -0.003 -12"><span class='ocrx_word' id='word_1_469' title='bbox 474 2418 623 2450; x_wconf 66' lang='lat' dir='ltr'>nentibus</span> <span class='ocrx_word' id='word_1_470' title='bbox 636 2417 813 2461; x_wconf 71' lang='lat' dir='ltr'>praedictis</span> <span class='ocrx_word' id='word_1_471' title='bbox 836 2417 948 2459; x_wconf 60' lang='lat' dir='ltr'>reglum</span> <span class='ocrx_word' id='word_1_472' title='bbox 966 2420 993 2448; x_wconf 76' lang='lat' dir='ltr'>cc</span> <span class='ocrx_word' id='word_1_473' title='bbox 1011 2415 1213 2448; x_wconf 71' lang='lat' dir='ltr'>constitutio-</span> 
     </span>
     <span class='ocr_line' id='line_1_93' title="bbox 476 2468 1214 2513; baseline -0.001 -12"><span class='ocrx_word' id='word_1_474' title='bbox 476 2470 579 2509; x_wconf 60' lang='lat' dir='ltr'>iiz&#39;bux,</span> <span class='ocrx_word' id='word_1_475' title='bbox 599 2470 853 2513; x_wconf 75' lang='lat' dir='ltr'>resolulz&#39;oneque</span> <span class='ocrx_word' id='word_1_476' title='bbox 871 2474 898 2502; x_wconf 83' lang='lat' dir='ltr'>el</span> <span class='ocrx_word' id='word_1_477' title='bbox 917 2469 1038 2501; x_wconf 77' lang='lat' dir='ltr'>decreto</span> <span class='ocrx_word' id='word_1_478' title='bbox 1059 2468 1214 2501; x_wconf 72' lang='lat' dir='ltr'>camerali</span> 
     </span>
     <span class='ocr_line' id='line_1_94' title="bbox 475 2522 1213 2566; baseline 0 -13"><span class='ocrx_word' id='word_1_479' title='bbox 475 2533 571 2564; x_wconf 54' lang='lat' dir='ltr'>supet*</span> <span class='ocrx_word' id='word_1_480' title='bbox 587 2522 690 2566; x_wconf 31' lang='lat' dir='ltr'>&#39;ipsius</span> <span class='ocrx_word' id='word_1_481' title='bbox 704 2523 844 2565; x_wconf 68' lang='lat' dir='ltr'>reyulae,</span> <span class='ocrx_word' id='word_1_482' title='bbox 859 2522 1076 2555; x_wconf 64' lang='lat' dir='ltr'>cleclaralz&#39;one</span> <span class='ocrx_word' id='word_1_483' title='bbox 1093 2522 1144 2554; x_wconf 55' lang='lat' dir='ltr'>[tic</span> <span class='ocrx_word' id='word_1_484' title='bbox 1159 2531 1213 2554; x_wconf 82' lang='lat' dir='ltr'>xul</span> 
     </span>
     <span class='ocr_line' id='line_1_95' title="bbox 478 2575 1214 2619; baseline 0.004 -15"><span class='ocrx_word' id='word_1_485' title='bbox 478 2576 624 2607; x_wconf 67' lang='lat' dir='ltr'>ianuarii</span> <span class='ocrx_word' id='word_1_486' title='bbox 640 2586 768 2609; x_wconf 72' lang='lat' dir='ltr'>MDCXXV</span> <span class='ocrx_word' id='word_1_487' title='bbox 789 2576 949 2609; x_wconf 67' lang='lat' dir='ltr'>emanans</span> <span class='ocrx_word' id='word_1_488' title='bbox 970 2576 1089 2619; x_wconf 72' lang='lat' dir='ltr'>quibus</span> <span class='ocrx_word' id='word_1_489' title='bbox 1115 2575 1214 2607; x_wconf 61' lang='lat' dir='ltr'>omni-</span> 
     </span>
     <span class='ocr_line' id='line_1_96' title="bbox 478 2628 1176 2672; baseline 0.003 -13"><span class='ocrx_word' id='word_1_490' title='bbox 478 2629 534 2661; x_wconf 66' lang='lat' dir='ltr'>ous</span> <span class='ocrx_word' id='word_1_491' title='bbox 554 2628 646 2661; x_wconf 61' lang='lat' dir='ltr'>utillo</span> <span class='ocrx_word' id='word_1_492' title='bbox 672 2629 762 2661; x_wconf 69' lang='lat' dir='ltr'>modo</span> <span class='ocrx_word' id='word_1_493' title='bbox 786 2629 988 2661; x_wconf 59' lang='lat' dir='ltr'>offendimus</span> <span class='ocrx_word' id='word_1_494' title='bbox 1012 2628 1176 2672; x_wconf 70' lang='lat' dir='ltr'>&lt;Ierogym¹e.</span> 
     </span>
    </p>
   </div>
   <div class='ocr_carea' id='block_1_13' title="bbox 1248 2358 1989 2670">
    <p class='ocr_par' dir='ltr' id='par_1_15' title="bbox 1248 2358 1989 2670">
     <span class='ocr_line' id='line_1_97' title="bbox 1248 2358 1988 2403; baseline 0 -13"><span class='ocrx_word' id='word_1_495' title='bbox 1248 2360 1308 2403; x_wconf 73' lang='lat' dir='ltr'>pia,</span> <span class='ocrx_word' id='word_1_496' title='bbox 1335 2359 1427 2391; x_wconf 85' lang='lat' dir='ltr'>etiam</span> <span class='ocrx_word' id='word_1_497' title='bbox 1453 2358 1574 2392; x_wconf 78' lang='lat' dir='ltr'>ratione</span> <span class='ocrx_word' id='word_1_498' title='bbox 1592 2358 1873 2401; x_wconf 73' lang='lat' dir='ltr'>consanguinitatis</span> <span class='ocrx_word' id='word_1_499' title='bbox 1887 2358 1934 2390; x_wconf 72' lang='lat' dir='ltr'>vel</span> <span class='ocrx_word' id='word_1_500' title='bbox 1948 2358 1988 2390; x_wconf 83' lang='lat' dir='ltr'>af-</span> 
     </span>
     <span class='ocr_line' id='line_1_98' title="bbox 1249 2411 1988 2455; baseline -0.003 -10"><span class='ocrx_word' id='word_1_501' title='bbox 1249 2413 1375 2445; x_wconf 73' lang='lat' dir='ltr'>finitatis</span> <span class='ocrx_word' id='word_1_502' title='bbox 1390 2412 1468 2446; x_wconf 89' lang='lat' dir='ltr'>inter</span> <span class='ocrx_word' id='word_1_503' title='bbox 1482 2411 1703 2445; x_wconf 81' lang='lat' dir='ltr'>concedentem</span> <span class='ocrx_word' id='word_1_504' title='bbox 1715 2416 1744 2443; x_wconf 88' lang='lat' dir='ltr'>et</span> <span class='ocrx_word' id='word_1_505' title='bbox 1754 2411 1988 2455; x_wconf 78' lang='lat' dir='ltr'>privilegiatum</span> 
     </span>
     <span class='ocr_line' id='line_1_99' title="bbox 1248 2465 1989 2509; baseline -0.001 -11"><span class='ocrx_word' id='word_1_506' title='bbox 1248 2466 1418 2507; x_wconf 76' lang='lat' dir='ltr'>existentis,</span> <span class='ocrx_word' id='word_1_507' title='bbox 1435 2476 1469 2499; x_wconf 79' lang='lat' dir='ltr'>ac</span> <span class='ocrx_word' id='word_1_508' title='bbox 1483 2465 1558 2498; x_wconf 76' lang='lat' dir='ltr'>alias</span> <span class='ocrx_word' id='word_1_509' title='bbox 1573 2465 1684 2509; x_wconf 75' lang='lat' dir='ltr'>quovis</span> <span class='ocrx_word' id='word_1_510' title='bbox 1698 2465 1792 2498; x_wconf 89' lang='lat' dir='ltr'>modo</span> <span class='ocrx_word' id='word_1_511' title='bbox 1807 2465 1900 2497; x_wconf 82' lang='lat' dir='ltr'>etiam</span> <span class='ocrx_word' id='word_1_512' title='bbox 1917 2475 1989 2498; x_wconf 86' lang='lat' dir='ltr'>con—</span> 
     </span>
     <span class='ocr_line' id='line_1_100' title="bbox 1248 2519 1988 2562; baseline -0.003 -9"><span class='ocrx_word' id='word_1_513' title='bbox 1248 2519 1444 2554; x_wconf 84' lang='lat' dir='ltr'>sistorialiter</span> <span class='ocrx_word' id='word_1_514' title='bbox 1470 2519 1635 2559; x_wconf 85' lang='lat' dir='ltr'>concessis,</span> <span class='ocrx_word' id='word_1_515' title='bbox 1658 2523 1804 2552; x_wconf 78' lang='lat' dir='ltr'>caveatur</span> <span class='ocrx_word' id='word_1_516' title='bbox 1830 2529 1988 2562; x_wconf 80' lang='lat' dir='ltr'>expresse,</span> 
     </span>
     <span class='ocr_line' id='line_1_101' title="bbox 1248 2571 1989 2616; baseline 0 -11"><span class='ocrx_word' id='word_1_517' title='bbox 1248 2573 1330 2616; x_wconf 85' lang='lat' dir='ltr'>quod</span> <span class='ocrx_word' id='word_1_518' title='bbox 1358 2573 1418 2605; x_wconf 85' lang='lat' dir='ltr'>illis</span> <span class='ocrx_word' id='word_1_519' title='bbox 1437 2572 1495 2616; x_wconf 80' lang='lat' dir='ltr'>&lt;uti</span> <span class='ocrx_word' id='word_1_520' title='bbox 1521 2572 1636 2605; x_wconf 86' lang='lat' dir='ltr'>intuitu</span> <span class='ocrx_word' id='word_1_521' title='bbox 1661 2577 1689 2604; x_wconf 87' lang='lat' dir='ltr'>et</span> <span class='ocrx_word' id='word_1_522' title='bbox 1716 2572 1745 2604; x_wconf 90' lang='lat' dir='ltr'>in</span> <span class='ocrx_word' id='word_1_523' title='bbox 1763 2571 1989 2605; x_wconf 82' lang='lat' dir='ltr'>remuneratio-</span> 
     </span>
     <span class='ocr_line' id='line_1_102' title="bbox 1248 2627 1988 2670; baseline -0.003 -11"><span class='ocrx_word' id='word_1_524' title='bbox 1248 2637 1318 2659; x_wconf 88' lang='lat' dir='ltr'>nem</span> <span class='ocrx_word' id='word_1_525' title='bbox 1343 2627 1486 2660; x_wconf 80' lang='lat' dir='ltr'>laborum</span> <span class='ocrx_word' id='word_1_526' title='bbox 1509 2631 1538 2659; x_wconf 84' lang='lat' dir='ltr'>et</span> <span class='ocrx_word' id='word_1_527' title='bbox 1555 2635 1688 2659; x_wconf 88' lang='lat' dir='ltr'>onerum</span> <span class='ocrx_word' id='word_1_528' title='bbox 1713 2634 1988 2670; x_wconf 86' lang='lat' dir='ltr'>quorumcumque</span> 
     </span>
    </p>
   </div>
   <div class='ocr_carea' id='block_1_14' title="bbox 1993 1357 2178 1410">
    <p class='ocr_par' dir='ltr' id='par_1_16' title="bbox 1993 1357 2178 1410">
     <span class='ocr_line' id='line_1_103' title="bbox 2067 1357 2178 1386; baseline -0.009 -8"><span class='ocrx_word' id='word_1_529' title='bbox 2067 1357 2178 1386; x_wconf 66' lang='lat' dir='ltr'>Clausulas</span> 
     </span>
     <span class='ocr_line' id='line_1_104' title="bbox 1993 1385 2172 1410; baseline -0.006 -5"><span class='ocrx_word' id='word_1_530' title='bbox 1993 1385 2172 1410; x_wconf 73' lang='lat' dir='ltr'>praeservativae.</span> 
     </span>
    </p>
   </div>
   <div class='ocr_carea' id='block_1_15' title="bbox 2238 0 2269 382">
    <p class='ocr_par' dir='ltr' id='par_1_17' title="bbox 2238 0 2269 382">
     <span class='ocr_line' id='line_1_105' title="bbox 2238 0 2269 382; baseline 0 2853"><span class='ocrx_word' id='word_1_531' title='bbox 2238 0 2269 382; x_wconf 95' lang='lat' dir='ltr'> </span> 
     </span>
    </p>
   </div>
  </div>
 </body>
</html>
