2269 3235
98 240 146 268 An.
168 239 197 266 c.
215 237 282 273 1625,

138 2262 210 2291 'Poena
227 2262 288 2283 nulli-

104 2290 153 2309 tatis
169 2292 236 2311 actus,

131 2633 250 2657 clausulae.

918 237 1060 261 URBANUS
1086 236 1142 260 vul
1166 236 1213 260 1¹1³.

297 285 504 325 monasteriis,
530 285 751 325 conventibus,
776 283 984 328 hospitalibus
1008 289 1038 317 et

297 337 457 380 quibusvis
479 337 743 377 universitatibus,
764 342 823 369 lam
843 337 1037 370 secularibus

296 401 390 434 quam
425 391 664 432 ecclesiasticis,
700 396 752 423 aut
785 390 1037 433 quibuscumque

297 443 375 484 aliis,
394 455 594 488 quocumque
614 444 740 477 nomine
758 454 793 476 ac
810 442 900 476 titulo
918 452 1038 475 nuncu-

298 497 387 540 patis,
412 503 442 529 et
465 497 702 541 quomodolibet
718 496 914 540 qualificatis,
929 496 959 528 in
976 496 1039 528 seu-

296 550 371 582 dum
387 550 433 583 vel
452 549 680 595 emphyteusim
694 549 876 590 concedere,
890 554 943 582 aut
957 549 1038 582 ultra

297 603 464 636 triennium
489 604 604 643 locare,
629 607 681 636 aut
697 602 926 643 concessiones,
950 602 1037 635 inve-

297 655 423 690 stituras
448 661 478 689 et
502 656 671 689 locationes
700 655 882 689 huiusmodi
906 661 978 700 post
1001 656 1038 687 fi-

297 709 395 742 nitum
420 709 546 742 illarum
571 714 696 753 tempus
721 709 768 741 vel
793 709 869 741 alias
897 708 1038 752 quando-

298 772 433 805 cumque
456 771 619 802 renovare,
644 772 818 805 prorogare
839 761 886 794 vel
902 761 940 794 de
956 771 1037 794 novo

296 814 409 855 faeere,
434 814 528 847 etiam
553 814 591 847 ad
612 814 752 848 favorem
770 814 1037 855 descendentium,

296 867 467 900 haeredum
492 868 541 901 vel
566 868 875 911 consanguineorum
897 867 1035 910 illorum,

296 920 349 964 qui
363 921 512 963 civitates,
528 925 628 954 terras
641 925 670 956 et
682 921 766 955 bona
778 921 1038 955 iurisdictionalia

296 974 456 1018 praedicta
480 975 683 1016 obtinuerint,
707 975 904 1020 possederint
920 975 968 1008 vel
985 986 1037 1008 oc-

297 1032 409 1071 cupata
433 1027 632 1070 detinuerint,
654 1028 747 1061 etiam
771 1028 884 1062 intuitu
910 1028 1038 1061 merito-

298 1091 379 1121 rum,
389 1081 511 1114 etiamsi
522 1082 741 1115 concessiones
755 1086 785 1114 et
794 1082 854 1114 alia
866 1081 1038 1126 praemissa

297 1133 329 1166 in
347 1134 532 1175 evidentem,
550 1134 647 1168 immo
669 1135 934 1168 evidentissimam
955 1134 1038 1169 utili-

298 1191 392 1219 tatem
426 1188 597 1229 ecelesiae,
629 1189 812 1221 monasterii
838 1189 886 1221 vel
911 1188 971 1221 loci
995 1188 1038 1232 pii

298 1240 427 1283 cedant,
454 1246 506 1273 aut
530 1242 798 1284 concessionibus,
824 1241 1038 1282 investituris,

297 1293 520 1335 locationibus,
547 1295 597 1327 vel
625 1295 750 1328 illarum
784 1294 1039 1328 renovationibus

297 1352 350 1379 aut
374 1347 652 1390 prorogationibus
676 1348 866 1389 consentire,
886 1352 939 1383 aut
955 1348 1039 1381 aliud

298 1399 428 1444 scripto,
453 1401 549 1434 verbo
576 1401 622 1434 vel
648 1401 708 1434 alio
733 1402 843 1445 quovis
861 1401 966 1442 modo,
982 1412 1040 1446 per

297 1463 390 1497 quem
416 1453 516 1487 dictae
541 1454 691 1496 civitates,
717 1459 818 1489 terrae
844 1460 874 1489 et
892 1456 976 1489 bona
993 1456 1040 1488 iu-

298 1507 524 1540 risdictionalia
547 1508 729 1542 huiusmodi
746 1509 785 1541 ad
801 1508 959 1550 ecclesias,
977 1519 1041 1541 mo-

298 1561 433 1594 nasteria
450 1566 480 1594 et
497 1562 566 1595 loca
589 1562 640 1606 pia
663 1562 834 1606 praedicta,
852 1562 916 1596 sive
929 1573 1039 1596 eorum

298 1615 465 1657 praelatos,
490 1615 682 1658 superiores,
706 1620 846 1648 rectores
868 1626 923 1648 seu
939 1615 1040 1648 admi-

298 1667 482 1700 nistratores
511 1677 575 1701 non
606 1672 824 1709 revertantur,
858 1667 979 1702 etiamsi
1010 1668 1041 1700 in

298 1721 467 1764 praedictis
493 1721 759 1763 concessionibus,
776 1722 977 1762 investituris,
994 1732 1042 1754 rc-

298 1774 530 1815 novationibus,
540 1775 819 1819 prorogationibus
833 1780 862 1808 et
875 1775 944 1808 aliis
954 1785 1042 1818 prae-

300 1827 403 1861 missis
419 1831 562 1862 nostrum
580 1832 609 1863 et
625 1828 713 1863 Sedis
730 1828 927 1872 Apostolicae
950 1828 1042 1861 bene-

300 1881 460 1925 placitum,
476 1882 569 1915 etiam
587 1893 659 1915 cum
676 1882 816 1915 clausula
830 1886 857 1915 et
872 1892 938 1915 non
954 1881 1041 1915 alitis

300 1934 398 1967 aliter
417 1945 472 1968 nec
492 1936 558 1969 alio
575 1935 679 1976 modo,
707 1940 904 1977 reservetur,
930 1939 959 1969 et
982 1935 1041 1968 nisi

300 1987 354 2021 illo
372 1988 403 2021 in
417 1989 670 2032 scriptistantum
687 1989 776 2033 prius
789 1989 929 2030 obtento,
939 1988 1041 2022 facere

301 2041 435 2076 audeant
447 2043 494 2075 vel
508 2048 719 2086 praesumant,
738 2043 821 2075 ultra
836 2042 912 2075 alias
924 2052 1042 2087 poenas

302 2106 358 2140 per
378 2096 544 2130 canonicas
561 2097 737 2130 sanctiones
762 2096 896 2140 desuper
913 2107 1044 2140 quomo-

302 2148 419 2182 dolibet
443 2149 586 2190 inflictas,
607 2149 748 2184 districte
773 2150 988 2183 interdicimus
1012 2154 1042 2183 et

303 2203 517 2245 prohibemus.

348 2255 362 2297 ἓ
385 2255 414 2288 3.
436 2257 472 2288 Et
488 2256 617 2300 insuper
636 2267 851 2301 quascumque
868 2257 1042 2290 concessio-

304 2316 369 2348 nes,
389 2307 603 2351 investituras,
627 2310 817 2352 locationes,
843 2311 891 2343 vel
916 2310 1041 2343 illarum

303 2361 540 2404 prorogationes
564 2368 594 2396 et
617 2364 843 2404 revocationes,
868 2375 946 2408 quas
966 2374 1041 2397 con-

303 2419 351 2446 tra
369 2415 581 2458 praesentium
597 2422 737 2451 tenorem
757 2428 958 2461 quocumque
978 2428 1042 2450 mo-

303 2467 343 2500 do
375 2471 406 2500 et
436 2469 545 2512 quovis
576 2474 718 2513 tempore
750 2470 819 2503 fieri
852 2470 1042 2513 contigerit,

302 2531 434 2563 prorsus
464 2521 564 2555 nullas
588 2527 617 2555 et
641 2522 753 2557 effectu
782 2524 910 2557 omnino
935 2533 1044 2557 carere

305 2573 437 2615 debere,

349 2630 364 2673 ξ
388 2630 417 2663 4.
444 2629 557 2675 Sieque
581 2630 613 2664 in
636 2632 819 2675 praemissis
843 2631 990 2666 omnibus
1015 2637 1045 2666 et

1712 226 1771 259 3801

1072 284 1203 327 singulis
1227 294 1284 327 por
1308 293 1523 327 quoscumque
1549 283 1667 315 iudices
1691 283 1812 315 ordina-

1072 337 1135 369 rios
1160 342 1190 370 et
1214 337 1384 379 delegatos,
1405 337 1498 369 etiam
1519 347 1683 369 causarum
1707 336 1811 379 palatii

1071 390 1235 433 apostolici
1264 390 1421 423 auditores
1446 395 1476 423 ct
1500 390 1639 423 eiusdem
1668 400 1812 422 camerae

1072 443 1261 485 apostolicae
1279 443 1509 476 thesaurarium
1531 448 1560 475 et
1581 443 1723 483 elericos,
1743 453 1813 474 nec-

1072 505 1134 527 non
1148 500 1272 528 sanctae
1286 496 1444 529 ltomanae
1454 497 1610 529 Ecclesiae
1628 495 1812 535 cardinales,

1072 547 1194 581 sublata
1218 548 1262 580 eis
1287 554 1316 581 ct
1340 559 1449 582 eorum
1476 550 1604 582 cuilibet
1628 549 1737 593 quiuis
1757 549 1813 581 ali-

1074 606 1119 633 tcr
1136 601 1293 635 iudicandi
1318 607 1348 634 et
1372 602 1598 646 'mtcrpretandi
1620 603 1763 636 facultate
1784 608 1812 635 ct

1072 654 1268 696 auctoritate,
1294 654 1424 688 iudicari
1450 660 1480 687 et
1500 656 1623 689 definiri
1641 656 1765 696 debere,
1784 662 1812 689 ct

1072 706 1220 750 quicquid
1239 718 1328 740 secus
1342 718 1436 751 super
1454 708 1501 740 liis
1522 719 1538 740 a
1554 720 1723 752 quoquam,
1742 720 1813 752 qua-

1073 759 1117 792 vis
1133 760 1328 801 auctoritate,
1343 761 1477 794 scienter
1495 762 1542 794 vel
1559 762 1751 804 ignoranter,
1772 768 1813 794 at-

1072 813 1184 845 tentari
1205 813 1382 856 eontigerit,
1400 814 1524 847 irritum
1543 819 1573 847 et
1597 814 1687 846 inane
1704 814 1814 847 decer³

1071 866 1175 899 nimus
1190 872 1221 899 et
1237 866 1443 900 declaramus.

1117 920 1131 964 g
1145 920 1174 953 5.
1192 921 1260 953 Non
1277 921 1472 954 obstantibus
1490 920 1682 964 praemissis,
1696 931 1731 953 ac
1745 930 1815 954 con-

1072 973 1285 1008 stitutionibus
1303 980 1333 1008 ct
1351 974 1601 1009 ordinationibus
1624 975 1814 1018 apostolicis,

1072 1027 1165 1059 etiam
1181 1027 1213 1060 in
1226 1039 1359 1072 corpore
1377 1027 1454 1061 iuris
1470 1027 1606 1068 insertis,
1620 1038 1656 1061 ac
1673 1028 1766 1061 etiam
1783 1028 1815 1060 in

1072 1080 1209 1113 savorem
1224 1092 1497 1125 quarumcumque
1514 1081 1728 1122 ecclesiarum,
1745 1092 1816 1125 pro-

1073 1133 1258 1175 vinciarum,
1272 1134 1443 1175 civitatum,
1458 1135 1707 1177 universitatum,
1723 1135 1813 1168 colle-

1073 1187 1209 1230 giorum,
1227 1189 1437 1233 capitulorum
1458 1194 1488 1222 et
1512 1189 1655 1223 locorum
1676 1189 1814 1232 piorum,

1073 1253 1247 1286 eorumque
1270 1252 1499 1286 personarum,
1527 1247 1621 1285 atque
1646 1241 1814 1281 ordinum,

1073 1301 1136 1328 tam
1161 1296 1417 1337 mendicantium,
1434 1306 1529 1339 quam
1547 1306 1609 1329 non
1635 1295 1815 1328 mendican—

1074 1349 1162 1390 tium,
1187 1349 1372 1382 militiarum
1393 1349 1485 1383 etiam
1506 1349 1535 1382 S.
1552 1349 1677 1382 Ioannis
1702 1349 1815 1381 Hiero-

1074 1402 1271 1447 solymitani,
1309 1412 1432 1436 necnon
1469 1401 1750 1445 congregationum
1787 1407 1815 1434 et

1074 1455 1259 1488 societatum
1289 1459 1319 1489 et
1350 1455 1486 1488 cuiusvis
1514 1455 1643 1488 alterius
1667 1455 1815 1496 instituti,

1074 1509 1168 1541 etiam
1190 1509 1379 1551 necessario,
1401 1514 1435 1542 ut
1454 1510 1642 1552 praefertur,
1659 1514 1688 1542 et
1708 1509 1817 1542 indivi-

1074 1561 1136 1595 duo
1169 1561 1376 1605 exprimendi,
1407 1572 1581 1605 eorumque
1612 1561 1817 1605 monasterio-

1075 1626 1156 1656 rum,
1171 1620 1382 1648 conventuum
1393 1620 1423 1647 et
1433 1615 1601 1648 domorum
1612 1607 1816 1658 regularium,

1075 1678 1198 1701 necnon
1222 1668 1349 1701 illorum
1367 1668 1475 1711 (etiam
1498 1668 1685 1708 iuramento,
1702 1668 1817 1701 confir-

1075 1722 1212 1755 matione
1240 1721 1430 1765 apostoliea,
1460 1722 1508 1754 vel
1536 1721 1645 1765 quavis
1670 1721 1817 1755 firmitate

1075 1775 1135 1809 alia
1160 1775 1331 1818 roboratis)
1355 1774 1476 1807 statutis
1494 1780 1523 1807 et
1541 1774 1818 1808 consuctudinibus

1075 1829 1170 1862 etiam
1194 1828 1514 1870 immemorabilibus,
1540 1828 1668 1861 indultis
1693 1839 1818 1872 quoque

1075 1887 1105 1915 et
1129 1882 1320 1926 privilegiis,
1345 1882 1402 1914 sub
1428 1882 1682 1926 quibuscumque
1708 1882 1819 1915 tenori-

1075 1936 1135 1968 bus
1160 1941 1190 1968 et
1214 1935 1344 1976 formis,
1370 1946 1405 1968 ac
1430 1946 1501 1968 cum
1532 1935 1694 1978 quibusvis
1724 1935 1818 1968 etiam

1075 1988 1348 2031 dcrogatoriarum
1370 1988 1590 2031 derogatoriis,
1607 1989 1737 2033 aliisque
1758 1989 1819 2021 effi-

1076 2042 1262 2084 cacioribus,
1283 2042 1508 2075 efficacissimis
1533 2047 1563 2075 et
1587 2042 1720 2075 insolitis
1737 2042 1819 2074 elau—

1076 2095 1171 2137 sulis,
1197 2095 1290 2128 etiam
1316 2095 1512 2129 irritantibus
1545 2095 1698 2136 decretis,
1724 2095 1818 2128 eliam

1077 2155 1163 2183 motu
1187 2149 1319 2193 proprio
1345 2154 1372 2182 et
1398 2160 1434 2182 ex
1460 2151 1544 2181 certa
1570 2149 1710 2189 scientia,
1727 2159 1763 2181 ac
1780 2148 1818 2181 de

1075 2203 1265 2246 apostolieae
1284 2202 1445 2246 potestatis
1462 2202 1664 2246 plenitudine,
1679 2207 1731 2234 aut
1743 2202 1819 2234 alias

1076 2255 1313 2299 quomodolibet
1338 2255 1493 2288 concessis
1518 2260 1546 2288 et
1567 2254 1685 2287 iteratis
1699 2255 1819 2287 vicibus

1076 2308 1259 2353 approbatis
1284 2313 1314 2341 et
1338 2308 1502 2341 innovatis.
1526 2308 1643 2347 Quibus
1672 2308 1822 2341 omnibus-

1077 2368 1106 2396 et
1123 2363 1265 2406 singulis,
1279 2362 1400 2395 etiamsi
1419 2363 1456 2395 de
1471 2362 1541 2403 illis,
1560 2372 1733 2405 eorumque
1747 2362 1819 2394 totis

1078 2417 1238 2450 tenoribus
1263 2417 1417 2460 specialis,
1438 2416 1585 2460 specifica
1609 2422 1640 2448 et
1661 2426 1818 2459 expressa,

1077 2481 1113 2503 ac
1126 2470 1295 2510 individua,
1313 2475 1342 2502 et
1359 2470 1397 2502 de
1417 2469 1514 2502 verbo
1534 2469 1573 2502 ad
1594 2469 1737 2510 verbum,
1754 2479 1818 2503 non

1077 2530 1180 2557 autem
1194 2535 1252 2568 per
1265 2524 1419 2557 clausulas
1433 2524 1594 2567 generales
1607 2523 1690 2557 idem
1704 2524 1820 2568 impor-

1078 2582 1187 2620 tantes,
1208 2578 1325 2610 mentio
1343 2588 1398 2610 seu
1422 2578 1550 2621 quaevis
1574 2577 1633 2611 alia
1657 2577 1818 2621 expressio

1078 2631 1222 2665 habenda
1248 2636 1299 2664 aut
1328 2631 1430 2674 aliqua
1458 2631 1517 2663 alia
1542 2631 1695 2675 exquisita
1720 2631 1819 2664 forma

1823 236 1871 261 Αιι.
1893 235 1920 261 C.
1940 235 2006 261 1625

1881 934 2012 953 ‹ib-tmuium

1830 961 1946 985 ‹lvi-agium.
