2269 3235
246 275 293 301 An.
310 275 339 301 C.
361 274 428 302 1623

246 549 275 568 υο
299 549 426 569 dictionibus

245 575 395 596 numerantium.

261 1078 291 1098 De
302 1083 426 1098 concurren—

244 1105 299 1124 tibus
315 1111 335 1124 iu
350 1105 408 1125 data.

271 2083 300 2103 De
324 2088 364 2103 non
388 2083 425 2103 int-

244 2110 305 2139 tendo
321 2110 352 2130 ius
364 2116 426 2136 quac-

244 2140 313 2156 ΕΙΙΙΙΠΙ.

474 263 519 300 6⁶2

446 325 601 364 valerent,
632 327 686 356 aut
714 323 805 356 ctiam
836 322 874 355 ad
904 321 935 355 id
965 333 1024 366 per
1050 321 1176 355 eosdem

444 377 701 421 praedecessores
735 376 842 409 vicarii
879 375 1022 419 perpetui
1060 375 1107 407 vel
1139 374 1176 408 ad

442 436 565 474 tempus
589 429 747 462 constituti
773 430 883 461 forent.
909 428 1086 461 Decernens
1110 427 1179 460 irri—

443 488 509 515 tum
525 488 555 515 et
572 483 672 522 inane,
694 486 752 514 etc.

486 536 536 568 16.
556 536 642 575 Item,
663 540 696 567 ut
720 535 751 567 in
775 535 954 578 apostolicis
973 534 1084 567 litteris
1097 545 1179 568 com-

442 587 583 620 mittendi
604 587 725 620 crimen
742 587 809 620 falsi
829 598 885 631 per
902 587 1036 631 amplius
1053 588 1179 621 tollatur

443 641 577 681 occasio,
602 640 699 673 voluit
722 644 752 674 et
776 640 940 681 ordinavit,
965 641 1048 684 quod
1073 641 1179 675 dictio-

442 704 497 726 nes
520 693 708 734 numerales,
726 704 806 738 quae
826 693 857 726 in
874 693 964 726 dictis
981 694 1091 727 litteris
1108 700 1178 727 ante

442 756 559 788 nonas,
584 746 654 779 idus
676 751 705 779 et
729 746 877 779 kalendas
901 746 1080 779 immediate
1103 747 1178 791 poni

441 804 681 840 consueverunt,
705 810 762 843 per
785 800 904 832 litteras
923 805 953 832 et
976 800 1180 844 syllabas-ex-

440 858 527 886 tense
548 853 774 895 describantur,
800 859 830 886 et
854 854 924 886 illae
949 864 985 886 ex
1011 853 1178 897 praedictis

442 906 562 947 litteris,
578 907 608 939 in
626 907 740 950 quibus
756 906 937 939 huiusmodi
954 906 1106 938 dictiones
1122 906 1178 938 ali-

442 966 490 993 ter
514 960 649 1004 scriptae
673 960 804 999 suerint,
828 960 866 992 ad
891 959 1058 991 bullariam
1083 959 1179 991 nulla-

442 1019 531 1046 tenus
550 1014 723 1046 mittantur.

485 1067 536 1100 i7.
560 1068 635 1100 Item
661 1066 773 1107 voluit,
798 1066 882 1110 quod
906 1066 943 1099 de
968 1065 1179 1099 concurrenti-

441 1121 498 1154 bus
515 1121 545 1153 in
562 1121 632 1153 data
649 1120 788 1153 eiusdem
801 1120 862 1153 diei
888 1130 984 1163 super
998 1119 1178 1153 vacantibus

441 1185 493 1207 seu
518 1180 604 1207 certo
629 1174 722 1207 modo
748 1173 903 1207 vacaturis
928 1173 1098 1213 beneficiis,
1124 1172 1177 1213 illi,

440 1228 553 1271 quibus
570 1228 689 1271 gratiae
705 1233 791 1261 motu
809 1227 939 1271 proprio
953 1227 1177 1267 conceduntur,

441 1280 553 1313 ceteris
566 1280 659 1313 simili
672 1280 765 1314 modo
779 1280 895 1323 gratias
904 1290 967 1313 non
979 1279 1177 1319 habentibus,

441 1332 515 1365 alias
532 1333 675 1375 graduati
691 1332 862 1375 graduatis,
879 1338 932 1365 aut
949 1333 1030 1366 inter
1047 1332 1178 1375 gradua-

441 1392 488 1420 tos
501 1385 598 1430 prius‘
612 1387 766 1429 graduati,
779 1397 816 1419 ac
829 1387 909 1420 inter
923 1386 1095 1430 aequaliter
1111 1397 1178 1430 gra-

440 1440 550 1472 duatos
578 1440 666 1484 prius
697 1439 858 1483 graduafi,
883 1450 1005 1473 necnon
1036 1440 1177 1474 colorato

441 1493 530 1526 titulo
553 1504 750 1537 possessores
775 1503 838 1526 non
862 1493 1097 1537 possessoribus
1111 1520 1118 1533 ,
1142 1504 1177 1525 ac

439 1546 521 1580 inter
544 1557 694 1590 personas
718 1547 793 1579 alias
823 1546 854 1578 in
879 1546 966 1579 curia
997 1552 1177 1590 praesentes

440 1599 619 1632 absentibus
644 1599 682 1632 ab
702 1602 749 1640 ea,
767 1610 802 1632 ac
820 1599 902 1632 inter
918 1603 1098 1643 praesentes
1114 1610 1177 1632 nou

440 1652 615 1686 beneficiati
639 1653 847 1693 beneficiatis,
873 1658 902 1686 et
927 1653 1072 1685 similiter
1097 1653 1178 1686 inter

441 1705 601 1746 absentes,
627 1705 739 1738 ceteris
762 1706 908 1749 paribus,
932 1705 1084 1738 oriundus
1114 1716 1177 1739 non

441 1758 585 1799 oriundo,
610 1764 640 1792 et
663 1759 866 1792 dioecesanus
891 1769 953 1792 non
973 1759 1175 1799 dioecesano3

442 1811 472 1844 in
495 1812 625 1855 reliquis
648 1823 723 1845 vero
748 1812 889 1855 singulis,
914 1812 967 1856 qui
992 1812 1079 1856 prius
1104 1823 1177 1856 apo-

441 1865 565 1898 stolicas
581 1865 716 1909 desuper
732 1865 850 1898 litteras
874 1876 985 1898 eorum
1010 1872 1177 1909 exequuto-

441 1917 528 1950 ribus
539 1918 817 1962 praesentaverint,
830 1918 909 1959 aliis,
927 1919 957 1951 in
972 1919 1123 1963 ipsorum,
1139 1920 1175 1953 de

440 1970 554 2014 quibus
585 1971 634 2013 agi
660 1971 834 2014 contigerit,
848 1971 1073 2005 beneficiorum
1098 1984 1177 2006 asse-

441 2024 591 2067 quutione
608 2025 835 2067 praeferantur.

485 2076 535 2109 118.
552 2078 639 2118 item,
653 2089 700 2119 ne,
718 2089 774 2122 per
792 2079 892 2112 varias
910 2091 1000 2123 quae,
1017 2091 1076 2124 pro
1094 2091 1176 2113 com-

441 2130 641 2163 missionibus
672 2142 726 2164 scu
755 2132 907 2165 mandatis
939 2138 969 2165 et
997 2133 1177 2166 declarati0-

441 2181 533 2214 nibus
551 2182 701 2216 habendis
722 2183 751 2215 in
769 2184 871 2216 causis
887 2184 1074 2227 plerumque
1098 2184 1176 2216 flunt
1191 2197 1193 2230 g

441 2236 670 2277 suggestiones,
696 2236 811 2269 iustitia
843 2241 1068 2281 postponatur,
1093 2237 1174 2270 idem

442 2288 471 2320 I).
492 2289 523 2320 ““-.’.
541 2289 678 2321 decrevit
698 2295 727 2322 et
751 2289 920 2323 declaravit
944 2301 1017 2323 suae
1035 2291 1177 2324 intentio-

439 2341 486 2372 nis
502 2341 579 2381 sore,
596 2342 680 2385 quod
704 2342 851 2386 deinceps
873 2354 930 2387 per
945 2354 1176 2388 quamcumque

440 2398 650 2435 signaturam,
675 2406 730 2428 seu
753 2396 1005 2439 concessionem,
1033 2402 1086 2430 aut
1109 2408 1176 2438 gra—

442 2457 524 2486 nam,
541 2448 589 2480 vel
608 2448 728 2481 litteras
744 2449 941 2492 apostolicas,
955 2460 1014 2493 pro
1032 2451 1176 2483 commis-
1191 2469 1193 2481 ι

440 2500 596 2541 sionibus,
632 2512 686 2534 seu
716 2502 887 2544 mandatis,
912 2509 965 2536 aut
996 2503 1176 2538 declaratio-

440 2553 531 2586 nibus
554 2554 753 2597 huiusmodi,
778 2557 900 2589 etiamsi
925 2562 1012 2590 motu
1035 2558 1175 2601 proprio,

441 2617 477 2640 cx
502 2609 586 2641 certa
610 2609 753 2649 seientia,
783 2621 818 2643 ac
842 2611 935 2644 etiam
963 2616 1034 2644 ante
1059 2618 1175 2646 motam

478 2672 487 2698 1
507 2670 605 2699 Forsan
619 2671 761 2708 legendum
778 2674 870 2707 maqis
885 2674 924 2701 vel
940 2675 1063 2703 maiores
1075 2675 1113 2709 (n.
1127 2675 1174 2705 ¹11).

1025 271 1203 297 BULLAtuUM
1230 269 1383 298 nOMANUM

1967 268 2015 297 Ᾰη.
2031 269 2061 303 Γ(ἱ.
2081 267 2151 298 1623

1210 322 1306 364 litem,
1331 332 1348 354 a
1372 320 1537 355 Sanctitate
1562 318 1623 353 Sua
1647 316 1877 360 emanaverint,
1903 320 1949 352 vel

1211 375 1249 408 de
1273 375 1340 408 eius
1364 374 1510 407 mandato
1534 372 1701 414 faciendas,
1720 373 1797 405 nulli
1816 373 1865 406 ius
1890 373 1950 406 sibi

1211 427 1386 471 quaesitum
1411 426 1647 471 quomodolibet
1670 426 1807 459 tollatur.

1256 481 1306 514 49.
1332 482 1409 515 Item
1434 480 1540 521 voluit,
1559 479 1653 523 quod,
1675 479 1698 511 si
1724 478 1794 522 quis
1819 478 1851 511 in
1868 478 1951 511 infir·
1981 491 2065 522 ⁴nagan
2081 491 2106 512 a«,
2123 497 2150 511 v.-

1213 534 1319 567 mitate
1354 534 1541 567 constitutus
1578 531 1783 575 resignaverit
1825 530 1951 574 aliquod
1967 521 2026 545 3¹⁰⁰·

1212 587 1409 627 beneficium,
1428 588 1493 620 sive
1510 587 1703 631 simpliciter,
1721 586 1784 618 sive
1805 595 1840 618 ex
1859 586 1951 618 causa

1212 640 1462 683 permutationis,
1482 640 1530 672 vel
1551 640 1626 672 alias
1651 637 1816 679 dimiserit,
1842 643 1895 670 aut
1919 637 1951 670 il-

1212 694 1272 726 lius
1289 693 1494 726 commendae
1513 693 1652 733 cesserit,
1671 702 1726 725 seu
1742 692 1839 735 ipsius
1855 691 1950 724 bene-

1212 747 1274 780 ficii
1291 747 1416 780 unionis
1432 746 1630 780 dissolutioni
1647 745 1849 785 consenserit,
1857 744 1949 777 etiam

1213 801 1320 843 vigore
1336 799 1584 845 supplicationis,
1602 800 1677 833 dum
1694 804 1775 833 esset
1792 808 1896 838 sanus,
1913 797 1951 830 si-

1213 858 1333 896 gnatae,
1345 858 1374 887 et
1387 858 1504 897 postea,
1515 853 1595 886 infra
1605 853 1715 896 viginti
1729 852 1794 885 dies
1803 862 1822 885 a
1834 851 1884 884 die
1894 861 1951 895 per

1213 906 1316 949 ipsum
1344 906 1555 948 resignantem
1580 905 1759 950 praestandi
1780 914 1951 939 consensus

1212 959 1448 1002 computandos,
1466 959 1504 991 de
1520 959 1590 1002 ipsa
1613 959 1795 993 infirmitate
1814 958 1952 991 decesse-

1213 1011 1261 1051 rit,
1276 1017 1305 1044 et
1319 1011 1421 1055 ipsum
1436 1012 1623 1044 beneficium
1641 1012 1751 1055 quavis
1768 1011 1951 1045 auctoritate

1212 1065 1392 1098 conseratur
1406 1075 1462 1108 per
1486 1065 1732 1108 resignationem
1759 1066 1803 1098 sic
1827 1065 1951 1105 saetam,

1212 1118 1337 1152 collatio
1369 1118 1550 1151 huiusmodi
1583 1118 1622 1151 sit
1651 1119 1753 1159 nulla,
1785 1119 1952 1162 ipsumque

1194 1171 1399 1203 *beneficium
1423 1170 1630 1204 nihilominus
1654 1182 1711 1215 per
1735 1171 1857 1204 obitum
1881 1181 1952 1205 cen-

1213 1230 1318 1257 seatur
1337 1235 1458 1258 vacare.

1256 1278 1307 1311 ⁶20.
1333 1278 1410 1311 Item
1435 1278 1542 1319 voluit,
1559 1278 1644 1322 quod
1667 1278 1693 1311 si
1718 1279 1887 1321 contingat,
1905 1278 1952 1323 ip·
1994 1288 2023 1309 oe
2042 1288 2148 1309 nioman.

1212 1341 1281 1363 sum
1305 1331 1398 1364 alicui
1422 1341 1576 1375 personae
1596 1331 1635 1364 de
1659 1331 1832 1375 parochiali
1857 1331 1952 1365 eccle-

1212 1384 1258 1416 sia
1282 1385 1330 1416 vel
1355 1384 1466 1428 quovis
1500 1384 1561 1417 alio
1586 1384 1740 1418 beneficio
1765 1385 1950 1418 exercitium

1211 1448 1306 1471 curae
1329 1439 1506 1471 animarum
1531 1438 1798 1482 parochianorum
1823 1449 1953 1483 quomo-

1210 1491 1329 1525 dolibet
1352 1491 1497 1533 habente,
1517 1492 1696 1536 providere,
1715 1493 1775 1525 nisi
1799 1493 1867 1537 ipsa
1886 1503 1954 1536 per-

1211 1555 1288 1578 sona
1312 1544 1465 1588 intelligat
1479 1550 1509 1578 et
1526 1545 1765 1588 intelligibiliter
1777 1545 1863 1589 loqui
1878 1546 1954 1580 sciat

1211 1597 1328 1631 idioma
1351 1598 1422 1639 loci,
1447 1598 1500 1631 ubi
1525 1592 1658 1632 ecclesia
1691 1599 1738 1631 vel
1763 1598 1954 1632 beneficium

1211 1652 1391 1685 huiusmodi
1417 1653 1568 1691 consistit,
1585 1652 1735 1696 provisio,
1757 1663 1812 1685 seu
1829 1652 1954 1685 manda-

1211 1710 1276 1738 tum
1302 1710 1332 1738 et
1356 1706 1456 1748 gratia
1489 1705 1634 1749 desuper,
1660 1705 1763 1749 quoad
1790 1705 1954 1749 parochia-

1211 1759 1271 1791 lem
1290 1759 1453 1792 ecclesiam
1471 1760 1519 1791 vel
1544 1758 1734 1792 beneficium
1760 1759 1951 1799 huiusmodi,

1210 1812 1325 1845 nullius
1343 1812 1401 1845 sint
1418 1812 1553 1852 roboris,
1571 1812 1618 1845 vel
1639 1811 1799 1845 momenti.

1254 1865 1305 1899 021.
1331 1866 1407 1898 Item
1433 1865 1457 1898 si
1483 1866 1552 1909 quis
1577 1865 1802 1909 supplicaverit
1827 1865 1886 1898 sibi
1911 1866 1951 1899 de
1988 1876 2023 1913 ‘ne
2035 1882 2074 1897 non
2086 1876 2150 1902 impo-

1210 1919 1365 1952 beneficio
1375 1930 1574 1963 quocumque
1585 1924 1744 1963 tamquam
1760 1929 1818 1963 per
1831 1919 1949 1952 obitum
1966 1903 2151 1977 ἶοὶἶιὲἶῗρξὲῑὲἷῗ-

1210 1973 1352 2013 alicuius,
1377 1972 1449 2006 licet
1473 1978 1546 2006 tunc
1571 1972 1712 2013 viventis,
1730 1977 1858 2007 vacante
1882 1983 1952 2016 pro
2013 1977 2018 1982 '
2139 1971 2142 1975 ’

1210 2026 1319 2066 videri,
1344 2031 1371 2059 et
1398 2031 1510 2069 postea
1533 2037 1590 2070 per
1619 2026 1741 2059 obitum
1761 2026 1828 2060 eius
1853 2033 1950 2067 vacet,

1191 2080 1348 2122 {provisio
1369 2085 1399 2112 et
1422 2079 1550 2123 quaevis
1575 2080 1740 2123 dispositio
1775 2079 1858 2113 dicto
1883 2091 1952 2123 sup-

1210 2133 1336 2175 plic-anti
1373 2144 1429 2177 per
1470 2133 1592 2167 obitum
1631 2133 1811 2167 huiusmodi
1847 2133 1951 2166 denuo

1211 2186 1351 2219 facienda
1374 2187 1491 2219 nullius
1511 2187 1549 2220 sit
1569 2187 1694 2220 roboris
1711 2187 1759 2220 vel
1788 2187 1949 2220 momenti.

1254 2239 1303 2272 ⁶22.
1324 2240 1399 2273 Item
1424 2240 1531 2281 voluit,
1548 2240 1632 2284 quod
1646 2245 1787 2284 petentes
1799 2240 1951 2274 beneficia
1967 2247 2150 2296 etgglgffiffibgj

1210 2293 1419 2327 ecclesiastica
1444 2294 1512 2326 aliis
1536 2294 1630 2334 uniri,
1659 2297 1822 2328 teneantur
1851 2294 1952 2338 expri-
1967 2302 2092 2323 “rumunne-

1210 2357 1295 2379 merc
1320 2357 1428 2380 verum
1453 2357 1592 2380 annuum
1614 2347 1752 2380 valorem
1777 2347 1950 2381 secundum

1210 2409 1410 2433 communem
1435 2400 1684 2434 aestimationem
1714 2405 1777 2433 tam
1806 2400 1950 2434 beneficii

1209 2452 1353 2493 uniendi,
1378 2464 1472 2496 quam
1503 2454 1607 2494 illius,
1633 2454 1683 2487 cui
1707 2453 1791 2487 uniri
1816 2454 1950 2497 petitur,

1210 2505 1349 2549 alioquin
1374 2507 1448 2540 unio
1472 2517 1534 2540 non
1560 2508 1679 2550 valeat,
1708 2513 1738 2540 et
1767 2518 1892 2552 semper
1920 2507 1950 2539 in

1210 2559 1378 2593 unionibus
1392 2561 1571 2594 commissio
1585 2561 1638 2593 ssat
1652 2561 1689 2594 ad
1706 2567 1820 2605 partes,
1835 2562 1951 2595 vocatis

1210 2623 1348 2656 quorum
1373 2613 1510 2654 interest,
1529 2620 1558 2647 et
1575 2614 1658 2647 idem
1674 2615 1773 2649 voluit
1790 2615 1950 2649 observari

1211 2666 1241 2699 iu
1274 2667 1435 2711 quibusvis
1465 2668 1765 2711 supplicationibus,
1789 2670 1951 2713 perpetuis
