2269 3235
245 269 425 298 An.c.1625
470 260 534 294 5³12

443 318 532 351 candi
557 323 586 351 et
611 316 835 362 interpretandi
854 316 998 350 facultate
1023 321 1051 349 et
1077 320 1182 349 aucto-

442 371 543 411 ritate,
569 371 699 403 iudicari
720 375 747 402 et
767 369 889 402 deliniri
914 369 1044 409 bebere,
1062 379 1097 402 ac
1115 368 1183 402 irri-

444 429 508 457 tum
526 429 556 457 et
576 424 665 456 inane
683 422 835 466 quidquid
856 433 945 455 secus
970 432 1064 466 super
1092 422 1140 455 his
1165 433 1182 455 a

442 475 730 521 quoquam‚quai=·is
754 475 949 518 auctoritate,
976 475 1110 508 scienter
1133 476 1182 509 vel

441 530 634 573 ignoranter,
649 528 815 571 contigerit
840 528 994 561 attentari.
1013 529 1050 561 Et
1073 528 1183 561 nihilo-

443 582 555 623 minus,
572 587 606 615 ut
629 582 797 615 electiones
821 581 977 625 generalis
1002 587 1032 614 et
1047 582 1181 615 aliorum

441 640 601 669 rectorum
625 634 859 679 praedictorum
884 635 982 668 libere
1011 640 1041 667 et
1064 645 1178 668 secun-

441 688 514 722 dum
539 687 777 722 constitutiones
794 687 991 732 supradictae
1009 687 1183 731 Congrega-

442 743 554 784 tionis,
578 747 613 776 ut
644 743 843 787 praefertur,
868 742 965 783 siant,
990 742 1074 786 quod
1097 742 1182 774 nulla

439 806 574 841 persona
599 801 661 829 tam
686 796 897 830 ecclesiastica
917 797 1129 840 (quacumque
1150 806 1182 828 e-

441 850 515 884 tiam
535 850 715 894 episcopali,
736 849 996 894 archiepiscopali
1021 854 1051 882 et
1070 848 1182 881 maiori

440 903 600 946 dignitate,
615 907 644 937 et
657 912 856 946 quacumque
869 905 1020 946 potestate
1034 901 1182 945 fungens)

439 967 533 1000 quam
557 956 706 989 secularis
729 955 835 998 (etiam
855 954 998 998 quamvis
1022 954 1181 995 eminenti,

439 1015 469 1042 et
492 1010 585 1043 etiam
611 1008 738 1052 speciali
758 1010 831 1042 nota
856 1008 961 1051 digna,
979 1012 1133 1051 potestate
1153 1012 1183 1040 et

439 1062 589 1105 dignitate
602 1061 817 1105 praefulgens)
827 1060 947 1104 aliquos
958 1060 1098 1093 eiusdem
1108 1059 1184 1093 Con-⁷

439 1114 631 1158 gregationis
656 1114 834 1154 canonicos,
858 1118 893 1146 ut
912 1124 948 1146 ex
969 1113 1030 1146 illis
1046 1123 1127 1146 unus
1151 1113 1182 1146 in

439 1168 630 1212 generalem,
643 1168 691 1201 vel
707 1167 759 1200 alii
776 1168 807 1200 in
824 1167 1064 1211 particularium
1079 1177 1183 1200 mona-

439 1221 607 1255 steriorum
619 1221 823 1262 rectores,vel
835 1221 1183 1265 superiores,quocum·

439 1286 499 1320 que
523 1275 650 1309 nomine
674 1278 880 1318 nuncupatos,
899 1274 1066 1318 eligantur,
1084 1274 1182 1307 nomi-

440 1339 514 1362 nare
540 1329 587 1361 vel
611 1333 834 1372 praesentare,
859 1333 909 1360 aut
935 1338 1061 1371 quoquo
1086 1327 1181 1361 modo

439 1392 631 1427 proponere,
656 1382 703 1414 vel
735 1381 921 1425 quorumvis
954 1381 1181 1414 canonicorum

441 1435 590 1479 suffragia
613 1441 643 1468 et
668 1440 739 1468 vota
762 1435 800 1467 ad
825 1435 966 1475 alicuius,
991 1435 1038 1468 vel
1064 1435 1182 1478 aliquo-

440 1499 511 1522 rum
528 1488 762 1529 canonicorum,
780 1488 872 1520 etiam
886 1488 1070 1531 quorumvis
1086 1487 1181 1521 bene-

441 1542 644 1583 meritorum,
670 1546 699 1576 et
723 1541 837 1574 talibus
861 1541 971 1574 officiis
997 1541 1200 1584 dignorum„

442 1597 578 1629 savorem
596 1607 652 1640 per
669 1606 701 1629 se
715 1595 828 1640 ipsum,
846 1595 893 1628 vel
911 1605 967 1639 per
983 1595 1113 1638 litteras,
1131 1600 1183 1630 aut

443 1650 640 1693 interpositas
656 1660 807 1693 personas
824 1649 1000 1693 exquirere,
1010 1649 1181 1690 sollicitari,

442 1703 570 1735 donisve
601 1708 655 1735 aut
683 1702 946 1746 promissionibus
977 1713 1181 1747 corrumpere

442 1755 573 1797 valeant,
597 1756 650 1789 sed
675 1756 807 1799 singulis
830 1756 958 1789 omnino
982 1755 1118 1788 liberum
1143 1757 1182 1788 sit

442 1814 549 1842 votum
569 1813 599 1841 et
618 1808 803 1852 suffragium
824 1820 916 1842 suum
932 1809 970 1841 ad
987 1819 1070 1850 eum,
1087 1820 1181 1853 quem

442 1863 502 1908 ipsi
515 1862 687 1896 secundum
700 1863 799 1896 Deum
810 1867 839 1895 et
853 1862 1076 1896 conscientiam
1093 1873 1181 1895 suam

442 1917 480 1950 ad
493 1917 592 1961 ipsius
604 1916 862 1960 Congregationis
876 1916 1020 1959 regimen
1033 1916 1180 1950 idoneum

443 1981 510 2005 esse
534 1970 761 2011 iudicaverint,
787 1970 882 2003 dare:
908 1970 1080 2014 capitulum
1106 1981 1180 2004 vero

442 2025 588 2069 generale
601 2024 699 2069 ipsius
712 2023 971 2067 Congregationis
984 2029 1128 2068 tempore
1140 2025 1180 2057 ab

443 2078 538 2123 ipsius
547 2077 805 2120 Congregationis
814 2076 1089 2110 constitutionibus
1096 2087 1182 2121 prae-

442 2132 568 2176 scripto,
588 2131 648 2164 nisi
666 2131 698 2164 in
714 2130 914 2175 praecedenti
934 2131 1071 2175 capitulo
1087 2141 1181 2174 gene-

443 2186 499 2219 rali
523 2185 563 2219 oh
588 2185 725 2229 aliquam
742 2185 857 2218 iustam
882 2195 1009 2218 causam
1033 2185 1123 2219 aliter
1140 2185 1183 2218 di-

442 2240 596 2284 spositum
621 2239 726 2280 suerit,
743 2249 866 2283 semper
891 2238 1044 2272 celebrari
1061 2238 1182 2280 debeat,

441 2305 498 2327 nec·
522 2293 561 2326 ab
585 2293 689 2337 aliqua
713 2294 866 2337 persona,
890 2292 1002 2334 etiam,
1028 2297 1062 2326 ut
1091 2303 1182 2337 prae-

444 2349 550 2388 fertur,
566 2346 753 2391 qualismata,
767 2346 851 2379 aliud
868 2351 992 2390 tempus
1008 2346 1182 2390 praescribi

444 2401 552 2441 valeat,
567 2401 613 2433 vel
627 2399 858 2444 praescriptum
873 2399 1010 2432 differri:
1025 2399 1182 2444 quodque,

446 2454 528 2486 iuxta
548 2453 644 2487 felicis
662 2453 890 2486 recordationis
908 2453 1041 2497 Eugenii
1057 2453 1095 2486 IV
1112 2463 1185 2487 con-

448 2507 649 2547 stitutionem,
663 2505 803 2540 canonic-i
821 2506 937 2549 eligant
955 2517 990 2539 ex
1005 2506 1182 2550 Congrega-

447 2560 530 2594 tione
560 2569 658 2592 unum
689 2560 719 2592 in
752 2559 928 2604 praesidem
961 2560 1105 2604 capituli,
1130 2560 1184 2604 qui

448 2613 580 2646 durante
605 2612 740 2656 capitulo
760 2613 791 2645 in
815 2623 852 2646 eo
877 2613 1026 2653 resideat;
1053 2623 1110 2646 nec
1127 2613 1184 2646 ali-

448 2666 518 2710 quis
542 2676 739 2710 quacumque
770 2666 920 2710 dignitate
949 2672 978 2700 et
1002 2666 1185 2701 auctoritate

1018 267 1197 293 BULLMUUM
1221 266 1375 292 ROMANUM

1215 316 1338 359 fulgens
1358 315 1460 349 eidem
1485 315 1622 360 capitulo
1645 326 1808 360 praeesse,
1833 318 1881 351 vel
1906 317 1953 351 in-

1216 374 1332 402 teresse
1356 369 1463 414 possit,
1479 369 1538 402 nisi
1559 369 1596 402 de
1616 369 1743 413 speciali
1766 374 1884 412 nostro,
1901 375 1954 404 aut

1216 422 1303 455 Sedis
1327 422 1525 466 Apostolicae
1549 423 1711 464 mandat03
1731 428 1762 456 et
1785 424 1879 468 quod,
1897 430 1954 458 sta-

1216 475 1271 508 tim
1296 481 1389 519 atque
1413 476 1545 520 praelati
1569 476 1670 510 dictae
1687 476 1954 520 Congregationis,

1216 534 1249 561 ut
1272 529 1458 572 praefertur,
1484 529 1625 562 canonici
1656 529 1739 562 iuxta
1763 530 1956 565 constitutio-

1216 591 1270 614 nes
1302 587 1332 614 et
1363 582 1489 615 decreta
1517 582 1678 626 praedicta
1708 582 1798 616 electi
1828 583 1955 626 suerint,

1216 634 1326 667 electio
1350 635 1430 668 saeta
1447 645 1464 668 a
1481 635 1718 677 scrutatoribus,
1735 635 1820 670 iuxta
1844 637 1957 670 consti-

1217 687 1369 721 tutionem
1386 688 1485 721 felicis
1505 688 1733 722 recordationis
1750 689 1883 732 Eugenii
1902 690 1956 723 Pa-

1216 751 1274 784 pae
1306 742 1344 774 IV
1375 742 1628 786 praedecessoris
1661 743 1761 777 nostri
1794 743 1826 776 in
1855 743 1955 788 ipsius

1215 792 1472 836 Congregationis
1488 795 1609 828 statutis
1622 794 1771 829 insertam
1785 799 1815 829 et
1831 806 1956 840 semper

1216 845 1435 888 observatam,
1460 847 1548 880 cuius
1573 852 1715 882 tenorem
1738 849 1956 892 praesentibus

1216 908 1275 942 pro
1292 909 1441 942 expresso
1452 900 1616 942 habemus,
1629 901 1809 945 publicetur
1815 913 1823 943 ;
1834 903 1956 947 ipsique

1215 951 1347 994 praelati
1364 952 1453 985 electi
1467 953 1571 986 statim
1584 954 1696 996 officia,
1714 955 1752 988 ad
1769 966 1848 999 quae
1865 956 1955 990 electi

1216 1009 1297 1045 sunt,
1312 1005 1482 1048 gubernari
1497 1006 1657 1051 incipiant,
1667 1018 1725 1041 nec
1737 1009 1807 1042 talis
1818 1009 1956 1053 publica-

1217 1057 1259 1091 tio
1282 1058 1495 1102 praelatorum
1519 1070 1577 1103 per
1601 1070 1833 1105 quamcumque
1851 1072 1957 1106 perso-

1216 1120 1299 1152 nam,
1317 1111 1421 1152 etiam,
1439 1117 1473 1145 ut
1495 1113 1717 1156 praemittitur,
1734 1113 1956 1157 qualificatam,

1216 1164 1327 1208 quovis
1344 1165 1487 1208 quaesito
1507 1165 1613 1199 colore
1638 1166 1686 1199 vel
1710 1170 1874 1210 praetextu
1897 1167 1956 1201 im-

1216 1217 1316 1260 pediri
1348 1219 1394 1250 vel
1427 1218 1547 1252 differri
1580 1219 1693 1263 possit,
1719 1220 1903 1254 auctoritate
1927 1227 1957 1255 et

1216 1276 1324 1303 tenore
1348 1271 1517 1315 praedictis
1542 1277 1697 1316 perpetuo
1729 1273 1895 1307 statuimus
1927 1278 1957 1309 et

1216 1324 1412 1364 ordinamus;
1427 1335 1473 1365 ac,
1487 1330 1521 1358 ut
1535 1336 1689 1369 personae
1705 1326 1885 1370 praedictae
1898 1328 1957 1360 suf—

1215 1377 1314 1420 fragia
1338 1378 1493 1411 vocalium
1518 1389 1645 1423 quoquo
1669 1379 1784 1421 modo,
1810 1386 1843 1413 ut
1865 1391 1956 1424 prae-

1217 1431 1324 1472 fertur,
1337 1431 1550 1473 sollicitantes,
1564 1438 1616 1465 aut
1632 1443 1837 1477 corrumpere
1846 1445 1958 1478 procu-

1216 1489 1329 1525 rantes,
1347 1484 1533 1528 privationis
1554 1486 1696 1518 omnium
1720 1486 1897 1520 officiorum
1921 1498 1957 1521 ac

1215 1537 1442 1571 beneficiorum
1460 1548 1539 1582 quae
1556 1539 1708 1581 obtinent,
1733 1544 1762 1572 et
1782 1540 1958 1574 inhabilita-

1217 1591 1254 1624 tis
1271 1591 1309 1625 ad
1326 1592 1386 1625 alia
1399 1592 1578 1634 obtinenda,
1590 1603 1648 1626 nec
1663 1603 1725 1627 non
1743 1594 1957 1638 suspensionis

1216 1655 1231 1677 a
1245 1645 1367 1687 divinis,
1382 1646 1406 1679 si
1424 1646 1653 1680 ecclesiasticae
1666 1657 1818 1691 personae
1830 1647 1956 1690 fuerint,

1216 1708 1359 1742 poenam,
1384 1709 1401 1731 a
1425 1710 1486 1743 qua
1510 1699 1569 1732 nisi
1594 1710 1650 1744 per
1674 1701 1852 1734 Romanum
1876 1702 1956 1735 Pon-

1216 1752 1332 1785 tificem
1356 1753 1475 1786 absolvi
1500 1754 1642 1794 valeant,
1667 1765 1704 1788 eo
1728 1755 1814 1798 ipso,
1839 1755 1957 1800 absque

1216 1806 1275 1839 alia
1300 1807 1522 1848 declaratione,
1539 1807 1718 1849 incurrant,
1739 1809 1903 1843 statuimus
1928 1815 1958 1843 et

1216 1860 1430 1894 decernimus:
1456 1864 1486 1895 et
1509 1861 1647 1906 insuper,
1672 1862 1756 1906 quod
1781 1863 1957 1898 visitatores

1215 1914 1316 1947 dictae
1346 1914 1605 1958 Congregationis
1634 1916 1754 1960 pariter
1784 1916 1817 1949 in
1846 1917 1957 1951 eodem

1215 1968 1353 2011 capitulo
1378 1968 1569 2012 deputentur
1600 1970 1742 2004 canonici
1772 1970 1856 2004 illius
1871 1997 1879 2012 ,
1903 1971 1956 2016 qui

1216 2021 1292 2054 alias
1316 2021 1354 2054 ad
1379 2021 1440 2055 boc
1464 2021 1568 2055 idonei
1585 2022 1702 2056 suerint
1724 2023 1810 2057 iuxta
1835 2034 1956 2058 earum-

1216 2074 1287 2107 dem
1321 2075 1582 2109 constitutionum
1618 2076 1757 2117 seriem;
1785 2087 1844 2111 nec
1878 2077 1957 2111 alius

1215 2129 1393 2173 quisquam,
1410 2130 1519 2174 quavis
1538 2130 1657 2175 pariter
1678 2130 1828 2174 dignitate
1851 2136 1882 2164 et
1901 2141 1956 2165 au-

1216 2183 1359 2216 ctoritate
1379 2183 1517 2226 fulgens,
1541 2184 1602 2217 nisi
1625 2184 1744 2228 pariter
1768 2183 1806 2218 de
1830 2185 1956 2229 speciali

1216 2241 1324 2269 nostro
1349 2242 1377 2269 et
1402 2237 1490 2271 Sedis
1511 2237 1709 2281 Apostolicae
1733 2238 1889 2280 mandato,
1906 2238 1956 2283 ip-

1216 2299 1281 2321 sam
1306 2289 1588 2333 Congregationem
1612 2290 1737 2325 visitare
1762 2291 1870 2335 possit.
1888 2292 1957 2325 Non

1217 2343 1412 2377 obstantibus
1436 2343 1688 2388 quibuscumque
1717 2345 1898 2389 apostolicis
1921 2356 1957 2379 ac

1217 2396 1247 2429 in
1271 2396 1516 2441 provincialibus
1541 2402 1570 2430 et
1594 2397 1796 2442 synodalibus
1817 2398 1958 2432 conciliis

1217 2450 1307 2483 editis
1331 2450 1531 2494 generalibus
1555 2452 1602 2484 vel
1630 2452 1817 2496 specialibus
1841 2452 1957 2486 consti-

1218 2503 1391 2538 tutionibus
1405 2509 1433 2537 et
1451 2504 1709 2546 ordinationibus,
1723 2515 1758 2538 ac
1774 2505 1956 2550 privilegiis,

1219 2557 1345 2590 indultis
1362 2562 1392 2591 et
1411 2557 1523 2592 litteris
1547 2558 1739 2602 apostolicis,
1756 2558 1958 2602 quibuscum-

1219 2622 1279 2654 que
1292 2612 1437 2656 personis
1454 2612 1485 2645 in
1500 2612 1694 2646 contrarium
1712 2612 1957 2656 praemissorum

1219 2665 1455 2711 quomodolibet
1480 2666 1646 2707 concessis,
1670 2665 1879 2708 confirmatis,
1903 2676 1957 2710 ap-

1960 269 2010 297 Λιι.
2029 270 2059 298 C.
2081 270 2148 299 ¹625
