2269 3235
239 253 289 279 An.
304 253 333 279 C.
355 253 424 280 1625

476 243 534 275 '15¹0

439 312 508 334 rum
523 301 655 333 civitatis
675 311 710 333 ac
723 299 875 333 dioecesis
892 299 1135 342 praedictarum,
1149 304 1178 331 et

438 365 547 387 eorum
561 354 701 397 singulis,
711 359 753 394 ut,
766 352 1005 385 occurrentibus
1016 351 1179 385 vacationi-

438 409 496 440 bus
514 407 802 451 praepositurarum
825 408 854 438 et
874 404 1069 437 abbatiarum
1095 414 1179 438 secu-

439 461 550 493 larium
569 463 817 501 nuneupatarum
835 458 1016 491 earumdem
1035 458 1178 491 ecelesia-

439 524 507 546 rum
534 518 594 545 tam
625 512 742 545 seilicet
764 511 893 546 maioris
921 517 991 556 post
1017 512 1180 556 pontifica-

439 568 498 599 lem
527 576 621 609 quain
651 565 872 609 principalium
901 566 1087 609 dignitatum
1117 567 1180 599 col-

439 620 623 662 legiatarum
656 619 859 652 ecclesiarum
889 619 1092 662 huiusmodi,
1120 619 1179 652 nisi

438 673 508 705 illae
532 683 592 716 pro
624 677 765 716 tempore
794 677 937 706 vacantes
961 683 1019 717 per
1043 682 1181 706 reserva—

402 721 413 727 “
439 725 538 758 tiones
553 725 585 757 in
602 736 736 769 corpore
753 725 830 759 iuris
844 726 975 766 clausas,
990 724 1059 758 aut¹
1074 736 1181 770 perso-

438 778 486 811 nis
504 778 579 812 inibi
597 779 781 812 nominatim
800 779 965 823 expressis,
982 779 1179 822 dispositioni

438 831 627 875 apostolicae
651 836 827 865 reservatae
852 833 965 873 forent,
986 832 1024 864 ad
1047 832 1178 864 liberam

438 885 622 918 electionem
648 896 855 929 personarum
880 885 1064 919 idonearum
1081 885 1119 917 ad
1139 885 1182 918 di-

439 938 572 981 gnitates
607 939 786 971 huiusmodi
821 938 994 982 procedere
1025 938 1123 971 libere
1152 943 1181 971 et

438 991 522 1024 licite
547 991 696 1031 valerent,
721 991 875 1024 concessit
899 996 928 1024 et
948 991 1092 1031 indulsit;
1113 1001 1182 1024 nec-

440 1055 503 1077 non
528 1044 612 1088 quod
637 1045 747 1077 electio
765 1044 832 1088 ipsa
857 1044 938 1077 intra
963 1044 1091 1087 triginta
1115 1045 1181 1078 dies

439 1109 455 1130 a
480 1099 529 1131 die
558 1098 728 1132 vacationis
752 1098 932 1132 huiusmodi
954 1099 1182 1143 computandos

440 1151 568 1185 omnino
581 1152 660 1194 fieri,
676 1158 705 1184 et
722 1152 919 1199 confirmatio
937 1152 1018 1185 inter
1035 1163 1087 1186 sex
1101 1163 1183 1185 men-

441 1216 489 1239 ses
508 1216 524 1237 a
538 1205 587 1238 die
604 1205 767 1239 electionis
780 1205 992 1239 numerandos
1010 1216 1027 1238 a
1041 1207 1182 1240 Romano

441 1258 590 1292 Pontifioe
622 1270 680 1303 pro
714 1265 854 1303 tempore
879 1259 1051 1300 existente,
1076 1271 1092 1292 a
1120 1271 1182 1304 quo

442 1312 623 1345 confirmari
657 1312 704 1345 vel
739 1312 894 1345 infirmari
926 1312 1055 1346 deberet
1088 1318 1183 1357 prout

441 1366 581 1410 aequitas
598 1370 628 1398 et
647 1365 726 1399 ratio
752 1366 907 1407 suaderet,
930 1366 1063 1410 petenda
1090 1371 1181 1409 esset,

442 1419 593 1459 decrevit,
614 1419 740 1463 proviso
766 1423 867 1453 tamen
892 1419 977 1463 quod
1002 1419 1046 1452 sie
1067 1420 1181 1453 confir-

442 1473 517 1506 mati
541 1472 713 1507 Ordinariis
744 1472 821 1516 ipsis
852 1472 957 1506 debita
987 1478 1184 1516 praestarent

442 1526 627 1567 iuramenta,
648 1526 799 1570 obsequia
827 1531 856 1559 et
880 1526 954 1567 alia,
980 1526 1017 1559 ad
1042 1538 1121 1570 quae
1146 1528 1183 1561 de

443 1580 511 1613 iure
525 1580 572 1613 vel
589 1579 815 1613 consuetudine
832 1585 1027 1613 tenerentur:
1045 1580 1183 1625 insuper,

442 1643 482 1666 ne
517 1633 554 1665 ad
589 1633 840 1677 praeposituram
870 1633 998 1666 maioris
1034 1634 1183 1667 ecelesiae

442 1686 630 1731 praedictae,
657 1697 736 1730 quae
760 1687 835 1719 inibi
861 1687 995 1730 dignitas
1018 1692 1088 1731 post
1109 1698 1185 1731 pon-

444 1740 592 1773 tificalem
624 1740 745 1780 maior,
770 1740 818 1772 vel
842 1740 881 1773 ad
905 1740 949 1774 Ss.
975 1740 1080 1781 Petri,
1104 1741 1184 1774 Mar-

445 1793 517 1834 tini,
539 1794 642 1834 Pauli,
667 1798 789 1827 sanctae
809 1793 930 1834 Crucis,
950 1793 1087 1834 Ioannis,
1112 1795 1184 1828 Dio-

444 1848 525 1893 nysii
545 1853 575 1880 et
591 1847 820 1881 Bartholomaei
846 1847 978 1880 civitatis
994 1847 1184 1889 Leodiensis,

444 1912 568 1935 necnon
598 1901 804 1944 Tongrensis,
829 1901 979 1943 Huensis,
1008 1901 1184 1942 Fossensis,

445 1955 473 1988 S.
499 1955 613 1989 Mariae
641 1955 869 1995 Traieetensis,
900 1955 1108 1997 Masckensis‚
1136 1956 1185 1988 vi-

445 2010 585 2050 setensis,
609 2008 823 2050 Amoniensis,
848 2008 1045 2049 Cinacensis‚
1072 2008 1185 2042 Diona-

445 2063 550 2103 tensis,
563 2062 745 2096 Tudinensis
763 2062 905 2095 locorum
923 2072 977 2094 seu
994 2061 1185 2106 oppidorum

446 2117 545 2149 dietae
565 2116 726 2158 dioecesis,
741 2119 771 2149 et
786 2115 818 2148 B.
836 2115 948 2148 Mariae
965 2116 1186 2149 Namurcensis

446 2170 649 2203 ecelesiarum
674 2169 908 2213 praeposituras
933 2174 962 2201 et
982 2169 1121 2202 abbatias
1138 2180 1185 2202 se-

447 2225 577 2264 culares,
603 2234 683 2268 quae
707 2223 738 2256 in
763 2222 936 2265 collegiatis
964 2223 1103 2256 ecclesiis
1127 2224 1185 2256 hu-

447 2278 581 2311 iusmodi
606 2277 794 2322 principales
818 2281 889 2309 sunt
912 2276 1088 2319 dignitates,
1109 2277 1186 2310 aliae

447 2342 599 2376 personae
628 2328 847 2375 praeterquam
881 2330 1021 2363 canonici
1047 2331 1186 2364 eiusdem

449 2386 577 2418 materis
595 2384 745 2418 ecclesiae
762 2388 832 2417 actu
851 2384 1055 2427 praebendati
1073 2389 1102 2417 et
1119 2396 1187 2428 per-

449 2440 595 2472 sonaliter
620 2438 650 2470 in
675 2439 710 2470 ea
734 2437 922 2479 residenteS,
948 2437 1070 2470 etiamsi
1094 2438 1185 2470 aliam

449 2492 631 2535 «lignitatem
657 2491 687 2523 in
713 2491 781 2535 ipsa
807 2490 916 2524 maiori
938 2496 990 2524 aut
1007 2491 1075 2524 aliis
1093 2492 1187 2524 ecele—

450 2546 501 2577 ¹*iis
536 2545 701 2588 praedietis
736 2544 933 2587 obtinerent,
959 2544 1032 2588 eligi
1060 2549 1188 2589 possent

450 2604 500 2631 aut
525 2599 694 2641 deberent,
719 2603 748 2631 et
780 2609 818 2632 ne
850 2599 920 2643 quis
945 2609 1054 2632 eorum
1080 2599 1186 2643 plures

486 2663 496 2688 1
515 2660 655 2688 Videretur
670 2660 792 2689 addenda
806 2669 898 2697 praep.
910 2670 966 2697 pro
982 2662 1020 2697 (a.
1036 2661 1085 2697 τ.).

1022 251 1199 275 BULLARIUM
1224 250 1376 275 ROMANUM

1212 309 1305 342 quam
1333 308 1425 331 unam
1451 309 1487 331 ex
1511 299 1739 343 praeposituris
1770 311 1825 334 seu
1858 301 1950 334 abba-

1212 351 1263 384 tiis
1283 352 1485 387 secularibus,
1501 352 1548 384 vel
1573 351 1777 395 dignitatibus
1796 354 1949 388 eiusmodi

1213 404 1338 438 insimul
1360 405 1494 438 retinere
1514 410 1628 449 posset,
1646 411 1800 450 perpetuo
1816 407 1951 441 inhibuit

1213 462 1243 490 et
1266 457 1441 492 interdixit:
1467 458 1639 492 decernens
1670 459 1746 492 alias
1775 460 1951 503 praedictas

1213 511 1244 544 in
1269 522 1403 556 corpore
1428 511 1505 545 iuris
1530 512 1667 555 clausas,
1687 516 1718 545 et
1741 512 1862 546 ratione
1885 524 1952 557 per-

1213 575 1361 598 sonarum
1388 566 1431 598 sic
1455 565 1640 599 nominatim
1665 575 1896 609 expressarum,
1915 567 1952 599 ab

1214 619 1280 663 ipso
1305 619 1391 653 Sixto
1417 620 1448 661 V,
1475 620 1523 652 vel
1548 619 1614 652 eius
1638 619 1953 663 praedecessoribus,

1214 677 1267 705 aut
1290 673 1536 714 successoribus,
1555 684 1613 718 pro
1636 678 1780 718 tempore
1804 674 1899 707 saetas
1924 679 1954 707 et

1213 726 1380 768 faciendas,
1395 727 1546 771 speciales
1563 731 1593 759 et
1610 727 1783 770 generales,
1797 726 1835 760 de
1848 738 1955 760 vacan-

1214 779 1296 812 tibus
1321 785 1351 813 et
1375 780 1530 813 vacaturis
1550 780 1711 814 beneficiis
1736 780 1954 814 ecclesiasticis

1214 836 1244 864 et
1267 832 1473 875 dignitatibus
1496 832 1676 867 huiusmodi
1705 834 1953 877 reservationes,

1215 885 1307 918 etiarn
1320 896 1376 930 per
1390 886 1594 920 cancellariae
1612 887 1802 931 apostolicae
1818 888 1953 931 regulas,

1215 939 1262 970 vel
1293 938 1370 972 alias
1400 950 1615 982 quascumque
1646 941 1883 974 constitutiones
1906 942 1955 974 vel

1215 991 1427 1025 ordinationes
1450 992 1656 1036 apostolicas,
1678 993 1770 1026 etiam
1789 998 1956 1037 perpetuas

1215 1044 1262 1077 rel
1288 1045 1495 1088 temporales,
1521 1045 1641 1078 etiamsi
1665 1046 1697 1078 in
1721 1046 1765 1078 eis
1789 1046 1956 1089 dignitates

1216 1098 1363 1131 electivae
1387 1098 1572 1131 nominatim
1597 1104 1627 1132 et
1650 1099 1682 1131 in
1701 1099 1804 1143 specie
1820 1109 1958 1132 reserva—

1216 1156 1275 1192 tae,
1305 1162 1340 1184 ac
1365 1152 1485 1195 gratiae
1513 1158 1543 1185 et
1572 1152 1691 1187 indulta
1714 1152 1897 1186 huiusmodi
1925 1153 1956 1186 in

1216 1206 1319 1249 specie
1336 1217 1484 1250 expressa
1508 1207 1620 1249 serent,
1634 1207 1672 1240 ad
1686 1206 1852 1250 dignitates
1869 1217 1957 1251 prae-

1216 1259 1314 1292 dictas
1338 1260 1468 1293 minime
1489 1261 1628 1300 extendi;
1649 1260 1720 1302 sed,
1739 1260 1862 1304 quoties
1886 1261 1957 1294 illae

1216 1318 1416 1355 emanarent,
1442 1313 1533 1346 toties
1558 1314 1624 1358 ipsa
1648 1314 1784 1358 capitula
1808 1313 1839 1346 in
1864 1324 1957 1347 suum

1216 1366 1382 1409 pristinum
1402 1366 1449 1400 ius
1469 1367 1612 1401 restituta
1635 1371 1665 1402 et
1680 1367 1871 1411 reintegrata
1888 1378 1958 1401 cen-

1217 1420 1279 1452 seri
1304 1420 1419 1453 debere
1451 1420 1611 1462 decrevit,
1636 1426 1666 1454 et
1690 1421 1782 1464 alias,
1808 1426 1902 1466 prout
1925 1422 1957 1454 in

1217 1473 1290 1506 dieti
1315 1473 1390 1507 Sixti
1408 1474 1431 1507 V
1451 1473 1703 1518 praedecessoris
1727 1475 1855 1517 litteris,
1881 1485 1958 1519 quas

1217 1526 1279 1559 vim
1316 1531 1494 1561 contractus
1529 1528 1610 1561 inter
1645 1528 1748 1572 ipsum
1783 1532 1814 1562 et
1845 1529 1957 1562 Sedem

1217 1580 1409 1624 praedictam
1433 1592 1505 1614 cum
1530 1581 1621 1614 dictis
1646 1582 1790 1625 capitulis
1815 1582 1882 1615 initi
1907 1582 1959 1615 ha-

1217 1634 1291 1666 bere
1316 1634 1424 1676 voluit,
1443 1635 1566 1678 plenius
1592 1635 1778 1669 continetur.

1262 1688 1276 1731 g
1300 1687 1328 1720 2.
1355 1688 1431 1721 Cum
1456 1693 1581 1730 autem,
1613 1688 1693 1721 sicut
1717 1689 1824 1721 eadem
1849 1689 1959 1732 petitio

1218 1741 1436 1784 subiungebat,
1447 1741 1554 1774 eadem
1565 1742 1699 1785 capitula
1709 1742 1739 1774 in
1752 1742 1959 1786 possessione,

1218 1805 1273 1827 seu
1289 1794 1386 1838 quasi,
1406 1795 1483 1827 iuris
1500 1795 1635 1838 eligendi
1653 1795 1691 1828 ad
1711 1796 1864 1829 maiorem
1889 1801 1960 1840 post

1217 1848 1429 1893 pontificalem
1455 1854 1484 1881 et
1507 1849 1695 1892 principales
1722 1849 1889 1892 dignitates
1914 1860 1960 1883 ee-

1219 1902 1385 1935 clesiarum
1403 1902 1593 1943 huiusmodi,
1612 1903 1696 1935 iuxta
1713 1903 1845 1935 formam
1863 1903 1960 1936 dicta-

1219 1966 1290 1988 rum
1315 1956 1489 1988 litterarum
1516 1956 1663 1998 existant,
1690 1960 1875 2000 certumque
1899 1958 1959 1998 sit,

1219 2019 1282 2042 non
1305 2020 1417 2053 parum
1443 2010 1618 2042 ornamenti
1644 2010 1720 2054 ipsis
1745 2010 1885 2043 eeclesiis
1909 2021 1961 2043 ac-

1219 2063 1341 2104 cedere,
1366 2063 1439 2096 dum
1458 2063 1496 2095 ad
1512 2063 1688 2107 praedictas
1712 2063 1878 2107 dignitates
1893 2075 1962 2108 per·

1220 2126 1314 2149 sonae
1338 2126 1374 2149 ex
1399 2116 1521 2159 gremio
1546 2116 1673 2160 capituli
1705 2116 1805 2149 dietae
1833 2117 1961 2150 maioris

1220 2169 1380 2210 ecelesiae,
1403 2180 1482 2213 quae
1499 2169 1579 2203 inter
1592 2169 1781 2212 insigniores
1798 2169 1960 2203 christiani

1220 2223 1307 2257 orbis
1333 2224 1481 2257 ecelesias
1506 2223 1619 2256 merito
1644 2228 1907 2264 connumeratur,
1932 2230 1962 2257 et

1220 2277 1251 2310 in
1276 2288 1337 2320 qua
1361 2277 1465 2310 nullus
1494 2277 1553 2309 nisi
1585 2276 1727 2310 doctrina
1757 2282 1809 2309 aut
1839 2278 1963 2320 generis

1220 2330 1381 2364 nobilitate
1395 2330 1581 2374 conspicuus
1594 2330 1625 2362 in
1639 2330 1825 2363 canonicum
1842 2331 1963 2365 admitti

1220 2389 1331 2429 potest,
1345 2389 1559 2425 assumuntur,
1573 2384 1771 2428 maximeque
1789 2386 1963 2418 verendiuu

1220 2440 1259 2472 sit
1282 2450 1321 2472 ne
1345 2449 1434 2472 secus
1458 2439 1645 2483 plerumque
1670 2439 1810 2482 aecidat,
1836 2439 1861 2472 si
1885 2439 1962 2473 libe-

1221 2503 1290 2525 rum
1320 2492 1358 2525 sit
1382 2497 1435 2525 aut
1457 2491 1657 2535 permittatur
1685 2492 1851 2535 dignitates
1879 2493 1963 2537 ipsas

1220 2546 1434 2580 obtinentibus
1459 2545 1527 2578 illas
1542 2545 1571 2578 in
1586 2545 1644 2578 sibi
1662 2545 1883 2579 benevisarum
1896 2557 1963 2590 per-

1221 2609 1369 2632 sonarum
1386 2599 1525 2632 favorem
1546 2598 1718 2642 resignare,
1738 2603 1792 2632 aut
1804 2599 1829 2632 si
1842 2599 1881 2632 ad
1894 2599 1961 2632 illas

1221 2652 1283 2694 atii,
1301 2663 1394 2697 quam
1412 2662 1446 2686 ex
1465 2652 1548 2686 dicto
1568 2652 1701 2696 gremio,
1720 2656 1932 2693 assumantur3

1964 253 2014 280 An.
2030 254 2061 281 (3.
2082 255 2149 283 1626

2009 1698 2091 1720 Causae
2107 1697 2158 1719 illud

1974 1725 2119 1746 confirmandi.
