2269 3235
239 262 288 288 An.
306 262 334 288 c.
360 260 425 287 162>ss
470 250 540 283 51⁹]-

305 2552 344 2576 Qni
360 2552 445 2571 [terrem

263 2585 325 2604 super
338 2578 445 2598 tabilitate

263 2606 414 2631 professionum
435 2611 443 2621 tv

264 2631 376 2653 frati-ilum,
400 2636 439 2650 ino>

262 2658 397 2684 manibusque
426 2663 448 2677 e-

1025 248 1204 274 BULLARIUM
1227 246 1381 272 ROMANUM

1960 241 2009 269 An.
2025 240 2055 268 G.
2077 239 2145 269 1626

441 309 574 340 dei-mim
600 303 871 347 archiepiscopum
897 299 1121 332 Bituricensem
1144 297 1176 330 in
1209 295 1283 330 dicti
1310 303 1433 328 necnon
1450 292 1581 326 dilectus
1604 291 1689 325 filius
1703 291 1849 327 Claudius
1865 290 1948 326 Guil-
1963 303 2073 324 mmmm
2093 302 2146 323 tuin·

441 361 615 405 praesidem
641 357 713 390 dicti
739 355 1010 399 capituli,nccn0n
1028 352 1175 384 dilectum

440 414 530 446 nobis
555 414 585 445 in
609 411 730 443 Christo
755 408 910 441 Andrean}
941 407 983 439 du
1014 406 1066 439 Val
1096 415 1173 449 pre-

441 467 598 510 sbyterum
612 465 640 496 in
654 462 812 495 academia
826 461 999 495 Serbonica
1009 459 1176 494 Parisicnsi

443 519 615 561 theologiae
632 518 855 561 professorem,
880 526 916 549 ac
940 525 1037 548 unum
1062 526 1097 548 ex
1121 525 1176 558 pa-

442 573 540 606 tribus
564 571 695 603 alicuius
713 581 730 602 a
745 570 824 603 Sede
841 569 1001 613 praedicta
1027 569 1178 613 approba-

443 631 488 657 tae
513 623 672 667 religionis
697 634 713 656 a
731 623 812 657 dicto
829 623 967 667 capitulo
987 622 1176 665 eligendum,

443 678 472 709 in
496 677 684 717 assistentes,
702 676 874 720 apostolica
898 675 1093 717 auctoritate,
1118 686 1179 718 qua

443 730 603 773 l'ungiimn·
616 730 646 762 in
660 730 717 762 hac
730 734 829 773 parte,
845 734 953 762 tenore
966 728 1178 772 praesentium

442 783 660 815 constituimus
678 789 708 815 et
727 783 922 827 deputamuS,
939 782 1045 825 eisque
1062 780 1181 824 capitu-

443 838 507 870 lum
532 837 725 881 praedictum
752 835 975 879 congregandi,
990 840 1019 867 et
1038 834 1178 876 negocia,

443 902 521 935 quae
546 892 577 923 in
601 902 637 924 eo
658 894 883 934 proponentur,
902 888 986 921 iuxta
1002 897 1108 920 sacros
1129 897 1180 920 ca-

444 956 541 977 nones
565 949 601 977 ac*
625 943 808 976 eorumdem
834 941 957 975 Ordinis
988 945 1018 973 et
1053 950 1182 983 congre—

444 998 578 1042 gationis
600 997 773 1029 institutum
796 994 994 1034 terminandi,
1011 993 1138 1033 abusus,
1156 993 1181 1026 si

444 1052 497 1096 qui
518 1053 548 1084 in
573 1051 723 1083 electione
748 1048 907 1093 praedicta
937 1047 1182 1087 intervenerint,

444 1105 583 1144 tollendi,
607 1104 701 1136 dubia
726 1108 755 1135 et
780 1102 990 1142 difficultates,
1015 1111 1095 1145 quae
1119 1101 1180 1134 du-

446 1164 532 1191 rante
550 1158 660 1191 eodem
680 1157 816 1200 capitulo
837 1166 1005 1189 occurrere
1026 1159 1183 1199 poterunt,

446 1211 638 1251 resolvendi,
664 1214 829 1252 ceteraque
854 1209 959 1242 onmia
987 1213 1017 1243 et
1041 1208 1184 1251 singula,

446 1277 524 1309 quae
550 1266 633 1298 circa
661 1264 832 1308 praemissa
857 1262 1033 1296 necessaria
1057 1262 1183 1302 suerint,

447 1319 587 1359 faciendi,
613 1317 746 1357 dicendi,
772 1316 998 1359 cognoscendi,
1023 1315 1185 1348 decidendi

447 1377 476 1405 et
500 1371 685 1415 exequendiy
707 1371 830 1414 plenam
850 1374 879 1401 01
899 1369 1041 1410 liberam,
1056 1368 1187 1401 auctori-

448 1430 509 1458 tate
534 1419 563 1457 et
587 1429 695 1457 tenore
714 1422 904 1466 praemissis,
922 1421 1123 1455 concedimus
1146 1421 1188 1453 fa-

447 1481 603 1513 cultatem.
640 1477 791 1517 Quocirca
827 1476 944 1509 eisdem
978 1476 1012 1508 D.
1048 1475 1187 1508 Rolando

448 1532 686 1576 archiepiscopo
715 1535 745 1563 et
767 1529 982 1563 assistentibus
1010 1538 1066 1572 per
1097 1538 1188 1571 prae-

449 1590 551 1619 sentes
570 1584 795 1618 committimus
820 1588 850 1615 et
874 1582 1069 1621 mandamus,
1090 1586 1124 1613 ut
1139 1591 1189 1613 ne-

450 1639 576 1682 gocium
601 1637 781 1670 huiusmodi
806 1636 941 1669 libenter
966 1634 1147 1679 suscipiant,
1160 1639 1189 1666 et

451 1693 511 1733 illa,
530 1702 609 1735 quae
634 1690 885 1723 consideratione
909 1689 993 1721 circa
1017 1688 1190 1732 praemissa

451 1745 545 1788 digna
568 1745 693 1784 fuerint,
718 1744 808 1776 nobis
833 1743 870 1775 ad
895 1742 1040 1775 effectum
1064 1742 1116 1774 illa
1140 1751 1189 1774 re-

453 1799 592 1832 solvendi
617 1798 767 1837 referant;
792 1796 933 1840 patribus
950 1806 1024 1828 vero
1045 1795 1192 1839 capitula-

453 1852 540 1885 ribus
564 1851 731 1896 praedictis
762 1850 793 1882 in
825 1850 938 1882 virtute
969 1854 1092 1882 sanctae
1117 1849 1192 1882 obe-

453 1906 585 1939 dientiae
602 1905 740 1937 districte
758 1903 979 1948 praecipiendo
996 1902 1191 1943 mandamus,

453 1958 713 2003 quatenus,omni
738 1959 826 1990 mora
852 1962 881 1989 ct
905 1956 1101 1999 subterfugio
1126 1966 1192 1988 ces-

454 2013 603 2053 santibus,
621 2011 834 2045 ordinationes
852 2016 881 2043 et,
894 2010 1031 2043 salubria
1047 2009 1193 2042 mandata

455 2066 640 2100 corumdem
673 2064 879 2109 praesidentis
918 2069 947 2096 et
981 2063 1193 2096 assistentium

455 2120 537 2153 circa
556 2119 729 2163 praemissa
754 2118 887 2151 libenter
903 2117 1082 2161 suscipiant,
1101 2127 1136 2149 30
1153 2117 1194 2149 113

456 2174 514 2206 11115
534 2174 566 2205 111
589 2172 770 2216 praemissis
794 2172 950 2212 obediant,
969 2177 1003 2205 ut
1026 2171 1115 2204 finito
1138 2171 1195 2203 hu-

457 2226 589 2259 iusmodi
607 2226 742 2269 capitulo
763 2228 902 2259 nostram
919 2228 949 2258 et
962 2224 1050 2257 Sedis
1067 2225 1196 2268 Aposto-

456 2280 533 2312 licae
557 2279 807 2312 benedictionem
829 2278 978 2322 consequi
1004 2282 1194 2310 mereantur.

456 2333 566 2365 Datum
593 2332 838 2375 Burgireginae,
865 2331 1047 2364 Parisiensis
1075 2330 1198 2363 dioece-

458 2388 509 2427 sis,
526 2397 606 2420 311110
620 2386 843 2419 Incarnationis
856 2385 1036 2419 Dominicae
1054 2394 1196 2426 Mncxxv,

459 2451 520 2473 xxii
547 2440 662 2473 mensis
694 2439 792 2480 iunii,
823 2439 1024 2484 pontificatus
1056 2438 1197 2472 eiusdem

461 2493 650 2527 53110115511111
666 2493 789 2526 Domini
807 2493 911 2527 Nostri
929 2493 1030 2536 Papae
1049 2502 1131 2525 anno
1147 2501 1179 2525 11.

506 2555 519 2584 ς
544 2548 572 2579 3.
597 2548 672 2581 Cum
690 2552 804 2589 autem,
823 2547 902 2580 sicut
919 2546 1026 2579 eadem
1047 2545 1199 2589 expositio

462 2600 687 2642 subiungebat,
711 2600 742 2633 in
766 2600 849 2633 dieto
881 2599 1017 2644 capitulo
1041 2598 1200 2633 Rolandus

462 2652 725 2697 archiepiscopus,
746 2663 882 2697 praeses,
900 2658 930 2687 et
952 2652 1093 2687 Andreas
1112 2662 1200 2698 prae-

1209 349 1281 391 lain,
1295 348 1461 392 presbyter
1485 345 1647 379 Societatis
1674 345 1753 387 Iesu,
1772 344 1949 377 assistentes

1209 401 1338 447 capituli
1364 399 1555 440 huiusmodi,
1581 408 1675 442 super
1698 397 1856 430 validitate
1879 407 1950 441 pro-

1209 456 1379 489 fessionum
1404 454 1536 487 fratrum
1562 457 1592 485 et
1616 451 1800 484 monialium
1825 450 1949 484 Ordinis

1210 514 1240 543 ct
1275 505 1530 551 congregationis
1559 504 1792 549 praedictorum
1825 503 1951 536 decreta

1210 563 1349 596 tulerunt
1364 560 1480 595 tenoris
1498 558 1726 603 subsequentis,
1746 557 1906 590 videlicet:

1254 616 1327 656 Nos,
1341 613 1510 655 notandus,
1523 612 1577 646 Dei
1592 616 1622 645 et
1635 615 1759 645 53110130
1773 610 1860 643 Sedis
1874 610 1952 654 Apo-

1211 669 1339 702 stolicae
1358 668 1460 711 gratia
1477 665 1733 710 archiepiscopus
1750 662 1953 696 Bituricensis

1211 722 1389 766 patriarcha
1413 726 1443 754 et
1465 720 1584 764 primas
1609 717 1804 762 Aquitaniae,
1824 716 1863 749 ab
1886 715 1953 748 illu-

1212 775 1367 808 strissimo
1384 778 1414 808 et
1430 772 1693 807 reverendissimo
1710 769 1861 804 cardinali
1878 769 1953 802 Bar-

1212 828 1323 861 berino
1346 832 1527 871 nuncupato
1557 826 1596 858 ad
1619 835 1728 868 regem
1753 822 1950 857 christianis-

1214 882 1327 914 simum
1352 880 1502 913 Franciae
1526 884 1557 912 et
1579 879 1736 912 Navarrae
1761 888 1778 910 a
1801 877 1898 909 latere
1915 876 1955 908 lc-

1214 939 1286 977 gato
1300 932 1536 967 commissarius
1552 932 1727 975 deputatus,
1743 941 1814 963 cum
1832 930 1956 962 duobus

1215 985 1443 1027 assistentibus,
1459 985 1611 1028 magistro
1635 984 1760 1017 Andrea
1777 983 1818 1015 du
1834 983 1889 1015 Val
1906 982 1958 1015 do-

1216 1044 1302 1072 ctore
1326 1038 1499 1072 Serbonico
1524 1042 1554 1070 et
1577 1037 1666 1079 regio
1691 1035 1867 1078 theologiae
1884 1045 1959 1078 pro-

1218 1093 1345 1132 fessore,
1371 1097 1401 1125 et
1425 1090 1689 1124 reverendissimo
1719 1094 1807 1133 patre
1831 1087 1958 1122 Claudio

1217 1145 1369 1187 Guillain,
1401 1144 1586 1188 presbytero
1621 1141 1888 1182 500101311510511,
1921 1140 1959 1173 ad

1218 1198 1461 1243 praesidendum
1494 1197 1631 1241 capitulo
1656 1195 1794 1239 generali
1819 1204 1957 1237 congre-

1219 1252 1353 1296 gationis
1386 1251 1563 1286 Gallicanae
1586 1249 1813 1284 Tertiariorum
1845 1248 1958 1281 Refor-

1220 1311 1377 1339 matorum
1405 1315 1501 1348 super
1521 1304 1616 1337 dubio
1641 1314 1658 1336 a
1682 1302 1842 1336 nonnullis
1861 1301 1960 1345 ipsius

1220 1358 1474 1402 congregationis
1509 1357 1688 1400 religiosis¹
1714 1356 1798 1389 circa
1832 1364 1961 1387 suarum

1220 1412 1452 1456 professionum
1466 1411 1655 1443 validitatem
1674 1409 1872 1453 negantibus,
1893 1408 1962 1441 aliis

1222 1466 1321 1510 iisque
1338 1476 1470 1498 numero
1487 1464 1632 1509 pluribus
1650 1473 1719 1509 eam
1736 1462 1961 1500 asserentibus.

1222 1530 1358 1563 quorum
1383 1518 1605 1561 religiosorum
1622 1516 1799 1550 rationibus
1816 1515 1965 1558 utrinque

1222 1573 1333 1613 allatis,
1353 1572 1507 1616 patienter
1524 1570 1647 1610 auditis,
1664 1569 1831 1612 diligenter
1848 1567 1965 1600 exami-

1222 1626 1313 1667 natis,
1337 1631 1430 1669 atque
1454 1624 1617 1669 perpensis
1632 1651 1639 1665 ,
1662 1633 1784 1656 necnon
1809 1621 1896 1662 visis,
1920 1621 1966 1653 le-

1224 1680 1291 1721 ctis,
1309 1684 1496 1723 matureque
1520 1677 1725 1712 consideratis
1749 1674 1966 1709 instrumentis

1224 1732 1410 1766 authenticis
1428 1743 1464 1765 ex
1485 1731 1625 1764 archivio
1642 1729 1822 1763 monasterii
1840 1731 1966 1762 nostrae

1224 1786 1374 1820 Dominae
1399 1786 1437 1819 de
1458 1785 1564 1819 Gratia
1589 1794 1689 1829 prope
1714 1782 1867 1817 Lutetiam
1887 1791 1967 1814 nun-

1226 1840 1329 1884 cupati
1352 1839 1443 1873 nobis
1475 1838 1621 1872 exhibitis
1635 1865 1642 1878 ,
1667 1836 1967 1882 praedictorumque

1226 1894 1366 1927 omnium
1384 1893 1536 1926 relatione
1553 1892 1590 1925 ad
1608 1891 1856 1925 illustrissimum
1877 1894 1907 1922 et
1922 1899 1969 1921 re-

1228 1947 1488 1980 verendissimum
1502 1947 1640 1989 legatum
1656 1945 1743 1987 facta,
1756 1942 1969 1988 professiones

1227 2001 1311 2046 ipsas
1335 2000 1454 2033 validas
1478 2010 1546 2033 esse
1566 2004 1597 2032 et
1623 1999 1719 2032 fuisse
1741 1997 1919 2032 censuimus
1939 2001 1970 2029 et

1228 2065 1401 2094 censemus,
1420 2064 1478 2087 nec
1502 2053 1534 2086 in
1558 2053 1689 2087 dubium
1714 2062 1807 2096 posse
1831 2054 1884 2084 aut
1906 2061 1966 2094 po-

1228 2108 1324 2141 tuisse
1348 2109 1414 2141 ullo
1439 2107 1532 2141 modo
1564 2106 1726 2147 revocari,
1751 2105 1968 2143 declaramus;

1228 2161 1413 2204 nullumque
1432 2161 1464 2193 in
1489 2161 1533 2194 eis
1556 2161 1620 2195 ulla
1644 2170 1680 2193 ex
1701 2163 1790 2203 parte
1814 2157 1969 2190 defectum

1230 2216 1443 2249 intercessisse
1474 2215 1671 2249 decrevimus
1695 2218 1726 2247 et
1749 2211 1969 2251 decernimus3

1229 2269 1432 2312 prohibentes
1454 2269 1595 2302 districte
1612 2273 1642 2301 et
1658 2268 1690 2300 in
1706 2267 1821 2300 virtute
1846 2268 1970 2298 sanctae

1230 2322 1437 2363 obedientiae,
1454 2333 1494 2356 ne
1513 2322 1583 2366 quis
1602 2321 1780 2365 religios11S,
1794 2319 1972 2352 cuiuscum-

1231 2387 1292 2420 que
1309 2376 1497 2411 conditionis
1518 2381 1572 2409 aut
1587 2375 1747 2419 dignitatis
1765 2375 1795 2407 in
1810 2373 1971 2418 praedicta

1231 2431 1477 2474 congregatione
1500 2430 1604 2471 fuerit,
1632 2435 1741 2464 contra
1764 2429 1878 2462 harum
1902 2437 1973 2471 pro-

1232 2486 1401 2520 fessionum
1425 2484 1617 2517 validitatem
1638 2483 1804 2527 quicquam
1824 2482 1973 2526 imposte-

1232 2551 1302 2574 rum
1328 2550 1491 2582 asserere,
1515 2544 1570 2574 aut
1599 2550 1652 2573 eas
1676 2540 1707 2573 in
1731 2539 1861 2573 dubium
1885 2550 1973 2573 revo-

1233 2605 1305 2628 care
1328 2593 1448 2628 audeat.
1475 2594 1588 2627 Actum
1618 2593 1649 2626 in
1672 2593 1834 2638 praedicto
1857 2602 1970 2627 mona-

1269 2660 1282 2687 1
1303 2658 1440 2695 Subiunge
1459 2661 1534 2687 meto
1553 2657 1592 2694 (n.
1609 2656 1657 2695 1.).

1964 336 2018 361 ΙῊηῑ.

1993 632 2083 654 Decreta
2094 632 2150 659 ipso-

1967 667 2011 682 ruin
2027 660 2151 682 reseruntur.
