2269 3235
260 245 310 271 An.
327 245 354 271 c.
380 244 445 270 nna
491 233 554 266 658

284 676 391 701 Augustini
403 675 445 695 Ma-

264 704 333 723 seardi
345 703 364 722 in
377 702 447 722 «lictae

264 729 378 749 cathedrae
401 736 405 747 i

274 762 344 775 ιιΙιΛο
384 755 446 773 lecto-

265 790 307 804 rem
318 782 434 808 deputatio.

333 2003 460 2030 Exequuun-

277 2034 326 2050 num
341 2031 462 2056 praedit-ta-

278 2063 322 2077 rum
333 2057 460 2077 mand-num.

457 291 532 323 olim
551 291 712 334 professor
728 294 757 323 et
778 289 923 322 iubilatus
941 300 975 320 ex
995 288 1196 321 concessione

459 343 632 387 apostolica
657 341 800 385 percipit,
824 346 989 384 postquam
1016 344 1117 374 tamen
1141 351 1197 384 per

459 396 579 429 obitum
596 395 693 438 ipsius
711 394 779 426 hilii
797 394 1025 437 archiepiscopi
1051 404 1105 426 scu
1122 394 1197 426 alias

459 461 494 481 ex
516 448 582 480 eius
599 448 734 491 persona
756 446 993 490 quomodolibet
1018 447 1196 490 cessaverit,

460 500 650 534 desumenda
672 505 699 532 et
717 500 933 543 persolvemhi‚
958 501 1130 544 apostolica
1144 511 1198 533 au-

461 554 614 593 ctoritate,
632 558 740 585 tenore
761 553 983 596 praesentium,
1001 554 1153 597 erigimus
1170 559 1199 587 et

462 606 661 639 instituimus.

506 660 521 703 ξ
544 659 573 691 3.
600 660 730 703 Insuper
754 659 858 693 dilecti
882 659 938 692 silii
962 660 1126 703 Augustini
1144 661 1201 693 Ma-

419 735 446 747 η».
463 712 575 753 scat-di,
592 712 699 745 elerici
720 712 871 745 Lunensis
889 713 1098 754 Sarzanensis,
1116 714 1201 747 eubi-

463 766 572 799 cularii
589 776 623 799 ac
641 765 803 798 familiaris
823 766 961 800 continui
981 767 1202 800 commensalis

462 819 572 860 nostri,
590 819 722 852 eximiae
737 819 897 852 doctrinae
911 825 939 852 et
954 823 1109 863 spectatae
1125 821 1203 852 inul-

464 879 566 906 tarum
596 873 771 906 litterarum
801 873 947 905 scientiae
975 879 1069 918 atque
1100 874 1202 906 erudi-

466 927 576 967 tionis,
609 927 803 970 aliarumque
839 926 1009 969 insignium
1035 926 1201 969 virtutum,

465 980 605 1013 sincerae
623 990 698 1021 erga
721 989 778 1012 nos
795 984 825 1012 et
841 979 920 1011 hanc
935 984 1072 1012 sanctam
1091 979 1203 1012 Sedent

464 1033 537 1066 fidei
554 1038 584 1065 et
601 1032 758 1065 devotioni
781 1032 1032 1074 coniunctarum,
1049 1032 1203 1065 rationem

466 1087 624 1127 habentes,
646 1091 744 1126 motu,
770 1085 899 1119 seientia
925 1090 955 1118 et
979 1085 1205 1125 deliberatione

466 1139 630 1180 similibus,
646 1139 827 1172 cathedram
844 1139 1041 1182 eloquentiae
1055 1139 1118 1172 sive
1135 1140 1206 1172 rhe-

466 1193 581 1226 toricae
606 1203 663 1236 per
687 1202 744 1225 nos
758 1219 765 1232 ,
791 1196 825 1226 ut
848 1192 1046 1235 praefertur,
1068 1197 1205 1225 erectam

465 1251 495 1277 et
520 1246 703 1286 institutam,
721 1245 785 1277 sive
809 1256 889 1278 onus
915 1244 1076 1278 scientiam
1100 1246 1206 1279 huius—

466 1298 549 1331 modi
575 1299 605 1330 in
631 1299 714 1331 dicto
734 1298 897 1342 gymnasio
922 1298 1047 1342 publice
1070 1299 1205 1342 legendi,

467 1352 598 1385 docendi
623 1356 651 1385 et
676 1352 863 1396 profitendi,
889 1353 989 1385 eidem
1015 1353 1206 1396 Augustino,

467 1406 569 1449 quoad
593 1406 725 1446 vixerit,
751 1418 823 1439 cum
849 1407 995 1440 omnibus
1021 1412 1050 1440 et
1075 1407 1207 1450 singulis

468 1459 656 1501 honoribus,
681 1460 847 1502 oneribus,
873 1460 1063 1503 privilegiis,
1088 1461 1206 1503 gratiis,

469 1513 605 1555 indultis,
631 1524 667 1546 ae
691 1514 871 1557 provisione
895 1516 998 1546 annua
1023 1514 1208 1558 quingento-

469 1577 539 1599 rum
566 1571 726 1600 scutorum
758 1567 960 1607 huiusmodi,
991 1567 1036 1599 illi
1060 1568 1155 1601 modo
1180 1573 1209 1601 et

469 1620 571 1653 forma
595 1620 775 1663 praemissis
792 1620 1008 1664 persolvenda,
1024 1621 1209 1654 auctoritate

471 1678 499 1708 et
523 1679 632 1706 tenore
655 1674 802 1717 praefatis
827 1674 1039 1715 concedimus,
1064 1676 1207 1718 assigna-

471 1738 540 1760 mus
557 1731 586 1761 et
603 1727 837 1767 demandamus,
855 1738 990 1771 eumque
1015 1728 1210 1771 eloquentiae

472 1781 536 1813 sive
560 1780 737 1813 rhetoricae
755 1781 786 1813 in
803 1780 886 1813 dicto
909 1781 1072 1825 gymnasio
1096 1782 1212 1824 profes-

473 1844 587 1875 sorem,
601 1834 703 1878 quoad
718 1834 838 1874 vixerit,
853 1845 924 1866 cum
941 1834 1124 1876 honoribus,
1138 1845 1213 1867 one-

475 1887 560 1919 ribus
575 1892 604 1919 et
616 1887 796 1930 provisione
813 1887 972 1931 praefatis,
986 1887 1126 1928 tacimus,
1144 1898 1214 1921 con-

475 1940 633 1972 stituimus
658 1943 688 1973 et
712 1939 909 1983 deputamus.

520 1993 534 2036 §
558 1992 588 2025 4.
614 1992 792 2025 Mandantcs
821 1998 988 2037 propterea
1014 1993 1161 2027 omnibus
1187 2000 1216 2027 et

477 2046 617 2090 singulis,
627 2047 664 2079 ad
682 2057 761 2090 quos
778 2051 905 2090 spectat,
921 2047 951 2079 in
964 2047 1078 2080 virtute
1092 2053 1215 2081 sanetae

478 2100 672 2140 obedientae,
690 2111 725 2133 ac
745 2100 803 2133 sub
828 2100 1059 2143 indignationis,
1085 2101 1216 2144 aliisque

478 2153 599 2186 arbitrii
624 2154 723 2186 nostri
747 2154 866 2197 poenis,
888 2159 921 2186 ut
945 2154 1091 2186 eumdem
1115 2155 1218 2197 Augu-

479 2207 593 2239 stinum
629 2207 666 2239 ad
702 2207 882 2239 cathedram
919 2207 1114 2250 eloquentiae
1150 2208 1217 2240 sive

479 2262 654 2293 rhetoricae
678 2261 864 2305 praefatam,
889 2272 1031 2305 onusque
1057 2262 1217 2295 scientiam

480 2314 658 2347 huiusmodi
689 2314 880 2358 profitendi,
905 2314 1051 2358 illiusque
1082 2314 1216 2347 liberum

481 2368 675 2408 exercitium,
686 2368 770 2401 iuxta
784 2375 925 2402 tenorem
939 2368 1164 2412 praesentium,
1174 2380 1220 2402 re-

481 2421 596 2464 cipiant
621 2426 651 2453 et
671 2421 845 2462 admittant,
866 2422 956 2465 eique
979 2421 1016 2454 de
1039 2422 1219 2465 provisione

482 2477 582 2506 aminsi
593 2475 837 2518 quingentorum
853 2480 1014 2508 scutorum
1029 2475 1219 2516 huiusmodi,

484 2532 646 2570 postquami
684 2528 736 2560 illa
772 2529 1024 2572 octingentorum
1058 2535 1219 2562 scutorum

485 2581 633 2613 similium
665 2583 851 2625 cessaverit,
877 2588 909 2615 ut
933 2583 1130 2626 praefertur,
1156 2582 1220 2615 suis

486 2634 633 2676 congruis
658 2636 854 2679 temporibus
878 2636 1098 2680 respondeant,
1119 2647 1155 2669 ae
1175 2647 1221 2669 re-

1031 241 1207 264 ntitlnxntmt
1234 239 1388 264 Romanum

1977 238 2027 266 An.
2048 239 2079 267 C.
2096 239 2164 268 ¹628

1230 287 1377 331 sponderi
1402 291 1512 320 curent
1529 291 1558 320 et
1576 286 1688 320 saciant
1705 287 1831 321 realiter
1847 293 1878 320 et
1894 298 1966 322 cum

1231 340 1353 373 etl'eetu.

1274 394 1289 437 ἓ
1314 394 1342 427 5.
1367 394 1435 428 Non
1464 393 1660 427 obstantibus
1695 393 1968 427 constitutionibus
2010 408 2167 438 Contrariorum

1231 451 1260 479 et
1276 446 1527 479 ordinationibus
1542 445 1732 490 apostolicis,
1753 455 1788 478 ac
1802 446 1967 490 gymnasii,
1983 435 2103 461 ³¹’“'‘⁵³¹²¹⁰'

1231 506 1260 533 et
1284 500 1376 533 Urbis
1400 500 1630 544 praefatorum,
1654 499 1749 532 etiam
1773 499 1969 541 iuramento,

1232 553 1470 586 confirmatione
1484 552 1668 597 apostoliea,
1682 553 1729 585 vel
1746 551 1855 596 quavis
1871 551 1970 584 sirmi-

1233 613 1293 640 tate
1310 607 1370 639 alia
1391 606 1558 647 roboratis,
1583 605 1706 638 statutis
1726 610 1757 638 et
1776 605 1971 638 consuetudi-

1233 660 1516 703 nibus‚ceterisque
1527 659 1692 693 contrariis
1706 658 1969 702 quibuscumque.

1278 714 1389 747 Datum
1404 714 1530 755 Romae,
1545 712 1630 756 apud
1646 712 1676 745 S.
1693 711 1832 751 Petrum,
1846 711 1904 744 suh
1922 721 1973 744 an-

1234 767 1309 800 nulo
1334 766 1510 807 piscatoris,
1528 766 1577 798 die
1597 775 1653 799 vni
1672 764 1780 809 aprilis
1800 773 1972 804 mooxxvm,

1236 819 1437 863 pontificatus
1461 819 1560 852 nostri
1584 829 1665 852 anno
1683 828 1712 851 v.

1272 882 1330 909 Dat.
1347 881 1388 909 die
1405 882 1420 908 8
1435 881 1529 917 aprilis
1543 880 1622 915 1628,
1638 880 1731 915 pontif.
1754 888 1824 907 anno
1838 887 1865 907 v.

1495 996 1721 1031 CCLXXXVIII.

1237 1069 1404 1102 Ret'ooatio
1429 1068 1548 1101 decreti
1571 1066 1652 1100 edici
1675 1067 1713 1100 in
1737 1066 1880 1110 capitulo
1904 1067 1975 1110 fra-

1284 1126 1371 1154 trum
1389 1121 1524 1154 Ioannis
1543 1120 1613 1159 Dei,
1630 1130 1693 1163 quo
1713 1119 1899 1152 conceditur
1911 1119 1979 1152 cui-

1284 1174 1357 1207 libet
1381 1174 1539 1207 sacerdoti
1563 1173 1644 1206 dicti
1669 1172 1816 1213 Ordinis,
1842 1176 1880 1205 ut
1896 1172 1978 1205 duas

1283 1228 1398 1260 missas
1418 1227 1560 1270 sinqutis
1582 1225 1788 1259 hebdomadis
1810 1225 1978 1268 celebrare,

1283 1286 1311 1314 et
1336 1281 1374 1314 de
1398 1291 1511 1314 earam
1535 1279 1744 1322 eleemosynis
1768 1278 1882 1311 adsui
1907 1278 1980 1311 tibi-

1286 1339 1350 1368 {nm
1377 1334 1543 1378 disponere
1566 1336 1709 1376 possent:
1729 1342 1766 1364 ac
1786 1331 1976 1375 prohibitio,

1284 1398 1323 1420 ne
1339 1387 1418 1419 dicti
1438 1386 1614 1419 sacerdotes
1637 1388 1805 1418 exerceant
1828 1384 1937 1427 officia
1952 1388 1981 1417 et

1285 1440 1478 1483 (lz‘gyne'tates,
1498 1449 1581 1483 quae
1605 1440 1642 1471 in
1665 1438 1777 1471 eodem
1803 1438 1981 1481 Conyreya-

1288 1495 1371 1527 tione
1395 1493 1535 1526 eoeerceri
1557 1491 1688 1525 solent¹.
1780 1482 1787 1488 ⁶

1445 1565 1581 1592 Urbanus
1601 1544 1680 1598 Papa
1699 1564 1766 1591 VIII
1778 1585 1785 1597 ‚

1364 1609 1400 1636 ad
1420 1611 1596 1643 perpetuam
1617 1608 1663 1635 rei
1679 1608 1862 1635 memoriam.

1289 1672 1522 1715 Circumspecta
1541 1670 1674 1704 Romani
1699 1670 1858 1704 Pontificis
1882 1672 1986 1715 provi-

1245 1725 1360 1765 dentia,
1385 1735 1421 1757 ea
1444 1724 1614 1765 interdurn,
1632 1734 1711 1767 quae
1727 1723 1759 1756 in
1775 1734 1985 1767 personarum

1247 1778 1441 1822 regularium
1475 1777 1620 1821 capitulis
1651 1777 1770 1810 sancita
1800 1782 1893 1820 sunt,
1918 1777 1987 1821 ipsa

1248 1832 1378 1865 subinde
1393 1842 1499 1864 rerum
1515 1830 1710 1874 experientia
1727 1829 1887 1871 suadente,
1899 1840 1988 1874 prae-

1248 1886 1357 1918 sertim
1383 1895 1454 1918 cum
1478 1884 1561 1917 felici
1584 1894 1794 1928 personarum
1820 1884 1877 1917 sub
1901 1885 1987 1918 suavi

1249 1938 1411 1982 religionis
1424 1939 1499 1981 iugo
1515 1937 1675 1971 Altissimo
1695 1938 1915 1971 famulantium
1932 1943 1990 1972 sta-

1249 1993 1303 2034 tui,
1322 1992 1539 2036 regularisque
1560 1991 1777 2025 observantiae
1793 1991 1989 2026 incremento

1250 2050 1429 2090 opportune
1453 2045 1637 2086 consulitur,
1655 2050 1749 2089 atque
1773 2045 1990 2078 inconvenien-

1251 2100 1335 2133 tibus
1348 2099 1472 2132 obviam
1486 2098 1559 2141 itur,
1573 2098 1692 2140 alterat,
1710 2098 1864 2139 immutat,
1878 2098 1910 2131 in
1926 2098 1990 2131 his-

1251 2164 1311 2197 que
1329 2153 1548 2187 sollicitudinis
1566 2158 1596 2185 et
1612 2151 1827 2196 providentiae
1840 2162 1913 2185 suae
1931 2157 1992 2185 stu-

1251 2207 1338 2240 dium
1363 2206 1575 2240 favorabiliter
1599 2205 1780 2249 interponit,
1798 2209 1893 2249 prout
1909 2216 1987 2239 con-

1252 2261 1344 2305 spicit
1368 2260 1399 2292 in
1424 2260 1556 2293 Domino
1580 2259 1749 2293 salubriter
1773 2259 1930 2303 expedire.

1297 2314 1311 2357 ξ
1336 2314 1364 2346 l.
1390 2313 1466 2347 Cum
1491 2313 1612 2356 itaque,
1638 2312 1718 2345 sicut
1741 2312 1935 2356 accepimus,
1959 2312 1992 2345 in
2022 2327 2190 2357 ⁴infernumq-

1252 2367 1388 2411 quodam
1414 2367 1551 2411 capitulo
1574 2367 1707 2399 fratrum
1733 2366 1992 2410 Congregationis
2007 2354 2190 2411 322¹ss¹=¹÷151i³1⁰⁰‘f¹ii{

1253 2422 1376 2455 Ioannis
1400 2421 1455 2454 Dei
1482 2420 1538 2453 sub
1563 2421 1674 2464 regula
1704 2420 1802 2453 sancti
1825 2420 1992 2463 Augustini
2008 2412 2048 2434 ⁰¹⁰⁰
2064 2406 2201 2442 mmmm*-

1254 2475 1432 2508 ordinatum
1450 2474 1553 2515 suerit,
1565 2479 1599 2506 ut
1615 2473 1749 2518 quilibet
1763 2473 1991 2521 eiusdemcon-

2026 1687 2148 1708 Exordium.

1291 2558 1301 2582 1
1331 2555 1368 2582 De
1396 2555 1447 2582 isto
1473 2554 1595 2589 Ordine,
1620 2553 1733 2589 eiusque
1761 2553 1906 2588 materiis,
1933 2553 1992 2581 vide

1255 2600 1396 2628 Constitut.
1416 2605 1519 2626 CCvan
1544 2598 1619 2626 Pauli
1638 2599 1670 2631 V,
1688 2599 1836 2626 Romanus
1855 2598 1893 2634 (in
1912 2598 1941 2624 h.
1961 2606 1990 2625 n.

1254 2644 1431 2680 ed.cc1.xxv1,
1447 2647 1510 2672 tom.
1529 2649 1575 2679 xu,
1592 2651 1653 2679 pag.
1671 2643 1743 2679 379).
