2269 3235
486 192 549 226 088
1026 197 1208 222 annotinum
1233 195 1386 220 nomnen

443 254 571 285 Cosmus
599 252 621 285 il
649 261 781 294 magnus
807 250 973 283 lictruriae
991 248 1054 281 dux
1074 248 1211 292 postulat
1228 258 1283 291 pro
1300 255 1396 281 causa
1412 245 1661 280 canonizationis
1680 244 1710 279 S.
1726 244 1866 290 Philippi
1876 244 1973 286 Nerii,

533 306 567 338 ’11
598 305 623 337 Ι).

444 358 665 392 Cremonensis
689 356 793 389 clerus
818 365 888 388 cuni
915 354 1074 387 nonnullis
1091 354 1305 398 emphyteutis
1326 352 1528 387 concordiam
1553 354 1611 386 init
1637 361 1733 396 super
1758 350 1913 385 solutione
1937 350 1976 385 li-

533 412 684 444 rciloruni
711 409 1013 449 ceclesiasticornin,
1040 408 1098 441 [ΠΜ
1127 408 1152 440 b.

444 465 602 498 Cretensis
624 463 885 505 archiepiscopus
909 461 1080 504 deputatur
1106 462 1248 495 risitator
1271 461 1366 494 totius
1390 459 1514 494 insulae
1532 458 1654 501 Cretae,
1669 458 1710 492 82
1735 457 1771 497 b;
1796 460 1827 491 et
1851 457 1977 498 iterum,

537 516 594 549 ΜΟ
621 516 648 547 Ι).
1935 515 1941 520 ”

444 570 607 602 Cruciatao
635 568 802 610 privilegia
828 568 858 599 in
876 566 1037 609 Hispaniis
1061 566 1100 599 ad
1126 566 1360 600 ecclesiasticos
1385 566 1611 607 extenduntur,
1626 565 1688 598 165
1706 563 1732 597 b.
1754 563 1977 598 Commissario

531 621 603 654 data
629 620 759 653 incultus
785 621 904 653 litteras
930 619 1118 663 apostolicas
1139 622 1298 653 cruciatae
1325 621 1408 663 typis
1434 619 1629 663 publicandi,
1656 619 1718 652 257
1739 628 1769 650 α.

444 674 607 708 Cruciatae
634 673 850 716 Indulgentiae
877 683 937 706 non
964 673 1277 716 comprehenduntur
1302 675 1333 706 in
1357 675 1568 717 suspensione
1594 671 1865 714 indulgentiarum
1889 678 1980 703 occa-

532 729 620 760 sione
646 728 720 760 anni
745 726 893 767 jubilaei,
921 727 979 760 221
1008 737 1027 759 a
1048 731 1079 760 et
1102 737 1163 770 seq.
1188 725 1353 760 Cruciatae
1386 726 1530 760 redditus
1561 727 1593 759 in
1624 725 1778 769 H1spania
1808 721 1979 766 colligendi

533 781 724 823 deputantur
749 780 887 813 fabricae
913 779 1064 813 basilicae
1090 780 1247 823 Principis
1273 779 1506 823 Apostolorum,
1533 779 1595 813 283
1621 780 1649 812 b.

445 833 553 868 Crucis
578 834 635 877 (S.)
661 835 885 867 canonicorum
910 833 1104 876 regularium
1129 835 1334 876 congregatio
1357 832 1429 866 vide
1452 832 1671 876 Congregatio.

1198 999 1225 1033 D

446 1138 667 1181 Dapit'croruni
694 1134 856 1167 conclavis
883 1133 1062 1177 privilegia,
1089 1132 1129 1166 86
1155 1131 1171 1165 b
1197 1135 1228 1166 et
1251 1141 1333 1176 seqq.

445 1193 569 1226 Dataria
594 1189 790 1233 Apostoliffl,
816 1189 877 1221 526
906 1189 933 1220 b.
965 1188 1107 1220 officium
1131 1187 1285 1230 praefecti
1309 1187 1528 1228 computorum
1552 1192 1770 1226 suppressum,
1803 1181 1883 1215 ibid.
1910 1182 1986 1216 offi-

537 1247 685 1288 ciumque
711 1242 863 1286 simplicis
890 1242 1098 1285 pecuniarum
1123 1241 1300 1283 receptoris
1323 1238 1536 1279 substitutum,
1558 1237 1621 1270 528
1648 1237 1676 1269 b.

446 1298 584 1333 Didacus
610 1299 778 1341 episcopus
804 1295 998 1339 laponensis,
1025 1293 1088 1326 5⁶25
1114 1303 1154 1329 α;
1181 1292 1217 1325 Ei
1243 1293 1411 1325 commissa
1435 1291 1566 1325 facultas
1591 1289 1787 1334 procedendi
1812 1292 1921 1324 contra
1938 1299 1987 1323 re-

535 1352 662 1393 gulares
688 1359 748 1382 non
775 1351 920 1393 parentes
945 1345 1105 1379 nonnullis
1131 1345 1269 1379 decretis
1295 1354 1405 1380 sacrae
1431 1344 1694 1389 Congregationis
1719 1345 1758 1379 de
1778 1344 1987 1388 Propaganda

536 1404 628 1445 Fide,
656 1404 718 1436 5⁶25
745 1403 773 1435 b.

448 1458 588 1491 Didacus
614 1457 725 1497 Quizai
752 1454 850 1499 (ven.)
876 1464 957 1488 unus
982 1463 999 1487 e
1024 1451 1125 1487 tribus
1149 1451 1340 1496 Martyribus
1361 1452 1526 1486 Societatis
1556 1451 1629 1486 Iesu
1659 1451 1691 1485 in
1715 1460 1814 1495 regno
1838 1450 1987 1494 Iaponiae

537 1513 638 1555 passis
666 1521 722 1554 pro
747 1510 879 1549 Christo,
905 1509 967 1541 595
993 1518 1021 1540 a.

448 1557 697 1598 Dimissoria'liae
722 1563 886 1597 Ordinarii
912 1561 1113 1594 necessariae
1139 1563 1173 1594 ut
1192 1560 1263 1604 quis
1281 1563 1370 1594 extra
1388 1560 1563 1593 dioecesim
1582 1568 1673 1593 suam
1695 1559 1795 1592 sacris
1820 1556 1987 1591 ordinibus

540 1620 689 1657 initietur,
717 1617 777 1650 264
804 1627 822 1648 α
848 1619 878 1649 et
903 1616 931 1647 b.

450 1671 622 1705 Diomedes
647 1671 795 1703 Varcsius
819 1669 978 1702 Mai-chiae
1004 1668 1222 1701 Anconitanae
1247 1666 1452 1710 gubernator,
1472 1666 1534 1699 182
1559 1676 1595 1707 a,
1621 1668 1651 1698 et
1677 1665 1738 1698 295
1764 1675 1798 1705 a,
1825 1664 1887 1697 296
1912 1663 1939 1704 b,
1960 1667 1990 1697 et

539 1726 602 1757 358
628 1735 657 1757 α,
682 1724 717 1757 Ei
743 1723 815 1757 dala
846 1726 984 1766 potestas
1015 1730 1234 1765 quoscumque
1267 1720 1405 1763 cogendi
1437 1719 1476 1752 ad
1510 1720 1741 1753 frumentorum
1773 1716 1989 1751 exhibendam

539 1782 662 1818 nolani,
691 1777 901 1820 bannitosque
930 1774 1138 1814 absolvendi,
1163 1774 1334 1807 dummodo
1366 1782 1383 1806 a
1412 1775 1526 1817 patrati
1551 1773 1660 1807 delicti
1692 1772 1761 1806 loco
1791 1770 1989 1811 abstineant,

541 1831 601 1863 ⁶297
628 1842 656 1863 a.
683 1831 796 1863 Datum
822 1829 864 1862 illi
890 1831 921 1862 in
946 1829 1102 1862 mandatis
1123 1828 1162 1861 de
1188 1829 1390 1871 possessione
1407 1827 1562 1871 capienda
1580 1827 1713 1861 ducatus
1733 1825 1844 1861 Urbini
1863 1826 1991 1859 nomine

541 1884 632 1917 SedIs
663 1884 875 1927 Apostolicae,
903 1883 966 1915 358
991 1893 1020 1915 α.

451 1937 623 1980 Dionysius
647 1937 821 1980 Crispoltns
846 1935 1062 1970 universitatis
1086 1935 1260 1968 Perusinae
1287 1933 1394 1976 lector,
1421 1934 1483 1968 377
1510 1932 1536 1966 b.

452 1990 635 2024 Dominicus
661 1991 830 2024 cardiiialis
855 1990 1059 2034 Gymnasius,
1087 1989 1150 2022 404
1175 1988 1201 2021 b.

1210 2145 1234 2178 E

455 2283 624 2317 Eborensis
650 2282 929 2325 archiepiscopus,
957 2281 998 2313 99
1023 2290 1064 2319 α;
1090 2280 1324 2313 controversias
1349 2276 1445 2312 habet
1470 2286 1542 2312 cum
1566 2276 1688 2311 militiis
1705 2277 1736 2311 S.
1753 2276 1860 2311 Iacobi
1877 2281 1909 2311 et
1924 2287 1997 2311 san-

543 2338 584 2369 cti
611 2335 773 2368 Benedicti
805 2335 845 2367 de
877 2334 972 2374 Avis,
1000 2334 1039 2367 99
1074 2333 1110 2371 b‚·
1136 2332 1294 2377 quomodo
1320 2331 1580 2375 componendae,
1606 2331 1684 2365 ibid.
1709 2335 1740 2365 et
1763 2342 1825 2376 seq.
1853 2332 1996 2366 Facullas

546 2391 617 2423 dala
642 2391 711 2431 regi
736 2388 889 2422 catholico
915 2387 1101 2420 nominandi
1122 2387 1245 2420 iudices
1270 2385 1309 2418 ad
1328 2385 1383 2418 lias
1408 2394 1521 2419 causas
1546 2385 1795 2428 cognoscendaS,
1813 2386 1876 2419 459
1901 2385 1933 2425 b;
1958 2385 1998 2419 de

546 2443 661 2486 ignibus
687 2442 949 2485 archiepiscopus
975 2441 1076 2484 possit
1098 2444 1162 2474 tres
1186 2447 1335 2472 recusare
1360 2442 1393 2472 ut
1417 2442 1591 2482 suspectOS,
1616 2439 1679 2473 460
1704 2450 1734 2473 α.

458 2498 628 2531 libor-ensis
653 2496 780 2539 capituli
807 2500 836 2529 et
861 2495 1016 2528 ecclesiae
1041 2494 1180 2537 dignitas
1204 2496 1235 2526 et
1258 2491 1417 2534 nobilitas,
1444 2492 1505 2526 299
1530 2503 1570 2532 α;
1595 2496 1710 2526 statuta
1741 2492 1781 2525 de
1806 2491 2002 2536 probationi-

548 2552 606 2583 nus
636 2548 675 2582 ab
701 2549 907 2582 admittendis
932 2548 972 2582 ad
998 2548 1170 2591 dignitates
1203 2545 1360 2580 faciendis
1391 2556 1488 2590 super
1520 2547 1686 2589 sanguinis
1711 2547 1866 2591 puritate,
1892 2546 1956 2579 300
1980 2555 2000 2578 a

550 2606 581 2637 ct
605 2613 624 2635 a
648 2606 679 2637 ct
703 2603 761 2636 301
790 2613 851 2646 seq.
