2269 3235
259 273 306 299 Λιι,
326 275 353 299 r..
376 274 439 300 lix-223
485 266 526 296 titt

259 2663 268 2678 b

274 2667 322 2681 *rum

285 2633 312 2653 iu·
330 2635 403 2654 litteris
420 2641 439 2654 ιιι

358 2661 438 2681 Iturium

455 323 603 355 sonaliter
622 322 794 355 resederint
810 322 979 363 dumtaxat,
996 322 1033 355 de
1049 322 1196 356 omnibus

455 382 482 408 et
508 376 759 420 quilmseumque
782 375 943 408 beneficiis
968 375 1195 417 ecclesiasticis,

455 441 525 462 rum
555 428 629 463 curti
660 435 689 471 et
721 430 786 462 sine
819 431 917 470 eura,
942 429 1136 462 secularibus
1167 434 1196 462 et

455 484 651 525 regularibus
667 483 717 526 (ad
735 483 866 515 liberam
882 483 1022 527 ipsorum
1036 483 1196 515 dumtaxat

454 547 515 568 uon
529 542 631 568 autem
650 537 784 569 aliorum
799 547 870 569 cum
888 536 932 569 eis
945 536 1194 580 dispositionem,

454 600 508 621 seu
533 589 828 632 praesentationem,
849 589 897 622 vel
922 589 1117 630 electionem,
1138 600 1195 623 nec

455 642 546 674 etiam
573 654 643 675 eum
670 642 812 684 consilio,
831 643 877 675 vel
895 653 1059 685 consensu,
1079 654 1134 676 scu
1154 643 1196 675 in-

455 701 597 727 terventu
629 695 858 739 capitulorum,
884 696 931 728 vel
962 696 1094 729 aliorum
1110 723 1117 737 ,
1142 700 1195 729 aut

453 748 538 791 anas,
551 748 795 793 pertinentibus)
812 760 891 793 quae
908 749 939 782 in
956 755 1046 783 antea
1062 750 1093 782 in
1111 760 1194 783 men-

453 802 538 836 sibus
570 802 741 843 februarii,
766 803 894 847 aprilis,
923 803 1022 844 iunii,
1046 803 1193 846 augusti,

454 856 590 890 octobris
607 861 637 888 et
653 856 829 889 decembris
853 861 941 889 extra
957 856 1077 889 curiam
1094 856 1193 900 ipsam

453 920 563 943 vacare
587 909 755 952 contigerit
780 909 964 952 (dummodo
994 910 1069 941 alias
1093 909 1195 953 dispo-

453 962 557 995 sitioni
590 962 778 1006 apostolicae
808 967 983 1002 reservata,
1008 962 1055 993 vel
1083 962 1193 994 affecta

453 1026 514 1049 non
539 1016 672 1058 suerint)
690 1015 787 1047 libere
807 1014 992 1058 disponendi
1017 1015 1191 1048 facultatem

453 1068 613 1101 concessit.
639 1069 680 1101 Ac
706 1068 799 1100 etiam
824 1068 941 1108 voluit,
966 1072 1000 1100 ut
1024 1068 1048 1100 si
1073 1068 1133 1112 ipsi
1162 1069 1193 1101 in

453 1122 627 1163 collatione,
644 1127 696 1154 aut
716 1122 776 1154 alia
801 1121 1003 1166 dispositione
1027 1122 1194 1156 beneficio-

452 1186 521 1207 rum
547 1176 577 1207 in
602 1175 670 1208 aliis
694 1186 746 1208 sex
771 1175 948 1216 mensibus,
974 1175 1118 1208 videlicet
1142 1176 1190 1209 ia-

452 1229 563 1269 nuarii,
589 1229 704 1269 martii,
729 1229 814 1270 maii,
841 1229 918 1269 iulii,
944 1229 1132 1273 septembris
1164 1235 1190 1262 et

452 1282 641 1323 novembris,
667 1286 886 1316 vacaturorum
913 1283 1006 1326 (quae
1024 1282 1117 1315 etiam
1135 1283 1210 1316 dis-¹

452 1336 599 1378 positioni
623 1347 707 1376 suae,
732 1342 766 1369 ut
788 1337 975 1380 praefertur,
997 1336 1192 1381 reservavit),

452 1399 507 1421 seu
538 1389 629 1421 etiam
662 1389 795 1422 aliorum
821 1389 1039 1433 dispositioni,
1065 1400 1139 1423 suae
1163 1396 1193 1423 et

453 1441 552 1475 dictae
573 1442 643 1475 Sedi
664 1443 738 1475 alias
763 1443 1000 1486 quomodolibet
1024 1448 1195 1478 reservato-

453 1505 533 1536 rum,
559 1496 605 1527 vel
632 1496 827 1537 affectorum,
852 1507 919 1529 sesc
944 1496 1192 1538 intromiserint,

453 1553 505 1579 aut
521 1548 689 1591 quominus
714 1549 910 1592 provisiones
934 1553 963 1583 et
987 1550 1105 1593 gratiae
1122 1550 1194 1583 San-

453 1602 566 1634 ctitatis
581 1602 659 1635 Suae
674 1603 711 1635 de
729 1603 789 1636 illis
804 1604 942 1636 debitum
961 1604 1106 1637 effectum
1123 1615 1195 1638 con-

453 1660 623 1698 sequantur
655 1656 912 1699 impedimentum
941 1668 1069 1701 quoquo
1100 1658 1193 1691 modo

452 1708 679 1751 praestiterint,
704 1720 763 1741 usu
787 1715 816 1742 et
840 1710 992 1743 beneficio
1015 1711 1193 1754 praedictae

454 1762 606 1794 t'acultatis
631 1772 667 1795 eo
692 1763 761 1806 ipso
781 1763 893 1806 privati
911 1764 1053 1805 existant,
1077 1775 1112 1798 ac
1133 1765 1194 1798 col-

454 1815 583 1848 lationes
597 1821 627 1848 et
639 1816 716 1849 aliae
731 1816 951 1860 dispositiones
967 1818 1004 1851 de
1022 1818 1192 1860 beneficiis,

453 1869 535 1901 illius
551 1874 713 1912 praetextu
729 1869 878 1914 deinceps
894 1871 1061 1913 faciendae,
1077 1873 1192 1905 nullius

453 1922 513 1954 sint
537 1923 670 1963 roboris,
695 1923 742 1955 vel
767 1924 927 1958 momenti.
953 1925 999 1957 Illi
1026 1936 1113 1965 vero,
1138 1926 1191 1969 qui

453 1975 586 2017 gratiam
611 1976 812 2009 alternativae
836 1977 1013 2020 praedictae
1029 1983 1191 2022 acceptare

454 2028 624 2068 voluerint,
651 2030 895 2072 acceptationem
927 2031 1107 2064 huiusmodi
1135 2042 1192 2075 per

452 2084 590 2123 patentes
608 2082 726 2115 litteras
739 2093 833 2115 manu
846 2083 975 2128 propria
992 2084 1192 2128 subscriptas,

453 2145 570 2177 suoque
587 2135 690 2177 sigillo
710 2137 860 2177 munitas,
879 2140 908 2170 et
932 2137 963 2169 in
987 2139 1043 2170 sua
1060 2138 1192 2182 quisque

453 2188 574 2221 civitate
600 2189 646 2220 vel
671 2189 805 2222 dioecesi
833 2190 935 2231 datas,
960 2190 1137 2232 declarare,
1163 2197 1192 2224 et

454 2240 571 2273 litteras
592 2242 673 2285 ipsas
697 2243 758 2275 huc
782 2243 820 2275 ad
844 2243 999 2276 datarium
1016 2244 1191 2278 Sanctitatis

453 2296 529 2325 Sina:
550 2295 759 2328 transmittere
777 2299 950 2337 teneantur,
968 2297 1082 2340 quibus
1099 2298 1137 2330 ab
1154 2309 1191 2331 eo

455 2347 587 2390 receptis
603 2353 633 2380 et
650 2349 829 2391 recognitis,
847 2354 921 2383 tunc
938 2350 1064 2383 demum
1083 2356 1112 2383 et
1129 2362 1191 2385 non

456 2407 540 2432 ,entem
567 2402 610 2434 uti
637 2402 787 2446 incipiant
810 2404 911 2446 gratia
936 2405 1124 2448 supradicta.
1139 2405 1192 2438 De-

455 2464 604 2495 ;ernens,
629 2455 673 2487 sic
702 2456 732 2488 in
762 2457 942 2499 praemissis
967 2457 1112 2491 omnibus
1135 2469 1192 2503 per

454 2518 680 2552 quoscumque,
705 2513 773 2551 etc„
794 2510 923 2544 iudicari
949 2511 1073 2555 debere,
1095 2522 1130 2545 ac
1155 2512 1193 2546 ir-

455 2566 565 2599 Γιῑιιιιι,
590 2567 646 2595 etc.

499 2614 550 2646 sle.
577 2615 652 2647 Item
680 2616 773 2648 voluit
795 2617 875 2648 idem
894 2617 926 2649 l).
945 2619 978 2651 N.
1000 2618 1090 2662 Papa,
1108 2619 1192 2662 quod

456 2680 601 2702 centusse
614 2681 669 2711 per
681 2670 777 2701 telis-is
792 2671 1016 2704 reeordationis
1030 2672 1158 2704 Paulum
1171 2672 1191 2704 V

1031 274 1209 299 ntumAnlnM
1233 274 1386 299 Romnum

1979 273 2028 301 Αἠ.
2046 272 2073 301 G.
2097 272 2164 302 ¹623

1229 328 1259 356 et
1279 323 1467 366 Gregorium
1484 322 1534 355 XV
1552 321 1811 366 praedecessores
1835 332 1919 364 suos,
1936 327 1966 356 ct
1980 338 2075 365 ῳηψ-μιι
2101 342 2164 363 expu-

1229 377 1267 409 de
1291 387 1401 410 eorum
1422 375 1578 416 mandato,
1595 375 1800 419 expediantur
1816 375 1848 408 in
1863 376 1965 409 soi-ma
1981 363 2075 383 ‘¹¹⁶¹'¹¹¹''

1229 430 1364 464 Ralr'oni
1380 430 1540 474 conyruit,
1556 440 1573 462 a
1586 429 1636 462 die
1651 428 1875 473 assumptionis
1892 439 1965 462 suae

1229 482 1267 515 ad
1296 483 1410 516 summi
1442 483 1635 526 apostolatus
1660 481 1793 525 apicem.
1818 481 1855 514 Et
1883 482 1964 515 idem

1229 536 1332 580 quoad
1356 547 1505 570 concessa
1527 547 1584 580 per
1607 535 1676 580 piae
1696 535 1868 568 memoriae
1891 535 1967 569 Leo-

1228 600 1300 623 nem
1324 590 1361 622 XI
1387 590 1480 622 etiam
1498 587 1774 633 praedecessorem
1800 598 1903 630 suum,
1927 588 1965 621 ad

1229 653 1281 676 sex
1306 653 1430 676 menses
1447 642 1618 683 dumtaxat,
1636 642 1674 675 ab
1691 642 1759 686 ipso
1776 641 1826 674 die
1846 652 1966 675 assum-

1228 696 1343 740 ptionis
1360 695 1564 740 incipiendos,
1582 695 1744 729 observari
1762 695 1868 728 voluit.

1271 749 1323 782 ¹11.
1346 749 1422 783 Item
1446 750 1624 791 declaravit,
1642 749 1782 783 omnium
1808 753 1837 782 et
1861 748 1967 792 singu·
2001 760 2165 781 nectaratiore-

1980 787 2107 808 servationis
2130 793 2163 807 ec-

1228 803 1329 836 larum
1353 802 1556 836 eeclesiarum
1586 801 1812 835 cathedralium
1844 806 1874 834 et
1902 811 1966 834 mo·
1980 813 2165 845 cregiqrumetim·

1227 856 1437 891 nasteriorum
1468 855 1681 900 provisiones,
1706 866 1783 901 quas
1813 854 1964 899 praedicti
1981 842 2165 893 zsslglssssr-'ss‘soft‘s‘

1228 910 1486 953 praedecessores
1517 910 1565 942 sui
1593 909 1782 943 ordinationi
1811 912 1841 943 et
1864 896 2143 952 dispo-''eswfflm'mn'

1227 963 1332 996 sitioni
1357 973 1467 996 eorum
1482 990 1490 1003 ,
1513 973 1636 996 necnon
1661 962 1767 996 omnia
1789 968 1820 995 et
1844 962 1966 1005 singula

1227 1015 1379 1049 beneficia
1404 1015 1625 1056 ecclesiastica,
1642 1026 1723 1059 quae
1742 1015 1816 1048 dicti
1840 1015 1968 1059 praede-

1227 1079 1367 1102 cessores
1381 1069 1475 1101 etiam
1488 1068 1666 1112 praedictae
1683 1067 1882 1112 dispositioni
1895 1078 1967 1101 cum

1227 1122 1463 1166 interpositione
1480 1121 1599 1155 decreti
1617 1126 1854 1155 reservaverant
1874 1121 1968 1166 (quae

1227 1174 1353 1218 quidem
1378 1174 1539 1216 ecclesiae,
1564 1174 1766 1215 monasteria,
1785 1184 1908 1208 necnon
1923 1174 1968 1208 sic

1227 1233 1385 1262 reservata
1417 1228 1586 1269 beneficia,
1611 1233 1752 1272 tempore
1783 1227 1889 1261 obitus
1918 1237 1969 1261 eo-

1228 1282 1372 1316 rumdem
1402 1282 1683 1326 praedecessorum
1713 1281 1882 1322 vacabant,
1915 1285 1967 1316 aut

1227 1336 1376 1370 ecclesiae
1393 1336 1487 1380 ipsae,
1505 1336 1552 1369 vel
1570 1335 1760 1369 monasteria
1776 1335 1966 1375 huiusmodi,
2001 1376 2009 1383 θ

1227 1389 1252 1421 si
1269 1389 1497 1429 commendata,
1514 1389 1563 1421 vel
1583 1389 1610 1421 ei
1631 1388 1901 1422 administratores
1917 1388 1967 1421 de-

1226 1442 1324 1486 putati
1348 1453 1410 1476 non
1427 1442 1569 1482 fuissent,
1590 1440 1773 1475 etiamtunc
1792 1444 1966 1485 vacassent)

1227 1495 1415 1529 remansisse
1447 1500 1477 1528 et
1501 1505 1665 1528 remanere
1696 1505 1752 1539 per
1785 1494 1965 1528 huiusmodi

1227 1549 1473 1582 reservationem
1497 1553 1527 1582 et
1551 1548 1713 1581 decretum
1745 1548 1877 1589 affecta,
1901 1549 1968 1581 nul-

1227 1603 1352 1646 lamque
1376 1603 1414 1636 de
1439 1602 1515 1643 illis,
1540 1607 1667 1646 praeter
1690 1602 1866 1635 Romanum
1891 1601 1968 1635 Pon-

1227 1656 1341 1690 tificem
1356 1683 1364 1697 ,
1389 1667 1425 1689 ex
1450 1656 1517 1689 vice
1540 1666 1573 1689 se
1603 1655 1813 1688 intromittere
1837 1655 1885 1688 vel
1909 1655 1968 1688 dis-

1225 1721 1342 1754 ponere
1366 1710 1505 1754 potuisse
1526 1710 1589 1743 sive
1614 1719 1706 1754 posse
1729 1709 1965 1755 quoquomodo.

1225 1764 1403 1797 Decernens
1419 1763 1545 1796 irritum
1559 1767 1590 1795 et
1607 1762 1707 1805 inane,
1722 1762 1746 1795 si
1764 1773 1854 1795 secus
1871 1773 1966 1806 super

1226 1817 1287 1850 illis
1311 1820 1496 1850 attentatum
1521 1817 1625 1850 forsan
1650 1821 1717 1849 erat
1741 1821 1825 1857 tunc,
1843 1815 1966 1849 velim-

1225 1875 1386 1914 posterum
1403 1869 1600 1913 contingeret
1616 1869 1770 1903 attentari.

1269 1924 1320 1956 12.
1347 1924 1422 1956 Item
1453 1923 1632 1967 praedictus
1663 1923 1696 1956 D.
1726 1924 1761 1957 N».
1794 1934 1904 1958 omnes
1934 1928 1990 1961 et,
2027 1932 2162 1954 novati-tatio

1978 1957 2094 1980 litterarum
2103 1965 2163 1986 prae·

1226 1977 1374 2020 singulas,
1387 1977 1426 2011 ab
1440 1977 1515 2021 ipsis
1533 1978 1628 2011 Paulo
1646 1977 1668 2010 V
1685 1983 1716 2010 et
1732 1977 1885 2021 Gregorio
1914 1978 1963 2012 XV
1978 1984 2097 2014 dccv-‘sons
2117 1992 2163 2012 sra-

1979 2013 2021 2032 tiae
2032 2014 2052 2032 et
2066 2013 2162 2034 iustitiae

1226 2031 1373 2064 Romanis
1417 2031 1619 2065 Pontificibus
1668 2031 1964 2076 praedecessoribus
1979 2038 2162 2087 icffigessaffium

1226 2085 1290 2117 suis
1318 2085 1399 2117 infra
1423 2095 1539 2117 annum
1570 2089 1641 2118 ante
1665 2084 1748 2118 diem
1779 2085 1883 2119 obitus
1909 2096 1964 2119 eo·
2130 2082 2135 2087 ”

1226 2149 1295 2171 rum
1310 2148 1473 2171 concessas
1491 2138 1609 2181 gratiae
1622 2138 1670 2171 vel
1687 2131 1821 2171 iustitiae
1834 2138 1963 2177 litteras,

1226 2192 1421 2235 temporibus
1451 2192 1564 2225 debitis
1596 2202 1706 2226 eorum
1741 2192 1963 2226 executoribus

1225 2256 1279 2278 seu
1305 2245 1458 2278 iudicibus
1486 2255 1548 2279 non
1579 2250 1810 2289 praesentatas,
1835 2246 1963 2279 omnino

1225 2297 1415 2339 revalidavit,
1430 2303 1460 2331 et
1479 2298 1510 2331 in
1527 2304 1640 2332 statum
1658 2299 1838 2343 pristinum,
1854 2298 1886 2332 in
1902 2310 1965 2343 quo

1225 2350 1368 2385 videlicet
1396 2356 1485 2384 antea
1517 2352 1658 2394 fuerant,
1683 2353 1731 2385 vel
1761 2363 1821 2396 pro
1852 2352 1965 2397 quihus

1225 2410 1314 2438 erant
1333 2404 1489 2446 obtentae,
1505 2405 1608 2449 quoad
1629 2406 1690 2439 hoc
1713 2406 1853 2450 plenarie
1876 2407 1966 2440 resti-

1225 2458 1304 2498 tuit,
1328 2469 1364 2491 ac
1388 2458 1525 2492 decrevit
1545 2470 1602 2503 per
1626 2464 1810 2495 executores
1835 2470 1891 2494 seu
1919 2460 1965 2493 iu-

1226 2511 1310 2544 dices
1326 2512 1512 2555 praedictos,
1522 2513 1570 2546 vel
1586 2513 1625 2547 ab
1642 2514 1686 2546 eis
1702 2513 1963 2558 subdelegandos,

1226 2564 1264 2597 ad
1287 2564 1518 2609 expeditionem
1542 2566 1741 2609 negotiorum
1766 2567 1798 2600 in
1822 2566 1866 2600 eis
1890 2576 1965 2600 con-

1227 2623 1383 2652 tentorum
1415 2620 1541 2663 procedi
1569 2631 1660 2663 posse.
1684 2626 1714 2653 et
1737 2620 1854 2654 debere
1878 2621 1964 2654 iuxta

1228 2672 1352 2705 illarum
1371 2674 1512 2706 termam.
