2269 3235
230 242 278 269 Λιι,
300 243 327 269 c,
348 243 418 272 ¹525
463 235 528 269 330

1009 247 1185 271 uuttxnirii

428 293 530 326 missis
544 293 611 326 iura
625 298 654 328 et
671 295 844 338 privilegia,
861 296 891 327 in
905 296 1030 327 camera
1048 300 1170 338 aposto—

427 346 486 379 lica
512 346 675 386 exhibere,
698 347 853 379 deducere
873 352 903 380 et
927 347 1064 390 allegare
1089 352 1169 382 tene-

429 404 546 441 rentur,
565 411 600 432 ac
614 400 689 432 alias
704 404 797 443 prout
819 399 850 432 in
870 400 1039 444 praedictis
1058 401 1169 435 litteris

429 452 520 485 latius
540 452 730 495 continetur)
749 463 812 494 vos,
838 453 946 496 vigore
970 454 1170 497 primodicta-

430 516 498 538 rum
523 505 597 538 Sixti
624 506 655 546 V,
682 510 712 537 et
736 506 868 539 aliarum
895 507 980 540 Pauli
999 508 1037 540 llI
1059 509 1170 542 confir-

429 559 634 591 matoriarum
653 559 906 603 reintegrationis
921 561 1088 602 bonorum,
1106 563 1169 596 ossi-

428 611 549 644 ciorum
582 617 612 645 et
636 612 770 646 aliorum
797 613 914 646 iuriuni
939 615 1027 648 vobis
1052 616 1167 658 sactae,

429 664 485 696 sub
505 664 610 697 datum
632 676 650 698 x
672 665 821 699 kalendas
838 668 941 700 martii
968 668 1169 712 pontificatus

428 717 474 749 sui
501 728 582 752 anno
600 728 640 761 ri,
662 729 784 753 necnon
809 720 901 753 ctiam
927 721 971 754 Pii
997 722 1034 754 IV
1058 722 1169 755 Roma-

430 780 542 804 norum
555 771 740 805 Pontificum
756 774 1035 817 praedeeessorum
1049 781 1169 809 nostro-

430 834 509 863 rum,
524 824 582 857 sub
601 824 708 858 datum
727 836 802 859 xxvi
820 826 952 859 ianuarii
971 828 1169 870 pontificatus

429 876 475 909 sui
500 887 581 910 anno
606 888 636 910 1v
667 879 745 922 (per
769 890 856 922 quas,
882 890 1009 923 poenas,
1036 881 1168 914 mulctas

429 935 458 962 et
473 931 710 964 confiscationes
728 932 902 975 praedictas
919 933 1007 966 vobis
1023 944 1059 966 ex
1079 934 1169 967 titulo

428 993 562 1017 oneroso
587 984 704 1017 dudum
726 985 819 1017 tuisse
845 990 874 1017 et
899 996 966 1018 esse
987 987 1167 1030 applicatas,

428 1036 659 1080 declarabatur)
684 1037 870 1080 litterarum,
888 1039 1018 1072 iuridice
1043 1045 1072 1074 et
1096 1041 1170 1083 legi-

429 1089 502 1121 time
516 1089 547 1121 in
562 1092 687 1122 camera
702 1093 808 1123 nostrii
825 1092 995 1135 apostolica
1009 1093 1169 1135 docuistis,
1186 1128 1187 1137 ἵ

427 1142 504 1174 duas
534 1143 640 1175 tertias
672 1155 845 1187 poenarum
883 1151 912 1177 ct
941 1143 1187 1180 nialeficioruml

427 1195 607 1228 huiusmodi
622 1201 727 1240 partes
741 1197 828 1230 vobis
844 1209 880 1231 ex
902 1198 992 1232 titulo
1010 1210 1081 1232 rere
1100 1211 1169 1233 one-

428 1259 500 1282 roso
525 1250 722 1293 competiisse
748 1256 778 1284 ct
802 1258 992 1296 competere,
1011 1259 1039 1286 et
1057 1254 1167 1287 eodem

429 1302 516 1335 titulo
533 1313 550 1334 a
568 1303 717 1336 Romanis
742 1305 945 1338 Pontificibus
964 1306 1082 1339 dudum
1099 1318 1169 1340 con-

427 1366 529 1389 cessas
553 1356 647 1390 fuisse
672 1363 702 1390 et
726 1368 803 1399 esse,
825 1364 853 1391 et
873 1365 1043 1404 propterea
1068 1361 1098 1393 in
1123 1364 1169 1394 ea-

426 1409 497 1442 dem
533 1413 656 1444 camera
697 1412 857 1446 decretum
896 1414 1166 1448 confirmatorium

426 1464 637 1497 concessionis
650 1470 679 1497 et
692 1466 912 1509 applicationis
926 1478 1100 1511 poenarum
1115 1469 1168 1501 hu-

425 1517 571 1551 husmodi
596 1518 791 1559 obtinuistis,
816 1526 910 1563 prout
935 1521 1026 1554 latius
1050 1522 1168 1565 pariter

425 1570 456 1602 in
468 1570 645 1613 patentibus
658 1572 770 1604 litteris
787 1572 887 1605 bonae
902 1574 1074 1607 memoriae
1090 1575 1168 1608 Hen-

426 1623 482 1656 rici
499 1624 673 1668 presbyteri
695 1625 862 1658 cardinalis
876 1626 999 1659 Caetani
1014 1631 1086 1661 tunc
1108 1600 1186 1660 exi-l

426 1677 535 1709 stentis
558 1677 586 1710 S.
609 1679 642 1710 R.
664 1678 695 1711 E.
718 1679 883 1712 camerarii
908 1680 1043 1724 desuper
1067 1682 1186 1728 conse-3

427 1730 484 1762 ctis
509 1731 694 1764 continetur.
721 1732 797 1765 Cum
823 1739 938 1775 autem,
957 1734 1036 1767 sicut
1058 1735 1186 1768 eadem‘

427 1784 579 1826 expositio
604 1784 830 1828 subiungebat,
859 1787 1001 1820 firmiora
1026 1788 1087 1821 sint
1110 1800 1144 1822 ea
1160 1813 1186 1836 ,3

426 1847 507 1880 quae
533 1838 656 1881 saepius
675 1839 872 1882 Apostolicae
886 1840 973 1874 Sedis
992 1843 1168 1885 patrocinio

427 1891 630 1933 muniuntur,
655 1896 685 1926 et
708 1899 876 1937 propterea
908 1896 1041 1939 cupiatis
1070 1908 1164 1941 prae-

426 1944 522 1977 niissa
539 1945 654 1986 omnia,
675 1957 755 1990 quae
780 1958 837 1991 per
856 1948 954 1981 felicis
978 1950 1169 1985 recordatio-

426 1997 474 2031 nis
499 1998 688 2041 Gregorium
719 2000 784 2033 XIV
817 2006 846 2034 et
879 2002 1071 2036 Clementem
1103 2005 1167 2038 VIII

426 2051 685 2095 praedecessores
721 2059 846 2087 nostros
880 2055 1066 2090 confirmata
1101 2058 1167 2091 sue-

426 2111 508 2148 runt,
530 2111 561 2139 ut
591 2106 734 2141 firmiora
758 2114 912 2152 perpetuo
937 2109 1125 2153 subsistant,
1151 2122 1186 2153 a;

426 2159 516 2193 nobis
541 2171 665 2204 quoque
698 2161 896 2202 confirmari,
922 2166 951 2197 et
983 2164 1053 2197 ideo
1078 2158 1186 2206 nobis}

426 2213 588 2247 humiliter
600 2215 769 2259 supplicari
787 2216 910 2258 fecistis,
924 2223 957 2250 ut
977 2218 1008 2250 in
1020 2220 1169 2266 praemis-

427 2268 468 2300 sis
489 2274 666 2312 opportune
701 2269 866 2313 providere
903 2271 941 2303 de
975 2271 1167 2315 benignitate

427 2321 597 2365 apostolica
613 2321 831 2365 dignaremur:
845 2333 902 2356 nos
916 2323 1023 2366 igitur,
1033 2335 1088 2358 vos
1102 2337 1168 2370 spe-

427 2374 556 2407 cialibus
581 2375 740 2409 favoribus
756 2381 785 2409 et
810 2377 918 2419 gratiis
942 2379 1091 2422 prosequi
1118 2391 1168 2413 vo-

427 2429 534 2464 lentes,
552 2434 578 2462 et
605 2434 744 2462 vestrum
770 2430 941 2474 quemlibet
965 2442 982 2463 a
1007 2432 1167 2475 quibusvis

427 2482 767 2525 excommunicationis,
793 2484 1008 2528 suspensionis
1026 2491 1055 2518 et
1071 2485 1166 2519 inter-

427 2535 510 2574 dicu,
529 2536 659 2580 aliisque
673 2538 892 2571 ecclesiasticis
909 2539 1079 2582 sententiis,
1099 2551 1167 2573 cen—

428 2588 510 2621 suris
523 2593 553 2621 et
571 2589 690 2632 poenis,
709 2601 726 2623 a
742 2591 810 2624 iure
827 2592 874 2624 vel
891 2592 929 2624 ab
943 2593 1080 2635 homine,
1095 2604 1168 2636 qua-

428 2640 476 2673 vis
500 2641 663 2674 occasione
687 2643 733 2675 vol
760 2646 854 2677 causa
883 2645 974 2688 latis,
1003 2646 1028 2678 si
1053 2647 1166 2690 quibus

1212 247 1363 271 nemum!

1203 295 1439 338 quomodolibet
1474 296 1613 330 innodati
1645 298 1789 342 existunt,
1810 300 1847 334 ad
1867 299 1943 335 etl'c-

1202 353 1286 381 ctum
1319 349 1530 393 praesentium
1563 349 1724 384 dumtaxat
1754 363 1945 398 consequen-

1202 402 1287 442 dum,
1305 402 1417 435 harum
1434 402 1515 435 serie
1532 402 1728 437 absolventes
1741 409 1772 438 et
1785 405 1944 441 absolutos

1202 456 1268 488 sore
1282 461 1453 497 censentes,
1468 455 1649 489 huiusmodi
1662 458 1944 502 supplicationibus

1202 509 1352 550 inclinati,
1366 509 1543 553 praedictas
1559 510 1636 543 Sixti
1649 511 1671 544 V
1683 521 1719 545 ac
1735 512 1861 546 Henrici
1878 524 1944 547 car-

1202 562 1314 596 dinalis
1337 567 1411 596 tunc
1427 563 1594 596 camerarii
1613 573 1735 598 necnon
1751 565 1896 609 Gregorii
1913 572 1943 600 et

1202 615 1368 649 Clementis
1398 616 1676 660 praedecessorum
1708 618 1942 662 praedictorum

1202 669 1332 711 litteras,
1353 680 1488 713 quarum
1514 675 1638 704 tenores
1662 671 1890 715 praesentibus,
1907 684 1943 707 ac

1203 722 1228 755 si
1249 722 1287 755 de
1312 722 1408 755 verbo
1432 723 1469 756 ad
1494 723 1625 756 verbum
1644 724 1868 769 insererentur,
1885 737 1943 771 pro

1203 776 1393 810 sufficienter
1410 777 1564 820 expressis
1585 777 1694 811 haberi
1712 779 1856 813 volumus
1869 790 1944 824 qua-

1205 833 1292 861 tenus
1311 833 1414 862 tamen
1430 830 1462 862 in
1479 830 1611 874 pacifica
1628 831 1781 865 solutione
1798 832 1943 876 exigendi

1203 881 1301 915 dictas
1326 882 1403 915 duas
1427 883 1534 916 tertias
1558 888 1662 928 partes
1679 886 1885 929 pecuniarum
1906 898 1943 921 cx

1203 934 1365 967 maleficiis
1389 936 1643 978 provenientium
1671 939 1765 972 modo
1790 944 1820 972 et
1843 940 1943 975 forma

1202 988 1384 1030 praemissis
1421 990 1632 1022 communitas
1673 996 1775 1024 vestra
1811 993 1943 1034 existat,

1203 1040 1387 1073 auctoritate
1403 1042 1585 1085 apostolica,
1598 1047 1707 1076 tenore
1719 1045 1942 1087 praesentium,

1203 1099 1356 1137 perpetuo
1392 1095 1617 1128 confirmamus
1648 1101 1678 1129 et
1710 1097 1944 1141 approbamus,

1203 1147 1309 1190 eisquc
1333 1152 1460 1180 nostrae
1481 1152 1510 1182 et
1533 1149 1726 1192 apostolicae
1750 1151 1944 1185 auctoritatis

1203 1201 1301 1234 robur
1333 1201 1521 1245 adiicimus,
1551 1214 1586 1236 ac
1618 1214 1727 1237 omnes
1751 1209 1781 1237 et
1804 1205 1944 1249 singulos

1202 1254 1294 1286 ctiam
1321 1254 1541 1288 substantiales
1565 1256 1714 1298 defectus,
1732 1257 1829 1302 siqui
1853 1258 1945 1292 inter-

1203 1308 1345 1340 venerint
1360 1308 1392 1340 in
1409 1308 1536 1351 eisdem,
1551 1311 1745 1354 supplemus.
1766 1312 1945 1347 Mandantes

1201 1364 1371 1405 propterea
1390 1362 1504 1396 dilecto
1529 1363 1594 1396 filio
1618 1369 1727 1397 nostro
1746 1365 1839 1399 Petro
1863 1365 1943 1399 tituli

1202 1414 1247 1447 Ss.
1266 1415 1390 1448 Ioannis
1413 1421 1444 1448 et
1469 1415 1555 1449 Pauli
1580 1417 1764 1461 presbytero
1793 1419 1943 1453 cardinali

1202 1467 1436 1502 Aldobrandino
1455 1476 1636 1514 nuncupato
1660 1471 1814 1505 moderno
1838 1477 1868 1505 et
1884 1483 1943 1517 pro

1202 1525 1344 1565 tempore
1368 1522 1511 1555 existenti
1531 1523 1670 1557 eiusdem
1688 1530 1813 1558 sanctae
1830 1526 1943 1559 Roma-

1201 1585 1259 1607 nae
1284 1575 1441 1608 Ecclesiae
1472 1577 1666 1619 camerario,
1692 1588 1814 1611 necnon
1843 1579 1943 1613 dictae

1201 1638 1344 1661 camerae
1380 1628 1596 1672 thesaurario,
1628 1631 1880 1674 praesidentibus
1914 1638 1944 1666 et

1201 1681 1269 1714 aliis
1293 1681 1454 1722 ministris,
1478 1687 1513 1715 ut
1535 1683 1720 1727 praedictas,
1745 1685 1863 1729 hasque
1886 1696 1942 1719 no-

1202 1740 1281 1768 stras
1305 1734 1424 1768 litteras
1448 1736 1594 1769 inviolate
1615 1742 1645 1770 et
1664 1737 1703 1770 ab
1727 1739 1886 1781 omnibus,
1904 1739 1943 1773 ad

1202 1799 1281 1832 quos
1304 1794 1431 1832 spectat,
1449 1789 1610 1823 observari
1626 1790 1751 1833 saciant,
1767 1803 1884 1837 vosque
1901 1793 1944 1827 di—

1202 1841 1259 1874 ctis
1282 1841 1404 1876 duabus
1439 1842 1539 1876 tertiis
1573 1843 1717 1887 partibus
1746 1855 1942 1890 poenarum,

1203 1895 1403 1935 muletarum,
1418 1895 1677 1930 confiscationum
1695 1902 1725 1930 et
1743 1898 1878 1932 aliorum
1895 1910 1944 1934 oc-

1202 1948 1327 1982 casione
1351 1948 1598 1992 maleficiorum,
1628 1961 1708 1994 quae
1732 1951 1763 1984 in
1787 1951 1845 1985 ista
1868 1953 1943 1986 civi-

1203 2006 1264 2034 tate
1287 2003 1496 2044 Anconitana‚
1529 2003 1659 2048 eiusque
1683 2005 1833 2039 comitatu
1858 2017 1943 2040 corn-

1203 2055 1378 2096 mittuntur,
1394 2057 1664 2100 provenientium¹
1689 2059 1721 2091 in
1744 2064 1941 2103 perpetuum,

1202 2110 1287 2143 iuxta
1311 2110 1487 2144 litterarum
1516 2112 1749 2156 praedictarum
1781 2118 1939 2157 tenorem,

1202 2163 1299 2196 libere
1324 2164 1385 2196 frui
1410 2170 1440 2197 et
1463 2164 1610 2208 gaudere,
1629 2170 1659 2199 et
1678 2176 1696 2198 a
1723 2166 1811 2199 vobis
1836 2167 1940 2210 exigi,

1202 2217 1322 2261 percipi
1348 2223 1377 2250 et
1400 2218 1507 2260 levari,
1525 2228 1583 2251 nec
1599 2229 1652 2251 vos
1670 2229 1765 2263 super
1788 2221 1941 2264 praemis-

1201 2271 1242 2303 sis
1267 2271 1331 2304 ullo
1356 2281 1493 2314 unquam
1520 2277 1660 2315 tempore
1685 2273 1854 2315 molestari,
1873 2285 1942 2318 per-

1201 2324 1331 2364 turbari,
1352 2329 1404 2360 aut
1428 2324 1597 2368 inquietari
1624 2325 1753 2367 saciant,
1774 2327 1827 2360 sed
1852 2328 1941 2361 vobis

1202 2378 1304 2422 potius
1329 2388 1421 2411 omne
1445 2378 1596 2411 auxilium
1621 2383 1651 2413 et
1674 2380 1812 2413 favorem
1831 2393 1940 2426 prom-

1201 2438 1253 2477 pte
1273 2433 1438 2466 exhibeant
1464 2438 1493 2466 et
1512 2438 1679 2477 praestent.
1697 2435 1766 2469 Non
1790 2435 1940 2469 obstanti-

1201 2487 1258 2519 bus
1272 2486 1547 2520 constitutionibus
1564 2492 1593 2520 et
1610 2487 1859 2523 ordinationibus
1871 2500 1942 2534 apo-

1201 2540 1329 2582 stolicis,
1348 2551 1383 2573 ae
1407 2541 1568 2585 quibusvis
1593 2542 1715 2576 statutis
1731 2547 1762 2575 et
1778 2548 1942 2577 consuetu-

1200 2594 1336 2635 dinibus,
1352 2594 1525 2638 privilegiis
1544 2605 1679 2639 quoque,
1701 2595 1828 2630 indultis
1847 2601 1877 2630 et
1895 2596 1941 2630 lit-

1240 2658 1246 2683 1
1268 2656 1337 2683 Edit.
1354 2657 1437 2685 Maiu.
1454 2657 1518 2693 legit
1528 2658 1765 2693 provenientium
1780 2658 1820 2693 (R.
1837 2658 1885 2694 Τ.).

1955 254 2002 280 An.
2024 253 2054 281 C.
2073 253 2141 282 1625
