2269 3235
119 261 168 289 An.
188 260 216 288 C.
240 259 308 287 1625

926 260 1067 284 URBANUS
1092 260 1148 284 VIII
1172 261 1219 284 1¹1².

317 306 481 351 scripturis
497 307 664 351 praedictis
682 308 887 352 deponantur,
901 307 994 350 longe
1012 313 1055 340 tu-

315 360 375 393 tius
387 360 512 394 illorum
524 362 751 395 conservationi
764 365 966 405 prospectum
978 361 1054 401 sore,

316 418 345 446 et
359 419 587 459 consequenter
604 415 790 449 solutionem
808 414 964 447 dictorum
981 413 1056 447 duo-

314 478 386 500 rum
411 468 607 510 ducatorum,
632 479 736 513 quam,
761 473 796 501 ut
819 468 912 501 etiam
937 468 1057 512 accepi-

314 531 395 562 mus,
419 522 525 565 plures
554 522 703 556 interesse
728 522 759 554 in
786 521 968 566 praemissis
993 521 1053 554 ha-

314 573 431 616 bentes,
455 575 527 608 licet
551 575 588 608 ad
610 586 708 609 unum
726 575 887 608 dumtaxat
909 575 1055 608 ducatum

314 628 515 671 postmodum
532 628 701 670 redactam,
717 629 818 662 faeere
836 634 991 669 recusant,
1007 639 1058 662 ne-

315 681 483 715 cessariam
507 686 560 715 aut
584 682 693 715 utilem
709 692 773 716 non
789 692 867 724 csse,
885 688 915 716 et
933 683 965 715 in
986 693 1057 716 con-

315 735 498 778 gregatione
515 735 700 769 dilectorum
717 735 857 769 filiorum
873 741 1057 770 nostrorum

315 793 440 821 sanctae
470 789 628 822 Romanae
660 789 815 823 Ecclesiae
849 788 1054 822 cardinalium

314 851 409 886 super
425 842 658 886 provisionibus
675 842 946 877 consistorialibus
963 843 1058 888 depu-

315 899 452 929 tatorum
477 896 614 940 plurima
640 897 785 938 tractari,
814 907 893 941 quae
922 907 995 930 vere
1019 897 1057 929 ad

315 949 454 983 officium
478 950 552 984 dicti
576 951 682 984 clerici
704 951 782 993 Itali,
799 950 851 994 qui
869 951 963 984 etiam
983 950 1057 984 dicti

315 1003 439 1047 collegii
466 1004 654 1038 secretarius
682 1005 802 1046 existit,
827 1004 986 1049 pertinere
1013 1004 1058 1037 di-

316 1062 522 1100 gnoscuntur,
547 1058 587 1091 ob
612 1058 706 1102 idque
732 1058 871 1092 officium
897 1057 1057 1092 secretarii

315 1110 415 1144 dictae
432 1111 685 1155 congregationis
702 1112 805 1146 officio
822 1112 928 1145 clerici
944 1112 1012 1145 Itali
1028 1117 1057 1144 et

317 1164 477 1198 secretarii
501 1165 654 1209 praedicti
679 1164 925 1199 annectendum¹
942 1175 1056 1209 operae

314 1218 451 1260 pretium
469 1228 537 1251 esse
550 1218 754 1260 attendentes,
772 1229 808 1252 ac
826 1218 857 1251 in
873 1218 1056 1263 praemissis

315 1277 494 1316 opportune
518 1273 683 1306 consulere
708 1272 860 1313 volentes,
885 1277 915 1305 et
941 1272 1056 1305 nihilo-

315 1325 418 1358 minus
449 1325 534 1369 quod
562 1325 681 1359 dictum
710 1326 886 1359 archivium
916 1330 1055 1359 erectum

315 1379 492 1422 reperiatur
515 1378 659 1412 notitiam
682 1389 746 1413 non
770 1379 931 1421 habentes,
948 1390 984 1412 ac
998 1379 1057 1412 sin-

315 1432 460 1474 gularum
478 1432 552 1466 dicti
577 1432 722 1475 Gregorii
740 1433 991 1476 praedecessoris
1010 1433 1057 1466 lit-

315 1490 455 1520 terarum
482 1487 734 1531 praedictarum,
767 1487 967 1532 aliorumque
991 1497 1057 1520 om-

314 1540 402 1573 nium
419 1545 450 1573 et
473 1540 670 1584 singulorum
688 1540 938 1585 praemissorum
958 1540 1057 1573 verio-

315 1604 366 1627 res
400 1599 529 1629 tenores
559 1595 776 1639 praescntibus
808 1606 866 1639 pro
899 1595 1057 1639 expressis

315 1647 483 1690 habentes,
508 1653 596 1682 motu
619 1648 761 1692 proprio,
779 1658 842 1682 non
862 1648 900 1681 ad
924 1647 1056 1681 alicuius

315 1700 406 1734 nobis
426 1711 522 1746 super
545 1701 606 1735 hoc
626 1701 749 1735 oblatae
766 1701 927 1745 petitionis
944 1701 1058 1734 instan-

316 1755 401 1796 tiam,
427 1755 481 1789 sed
505 1766 542 1789 ex
562 1756 648 1789 certa
673 1755 802 1789 scientia
824 1766 860 1788 ac
880 1756 968 1789 mera
985 1755 1058 1788 deli-

316 1808 477 1844 beratione
502 1810 628 1852 nostris,
647 1820 682 1842 ac
699 1809 737 1842 de
764 1810 953 1853 apostolicae
973 1814 1058 1853 potc-

316 1863 402 1897 statis
426 1863 636 1908 plenitudine,
657 1863 896 1898 secundodictas
912 1863 1056 1907 Gregorii

316 1916 570 1961 praedecessoris
601 1917 753 1961 praedicti
778 1917 902 1960 ,litteras
933 1917 1057 1961 (quoad

316 1981 385 2003 eam
405 1976 540 2015 partem,
565 1981 644 2015 quae
669 1971 912 2014 assignationem
932 1976 962 2004 et
979 1972 1059 2004 solu-

317 2025 433 2058 tionem
450 2024 606 2058 dictorum
629 2024 764 2064 duorum
782 2025 970 2058 ducatorum
988 2034 1058 2058 con-

317 2079 418 2112 cernit
449 2078 622 2123 dumtaxat)
648 2078 821 2123 apostolica
853 2079 1057 2120 auctoritate,

316 2137 425 2166 tenore
441 2133 664 2177 praesentium,
683 2142 880 2174 revocamus,
899 2143 1057 2166 cassamus

317 2191 347 2218 et
364 2186 571 2228 annullamus,
588 2197 624 2220 ac
640 2186 759 2219 viribus
775 2192 806 2220 ct
822 2186 935 2220 effectu
949 2196 1058 2219 carere

318 2239 443 2281 debere,
459 2251 517 2274 nec
525 2241 661 2284 aliquem
671 2240 710 2274 ad
726 2240 853 2274 illorum
870 2240 1057 2274 solutionem

318 2292 523 2336 imposterum
539 2294 639 2327 teneri
658 2294 857 2328 decernimus
874 2297 904 2328 et
919 2294 1058 2327 declara-

318 2356 406 2386 mus;
424 2357 460 2379 ac
479 2347 616 2380 officium
634 2348 793 2382 secretarii
810 2347 910 2381 dietae
931 2357 1059 2391 congre-

319 2399 454 2442 gationis
475 2401 560 2444 (cum
583 2401 723 2445 primum
745 2401 822 2434 illud
844 2412 901 2445 per
924 2412 1057 2442 cessum,

320 2458 373 2486 aut
396 2454 580 2497 decessum,
613 2465 669 2488 seu
700 2466 934 2500 quamcumque
965 2455 1057 2488 aliam

319 2507 535 2541 dimissionem
554 2508 698 2542 moderni
715 2509 874 2542 secretarii
889 2519 1059 2552 congrega-

319 2560 412 2594 tionis
439 2561 630 2602 huiusmodi,
654 2566 707 2597 aut
730 2563 805 2596 alias
830 2562 943 2608 quovis
963 2563 1058 2597 modo

319 2625 430 2650 vacare
453 2616 637 2660 eontigerit)
668 2616 771 2651 officio
803 2616 910 2651 clerici
937 2616 1005 2651 Itali
1029 2622 1060 2651 et

354 2681 366 2707 1
385 2680 480 2716 Aptius
492 2673 584 2710 forsan
597 2680 735 2717 legeretur
749 2684 901 2713 annectere
917 2680 954 2717 (a.
971 2681 1022 2716 r.).

1732 248 1796 283 405

1089 308 1248 341 secretarii
1262 307 1335 341 dicti
1349 306 1483 350 collegii,
1498 317 1569 340 cum
1583 306 1729 340 omnibus
1748 307 1829 339 illius

1089 361 1237 394 oneribus
1266 366 1295 394 ct
1319 360 1502 403 honoribus,
1531 365 1684 404 perpetuo
1713 359 1828 392 eisdem

1089 415 1273 448 auctoritate
1298 419 1328 447 et
1353 420 1461 447 tenore
1478 413 1614 454 unimus,
1635 412 1829 446 annectimus

1089 471 1119 501 et
1135 467 1384 511 incorporamus.

1134 521 1149 564 ᾖ
1173 521 1224 554 11.
1257 521 1420 562 Volentes,
1445 526 1475 554 ct
1505 521 1612 554 eadem
1645 521 1830 554 auctoritate

1090 578 1269 617 statuentes,
1284 575 1379 619 quod,
1393 586 1463 608 cum
1482 575 1619 618 primum
1635 575 1772 608 officium
1788 585 1832 607 se-

1091 628 1217 661 cretarii
1238 628 1338 661 dictae
1362 628 1626 671 congregationis,
1646 634 1680 661 ut
1697 628 1832 671 pracser-

1092 684 1151 721 tur,
1172 681 1337 721 vacaverit,
1357 681 1489 714 dilectus
1506 681 1589 713 silius
1606 681 1736 714 loannes
1756 681 1831 724 Bap-

1092 734 1162 767 tista
1182 735 1302 767 Laurus
1319 734 1452 767 clericus
1472 733 1651 774 Perusinus,
1670 734 1832 767 familiaris

1092 792 1122 821 et
1131 788 1297 821 continuus
1308 787 1526 821 commensalis
1536 792 1653 828 noster,
1664 787 1832 820 modernus

1092 852 1148 874 seu
1164 847 1238 875 tunc
1257 842 1393 874 existens
1410 841 1542 874 clericus
1566 840 1660 874 Italus
1682 845 1710 873 et
1736 851 1834 873 secre-

1093 895 1189 930 tarius
1214 895 1288 929 dicti
1313 895 1448 938 collegii,
1474 895 1613 928 officium
1639 894 1713 927 dicti
1734 905 1834 927 secrc-

1093 949 1163 982 tarii
1188 949 1289 983 dictae
1313 949 1568 992 congregationis
1593 952 1748 990 exerceat,
1772 948 1829 981 de-

1092 1008 1177 1037 creta
1202 1008 1232 1036 et
1255 1007 1323 1037 acta
1352 1003 1382 1035 in
1407 1003 1460 1035 illa
1485 1013 1545 1047 pro
1580 1008 1722 1046 tempore
1754 1001 1832 1034 sacta

1091 1057 1258 1098 describat,
1272 1062 1302 1090 et
1319 1057 1350 1089 in
1367 1055 1568 1100 infrascripto
1581 1055 1720 1089 archivio
1735 1059 1834 1089 custo-

1091 1111 1204 1144 dienda
1229 1115 1369 1154 reponat.

1135 1165 1150 1208 ἓ
1174 1164 1225 1197 102.
1252 1165 1380 1198 Necnon
1412 1163 1586 1197 archivium
1619 1163 1699 1197 sacri
1724 1163 1829 1196 cardi-

1090 1218 1208 1251 nalium
1234 1218 1358 1261 collegii
1389 1217 1635 1261 nuncupandum
1661 1217 1691 1249 in
1715 1216 1831 1260 palatio

1090 1277 1198 1305 nostro
1216 1271 1374 1314 Vaticano,
1392 1271 1449 1304 sub
1466 1271 1661 1315 protectione
1679 1275 1709 1303 et
1726 1279 1832 1313 supre-

1091 1326 1142 1358 ma
1160 1324 1447 1369 superintendentia
1464 1325 1560 1357 trium
1581 1329 1704 1357 sanctae
1721 1324 1832 1357 Roma-

1090 1390 1148 1412 nae
1172 1378 1329 1412 Ecclesiae
1354 1378 1560 1412 cardinalium
1578 1378 1609 1410 in
1623 1377 1733 1411 ordine
1750 1377 1832 1421 prio-

1091 1444 1162 1466 rum
1182 1436 1211 1467 et
1235 1433 1308 1467 dicti
1326 1433 1405 1466 sacri
1431 1432 1557 1475 collegii
1582 1431 1747 1465 camerarii
1772 1441 1831 1475 pro

1090 1492 1234 1530 tempore
1260 1486 1469 1526 existentium,
1490 1485 1548 1518 sub
1573 1486 1649 1518 cura
1676 1490 1780 1517 tamen
1801 1489 1831 1517 et

1090 1539 1362 1573 administratione
1398 1539 1491 1572 etiam
1527 1538 1671 1572 moderni
1707 1543 1739 1570 et
1771 1548 1830 1581 pro

1091 1598 1232 1637 tempore
1249 1592 1410 1626 existentis
1431 1592 1570 1625 eiusdem
1585 1591 1709 1634 collegii
1726 1590 1831 1623 clerici

1090 1646 1157 1679 Itali
1178 1651 1208 1679 et
1236 1646 1407 1686 secretarii,
1425 1645 1463 1678 ad
1480 1645 1564 1689 quod
1585 1644 1744 1677 auditores
1766 1654 1833 1677 car-

1090 1699 1242 1733 dinalium
1258 1699 1516 1744 proponentium,
1534 1709 1589 1731 seu
1612 1698 1666 1741 qui
1690 1698 1832 1741 ipsorum

1091 1754 1297 1787 cardinalium
1323 1753 1409 1787 iussu
1434 1753 1465 1785 in
1490 1751 1693 1786 conficiendis
1713 1751 1761 1784 vel
1786 1762 1835 1784 re-

1091 1807 1318 1851 cognoscendis
1334 1806 1533 1851 processibus
1555 1805 1712 1846 assistunt‚
1730 1804 1834 1839 statim

1091 1863 1169 1895 sacta
1193 1862 1225 1894 in
1249 1861 1437 1895 consistorio
1455 1865 1576 1894 secreto
1599 1859 1833 1904 propositione,

1091 1925 1259 1960 processus
1284 1914 1466 1948 huiusmodi
1480 1913 1692 1947 transmittere
1710 1917 1833 1946 tenean-

1091 1974 1151 2011 tur,
1177 1974 1207 2002 et
1230 1969 1263 2002 in
1287 1980 1349 2012 quo
1374 1978 1542 2012 processus
1563 1967 1634 2011 ipsi,
1652 1970 1682 2001 et
1706 1966 1779 2000 dicti
1798 1966 1831 1998 li-

1090 2023 1139 2056 bri
1172 2022 1445 2067 propositionum,
1470 2031 1593 2055 necnon
1625 2024 1768 2053 actorum
1803 2024 1833 2051 et

1091 2078 1292 2111 decretorum
1309 2077 1403 2110 ctiam
1417 2087 1512 2120 super
1525 2075 1747 2115 erectionibus,
1762 2085 1832 2118 sup-

1090 2131 1307 2176 pressionibus
1318 2159 1325 2172 ,
1350 2130 1520 2163 unionibus
1531 2157 1538 2170 ,
1563 2128 1815 2173 reparationibus
1826 2154 1833 2167 ,

1091 2185 1432 2225 dismembrationibus,
1451 2183 1655 2223 cessionibus,
1672 2187 1832 2226 permuta-

1091 2239 1237 2280 tionibus,
1251 2237 1518 2278 translationibus,
1533 2236 1721 2281 pensionum
1739 2246 1833 2279 super

1091 2293 1220 2326 illorum
1244 2291 1418 2325 redditibus
1443 2289 1718 2333 assignationibus,
1743 2298 1833 2332 prae-

1092 2346 1330 2387 sentationibus,
1349 2345 1627 2385 nominationibus,
1645 2343 1833 2376 electionum

1092 2411 1147 2433 seu
1162 2400 1410 2444 postulationum
1430 2397 1721 2432 confirmationibus
1738 2396 1835 2429 eccle-

1091 2455 1208 2488 siarum
1231 2453 1458 2487 cathedralium
1472 2457 1503 2485 et
1518 2451 1833 2495 metropolitanarum

1091 2520 1127 2542 ac
1140 2507 1410 2553 patriarchalium,
1430 2515 1551 2540 necnon
1569 2505 1833 2539 monasteriorum

1091 2571 1374 2607 quorumcumque,
1392 2560 1423 2593 in
1444 2559 1690 2603 congregatione
1714 2557 1834 2603 praedi-

1092 2618 1151 2660 cta,
1177 2622 1208 2650 et
1231 2616 1306 2650 alias
1330 2615 1575 2660 quomodolibet,
1595 2619 1626 2648 et
1641 2613 1834 2658 ubicumque

1093 2676 1320 2715 emanatorum,
1346 2670 1497 2705 interesse
1517 2668 1694 2704 consistorii
1711 2672 1832 2712 aposto*

1842 259 1893 284 An.
1915 258 1942 285 C.
1962 257 2028 285 1625

1896 531 2029 557 Primumque

1846 559 1944 579 clericum
1962 561 1980 577 ct
1997 565 2030 575 n·-

1846 588 1960 606 cretaruuu
1976 584 2030 605 dm..

1847 614 1904 638 gnat.

1910 1173 2030 1193 Ambivium

1847 1201 1901 1220 sacri
1949 1201 2031 1224 cuni-gn

1848 1227 1867 1246 in
1883 1227 1962 1252 palatio
1979 1229 2032 1246 vati-

1847 1259 1900 1273 cano
1917 1255 1985 1278 erigit.
