2269 3235
101 245 152 271 An.
169 244 197 271 C.
216 243 282 271 1625

129 1316 227 1337 Urbanus
237 1314 286 1334 sniis

102 1343 192 1369 vectigal
208 1344 228 1362 in
239 1342 286 1362 sta-

70 1382 73 1385 *
103 1374 125 1391 tu
134 1369 286 1391 Ecclesiastico

103 1399 198 1418 auxerat.

905 244 1047 267 nammis

298 289 439 323 omnium
463 295 494 323 et
512 290 709 333 singulorum
728 294 851 324 tenores
867 292 1037 334 praesenti-

298 343 357 376 bus
376 353 435 386 pro
460 343 552 387 plene
576 349 606 376 ct
629 343 820 376 sufficienter
836 343 991 386 expressis
1008 348 1038 375 et

299 396 424 430 insertis
441 396 607 437 liabentcs;
626 397 686 429 illis
706 397 782 429 alias
800 397 831 428 in
848 406 904 429 suo
923 395 1037 429 robore

298 449 524 492 permansuris,
550 450 607 483 liac
632 449 699 482 vice
723 449 897 488 dumtaxat,
923 448 1039 491 specia-

300 503 370 535 litar
395 508 425 535 et
448 513 593 546 expresse
624 502 835 544 derogamus,
864 501 1039 544 ceterisque

300 556 466 589 contrariis
482 556 743 599 quibuscumque.

342 609 453 643 Datum
476 610 611 649 Romae,
639 608 722 651 apud
750 608 779 640 S.
804 607 931 640 Petrum
947 634 954 647 ,
982 606 1039 640 sub

300 663 416 697 annulo
443 662 629 702 Piscatoris,
655 661 705 694 die
737 671 838 694 xxv111
863 660 1039 694 decembris

300 725 440 756 itincxxv,
457 714 657 759 pontificatus
677 714 776 747 nostri
797 724 879 746 anno
897 724 939 746 111.

335 778 394 805 Dat.
412 777 455 804 die
470 777 503 804 28
518 776 672 804 decembris
690 776 767 809 1625,
787 776 882 812 pontif.
901 784 946 803 an.
968 782 1006 803 ιιι.

300 1002 425 1035 Erectio
450 1001 572 1034 inentis
596 1011 661 1033 non
686 1000 843 1033 vacabitis
868 999 948 1032 salis
968 1010 1038 1032 eum

345 1065 457 1087 aventio
474 1054 604 1087 redditu
623 1058 789 1086 scutormn
808 1064 863 1086 set¹
880 1064 939 1096 pro
956 1064 1039 1096 quo-

347 1108 423 1140 libet
442 1107 506 1140 loco
521 1111 548 1140 et
565 1107 781 1150 amplissimis
795 1107 982 1150 privileqe'is
994 1106 1011 1138 ¹.

514 1187 648 1214 Urbanus
665 1186 743 1219 Papa
752 1185 830 1218 VIII,

506 1231 589 1259 Motu
617 1231 752 1264 proprio,
778 1233 837 1258 etc.

345 1302 492 1342 Quamvis
516 1302 555 1335 ab
580 1302 667 1335 initio
699 1302 797 1335 nostri
826 1302 1042 1346 pontificatus,

302 1357 384 1390 inter
411 1357 603 1400 multiplices
631 1357 731 1389 nostri
759 1356 924 1400 pastoralis
948 1357 1042 1390 officii

302 1422 403 1454 curas,
422 1421 457 1444 ea
480 1410 651 1455 praecipue
668 1411 758 1444 nobis
776 1411 863 1444 cordi
880 1416 970 1451 esset,
987 1421 1044 1455 per

301 1474 397 1508 quam
428 1474 554 1497 camera
577 1468 683 1498 nostra
707 1464 879 1508 apostolica
902 1464 941 1496 ab
971 1474 1043 1497 aere

301 1518 418 1559 alieno,
444 1528 507 1561 quo
531 1522 659 1560 gravata
688 1518 856 1561 reperitur,
882 1523 912 1550 et
934 1518 1043 1562 populi

300 1576 427 1603 nostrae
452 1571 619 1614 temporali
643 1570 753 1603 ditioni
770 1571 902 1604 subiecti
929 1571 968 1603 ab
988 1571 1042 1613 eis,

301 1634 381 1667 quae
398 1623 562 1664 sufferunt,
587 1623 735 1656 oneribus
752 1623 920 1667 aliquando
945 1623 1045 1656 suble-

303 1682 450 1710 varentur
466 1682 498 1709 et
513 1677 743 1710 liberarentur:
768 1677 972 1710 nihilominus
990 1677 1044 1710 hu-

302 1730 439 1763 iusmodi
459 1736 604 1763 nostrum
620 1730 829 1774 propositum,
843 1731 883 1764 ob
905 1730 1045 1763 christia-

302 1793 416 1817 norum
436 1783 617 1827 principum
636 1783 810 1816 discordias
835 1788 865 1816 et
888 1783 1044 1816 bellorum

303 1841 406 1871 motus
429 1847 513 1870 nunc
538 1838 687 1880 vigentes,
708 1847 771 1870 non
784 1837 886 1870 solum
906 1847 970 1871 non
992 1848 1045 1882 po-

303 1890 422 1923 tuimus
453 1891 656 1934 exequutioni
687 1890 878 1924 demandare
897 1918 904 1932 ,
934 1901 1044 1924 verum

304 1944 399 1976 etiam
423 1955 482 1988 pro
507 1944 610 1977 Status
633 1944 733 1977 nostri
758 1944 969 1978 Ecclesiastici
984 1971 991 1985 ,
1016 1949 1045 1977 et

304 1998 496 2041 populorum
520 1997 755 2042 praedictorum
774 1998 870 2032 tutela
895 2003 924 2031 et
944 1997 1046 2031 desen-

305 2051 392 2084 sione
415 2051 454 2084 ab
478 2052 675 2085 exercituum
700 2051 897 2093 incursione,
923 2056 952 2084 et
977 2051 1045 2084 aliis

305 2105 544 2138 imminentibus
557 2105 716 2149 periculis,
736 2116 853 2138 novum
871 2105 1045 2138 subsidium

305 2158 441 2192 duorum
469 2163 695 2202 quatrcnorum
720 2169 780 2203 pro
804 2159 943 2202 qualibet
966 2159 1046 2193 libra

307 2211 380 2244 salis
403 2212 556 2245 ordinarii
581 2217 611 2245 et
635 2212 888 2253 extraordinarii,
914 2211 998 2256 quod
1015 2213 1047 2244 in

307 2264 389 2296 alma
412 2265 495 2298 Urbe
520 2266 650 2306 nostra,
675 2276 711 2298 ac
735 2265 914 2299 civitatibus
938 2265 1043 2298 Bono-

307 2316 376 2349 niae
401 2322 430 2350 et
462 2318 635 2361 Ferrariae,
661 2319 792 2363 aliisque
816 2319 993 2353 civitatibus
1018 2324 1048 2352 et

308 2369 385 2403 locis
417 2369 519 2404 eidem
551 2371 660 2405 ditioni
691 2377 818 2406 nostrae
854 2372 989 2406 mediate
1018 2377 1047 2406 et

346 2468 413 2495 lDe
432 2469 487 2496 sale
507 2468 592 2496 habes
616 2470 707 2498 Const.
731 2478 773 2498 xix
798 2471 837 2498 Pii
860 2471 890 2505 V,
914 2471 990 2499 Dum
1010 2471 1048 2498 ad

309 2514 416 2548 uberes,
432 2517 499 2541 tom.
517 2520 561 2547 vu,
577 2522 638 2550 pag.
658 2515 726 2550 4683
747 2519 773 2543 et
788 2517 880 2544 Const.
898 2522 969 2542 Lxxv
984 2516 1048 2543 Gre-

308 2559 378 2595 gorii
392 2558 461 2595 XIII,
477 2559 525 2586 Ecc
539 2560 729 2595 incumbenti,
746 2564 812 2589 tom.
829 2567 885 2595 vm,
900 2569 963 2596 pag.
986 2560 1046 2594 193,

310 2612 376 2640 quas
400 2604 566 2632 confirmavit
589 2608 617 2632 et
639 2605 775 2641 ampliavit
796 2606 922 2634 Clemens
942 2604 1003 2632 VIII
1022 2605 1048 2632 in

310 2649 403 2678 Const.
421 2656 512 2684 cmm,
528 2650 694 2683 Frumenti,
709 2653 773 2679 tom.
790 2659 815 2686 x,
832 2659 894 2686 pag.
915 2650 975 2678 373.

1073 244 1127 266 vm
1153 244 1200 266 rr.
1715 230 1771 262 7221

1071 291 1248 323 immediate
1273 289 1429 328 subiectis,
1449 288 1604 328 venditur,
1627 296 1683 330 per
1708 288 1812 320 cliiro-

1071 344 1226 386 graplium
1253 354 1347 375 manu
1372 343 1479 375 nostra
1505 341 1563 374 sub
1589 340 1638 373 die
1657 350 1710 373 viu
1729 350 1812 372 rnen-

1071 396 1113 428 sis
1139 397 1270 429 ianuarii
1296 397 1439 440 proxime
1465 394 1626 439 praeteriti
1651 394 1813 435 subsigna-

1073 454 1148 489 tum,
1163 452 1276 492 magna
1291 460 1361 482 cum
1377 450 1472 481 animi
1490 449 1588 482 nostri
1607 447 1811 491 displicentia.

1074 501 1236 545 imponere
1260 502 1358 535 coacti
1385 502 1511 541 suimus,
1532 507 1562 533 et
1586 500 1680 534 modo
1695 500 1811 532 dictum

1073 565 1124 587 acs
1149 554 1285 587 alienum
1306 564 1423 595 augere
1440 554 1585 596 cogimur
1603 559 1632 586 et
1652 554 1812 592 docernur,

1073 607 1181 651 quanti
1207 608 1322 640 reserat
1347 607 1376 639 in
1401 618 1481 650 quae
1506 612 1649 650 tempora
1673 606 1813 649 quisquis

1074 660 1199 693 incidat.

1118 715 1133 755 ς’
1151 713 1175 745 l.
1193 713 1239 746 Ad
1265 712 1496 755 congerendam
1515 712 1617 755 itaque
1634 722 1692 755 pro
1710 711 1815 753 ingen-

1074 765 1156 798 tibus
1174 766 1349 810 sumptibus
1365 776 1422 809 per
1438 776 1495 798 nos
1516 765 1601 797 hisce
1620 765 1815 808 temporibus
1831 760 1897 801 ’ῑζζᾏιιίΪ

1074 820 1143 853 ficri
1167 820 1352 853 necessariis
1372 820 1508 863 aliquam
1533 818 1703 852 notabilem
1723 829 1816 861 pecu-

1074 873 1197 906 niarum
1223 884 1379 906 summam
1395 900 1402 913 ‚
1427 883 1522 916 super
1546 872 1686 905 subsidio
1710 871 1816 903 liuius-

1076 926 1160 959 modi
1185 927 1229 960 sic
1245 937 1302 970 per
1318 936 1375 959 nos
1399 925 1556 969 imposito,
1574 935 1609 958 ac
1628 924 1697 957 aliis
1716 924 1816 956 dictae

1075 991 1218 1014 camerae
1236 981 1316 1014 infra
1333 980 1473 1014 dicendis
1491 979 1681 1021 introitibus,
1698 988 1816 1011 novum

1077 1040 1215 1068 montem
1231 1038 1366 1078 quatuor
1385 1034 1520 1066 millium
1546 1033 1817 1076 septingentorum

1076 1089 1218 1121 locorum
1238 1098 1301 1121 non
1324 1088 1514 1121 vacabilium
1532 1092 1562 1120 et
1579 1086 1817 1129 resignabilium

1076 1142 1169 1174 annui
1186 1142 1327 1175 redditus
1347 1146 1507 1175 scutorum
1526 1151 1579 1174 sex
1597 1145 1740 1174 monetae
1760 1150 1818 1183 pro

1077 1195 1216 1239 quolibet
1240 1196 1321 1237 loco,
1338 1200 1372 1228 ut
1389 1195 1478 1237 infra,
1497 1194 1619 1237 erigere
1636 1193 1819 1227 deliberavi-

1077 1259 1157 1282 mus.

1120 1302 1135 1345 g
1152 1301 1181 1334 2.
1197 1301 1280 1335 Motu
1293 1302 1396 1345 itaque
1410 1301 1504 1334 simili
1521 1311 1556 1334 ac
1570 1311 1605 1334 ex
1620 1301 1706 1334 certa
1723 1299 1819 1332 scien·
1868 1326 1878 1347 3
1890 1317 1915 1329 nn

1077 1355 1118 1387 tia
1150 1358 1278 1396 nostra,
1303 1355 1404 1399 deque
1435 1356 1626 1399 apostolicae
1655 1353 1818 1398 potestatis
1835 1344 1902 1409 :ff-'1¹¹
1925 1344 1950 1408 '¹¹
1971 1396 1978 1408 Γ

1076 1409 1280 1452 plenitudine,
1302 1413 1441 1441 montem
1468 1419 1531 1442 non
1556 1408 1728 1441 vacabilem
1745 1398 1998 1440 salisst'mi‘ss'Scf‘

1077 1462 1322 1506 nuncupandum
1339 1465 1474 1505 quatuor
1494 1462 1628 1494 millium
1645 1461 1818 1504 septingen-

1078 1519 1182 1548 torum
1199 1515 1342 1548 locorum
1367 1525 1422 1547 seu
1438 1514 1621 1558 portionum
1645 1512 1819 1556 resignabi-

1077 1568 1164 1607 lium,
1178 1568 1216 1600 ad
1231 1568 1328 1600 instar
1341 1568 1474 1600 aliorum
1492 1567 1635 1600 locorum
1652 1566 1818 1605 montium,

1078 1627 1107 1654 et
1123 1631 1284 1665 nunquam
1302 1620 1501 1660 vacabilium,
1519 1620 1557 1652 ad
1582 1621 1735 1653 rationem
1754 1630 1820 1652 scu-

1079 1679 1182 1708 torum
1200 1680 1325 1707 centum
1343 1674 1493 1706 similium
1510 1684 1568 1717 pro
1585 1674 1726 1716 quolibet
1738 1673 1819 1711 loco,

1078 1739 1150 1762 cum
1174 1738 1278 1761 annuo
1302 1727 1427 1760 redditu
1455 1738 1509 1760 scu
1533 1727 1637 1760 sructu
1662 1726 1819 1759 dictorum

1078 1787 1241 1815 scutorum
1265 1792 1317 1814 sex
1343 1786 1486 1814 monetae
1507 1791 1567 1824 pro
1591 1779 1734 1824 quolibet
1751 1780 1820 1813 loco

1078 1835 1191 1868 suturis
1208 1835 1366 1868 montistis
1391 1838 1420 1869 ct
1437 1834 1648 1868 creditoribus
1666 1844 1724 1877 pro
1743 1838 1821 1867 tem-

1078 1899 1155 1933 pore
1181 1888 1386 1921 existentibus
1421 1888 1575 1931 praedicti
1600 1887 1716 1921 montis
1749 1887 1821 1919 salis

1079 1942 1219 1986 quolibet
1250 1942 1394 1975 bimestri
1428 1942 1460 1974 in
1491 1941 1554 1974 fine
1584 1952 1644 1985 pro
1678 1942 1746 1973 rata
1772 1941 1821 1973 liic

1079 1997 1196 2029 Romae
1220 1996 1320 2028 libere
1340 2000 1369 2028 ct
1387 1995 1505 2038 absque
1529 1995 1593 2027 ulla
1617 2005 1748 2038 prorsus
1773 2004 1821 2027 ex-

1079 2050 1224 2094 ceptione
1238 2048 1531 2093 persolvendorum,
1545 2048 1721 2092 incipiendo
1739 2058 1755 2080 a
1773 2048 1824 2080 ka-

1079 2104 1178 2137 lendis
1194 2103 1367 2147 praesentis
1381 2103 1496 2136 mensis
1510 2103 1577 2135 iulii
1594 2103 1665 2134 anni
1683 2112 1822 2141 iincxxv,

1079 2157 1265 2190 auctoritate
1278 2156 1460 2201 apostolica,
1475 2162 1583 2189 tenore
1596 2156 1821 2200 praesentium,

1080 2211 1232 2254 erigimus
1245 2216 1275 2243 et
1288 2210 1489 2242 instituimus.

1125 2264 1140 2308 ξ
1163 2263 1193 2297 3.
1219 2264 1255 2296 Et
1280 2274 1339 2307 pro
1363 2262 1545 2296 huiusmodi
1566 2262 1681 2295 montis
1698 2261 1741 2294 sic
1759 2271 1824 2295 ere-

1080 2318 1121 2351 cti
1147 2323 1176 2351 et
1200 2317 1332 2352 instituti
1357 2319 1498 2361 congrua
1523 2317 1594 2350 dote
1614 2321 1644 2350 et
1669 2316 1823 2348 fructibus

1081 2382 1216 2405 annuam
1241 2382 1397 2404 summam
1430 2376 1592 2404 scutorum
1616 2370 1726 2412 'viginti
1751 2375 1823 2403 octo

1082 2425 1215 2458 millium
1230 2430 1260 2457 et
1277 2424 1485 2458 ducentorum
1501 2424 1661 2465 similium,
1679 2422 1823 2456 videlicet

1081 2484 1242 2512 scutorum
1267 2478 1376 2511 decem
1406 2483 1436 2511 et
1467 2482 1587 2521 septem
1612 2477 1745 2509 millium
1767 2482 1825 2509 tre-

1082 2537 1246 2566 centorum
1261 2531 1595 2575 septuagintaquatuor
1609 2541 1646 2564 ex
1658 2530 1741 2564 dicto
1755 2530 1826 2563 sub-

1082 2586 1161 2620 sidio
1196 2596 1253 2630 per
1284 2595 1362 2625 nos,
1392 2590 1427 2617 ut
1453 2584 1647 2629 praefertur,
1675 2584 1824 2628 imposito

1083 2640 1190 2685 (quod,
1215 2644 1367 2683 quatenus
1396 2650 1475 2682 opus
1501 2639 1549 2679 sit,
1575 2638 1824 2682 continuamus),

1826 240 1872 264 ΛΠ,
1895 239 1921 264 C.
1943 240 2008 265 ttx⁶26

1862 2268 1935 2289 butem
1946 2269 2022 2289 consti<

1839 2298 1884 2316 tuit.
