2269 3235
89 260 137 289 An.
158 259 189 289 G.
209 259 278 289 1624

285 307 358 342 inde
381 307 631 352 quinquennium
663 307 844 342 huiusmodi
875 308 912 341 ad
940 308 1024 341 aliud

286 361 536 406 quinquennium
567 372 584 395 a
612 362 675 396 sine
699 362 810 395 ultimo
833 361 908 394 dicti
932 361 1024 405 quin-

285 414 413 458 quennii
427 415 672 459 computandum
686 415 781 448 semel
799 419 892 458 atque
910 414 1024 446 iterum

286 468 424 501 extendit
455 473 486 501 et
509 468 713 512 prorogavit,
738 478 792 501 seu
817 467 972 501 concessit
996 472 1026 500 et

286 521 439 554 indulsit¹.

332 575 495 608 Postremo
530 579 634 608 autem
667 574 765 607 felicis
797 574 890 607 etiam
918 584 1025 607 recor-

286 627 421 661 dationis
456 627 627 671 Gregorius
664 627 748 671 Papa
780 627 850 668 XV,
882 627 1027 660 similiter

286 681 510 725 praedecessor
541 684 657 722 noster,
692 691 749 724 per
781 691 852 714 suas
877 680 908 713 in
933 680 1027 713 simili

286 735 389 768 forma
413 734 521 768 Brevis
546 734 706 778 expeditas
726 733 855 774 litteras,
871 733 1027 766 indultum

286 788 497 832 praedictum,
523 787 611 821 vobis
635 787 673 820 ad
698 787 967 831 quinquennium,
994 792 1029 820 ut

286 842 474 886 praefertur,
499 845 716 884 prorogatum,
741 851 777 874 ac
801 840 937 885 desuper
958 851 1029 874 con-

286 895 382 928 sectas
398 894 516 928 litteras
539 893 719 928 huiusmodi
736 899 765 927 et
779 894 811 927 in
824 895 869 927 eis
883 900 1029 927 contenta

287 949 344 992 (ita
367 953 482 989 tamen,
507 953 540 980 ut
564 948 744 981 huiusmodi
769 948 925 981 indultum
940 959 1030 982 cano-

286 1003 407 1036 nicatus
431 1007 461 1035 et
484 1002 680 1046 praehendas
704 1002 855 1036 ecclesiae
875 1007 1031 1046 metropo-

287 1056 399 1089 litanae
431 1055 623 1089 Coloniensis
655 1055 786 1088 minime
821 1056 1031 1100 comprehcn-

288 1109 386 1151 deret,
411 1119 515 1153 neque
529 1109 567 1142 ad
584 1119 637 1143 eos
655 1119 687 1142 se
704 1109 894 1149 extenderet,
912 1119 948 1141 ac
965 1110 1032 1142 sine

288 1162 482 1207 praeiudicio
499 1162 573 1196 dicti
598 1168 671 1195 tunc
689 1167 719 1195 et
734 1173 793 1206 pro
810 1167 954 1206 tempore
971 1163 1033 1195 exi-

289 1217 399 1251 stentis
423 1216 655 1260 archiepiscopi
678 1217 932 1257 Coloniensis‚ac
957 1217 1033 1250 alias

289 1271 347 1304 sub
362 1271 455 1304 certis
479 1271 573 1304 modo
593 1276 623 1304 et
648 1271 749 1304 forma
766 1276 840 1304 tunc
860 1272 1030 1315 expressis)

288 1325 328 1357 ad
360 1324 445 1358 aliud
476 1324 725 1368 quinquennium
762 1325 855 1357 etiam
881 1325 919 1358 de
951 1335 1033 1358 novo

290 1378 463 1420 concessit,
483 1381 579 1422 prout
602 1378 634 1410 in
659 1378 750 1411 dictis
773 1378 885 1411 litteris
910 1379 1034 1423 plenius

291 1431 385 1464 ctiam
410 1430 610 1465 eontinetur‘2.

131 1495 232 1517 eonsules
255 1498 277 1516 et
335 1485 350 1528 ἓ
373 1484 403 1518 2.
428 1484 503 1518 Cum
529 1489 633 1518 autem
665 1485 821 1518 indultum
852 1485 1033 1518 huiusmodi

91 1525 178 1571 {5233}
191 1523 276 1571 3»ῦοῦῗῖ
290 1549 347 1583 per
371 1544 494 1572 nostras
511 1544 538 1572 et
557 1539 762 1572 cancellariae
782 1539 972 1582 apostolicae
989 1549 1035 1572 re-

92 1577 167 1634 ssi'i'ti'nt
190 1582 276 1630 ‘³553ss
291 1593 384 1636 gulas
397 1597 579 1626 revocatum
592 1592 697 1633 suerit,
714 1597 754 1633 et,
772 1592 851 1625 sicut
865 1602 967 1636 nuper
983 1603 1035 1626 no-

93 1635 144 1656 W'
291 1646 340 1680 bis
364 1647 478 1691 exponi
495 1646 620 1687 fecistis,
637 1657 758 1687 causae,
776 1651 907 1690 propter
924 1657 1001 1690 quas
1018 1657 1034 1679 a

291 1700 432 1744 praefato
457 1700 552 1733 Paulo
566 1700 602 1733 IV
628 1700 732 1744 primo
749 1700 819 1733 loco
839 1710 1034 1741 concessum,

292 1757 323 1786 et
345 1754 385 1786 ab
410 1753 488 1787 aliis.
503 1753 655 1787 Romanis
680 1753 885 1786 Pontificibus
908 1753 1035 1797 praede-

292 1806 470 1840 cessoribus
494 1807 610 1840 nostris
642 1806 833 1851 praedictis,
858 1812 892 1840 ut
916 1817 1034 1850 supra,

292 1865 511 1904 prorogatum,
527 1871 563 1894 ac
588 1870 736 1904 expresse
756 1860 794 1894 de
810 1870 893 1894 novo
911 1870 1035 1894 conces-

292 1924 361 1947 sum
381 1914 506 1954 fuerat,
531 1914 778 1947 conservationis
806 1914 958 1947 nimirum
984 1924 1034 1947 ca-

291 1967 426 2001 tholicae
450 1967 613 2010 religionis
644 1967 675 2000 in
708 1967 767 2000 ista
796 1967 920 2001 civitate
944 1968 1034 2001 Colo-

290 2019 402 2061 niensi,
427 2020 530 2053 adhuc
552 2020 687 2063 vigeant,
705 2031 823 2064 vosque
849 2021 982 2065 cupiatis
996 2021 1033 2054 ad

292 2074 520 2108 catholicorum
545 2074 688 2108 virorum
709 2075 811 2108 studia
828 2075 860 2108 in
880 2075 947 2108 istis
965 2086 1035 2119 par—

292 2127 377 2160 tibus
401 2127 511 2161 alenda
535 2133 565 2161 et
588 2128 753 2161 allicienda
784 2119 965 2161 huiusmodi
991 2128 1036 2161 in-

292 2180 380 2214 dulto
404 2180 520 2214 diutius
540 2181 601 2213 srui
623 2191 734 2225 posse:
755 2181 847 2214 nobis
864 2186 1035 2225 propterea

292 2234 457 2268 humiliter
474 2235 644 2279 supplicari
661 2235 787 2276 fecistis,
805 2240 840 2268 ut
855 2235 933 2268 illud
946 2235 1034 2269 vohis

292 2287 331 2321 ad
344 2288 429 2321 aliud
442 2289 693 2333 quinquennium
710 2289 748 2322 de
765 2299 846 2323 novo
860 2289 1034 2323 concedere

293 2341 332 2375 de
355 2341 547 2384 benignitate
571 2343 743 2386 apostolica
768 2343 980 2386 dignaremur.

338 2395 353 2438 ξ]
376 2394 406 2428 3.
431 2395 494 2428 Nos
515 2395 620 2438 igitur,
635 2396 831 2439 singularum
856 2396 1033 2430 litterarum

141 589 167 609 Et
195 588 271 615 Grego-

88 616 131 637 rius
147 615 190 637 XV.

108 2403 211 2428 Prorogat
225 2402 279 2424 Pon-

94 2429 152 2450 tifex.

331 2494 342 2519 1
375 2493 425 2519 Hic
454 2493 566 2519 tandem
594 2494 684 2528 prima
714 2494 842 2529 periodus
871 2495 1033 2521 absolvitur.

294 2537 381 2564 Porro
403 2540 458 2564 tota
479 2537 559 2564 Pauli
574 2539 596 2564 V
619 2538 782 2566 Constitutio
799 2540 937 2575 praedicta
952 2541 1034 2567 etiam

295 2583 391 2611 deesse
407 2587 471 2618 puto
490 2584 531 2618 (n.
552 2584 602 2617 T.).

329 2628 347 2654 2
365 2627 492 2662 Gregorii
506 2627 589 2654 etiam
602 2628 648 2655 XV
666 2628 774 2657 litterae
789 2629 946 2665 praedictae
962 2629 1036 2656 desi-

295 2672 429 2700 derantur
442 2672 482 2707 (u.
503 2672 552 2706 τ.).

905 260 1047 285 URBANUS
1067 261 1123 285 vn!
1143 261 1191 285 1³1³.

1699 251 1764 285 175
1810 262 1858 288 An.
1880 262 1908 289 c.
1932 263 1998 290 1624

1057 309 1290 353 praedictarum
1306 314 1431 343 tenores
1449 309 1668 354 praesentibus
1681 321 1740 354 pro
1754 321 1801 343 cx-

1058 360 1174 403 prcssis
1195 366 1225 393 et
1249 360 1286 393 ad
1312 360 1443 393 verbum
1469 360 1660 394 sufficienter
1677 361 1801 395 insertis

1059 413 1222 453 habentes,
1244 424 1280 446 ac
1305 424 1359 447 vos
1384 417 1413 448 et
1434 419 1572 447 vestrum
1592 414 1765 459 quemlibet.
1785 427 1801 448 a

1058 465 1221 508 quibusvis
1234 467 1578 508 excommunicationis,
1588 468 1802 512 suspensionis

1061 523 1091 551 ct
1109 518 1277 559 interdicti,
1295 519 1426 562 aliisque
1444 521 1664 554 ecclesiasticis
1682 527 1803 555 senten-

1061 571 1122 611 tiis,
1137 571 1278 604 censuris
1303 577 1332 604 et
1356 573 1477 616 poenis,
1502 584 1519 606 a
1543 574 1612 607 iure
1628 575 1676 607 vel
1693 575 1731 608 ab
1744 575 1800 609 bo-

1061 625 1162 666 mine,
1188 624 1298 669 quavis
1322 625 1486 659 occasione
1516 627 1563 659 vel
1596 630 1689 661 causa
1715 629 1801 671 latis,

1061 678 1086 711 si
1103 678 1217 722 quibus
1235 679 1474 722 quomodolibet
1494 680 1660 713 innodatus
1688 682 1801 723 existit,

1061 731 1099 763 ad
1117 731 1364 775 praemissorum
1383 731 1528 765 effectum
1546 732 1707 768 dumtaxat
1722 745 1803 769 asse-

1061 785 1220 829 quendum
1233 812 1240 826 ,
1260 785 1372 818 harum
1391 785 1472 818 serie
1489 786 1688 820 absolventes
1706 794 1735 820 et
1752 788 1802 821 ab·

1063 838 1201 871 solutum
1227 839 1293 872 sore
1317 844 1498 880 censentes,
1522 850 1557 872 ac
1588 851 1803 884 quascumque

1063 893 1294 926 nominationes
1318 893 1382 926 sive
1406 894 1588 927 collationes
1618 894 1656 927 de
1680 895 1804 929 canoni·

1064 946 1185 980 eatibus
1210 951 1241 981 et
1264 947 1452 991 praebendis
1469 947 1662 989 huiusmodi,
1676 959 1734 993 per
1749 960 1803 983 vos

1064 1006 1134 1043 post
1157 1001 1403 1044 publicationem
1421 1001 1604 1044 regularum
1623 1002 1804 1036 huiusmodi

1064 1064 1163 1097 usque
1191 1053 1229 1086 ad
1258 1053 1341 1086 diem
1362 1053 1452 1087 datae
1476 1055 1689 1098 praesentium
1719 1067 1805 1100 prae-

1065 1110 1150 1140 textu
1175 1107 1286 1139 indulti
1314 1107 1495 1141 huiusmodi
1528 1119 1585 1151 per
1616 1119 1671 1142 vos
1700 1110 1804 1143 forsan

1065 1159 1188 1201 sactas¹,
1214 1165 1244 1192 et,
1267 1160 1372 1193 onmia
1397 1165 1426 1193 et
1451 1161 1573 1204 singula
1587 1162 1658 1195 inde
1675 1169 1806 1207 sequuta

1066 1218 1266 1254 revocantes,
1291 1219 1448 1247 cassantes
1473 1220 1503 1247 et
1526 1217 1739 1257 annullantes,
1771 1228 1806 1250 ac

1066 1267 1246 1309 irritantes,
1272 1268 1414 1312 nullique
1439 1268 1606 1312 suffragari
1633 1280 1726 1313 posse
1752 1281 1807 1304 seu

1066 1320 1182 1354 debere
1206 1321 1420 1363 decernentes,
1446 1322 1625 1356 huiusmodi
1651 1324 1807 1368 supplica-

1067 1374 1206 1407 tionibus
1217 1374 1365 1415 inclinaffi,
1376 1375 1530 1408 indultum
1541 1376 1749 1420 praedictum,
1759 1388 1808 1410 vo-

1067 1427 1114 1460 bis
1127 1438 1183 1471 per
1195 1428 1312 1461 dictum
1329 1428 1517 1471 Gregorium
1531 1430 1807 1473 praedecessorem

1068 1481 1106 1513 ad
1123 1480 1384 1525 quinquennium,
1404 1486 1438 1516 ut
1455 1484 1643 1526 praefertur,
1663 1484 1701 1517 de
1727 1495 1808 1519 novo

1068 1545 1264 1576 concessum,
1290 1545 1325 1568 ac
1345 1535 1481 1579 desuper
1505 1538 1664 1571 consectas
1688 1538 1808 1573 litteras

1067 1589 1244 1632 praedictas
1269 1594 1299 1622 ct
1323 1589 1354 1622 in
1378 1590 1422 1623 eis
1447 1596 1594 1624 contenta
1618 1592 1673 1635 (ita
1694 1597 1808 1634 tamen,

1069 1648 1101 1675 ut
1132 1643 1313 1676 huiusmodi
1352 1643 1507 1677 indultum
1545 1645 1747 1679 canonicatus
1780 1653 1810 1680 et.

1068 1696 1264 1739 praebendas
1293 1697 1442 1730 ecclesiae
1473 1698 1734 1742 metropolitanae
1757 1700 1811 1733 Co-

1068 1750 1217 1783 loniensis
1241 1750 1371 1783 minime
1395 1752 1662 1795 comprehendat,
1690 1763 1748 1786 nec
1772 1754 1809 1787 ad

1068 1814 1122 1837 eos
1138 1814 1171 1837 se
1195 1804 1350 1845 extendat,
1371 1815 1407 1838 ac
1428 1805 1493 1838 sine
1510 1806 1704 1849 praeiudicio
1722 1817 1811 1841 vene-

1068 1857 1176 1890 rabilis
1208 1858 1314 1891 fratris
1345 1858 1489 1892 moderni
1521 1864 1551 1892 ct
1576 1870 1635 1903 pro
1667 1865 1810 1905 tempore

1068 1912 1227 1945 existentis
1248 1912 1480 1956 archiepiscopi
1505 1913 1712 1957 Coloniensis)
1738 1926 1809 1948 cum

1068 1965 1215 1998 omnibus
1233 1970 1263 1998 et
1276 1966 1407 2009 singulis
1425 1966 1493 1999 aliis
1509 1967 1719 2008 facultatibus,
1741 1979 1812 2002 con-

1068 2018 1282 2060 cessionibus,
1307 2019 1577 2061 ordinationibus,
1610 2021 1757 2054 clausulis
1781 2026 1811 2055 et

1068 2072 1202 2105 decretis
1226 2073 1257 2106 in
1282 2073 1343 2106 illis
1367 2074 1538 2117 appositis,
1563 2084 1599 2107 ac
1631 2077 1754 2108 servata
1780 2075 1811 2108 in

1067 2126 1137 2159 aliis
1167 2127 1315 2160 omnibus
1346 2132 1376 2159 ct
1405 2138 1462 2171 per
1492 2127 1598 2160 omnia
1628 2128 1810 2162 earumdem

1068 2179 1214 2223 Gregorii
1234 2181 1284 2213 XV
1298 2180 1551 2224 praedecessoris
1565 2181 1742 2215 litterarum
1758 2182 1813 2215 hu-

1068 2233 1203 2267 iusmodi
1222 2234 1334 2274 forma,
1353 2234 1390 2266 ad
1411 2234 1495 2267 aliud
1517 2234 1779 2279 quinquennium,
1794 2247 1812 2269 a

1068 2287 1138 2320 data
1148 2287 1362 2331 praesentium
1373 2288 1631 2332 computandum,
1641 2289 1812 2332 apostolica

1068 2340 1264 2381 auctoritate,
1289 2345 1399 2374 tenore
1423 2341 1648 2385 praesentium,
1672 2342 1711 2375 de
1730 2353 1811 2376 novo

1069 2395 1280 2428 concedimus.

1113 2450 1128 2492 ξ
1152 2449 1181 2481 li.
1196 2448 1319 2492 Sicque,
1337 2453 1367 2481 et
1383 2459 1444 2482 non
1459 2448 1558 2488 aliter,
1576 2459 1634 2493 per
1647 2460 1813 2493 quoscum·
1854 2458 2011 2485 sicimam-

1069 2513 1129 2545 que
1153 2502 1271 2534 iudices
1292 2502 1469 2535 ordinarios
1489 2507 1518 2535 et
1534 2502 1695 2546 delegatos
1719 2504 1812 2537 etiam
1828 2486 2011 2534 3222235333325⁵

1069 2567 1234 2589 causarum
1259 2556 1366 2600 palatii
1390 2556 1554 2600 apostolici
1579 2556 1758 2599 auditores,
1783 2561 1813 2592 et

1105 2672 1115 2698 1
1139 2670 1262 2698 Erronee
1281 2670 1347 2699 edit.
1363 2671 1447 2699 Main.
1467 2671 1536 2707 legit
1547 2672 1634 2707 factis
1648 2673 1688 2708 (R.
1706 2673 1756 2707 T.).
