2269 3235
246 247 296 273 Λη.
318 246 347 274 c.
368 247 436 274 1025
482 239 546 273 390

289 414 427 435 Conservato-

244 447 287 462 ram
303 441 400 468 deputat,

274 1108 348 1134 Eique.
368 1109 423 1128 aliis⁴

241 1140 280 1159 qne
293 1138 424 1160 superinten-

240 1161 339 1181 dentibus
361 1162 425 1181 sacul-

240 1190 294 1207 tates
312 1188 345 1208 liic
361 1194 424 1208 cunn-

240 1215 307 1235 ciaias
323 1214 402 1235 tribuit.

444 296 554 329 stodiri
586 295 702 329 dcbcrc
727 297 889 337 volunnis,
915 297 1127 341 praecipimus
1152 304 1182 331 ct

443 349 587 382 similiter
613 349 804 382 mandamus.

487 404 543 446 ξύ.
560 404 732 444 Postremo,
743 403 891 436 dilectum
904 404 1002 437 illium
1016 406 1180 439 Camillum

444 456 589 488 Perinum
615 456 764 489 clericum
783 457 997 490 Florentinum
1020 459 1181 503 utriusque

442 509 518 542 iuris
546 510 723 551 doctorem,
748 511 831 554 apud
862 521 918 545 nos
943 512 980 544 de.
1005 513 1180 546 litterarum

442 562 579 603 scicntia,
600 563 679 595 ritae
704 574 739 596 ac
766 574 890 597 morum
911 565 1082 607 honestate,
1102 566 1182 599 aliis-

441 626 501 659 que
526 616 690 659 probitatis
711 622 740 650 ct
758 617 906 652 virtutum
930 619 1050 652 meritis
1075 620 1181 652 multi-

441 670 564 711 pliciter
578 671 840 713 commendatum,
856 673 969 705 liorum
988 673 1099 707 intuitu
1116 684 1181 717 spe-

442 722 528 755 cialis
552 725 670 766 gratiae
702 725 807 758 favore
840 726 988 769 prosequi
1020 727 1179 768 volentes,

442 777 587 810 cumdem
601 778 774 820 Camillum,
789 779 827 812 de
839 780 928 812 cuius
940 780 1012 815 fide.
1026 780 1179 822 doctrina,

442 831 619 873 prudentia,
637 837 666 865 et
683 833 715 865 in
735 832 890 865 similibus
907 833 1099 876 experientia
1116 834 1181 877 plu-

441 884 556 917 rimum
582 885 613 917 in
637 886 769 919 Domino
790 885 986 927 confidimus
1005 886 1036 918 in
1054 896 1180 919 conser-

441 942 579 970 vatorem
604 938 677 971 dicti
712 938 842 971 archivii
876 939 1031 981 generalis
1055 939 1093 971 ad
1114 949 1177 974 no-

439 996 538 1023 strum
564 996 594 1023 ct.
618 991 718 1024 dictae
743 992 830 1024 Sedis
846 992 1076 1035 beneplacitum
1094 997 1180 1026 motu

440 1050 467 1076 et
485 1044 668 1077 auctoritate
693 1045 823 1088 paribus
844 1045 1062 1078 constituimus
1083 1051 1112 1078 et
1132 1046 1181 1080 de-

440 1102 594 1139 putamus.
610 1098 775 1131 Fraus-isco
796 1109 870 1132 vero
887 1099 1048 1140 cardinali,
1061 1110 1096 1132 ac
1113 1100 1181 1132 aliis

439 1151 512 1183 dicti
537 1152 667 1184 archivii
691 1153 857 1194 generalis,
875 1159 908 1185 ut
924 1154 1109 1197 praefertur,
1130 1154 1181 1186 dc-

440 1204 584 1246 putandis
609 1205 943 1248 superintendentibus
968 1210 997 1240 ct
1021 1207 1180 1249 guberna-

439 1257 570 1299 toribus,
585 1257 694 1299 edicta,
708 1259 909 1292 bannimenta
922 1264 952 1292 et
964 1260 1181 1303 proclamatio-

439 1320 514 1353 nes,
540 1311 735 1354 praedictum
760 1313 934 1345 archivium
960 1314 1107 1356 generale
1132 1314 1179 1347 vel

439 1363 521 1396 illius
545 1365 669 1407 negotia
693 1377 752 1409 pro
777 1371 919 1410 tempore
943 1368 1180 1410 quomodolibet

438 1419 667 1461 concernentia,
683 1420 740 1452 sub
758 1431 814 1453 suo
831 1421 969 1463 nomine,
983 1432 1019 1455 ac
1035 1422 1093 1455 sub
1110 1433 1181 1466 poe-

439 1470 486 1502 nis
503 1471 598 1504 etiam
619 1473 836 1516 corporalibus
852 1475 910 1507 sibi
923 1475 1088 1517 benevisis‚
1106 1486 1180 1519 quo-

439 1523 496 1557 ties
521 1536 600 1569 opus
625 1527 728 1567 suerit,
753 1528 944 1571 publicandi,
962 1540 997 1562 ac
1021 1540 1081 1573 pro
1105 1534 1181 1562 tem-

439 1588 514 1621 pore
539 1586 682 1613 emanata
707 1581 907 1624 declarandi,
933 1583 1177 1626 interpretandi,

438 1632 608 1675 ampliandi
633 1639 663 1667 et
686 1635 875 1679 innovandi,
909 1647 945 1669 ac
976 1636 1179 1681 exequutioni

439 1684 620 1720 demandari
644 1688 797 1732 faciendi,
828 1695 922 1733 prout
945 1690 1047 1723 eidem
1081 1691 1180 1733 magis

440 1740 586 1782 expedire
604 1741 704 1774 visum
722 1743 830 1783 fuerin
848 1754 971 1778 necnon
985 1755 1094 1778 omnes
1112 1755 1180 1777 cau-

440 1802 489 1825 sas
520 1793 646 1835 civiles,
672 1796 850 1829 criminales
885 1803 914 1830 et
946 1798 1057 1831 mixtas
1086 1809 1197 1842 super*

439 1847 619 1890 praemissis
637 1854 667 1881 et
684 1849 811 1883 illorum
838 1852 1001 1885 occasione
1022 1863 1081 1896 pro
1107 1857 1180 1885 tem-

439 1910 516 1943 pore
541 1907 662 1943 motas,
688 1914 723 1936 ac
747 1905 1004 1947 appellationum,
1032 1906 1180 1938 reclama-

441 1953 571 1995 tionum,
592 1966 790 1998 recursuum,
808 1969 842 1990 ac
864 1959 895 1990 in
916 1959 1073 2001 integrum
1094 1960 1180 1992 resti-

441 2007 596 2041 tutionum
614 2020 630 2042 a
648 2011 819 2053 sententiis,
834 2011 967 2044 decretis
985 2017 1014 2046 et
1031 2014 1181 2055 gravami-

441 2061 532 2094 nibus
562 2073 619 2106 per
650 2064 848 2108 praedictum
881 2066 1044 2099 Camillum
1070 2072 1096 2099 et
1123 2078 1181 2110 pro

441 2120 583 2160 tempore
613 2117 795 2151 existentem
829 2124 1081 2153 conservatorem
1107 2120 1180 2153 dicti

441 2170 571 2203 archivii
597 2172 752 2214 generalis
776 2173 855 2215 latis,
882 2174 1106 2216 promulgatis,
1127 2184 1180 2207 seu

441 2224 679 2267 quomodolibet
696 2226 799 2266 illatis,
820 2237 890 2259 cum
909 2227 1055 2260 omnibus
1075 2233 1105 2260 et
1125 2227 1183 2259 sin-

442 2277 523 2319 gulis
541 2278 759 2320 incidentibus,
773 2280 1030 2323 dependentibus,
1055 2280 1183 2313 annexis

442 2334 472 2364 et
495 2332 657 2373 connexis,
683 2333 818 2377 totisque
843 2334 977 2377 negotiis
1002 2334 1183 2378 principali-

442 2383 509 2425 bus,
535 2385 627 2418 etiam
651 2386 803 2429 privative
827 2387 930 2430 quoad
961 2397 1070 2420 omnes
1095 2387 1181 2427 alios,

444 2449 535 2471 manu
562 2441 660 2483 regia,
678 2441 863 2485 simpliciter
884 2446 913 2474 et
938 2441 975 2474 dc
995 2442 1098 2485 plano,
1116 2442 1182 2475 sine

443 2493 573 2536 strepitu
590 2499 620 2526 et.
635 2494 738 2537 figura
752 2495 868 2536 iudicii,
889 2506 924 2528 ac
941 2496 1001 2528 tela
1019 2495 1181 2528 iudiciaria

444 2547 572 2580 minime
590 2548 764 2591 observata,
783 2560 818 2582 ac
835 2549 920 2583 omni
938 2554 968 2583 et
985 2560 1182 2594 quacumque

444 2601 660 2645 appellatione,
685 2614 826 2645 recursu,
851 2604 900 2637 vel
923 2604 1120 2638 restitutione
1151 2604 1183 2636 in

444 2653 601 2699 integrum
627 2657 765 2699 remotis,
790 2669 846 2702 per
872 2668 914 2701 se,
932 2658 979 2692 vel
1002 2657 1108 2700 alium,
1131 2663 1181 2691 aut

1014 250 1193 274 nULLaan
1219 250 1372 274 ROMANUM

1217 299 1303 341 alios,
1322 310 1339 332 a
1359 299 1525 332 Francisco
1550 299 1724 334 cardinales
1749 307 1778 335 et
1793 312 1852 346 pro
1872 307 1950 336 tem-

1216 362 1293 396 pore
1310 352 1461 385 existente
1485 353 1759 396 supet-intendente
1771 355 1780 372 ¹
1795 360 1825 389 et
1840 356 1953 399 guber-

1214 410 1324 439 natore
1341 405 1415 439 dicti
1432 405 1561 439 archivii
1578 407 1733 449 generalis
1749 407 1952 451 deputandos,

1215 460 1371 503 audiendi,
1390 460 1609 503 cognoscendi,
1625 460 1749 505 fineque
1771 461 1876 495 debito
1895 466 1953 497 tcr-

1215 513 1354 547 minandi
1385 518 1415 547 et
1446 514 1624 554 decidendi;
1650 514 1771 558 aliaque
1795 515 1900 548 omnia
1923 521 1953 549 et

1215 567 1348 610 singula,
1366 578 1446 611 quae
1463 568 1500 601 ad
1521 567 1620 612 ipsius
1643 567 1773 601 archivii
1798 568 1953 611 generalis

1214 619 1418 655 directionem
1443 632 1478 655 ac
1504 626 1620 655 rectam
1645 626 1676 654 ct
1702 621 1824 654 facilem
1853 621 1952 658 adini-

1214 673 1430 707 nistrationem
1451 679 1481 707 ct.
1504 674 1763 718 gubernationem
1788 674 1953 718 pertinent,

1215 731 1244 758 et
1260 727 1336 760 alias
1356 727 1439 761 circa
1457 728 1631 772 praemissa
1648 727 1823 761 necessaria
1839 727 1955 760 suerint

1215 790 1269 813 scu
1293 782 1529 824 quomodolibet
1548 787 1742 826 opportuna,
1767 780 1954 822 ordinandi,

1214 834 1398 875 mandandi,
1427 835 1568 876 faciendi,
1600 835 1753 878 gerendi,
1777 833 1954 875 exercendi,

1214 886 1400 930 disponendi
1425 892 1454 920 et
1478 889 1652 932 exequendi
1668 890 1795 933 plenam
1812 894 1842 922 et
1857 889 1955 922 omni-

1215 939 1339 973 modam
1365 946 1562 985 potestatem,
1580 943 1798 976 auctoritatem
1815 948 1845 976 et
1861 943 1954 976 facul-

1215 997 1310 1025 tatem
1335 994 1536 1028 concedimus
1554 1000 1584 1028 et
1608 995 1816 1039 impartimur.

1259 1047 1273 1090 g
1299 1047 1326 1079 7.
1353 1047 1562 1081 Decernentes
1592 1049 1719 1082 easdem
1752 1054 1953 1093 praesentes,

1215 1100 1308 1132 etiam
1335 1111 1372 1133 ex
1398 1112 1435 1134 eo
1459 1102 1543 1146 quod
1567 1102 1681 1135 notarii
1706 1102 1736 1135 e‘t
1760 1112 1870 1135 eorum
1891 1102 1954 1136 col-

1215 1153 1316 1196 legia,
1346 1155 1460 1198 quibus
1485 1156 1586 1189 officia
1610 1160 1640 1189 et
1665 1155 1840 1200 scripturae
1865 1155 1954 1191 titulo

1215 1216 1349 1240 oneroso
1381 1208 1428 1240 vel
1458 1208 1533 1241 alias
1564 1219 1620 1253 per
1646 1219 1704 1242 nos
1735 1214 1766 1242 ct
1797 1209 1954 1243 Romanos

1215 1260 1380 1294 Pontifices
1404 1262 1665 1305 praedecessores
1683 1265 1808 1296 nostros
1828 1262 1955 1296 dictam-

1214 1324 1275 1357 que
1292 1325 1448 1348 cameram
1475 1316 1678 1360 apostolicam
1700 1326 1848 1350 concessa
1867 1326 1956 1360 repe-

1214 1368 1348 1409 riuntur,
1373 1369 1474 1403 vocati
1498 1375 1529 1403 et
1552 1369 1650 1403 auditi
1673 1380 1736 1403 non
1760 1370 1885 1411 suerint,
1907 1370 1955 1403 vel

1214 1432 1250 1454 cx
1276 1432 1313 1455 eo
1337 1422 1422 1466 quod
1452 1424 1625 1467 praemissa
1651 1423 1738 1456 nulla
1762 1424 1857 1457 causa
1880 1423 1954 1456 sub-

1215 1475 1342 1509 sistente
1366 1481 1396 1509 et
1421 1476 1513 1509 etiam
1546 1477 1584 1510 de
1607 1477 1688 1511 facto
1719 1477 1953 1521 processerint,

1214 1534 1267 1561 aut
1291 1540 1327 1562 ex
1353 1529 1412 1563 alia
1436 1530 1637 1574 quantumvis
1661 1530 1795 1564 iuridica
1822 1536 1853 1564 et
1876 1530 1954 1573 legi-

1214 1583 1291 1616 tima
1312 1583 1406 1616 etiam
1430 1585 1609 1618 necessario
1626 1584 1832 1628 exprimenda
1849 1585 1954 1625 causa,

1214 1637 1261 1669 vel
1278 1647 1478 1680 quocumque
1495 1641 1668 1681 praetextu,
1687 1637 1725 1670 de
1742 1637 1955 1681 subreptionis

1214 1690 1262 1722 vel
1286 1690 1499 1734 obreptionis,
1529 1696 1582 1724 aut
1604 1691 1756 1725 nullitatis
1779 1690 1876 1732 vitio,
1901 1701 1956 1724 seu

1214 1743 1394 1777 intentionis
1411 1749 1548 1785 nostrae,
1561 1744 1609 1777 vel
1626 1744 1736 1788 quovis
1749 1744 1810 1778 alio
1823 1743 1955 1785 defectu,

1214 1797 1326 1838 notari,
1347 1797 1546 1841 impugnari,
1572 1797 1745 1839 invalidari,
1773 1797 1954 1840 retractari,

1214 1856 1244 1884 et
1268 1850 1307 1884 ad
1334 1851 1484 1885 terminos
1508 1851 1585 1884 iuris
1615 1851 1745 1894 reduci,
1777 1855 1830 1885 aut
1853 1851 1884 1883 in
1908 1851 1956 1884 ius

1214 1905 1261 1937 vel
1287 1906 1533 1938 controversiam
1563 1905 1726 1946 revocari,
1755 1915 1810 1938 seu
1840 1905 1952 1937 adver-

1215 1968 1266 1991 sus
1291 1958 1359 1991 illas
1384 1958 1605 2002 quodcumque
1630 1958 1722 2001 iuris,
1748 1957 1883 2002 gratiae,
1908 1957 1956 1991 vel

1214 2012 1286 2045 sacti
1301 2012 1477 2045 remedium
1494 2012 1668 2057 impetrari,
1682 2015 1735 2046 aut
1751 2012 1842 2046 etiam
1858 2016 1955 2052 motu,

1215 2066 1344 2099 scientia
1362 2072 1391 2099 et
1409 2067 1572 2110 potcstatis
1589 2066 1781 2110 plenitudine
1801 2065 1956 2098 similibus

1215 2121 1354 2161 concedi,
1380 2121 1429 2154 vel
1454 2121 1511 2153 sub
1536 2120 1697 2164 quibusvis
1725 2118 1955 2153 constitutioni-

1215 2174 1293 2215 bus,
1322 2179 1351 2207 et
1383 2174 1585 2207 cancellariae
1617 2173 1807 2218 apostolicae
1837 2172 1956 2216 regulis

1216 2227 1307 2260 editis
1329 2232 1359 2260 et
1383 2228 1521 2268 edendis,
1538 2238 1574 2260 ac
1597 2227 1710 2260 litteris
1729 2226 1909 2271 apostolicis
1925 2226 1956 2259 in

1216 2281 1421 2321 contrarium,
1439 2281 1532 2314 etiam
1553 2280 1621 2324 pari
1642 2285 1739 2321 motu,
1757 2291 1793 2314 ac
1809 2279 1958 2313 consisto-

1216 2333 1335 2367 rialiter
1352 2334 1512 2374 emanatis,
1530 2338 1582 2366 aut
1598 2333 1761 2378 quibusvis
1786 2333 1854 2366 aliis
1870 2332 1957 2366 simi-

1216 2388 1293 2421 lium
1322 2389 1369 2421 vel
1402 2388 1602 2421 dissimilium
1627 2388 1800 2431 gratiarum
1827 2397 1956 2421 revoca-

1216 2442 1375 2483 tionibus,
1400 2442 1680 2486 suspensionibus,
1705 2441 1955 2484 limitationibus,

1216 2500 1268 2528 aut
1293 2495 1362 2529 aliis
1387 2495 1553 2529 contrariis
1578 2495 1851 2539 dispositionibus,
1876 2504 1957 2528 com—

1216 2549 1369 2593 prehendi
1392 2549 1479 2583 nullo
1509 2559 1647 2594 unquam
1679 2554 1821 2594 tempore
1844 2558 1955 2593 posse,

1256 2667 1263 2694 1
1284 2665 1353 2695 Edit.
1370 2665 1449 2694 Main.
1465 2666 1547 2695 habet
1566 2666 1835 2702 superintendentes
1852 2666 1887 2702 (a.
1904 2665 1955 2702 12).

1961 254 2012 282 An.
2033 255 2063 283 C.
2080 255 2149 283 1625

1991 1058 2102 1080 Clausulae
2114 1064 2152 1085 pro

1969 1086 2112 1110 praesentium
2121 1086 2153 1106 m-

1969 1114 2062 1133 terarum
2088 1113 2154 1134 firmi-

1969 1141 2020 1161 tato.
