2269 3235
231 285 283 311 An.
304 283 334 312 0.
350 282 420 310 1091
465 272 529 308 236

275 504 357 524 Causae
386 504 414 524 11-

230 531 319 551 ciendae
345 530 414 552 decla-

230 560 325 578 rationis.

252 1033 414 1057 0001113110,οο

231 1066 273 1087 qua
289 1062 309 1082 io
324 1061 416 1081 rubrica.

271 1631 355 1652 Poenae
371 1636 419 1651 eon·

235 1661 267 1678 tm
296 1658 419 1678 inobedien-

265 2002 384 2024 clausulae.

430 332 480 372 lat,
504 336 538 364 ut
563 330 643 363 inter
668 327 857 372 multiplices
882 327 1048 371 pastoralis
1072 327 1167 360 officii

430 395 531 425 curas,
547 383 631 416 illam
649 382 758 416 scdulo
773 381 1013 425 amplectamur,
1027 390 1089 424 qua
1102 389 1169 412 san-

430 437 657 471 ctimonialium
675 435 772 480 quieti
789 439 966 479 opportune
984 434 1167 468 consulitur.

474 492 489 534 g
513 491 542 523 1.
568 491 643 524 Cum
669 490 773 533 itaque
797 489 904 533 plures
928 488 1074 521 licentiae
1101 497 1169 520 mo-

430 544 564 578 nasteria
596 543 781 577 monialium
811 541 1008 586 ingrediendi
1038 541 1170 574 diversis

430 598 616 631 mulieribus
640 596 851 636 secularibus,
876 595 933 628 sub
957 595 1052 628 certis
1076 594 1170 627 modo

429 656 459 684 ct
473 651 575 685 soi-ma
589 655 662 685 111110
675 650 840 694 expressis,
856 660 874 682 a
886 648 977 682 nobis
994 653 1025 681 et
1038 647 1171 681 diversis

429 705 579 738 Romanis
593 704 798 738 Pontificibus
811 702 1109 747 praedecessoribus
1119 711 1172 734 no-

429 758 502 792 stris
527 768 694 791 concessae
712 757 838 798 suerint,
856 756 1045 799 eaedemque
1064 754 1172 787 mulie-

429 822 480 844 res
504 811 537 844 in
560 811 623 844 vim
643 811 840 844 licentiarum
857 809 1090 853 praedictarum
1108 817 1172 840 mo-

429 865 565 898 nasteria
589 864 786 903 huiusmodi,
810 862 935 896 nonnisi
959 862 997 894 de
1022 871 1171 904 expresso

429 917 613 950 earumdem
634 916 818 950 monialium
835 921 864 948 et
886 915 1012 948 illorum
1034 912 1173 956 superio-

430 981 512 1011 rum,
522 980 676 1003 consensu
686 968 809 1011 ingredi
821 968 952 1012 possint,
962 977 1017 999 seu
1028 966 1171 998 debeant:

475 1024 490 1067 ἓ
514 1024 543 1056 2.
562 1024 779 1065 Νο5,0111110111
804 1020 967 1054 dubitandi
992 1018 1172 1059 materiam,

431 1087 512 1121 quae
537 1088 632 1121 super
657 1075 752 1109 modo
777 1085 967 1108 consensum
992 1068 1172 1106 huiusmodi

432 1129 612 1174 praestandi
637 1130 743 1163 forsan
773 1128 851 1162 oriri
882 1133 1004 1172 posset,
1029 1137 1048 1173 e·
1070 1126 1174 1159 medio

432 1185 542 1217 tollere
564 1184 713 1224 volentes,
731 1187 819 1216 motu
839 1181 971 1226 proprio
986 1186 1016 1214 et
1032 1191 1070 1213 ex
1088 1180 1173 1213 certa

433 1237 564 1271 scientia
588 1238 705 1277 nostra,
729 1236 844 1269 harum
869 1235 950 1268 serie
975 1233 1174 1267 decernimus

433 1296 528 1334 atque
556 1290 774 1330 declaramus,
799 1298 988 1323 consensum
1020 1287 1174 1320 dictarum

434 1344 630 1384 monialium,
643 1343 682 1377 de
695 1349 800 1377 cetero
813 1353 870 1386 per
884 1341 1008 1375 easdem
1022 1340 1175 1374 moniales

434 1397 648 1441 capitulariter
665 1401 695 1431 et
710 1407 767 1441 per
784 1401 904 1429 secreta
921 1394 1072 1437 suffragia
1087 1404 1176 1438 prae-

433 1451 579 1484 standum
596 1461 663 1484 esse
684 1456 714 1483 et
733 1449 887 1494 praestari
904 1449 1031 1489 debere,
1048 1448 1124 1481 alias
1143 1447 1177 1479 li-

433 1505 554 1538 centiae
566 1504 748 1537 huiusmodi
766 1503 964 1544 mulieribus,
978 1502 1093 1545 quibus
1107 1511 1177 1534 con-

434 1569 541 1592 cessae
560 1558 696 1598 suerunt,
721 1557 898 1590 nullatenus
919 1555 1146 1598 suffragentur:

479 1613 494 1656 ἓ
517 1611 597 1644 3131
615 1621 694 1655 quae
714 1610 1000 1644 sanctimonialium
1023 1613 1178 1642 monaste-

434 1665 480 1698 ria
502 1666 610 1708 vigore
630 1664 828 1698 licentiarum
848 1663 1092 1708 praedictarum,
1110 1662 1178 1694 abs-

1169 1743 1176 1757 v

435 1729 495 1763 que
519 1729 675 1752 consensu
699 1717 922 1761 capitulariter,
939 1720 973 1750 ut
990 1716 1166 1761 praefertur

435 1772 596 1816 praestito⁷
615 1771 738 1814 ingredi
755 1770 1037 1814 praesumpserint,
1058 1774 1177 1801 senten-

436 1825 503 1867 tias,
521 1835 670 1858 censuras
694 1829 725 1857 et
747 1834 865 1867 poenas
890 1827 999 1857 contra
1017 1823 1177 1855 clausuras

436 1878 702 1912 monasteriorum
720 1877 905 1910 monialium
923 1876 1075 1909 violantes
1100 1874 1179 1907 inssi-

436 1937 512 1972 ctas,
532 1941 565 1964 se
581 1931 725 1964 noverint
742 1930 945 1969 incursuras3

481 1986 496 2029 ἓ
519 1984 548 2017 4.
570 1984 684 2028 Sicque
703 1989 733 2016 et
748 1993 812 2017 non
829 1983 919 2016 aliter
938 1993 997 2026 per
1013 1991 1179 2026 quoscum-

436 2049 498 2082 que
515 2037 633 2070 iudices
657 2036 834 2070 ordinarios
851 2040 882 2070 et
897 2036 1067 2078 delegatos,
1085 2035 1178 2067 etiam

438 2101 604 2125 causarum
621 2090 728 2135 palatii
744 2089 909 2134 apostolici
925 2088 1093 2129 auditores,
1111 2088 1180 2121 sub-

437 2145 500 2178 lata
528 2145 572 2178 eis
600 2150 630 2178 et
657 2154 767 2178 eorum
797 2143 924 2176 cuilibet
951 2141 1060 2186 quavis
1089 2141 1179 2174 aliter

438 2198 598 2232 iudicandi
622 2203 652 2231 et
676 2196 904 2241 interpretandi
928 2195 1083 2235 facultate,
1103 2194 1180 2226 iudi-

438 2251 503 2285 cari
517 2258 548 2285 et
561 2251 685 2285 definiri
699 2251 830 2291 debere3
848 2260 884 2283 ac
897 2249 1022 2283 irritum
1036 2253 1065 2282 et
1077 2248 1178 2290 inane,

437 2306 462 2339 si
487 2316 578 2339 secus
595 2316 690 2350 super
706 2305 755 2338 his
771 2315 789 2337 a
804 2314 975 2348 quoquam,
991 2302 1100 2347 quavis
1124 2312 1179 2334 au-

438 2360 592 2401 ctoritate,
610 2359 744 2393 scienter
761 2359 809 2391 vel
830 2358 1023 2401 ignoranter,
1045 2355 1180 2398 contige-

438 2414 479 2446 rit
503 2413 664 2447 attentari:
682 2413 713 2445 10
734 2411 928 2445 contrarium
953 2409 1093 2443 facienda
1117 2418 1179 2442 non

1000 278 1180 303 nULLAmuM
1204 277 1359 303 ROMANUM

1200 327 1386 360 constitutae
1410 325 1548 367 munitis,
1574 325 1683 360 eadem
1707 336 1839 371 prorsus
1863 327 1941 361 sides

1200 380 1396 421 adhibeatur,
1407 389 1487 423 quae
1497 379 1715 424 praesentibus
1727 379 1940 422 adhiberetur,

1201 432 1226 465 si
1244 432 1346 466 forent
1364 432 1529 474 exhibitae,
1546 432 1595 465 vel
1611 437 1763 467 ostensae.

1246 486 1356 521 Datum
1381 486 1518 527 Tusculi,
1536 486 1593 520 sub
1619 486 1736 520 annulo
1757 486 1942 528 Piscatoris,

1203 539 1252 572 die
1277 549 1365 574 xxvn
1390 539 1529 573 octobris
1553 549 1718 581 nncxxiv,
1743 539 1943 584 pontificatus

1203 594 1303 627 nostri
1326 604 1408 627 anno
1432 603 1463 627 11.

1240 655 1297 683 Dat.
1319 656 1364 684 die
1383 656 1416 684 27
1437 656 1556 684 octobris
1578 656 1655 691 1624,
1677 656 1773 693 pontis.
1794 665 1840 685 an.
1861 663 1889 684 11.

1525 773 1626 807 XCIII.

1205 842 1375 876 Institutio
1385 843 1664 887 confraternitatis
1675 843 1872 878 Aulicorum
1888 843 1947 877 Ur-

1249 895 1345 928 bisin
1362 896 1492 929 ecclesie
1505 896 1536 930 S.
1551 897 1682 930 Nicolai
1694 897 1737 930 ad
1755 897 1947 932 Caesarinos

1249 948 1308 981 sub
1329 948 1531 982 invocatione
1547 950 1826 992 confraternitatis
1846 950 1948 984 Urba-

1249 1000 1339 1034 nae&

1412 1073 1552 1100 Urbanus
1572 1073 1652 1107 Papa
1670 1074 1745 1108 VIII,

1331 1117 1366 1143 ad
1386 1119 1564 1150 perpetuam
1582 1117 1627 1144 rei
1646 1117 1827 1145 memoriam.

1260 1176 1397 1210 Pastoris
1429 1177 1568 1218 aeterni,
1593 1177 1647 1222 qui
1676 1189 1734 1222 pro
1766 1178 1872 1221 gregis
1903 1188 1949 1212 sa-

1208 1230 1271 1263 lute
1295 1231 1327 1263 in
1351 1232 1407 1263 ara
1432 1231 1535 1265 crucis
1559 1231 1717 1265 immolari
1741 1232 1850 1273 voluit,
1866 1232 1949 1266 vices

1208 1294 1399 1328 quamquam
1414 1285 1563 1318 immeriti
1581 1290 1726 1328 gerentes
1738 1286 1771 1318 in
1786 1286 1889 1327 terris,
1898 1287 1950 1330 pia

1209 1337 1461 1371 christifidelium
1477 1343 1558 1379 vota,
1575 1338 1672 1371 divini
1686 1339 1787 1373 cultus
1803 1349 1952 1383 augmen-

1210 1394 1275 1425 tum
1308 1396 1338 1424 et
1368 1392 1508 1436 ipsorum
1540 1391 1681 1425 fidelium
1712 1393 1843 1426 salutem
1869 1403 1947 1427 0011-

1209 1445 1368 1478 cernentia
1385 1445 1423 1478 ad
1440 1437 1648 1479 exauditionis
1664 1446 1798 1489 gratiam
1815 1446 1951 1480 libenter

1209 1498 1414 1541 admittimus,
1439 1499 1629 1544 eosdemque
1652 1499 1761 1537 fideles
1785 1500 1824 1533 ad
1847 1500 1898 1544 pia
1922 1505 1952 1533 et

1210 1551 1322 1585 devota
1353 1562 1448 1596 opera
1483 1552 1658 1586 exercenda
1693 1553 1897 1596 indulgentiis
1922 1559 1952 1586 et

1210 1610 1412 1649 peccatorum
1438 1606 1677 1639 remissionibus
1708 1606 1894 1648 invitamus,
1917 1612 1953 1639 ut

1209 1669 1267 1702 per
1291 1669 1424 1703 operum
1449 1659 1632 1693 huiusmodi
1650 1659 1834 1693 exercitium
1850 1660 1890 1692 ad
1906 1670 1954 1692 ae-

1211 1717 1318 1745 ternae
1341 1712 1542 1746 beatitudinis
1561 1713 1674 1756 gaudia
1699 1713 1868 1758 pervenire
1891 1723 1954 1747 me-

1211 1770 1348 1798 reantur.

1256 1819 1313 1862 §I
1334 1819 1411 1852 Cum
1431 1819 1547 1863 itaque,
1565 1820 1645 1852 sicut
1659 1819 1763 1854 dilecti
1777 1820 1834 1853 filii
1853 1820 1953 1854 almae

1212 1931 1295 1967 runt,
1306 1926 1364 1970 ipsi
1377 1926 1531 1970 peculiari
1544 1926 1719 1960 devotionis
1732 1926 1846 1960 affectu
1858 1926 1953 1968 ducti,

1213 1983 1242 2013 et
1265 1984 1300 2012 ut
1324 1979 1401 2013 alios
1426 1979 1646 2013 christifideles
1669 1979 1709 2012 ad
1736 1979 1877 2013 eiusdem
1900 1980 1955 2013 de-

1212 2032 1348 2066 votionis
1373 2032 1512 2066 studium
1533 2032 1715 2073 accendant,
1735 2033 1766 2065 in
1783 2033 1956 2077 parochiali

1213 2086 1344 2119 ecclesia
1361 2085 1390 2119 S.
1409 2086 1529 2120 Nicolai
1553 2086 1592 2119 ad
1617 2086 1800 2120 Caesarinos
1818 2087 1856 2120 de
1871 2086 1956 2120 Urbe

1212 2149 1308 2172 unam
1333 2139 1518 2173 eorumdem
1543 2139 1719 2173 aulicorum
1753 2139 1957 2173 confraterni-

1213 2196 1307 2226 tatem
1329 2192 1487 2225 Urbanam
1506 2192 1749 2236 nuncupandam
1767 2192 1805 2225 ad
1821 2192 1876 2226 Dei
1893 2193 1957 2236 glo-

1213 2245 1292 2278 riam
1318 2251 1348 2279 et
1367 2246 1532 2286 honorem,
1550 2256 1586 2278 ac
1603 2246 1780 2278 animarum
1798 2246 1955 2279 dictorum

1213 2299 1354 2332 fidelium
1378 2301 1512 2333 salutem
1536 2310 1594 2344 per
1617 2310 1674 2333 nos
1699 2299 1778 2343 erigi
1808 2310 1952 2334 summo-

1213 2363 1287 2396 pere
1312 2352 1490 2386 desiderent
1499 2363 1507 2393 3

1950 279 2003 307 An.
2024 278 2053 307 C.
2071 278 2139 307 ¹62⁴

1989 1190 2129 1212 Prooemium.

2009 1829 2076 1850 Aulioi
2103 1834 2153 1855 pro·

1968 1857 2036 1883 priam
2070 1855 2153 1877 contra-

1213 1872 1304 1906 Urbis
1328 1877 1454 1906 nostrae
1485 1873 1578 1906 aulici
1601 1883 1703 1917 nuper
1727 1874 1842 1918 exponi
1866 1874 1950 1907 fece·
1969 1883 2088 1931 ‘effr'ffffl‘m
2100 1882 2154 1908 erm

1258 2407 1273 2449 ξ,
1303 2405 1332 2438 Q.
1364 2406 1447 2447 Nos,
1471 2406 1531 2450 piis
1563 2406 1747 2440 eorumdem
1779 2407 1955 2440 aulicorum
1969 2413 2070 2460 130311Ξο
2086 2412 2156 2460 3:22³}

440 2460 636 2500 obstantibus
660 2466 924 2510 quibuscumque.
1213 2459 1378 2493 desideriis
1414 2459 1597 2493 huiusmodi
1629 2460 1764 2504 benigne
1795 2470 1955 2502 annuere,
1970 2471 2061 2492 namque
2077 2468 2148 2486 vocai-

484 2521 499 2563 §3
524 2521 552 2554 5.
578 2520 730 2553 Volumus
754 2523 857 2553 autem
872 2546 880 2559 ‚
904 2523 939 2551 ut
965 2516 1179 2562 praesentium

441 2574 655 2618 transumptis,
680 2574 773 2606 etiam
798 2572 974 2617 impressis,
998 2581 1095 2604 manu
1118 2570 1178 2602 ali-

442 2628 531 2662 cuius
550 2627 665 2660 notarii
681 2627 799 2671 publici
824 2625 1010 2670 subscriptis
1027 2630 1055 2657 et
1077 2624 1180 2667 sigillo

442 2682 573 2715 alicuius
584 2691 738 2726 personae
756 2680 786 2712 in
802 2680 953 2722 dignitate
970 2678 1181 2713 ecclesiastica

241 2534 424 2581 daniissabii¹u⁰s¹f¹¹³
1251 2552 1263 2576 1
1277 2549 1371 2577 Eidem
1382 2549 1594 2577 confraternitati
1611 2553 1706 2585 postea
1716 2557 1845 2577 concessa
1854 2549 1957 2576 101100-

1215 2594 1297 2621 clesia
1311 2594 1336 2621 S.
1353 2594 1491 2621 Laurentii
1506 2595 1533 2620 in
1550 2594 1632 2621 Fonte
1647 2595 1675 2621 in
1694 2595 1804 2630 regione
1826 2593 1956 2621 Montium

1215 2640 1297 2667 Urbis
1312 2648 1361 2675 per
1376 2639 1469 2666 Const.
1485 2639 1586 2667 Urbani
1602 2639 1661 2667 VIII
1683 2639 1746 2667 dala
1769 2639 1812 2666 die
1831 2645 1874 2666 xtv
1890 2638 1957 2666 iunii

1215 2691 1362 2720 MDcxxvm,
1377 2692 1457 2721 quam
1472 2692 1520 2711 suo
1535 2684 1594 2713 loco
1609 2684 1735 2712 dabimus
1749 2684 1785 2720 (11.
1800 2684 1849 2719 1.).
