2269 3235
950 309 1045 334 mnex
1069 308 1177 334 annun
1724 295 1786 327 699

298 365 387 401 Ordo
411 365 687 410 Cappuoeinorum
712 373 729 398 a
753 372 829 398 vera
854 364 884 396 S.
909 363 1068 397 Francisci
1093 362 1203 405 regula
1230 362 1411 404 promanat,
1438 357 1501 391 1162
1525 367 1544 391 α
1569 359 1599 390 et
1625 357 1652 389 b.

296 418 385 455 Ordo
410 420 687 459 Carttuisiensium,
705 418 766 451 517
792 427 821 450 a.
838 417 970 450 DItioria
994 417 1185 450 monasteria
1212 415 1363 457 pecunias
1388 410 1630 456 pauperioribus
1648 409 1686 443 ad
1704 419 1834 443 censum

386 473 504 507 debent
528 474 613 515 dare,
641 471 719 505 ibid.

296 526 384 562 Ordo
408 527 619 566 Cassinensis,
647 526 709 559 484
735 525 761 557 b.
786 524 997 567 Congregatio
1022 522 1267 559 Ilm-st'eldensis,
1294 530 1329 554 ac
1355 521 1562 553 seminarium
1580 521 1610 552 in
1627 518 1834 551 universitate

386 580 567 614 Coloniensi
583 582 734 619 erectum,
753 578 823 611 485χ
836 587 866 609 α.
884 576 1024 619 ltegulae
1046 575 1209 608 monacbis
1226 574 1358 608 huiusce
1375 574 1538 607 seminarii
1552 572 1741 612 servandae,
1758 570 1835 603 ibid.

388 633 619 667 Conlirinantur
642 631 682 666 al)
708 630 831 664 Urbano
858 628 934 670 VIII,
963 630 1025 662 489
1050 639 1078 661 α.

296 685 384 721 Ordo
408 686 620 720 Eremitarum
650 685 680 717 S.
706 684 887 725 Augustini.
918 681 1079 716 Fratribus
1116 681 1210 715 liuius
1242 680 1374 714 Ordinis
1410 679 1556 714 Urbanus
1582 679 1649 712 Vlll
1682 678 1836 711 indultum

385 740 533 774 concedit
557 740 686 772 missam
711 736 896 770 celebrandi
922 739 952 769 et
976 735 1132 769 recitandi
1162 736 1303 768 ot'tieium
1328 734 1367 767 de
1392 734 1424 767 B.
1451 734 1541 766 Clara
1568 734 1607 766 (le
1633 733 1736 766 Monte
1763 731 1838 764 Fal-

384 793 466 834 01110,
492 793 554 825 193
580 802 609 824 α.
634 791 775 834 Magistri
801 789 978 833 privilegiis
1011 790 1076 822 suis
1110 788 1251 832 gaudere
1285 797 1347 820 uon
1381 788 1521 830 possint,
1547 788 1607 819 uisi
1638 785 1677 818 ab
1710 786 1835 817 exami-

383 845 546 880 natorIbus
571 845 703 879 Ordinis
728 845 846 878 suerint
871 845 1060 884 examinati,
1084 843 1147 875 3⁶20
1175 843 1202 874 b.
1228 841 1307 875 Vota
1331 850 1409 874 vero
1434 850 1473 873 ex
1499 841 1600 882 gratia
1626 840 1657 871 in
1690 838 1838 882 capitulis

383 897 636 943 provincialibus
661 907 815 931 concessa
839 897 925 930 nulla
948 900 1031 938 sunt,
1053 896 1113 929 321
1142 907 1171 928 α.

298 952 385 987 Ordo
409 953 541 986 fratrum
566 952 778 985 Eremitarum
795 951 825 983 S.
841 950 1011 994 Augustini
1028 949 1257 989 Calceatorum,
1278 948 1340 982 504
1358 958 1387 980 a.
1405 947 1597 980 Assistentes
1615 945 1838 979 ultramontani

389 1007 503 1049 prioris
528 1006 688 1049 generalis
721 1007 849 1048 peracto
882 1004 985 1037 oflicio
1011 1002 1157 1036 omnibus
1183 1002 1362 1045 prixilegiis
1383 1003 1559 1045 111-1111111111,
1581 1000 1642 1032 604
1669 999 1695 1039 b,
1721 1002 1750 1032 et
1767 1008 1840 1031 snas

386 1060 424 1093 ad
450 1061 632 1104 provincias
656 1059 761 1093 redire
787 1058 920 1099 debent,
946 1058 1009 1091 505
1034 1068 1063 1090 11.
1088 1057 1156 1090 Toti
1188 1056 1292 1089 ordini
1316 1064 1503 1088 concessum
1528 1053 1684 1087 indultum
1709 1054 1839 1085 missam

390 1112 574 1147 celebrandi
594 1113 634 1146 de
651 1113 684 1146 B.
700 1111 773 1146 Rita
790 1112 829 1144 de
847 1111 964 1153 Cassia,
989 1110 1049 1143 604
1076 1121 1105 1143 α.
1130 1109 1326 1143 Alternativa
1351 1111 1383 1142 in
1408 1110 1563 1142 electione
1594 1107 1838 1152 provincialium

387 1169 572 1210 provinciae
589 1167 821 1200 Mechoacanae
840 1164 1008 1205 servanda,
1026 1163 1086 1196 641
1107 1163 1133 1196 b.

299 1218 387 1255 Ordo
411 1220 542 1254 fratrum
558 1220 768 1254 Eremitarum
783 1219 813 1253 S.
832 1218 1002 1262 Augustini
1017 1216 1297 1259 Discalceatorum,
1316 1217 1378 1249 479
1397 1216 1422 1249 b.
1440 1216 1651 1259 Congregatio
1674 1215 1782 1248 ltaliae
1807 1216 1838 1247 iu

387 1277 522 1318 quatuor
546 1273 700 1307 dividitur
723 1274 914 1317 provincias,
942 1271 1021 1305 ibid.
1046 1270 1192 1304 Vicarius
1208 1269 1368 1313 generalis
1386 1271 1480 1303 totius
1504 1270 1760 1312 congregationis
1786 1278 1837 1311 po-

387 1330 535 1361 testatem
568 1326 667 1361 habet
698 1327 794 1360 alium
825 1325 1005 1359 omnimoda
1033 1334 1090 1358 sua
1124 1323 1344 1357 iurisdictione
1374 1323 1564 1367 delegandi,
1590 1323 1652 1356 480
1684 1323 1700 1354 b
1725 1325 1755 1355 et
1778 1332 1839 1365 sey.

389 1380 638 1414 Constitutiones
662 1380 837 1425 apostolica
861 1381 1047 1413 auctoritate
1072 1379 1295 1419 confirmatae,
1326 1378 1386 1411 481
1414 1389 1442 1410 a.
1468 1378 1576 1411 Nox-ao
1603 1378 1842 1410 constitutiones

389 1443 452 1467 non
477 1434 655 1475 faciendae,
681 1434 758 1467 ibid.
783 1433 996 1476 Congregatio
1021 1431 1239 1465 definitorialis
1264 1433 1490 1475 supprimitur,
1518 1431 1578 1465 481
1611 1431 1637 1464 b.
1663 1430 1842 1464 Auctoritas

388 1489 501 1521 vicarii
526 1488 687 1531 generalis
713 1490 744 1521 in
770 1488 966 1529 definitores,
993 1485 1073 1519 ibid.

299 1538 387 1574 Ordo
411 1540 543 1574 fratrum
567 1541 722 1574 Minorum
743 1540 1014 1581 Conveniualium,
1041 1540 1102 1572 367
1129 1550 1157 1572 a.
1182 1538 1326 1583 Ipsorum
1352 1539 1522 1582 collegium
1548 1539 1578 1571 S.
1601 1538 1841 1571 Bonaventurae

391 1593 514 1637 Pragae
539 1598 690 1635 erectum,
717 1594 797 1627 ibid.
823 1594 1034 1628 Confirmatur
1058 1592 1097 1626 ab
1123 1593 1248 1626 Urbano
1274 1593 1343 1626 vlit
1371 1592 1429 1626 sub
1454 1593 1654 1625 nominorum
1680 1592 1710 1624 S.
1736 1591 1838 1624 Anto-

392 1648 437 1680 nii
470 1648 510 1681 de
544 1647 668 1689 Padua,
695 1648 757 1681 367
782 1647 808 1680 b.
832 1647 968 1681 Dccreto
998 1656 1054 1689 pro
1080 1648 1221 1689 ipsorum
1246 1647 1470 1679 reformatione
1496 1648 1527 1679 in
1552 1655 1652 1688 regno
1676 1645 1841 1685 Poloniae,

393 1700 456 1733 354
483 1700 521 1739 b;
547 1710 584 1734 ea
617 1702 781 1734 confirmat
812 1700 958 1734 Urbanus
984 1700 1064 1741 VIII,
1091 1700 1152 1733 354
1179 1711 1198 1732 a
1223 1703 1253 1733 et
1280 1700 1306 1732 b.
1332 1700 1617 1742 Congregationem
1641 1699 1838 1732 Reformato-

393 1764 461 1787 rum
487 1753 751 1788 conventualium
776 1756 945 1798 supprimit
962 1753 1108 1787 [rhamis
1128 1753 1208 1794 VIII,
1229 1754 1292 1786 43⁵.)
1312 1754 1328 1785 b
1346 1757 1377 1786 et
1394 1755 1472 1796 ipsis
1489 1753 1679 1786 Reformatis
1696 1752 1841 1785 concedit

392 1808 557 1841 transitum
572 1807 611 1841 ad
633 1806 852 1851 Cappuocinos
869 1818 927 1841 seu
947 1807 986 1840 de
1002 1806 1226 1848 Observantia,
1250 1807 1311 1839 453
1329 1818 1369 1841 a:
1387 1807 1514 1839 domum
1532 1806 1772 1850 Neapolitanam
1790 1816 1843 1838 ex—

390 1860 476 1901 eipit,
504 1859 597 1899 ilud„-
623 1859 734 1893 domus
759 1860 918 1893 Romanae
949 1859 1032 1893 bona
1064 1860 1183 1893 addicit
1213 1869 1359 1893 camerae
1384 1860 1586 1903 apostolicae,
1612 1860 1673 1893 433
1700 1859 1724 1892 b.
1751 1858 1842 1892 Anno

390 1922 520 1946 mncxxv
544 1922 646 1946 novae
667 1915 908 1947 constitutiones
935 1924 991 1957 pro
1017 1915 1086 1947 eius
1111 1915 1267 1956 regimine
1293 1915 1409 1955 editae,
1435 1915 1497 1947 663
1523 1913 1550 1946 b.

300 1964 387 2000 Ordo
412 1967 543 2000 fratrum
568 1967 825 2001 Praedicatorum
851 1969 913 2001 366
939 1978 968 2001 a.
993 1967 1174 2011 Capitulum
1206 1968 1357 2010 generale
1391 1967 1535 2012 quolibet
1566 1969 1720 2001 sexennto
1751 1967 1843 2000 eele—

388 2018 556 2062 brandum,
573 2019 650 2052 ibid.
677 2019 796 2061 Libros⁷
822 2020 872 2053 vel
898 2022 1116 2064 manuscripta
1142 2031 1181 2054 ex
1207 2020 1338 2055 Ordinis
1363 2021 1457 2055 huius
1488 2021 1692 2055 bibliothecis
1718 2021 1842 2054 extrahi

390 2075 523 2107 vetitum
548 2073 607 2108 sub
632 2084 737 2117 poena
761 2076 1113 2114 excommunicationis,
1140 2076 1202 2109 448
1230 2075 1256 2108 b.

300 2125 388 2161 Ordo
411 2126 613 2161 Minimorum
638 2128 666 2160 S.
692 2128 851 2161 Francisci
885 2128 924 2161 de
950 2128 1068 2169 Paula,
1094 2129 1135 2162 54
1161 2139 1191 2161 α.
1216 2128 1406 2163 Haereditas
1439 2130 1610 2162 conventui
1635 2129 1665 2161 S.
1693 2127 1841 2162 Andreae

390 2180 429 2214 de
454 2180 572 2214 Fractis
597 2190 614 2214 a
638 2181 756 2214 Ioanne
781 2181 916 2215 Pizzullo
938 2182 1049 2215 relicta
1073 2182 1113 2215 ad
1139 2186 1332 2216 conventum
1356 2186 1385 2216 et
1411 2182 1580 2225 collegium
1609 2182 1754 2215 elusdem
1781 2181 1842 2215 Or-

390 2234 474 2268 dinis
506 2236 538 2268 in
570 2235 702 2278 regione
734 2234 889 2269 Montium
920 2236 1124 2277 transfertur,
1156 2237 1197 2269 55
1230 2247 1259 2269 a,
1291 2236 1412 2269 Statuta
1443 2236 1593 2269 nonnulla
1625 2246 1680 2278 pro
1711 2234 1842 2269 Ordinis

389 2290 560 2332 regimine,
579 2293 610 2323 et
626 2291 815 2333 praesertim
832 2289 871 2323 de
885 2289 1004 2324 Vicarii
1029 2291 1189 2334 generalis
1214 2290 1369 2323 electione
1396 2289 1480 2323 edita
1505 2291 1672 2323 confirmat
1697 2288 1842 2322 Urbanus

389 2343 474 2386 Papa
487 2342 566 2384 VIII,
584 2343 646 2376 156
668 2342 731 2376 bet
750 2354 812 2387 seq.
829 2343 974 2378 Reuorat
993 2354 1120 2388 quoque
1146 2344 1316 2388 privilegia
1340 2343 1414 2377 huie
1439 2343 1555 2377 Ordini
1579 2345 1645 2376 suis
1669 2352 1687 2376 a
1712 2343 1844 2387 praede—

389 2396 570 2430 cessoribus
605 2405 779 2438 concessa,
805 2397 867 2430 177
894 2397 921 2429 b.
947 2397 981 2430 In
1012 2397 1096 2431 dicto
1130 2400 1290 2430 conventu
1321 2398 1353 2429 in
1383 2398 1515 2439 regione
1548 2396 1700 2430 Montium
1736 2400 1842 2429 erecto

388 2444 493 2483 efficia
517 2454 581 2483 tam
604 2452 709 2483 oneris
741 2460 837 2495 quam
861 2450 990 2484 honoris
1013 2460 1031 2484 a
1054 2452 1129 2484 solis
1153 2450 1303 2484 fratribus
1328 2451 1512 2494 provinciae
1538 2449 1703 2483 Calabriae
1725 2449 1844 2483 debent

390 2504 547 2545 exerceri,
573 2503 635 2537 260
660 2504 687 2536 b.
712 2503 835 2537 Fratres
860 2503 991 2540 Ordinis
1021 2504 1127 2547 legata
1158 2514 1231 2537 eum
1255 2507 1412 2547 perpetuo
1438 2512 1535 2536 onere
1568 2505 1736 2537 missarum
1762 2514 1843 2546 pos—

392 2560 463 2590 sunt
487 2558 642 2600 recipere,
668 2557 729 2590 276
758 2557 784 2589 b.
810 2557 854 2590 Ne
881 2567 921 2590 ex
948 2556 1119 2592 bIblioteca
1145 2557 1307 2591 Genuensi
1336 2557 1421 2590 illius
1446 2556 1577 2592 Ordinis
1606 2556 1843 2601 quomodolibet

393 2610 599 2644 extrahantur
622 2609 709 2652 libri,
738 2611 799 2643 283
825 2622 854 2643 α.
1232 2646 1236 2649 ,

305 2662 391 2698 Ordo
406 2663 562 2696 Minorum
578 2663 607 2696 S.
624 2663 783 2697 Francisci
803 2664 843 2696 de
861 2662 1083 2705 Observantia,
1103 2665 1164 2698 ⁶282
1183 2674 1217 2703 [13
1244 2664 1356 2698 fratres
1381 2664 1475 2698 huius
1500 2664 1631 2699 Ordinis
1656 2666 1687 2698 in
1713 2666 1841 2698 civitate

392 2716 593 2752 HIerusalem
622 2719 775 2753 molestiis
803 2721 972 2762 urgentur,
1000 2717 1093 2758 ibe‘d.;
1113 2727 1170 2762 pro
1196 2719 1273 2762 ipsis
1298 2718 1522 2762 eleemosynae
1553 2718 1839 2759 commemlantur,
