2269 3235
18 1915 32 1925 l

119 234 168 263 An.
185 233 213 262 C.
235 232 303 261 1626

147 772 266 792 Exordium.

153 1195 233 1216 Causae
252 1200 300 1215 con·

117 1223 225 1243 endendae
236 1222 301 1243 sacul-

118 1250 173 1271 tatis.

147 1888 266 1912 Concessio,
276 1889 301 1910 de

121 1918 162 1942 qua
176 1916 196 1937 in
210 1916 302 1937 rubrica.

924 229 1065 255 unnauus

631 278 736 312 CCVII.

315 350 470 385 Facullus
495 350 657 393 deputatis
688 349 730 382 ad
762 349 907 391 regyv'men
941 348 1054 380 domus

359 404 662 437 cathecumenorum
675 407 703 436 el
718 402 864 435 ecclesiae
880 401 912 435 S.
929 402 1055 434 Mariae
1072 420 1073 428 κ

360 457 396 489 in
421 457 584 490 Montibus
608 456 645 489 de
665 456 746 489 Urbe
766 454 1055 498 coslendinolari'os
1073 480 1074 486 ,

360 510 402 542 acl
420 510 595 553 aperienda
612 513 640 542 ct
654 507 848 541 ostendenda
867 511 1055 540 testamenta

360 564 455 597 iuxta
475 563 688 607 privileqium
712 562 855 605 fabricae
875 562 906 595 S.
930 562 1023 595 Petri
1032 560 1051 594 ¹.

527 645 661 671 Urbanus
679 643 754 676 Papa
773 642 851 675 VIII,

440 688 476 715 ad
495 690 669 722 perpetuam
689 687 732 714 rei
753 686 933 714 memoriam.

362 758 493 791 Iniuncti
521 758 612 791 nobis
644 758 806 801 apostolici
840 757 980 791 muneris
1005 767 1055 790 res

316 812 462 855 postulat,
486 815 519 845 ut
543 811 730 854 opportunis
755 811 977 855 provideamus
1005 821 1055 844 re-

316 864 436 905 mediis,
453 874 492 897 ne
509 865 658 897 ecclcsiae
675 870 706 897 et
721 865 781 897 alia
804 865 855 909 pia
875 866 952 905 loca,
967 874 1057 908 prae-

315 918 422 950 sertim
447 918 548 952 almae
573 918 665 952 Urbis
689 922 824 959 nostrae,
850 930 886 951 ae
906 919 937 951 in
959 918 1057 952 liono-

315 983 383 1005 rem
407 973 653 1016 gloriosissimae
677 973 731 1006 Dei
753 972 918 1006 Genitricis
942 973 1056 1006 Mariae

315 1027 425 1067 dicata,
449 1027 513 1060 suis
537 1032 599 1059 tam
626 1026 842 1070 spiritualibus
867 1037 961 1070 quam
982 1032 1057 1060 tem-

316 1080 478 1124 poralibus
502 1080 592 1113 bonis
609 1080 788 1124 aliquorum
806 1080 925 1113 malitia
942 1080 990 1113 vel
1007 1090 1057 1113 ne-

316 1133 466 1176 gligentia
486 1133 679 1166 fraudentur.

360 1187 375 1229 ξ
399 1187 428 1219 sl.
454 1187 531 1221 Cum
556 1187 669 1231 itaque,
695 1187 775 1220 sicut
799 1187 904 1220 dilecti
928 1187 983 1219 filii
1008 1186 1058 1220 de-

316 1240 414 1283 putati
439 1240 478 1272 acl
502 1240 645 1283 regimen
670 1245 700 1273 et
724 1240 912 1283 guberniuni
944 1240 1057 1273 domus

316 1293 615 1327 cathecumenorum
648 1299 677 1327 et
707 1294 858 1327 eeclesiae
886 1294 914 1327 S.
943 1293 1056 1326 Mariae

315 1347 348 1379 in
375 1347 530 1380 Montibus
561 1352 760 1391 nuncupatae
791 1347 830 1380 de
859 1347 942 1380 Urbe
966 1347 1057 1380 nobis

314 1409 415 1443 nuper
439 1400 554 1444 exponi
579 1400 730 1441 fecerunt,
755 1400 879 1433 diversa
902 1400 1003 1443 legata
1028 1406 1057 1432 et

315 1453 423 1487 relicta
446 1454 485 1486 ad
503 1454 570 1497 pias
591 1464 699 1487 causas
724 1454 832 1487 domui
858 1459 888 1487 et
907 1453 1057 1487 ecclcsiae

315 1506 483 1549 praedictis
500 1517 557 1550 per
575 1506 717 1540 diversos
742 1506 962 1539 christifideles
979 1507 1057 1539 sacta

317 1559 523 1603 reperiamur,
537 1560 575 1592 de
593 1560 653 1593 illis
670 1564 775 1593 autem
789 1563 875 1593 certa
890 1559 999 1593 notitia
1016 1560 1056 1593 ob

315 1612 468 1646 incuriam
504 1623 558 1646 seu
589 1613 813 1656 negligentiam
841 1613 1056 1653 notariorum,

315 1665 369 1709 qui
392 1665 429 1699 de
453 1665 635 1699 huiusmodi
660 1666 770 1709 legatis
794 1666 896 1709 rogati
920 1666 1057 1707 suerunt,

315 1719 425 1752 haberi
449 1730 647 1763 nequaquam
672 1719 830 1763 potuerit,
856 1729 913 1752 nec
937 1719 1056 1763 possit,

316 1772 348 1805 in
376 1772 548 1806 maximum
576 1773 688 1806 domus
716 1778 746 1806 et
774 1773 924 1806 ecclesiae
949 1773 1059 1806 huius-

317 1826 402 1859 modi
426 1826 677 1870 praeiudicium:

361 1879 376 1923 ἓ
395 1879 424 1912 2.
442 1880 515 1920 Nos,
533 1880 714 1913 earumdem
732 1880 843 1914 domus
861 1886 891 1914 et
910 1880 1059 1914 ecclcsiae

318 1933 513 1967 indemnitati
538 1934 569 1967 in
593 1935 785 1978 praemissis,
810 1940 962 1979 quantum
987 1946 1077 1968 cumi

318 1987 450 2020 Domino
482 1998 668 2032 possumus,
700 1989 885 2029 consulere,
910 1989 1059 2033 ipsosque

318 2040 484 2084 deputatos
504 2041 695 2085 specialibus
719 2042 880 2075 favoribus
906 2046 935 2074 et
951 2042 1060 2085 gratiis

317 2095 468 2138 prosequi
478 2095 627 2135 volentes,
639 2100 669 2128 ct
682 2105 792 2128 eorum
808 2095 983 2138 singulares
993 2106 1060 2140 per-

318 2159 409 2182 sonas
427 2159 444 2181 a
461 2149 624 2192 quibusvis
638 2149 983 2191 excommunicationis,
997 2160 1060 2183 sus-

318 2202 477 2246 pensionis
501 2208 531 2236 et
554 2203 722 2245 interdicti,
750 2204 880 2247 aliisque
913 2204 1060 2237 ccclesia-

321 2255 405 2288 sticis
425 2257 593 2300 sententiis,
613 2257 753 2290 censuris
771 2263 801 2290 et
820 2257 940 2302 poenis,
959 2268 977 2290 a
991 2258 1059 2291 iure

322 2309 369 2341 vel
383 2309 420 2341 ab
434 2309 570 2351 homine,
588 2311 696 2354 quavis
717 2311 883 2345 occasione
902 2312 951 2344 vel
968 2313 1060 2345 causa
1076 2303 1078 2326 λ’

322 2359 463 2403 latis‚'si
487 2364 602 2407 quibus
627 2365 865 2409 quomodolibet
894 2365 1060 2399 innodatae

322 2415 474 2459 existunt,
500 2417 538 2449 ad
561 2418 706 2452 effectum
730 2419 945 2462 praesentium
969 2419 1078 2464 dum-¹

322 2475 406 2502 taxat
430 2472 694 2515 consequendum,
715 2473 828 2506 harum
854 2473 935 2506 serie
960 2473 1078 2506 absol-l

321 2529 427 2558 ventes
451 2530 482 2558 et
505 2525 662 2560 absolutas
685 2527 754 2561 fore
785 2532 965 2568 censentes,
990 2538 1061 2571 sup-

357 2642 368 2670 1
391 2642 428 2669 Ex
447 2641 556 2678 aegest.
576 2642 603 2670 in
622 2642 723 2671 Secret.
743 2643 824 2671 Brev.

1089 228 1145 253 vui
1169 229 1218 253 pv.
1736 218 1799 251 477
1846 226 2027 253 An.c.1eeo

1091 276 1311 320 plicationibus
1336 285 1444 309 corum
1470 275 1597 309 nominc
1618 274 1709 307 nobis
1734 286 1828 318 super

1090 330 1149 362 lioc
1173 329 1334 362 humiliter
1352 329 1504 372 porrectis
1525 327 1678 368 inclinati,
1703 327 1830 371 deputa-

1090 382 1128 414 tis
1152 383 1329 426 praedictis,
1352 388 1393 423 ut,
1415 382 1472 416 sul)
1498 381 1830 415 cxcomu‘iunicationis

1072 443 1073 463 ὲ
1090 436 1169 468 latae
1194 436 1363 469 sententiae
1388 438 1499 479 poena,
1517 446 1626 469 omncs
1644 441 1673 468 ct
1690 435 1830 477 singulos

1090 488 1248 528 notarios,
1274 499 1370 531 penes
1400 500 1478 531 quos
1510 493 1693 521 testamenta
1726 488 1831 520 clausa

1091 541 1137 572 vel
1163 541 1238 573 alias
1262 538 1474 584 rcpcriuntur,
1500 542 1544 574 vcl
1571 542 1601 574 in
1627 543 1765 573 l'utururn
1786 551 1832 573 rc-

1091 593 1270 636 pericntur7
1300 598 1371 636 post
1402 604 1517 625 annum
1544 605 1560 626 a
1584 594 1633 626 die
1658 594 1763 627 obitus
1787 599 1832 626 te-

1091 650 1244 679 statorum
1269 646 1306 678 ad
1328 647 1378 678 illa
1402 647 1571 690 aperienda
1592 653 1621 679 et
1646 647 1720 690 ipsis
1737 647 1833 690 depu-

1093 699 1161 731 tatis
1185 699 1386 741 ostendenda,
1412 700 1577 742 solutaque
1603 699 1678 743 ipsis
1703 701 1833 733 notariis

1091 753 1196 786 debita
1217 753 1371 794 mercede,
1394 753 1433 785 ad
1458 754 1635 786 habendum
1657 754 1715 785 sibi
1733 764 1834 786 exem-

1091 806 1160 849 plar
1173 806 1312 850 ipsorum
1329 810 1589 840 testamentorum
1606 807 1636 838 in
1651 807 1752 839 serina
1765 817 1834 849 pro-

1091 860 1176 893 banti
1191 865 1220 893 ct
1233 860 1424 901 authentica,
1442 861 1534 893 etiam
1549 872 1620 893 cuni
1639 860 1833 893 invocatione

1091 913 1211 946 brachii
1237 914 1397 955 secularis,
1416 914 1440 947 si
1461 924 1540 958 opus
1565 914 1668 954 suerit,
1686 924 1833 956 quacum-

1092 977 1152 1010 que
1177 967 1387 1011 appellatione
1412 970 1545 1008 remota,
1566 978 1680 1011 cogere
1699 968 1830 1011 possint,

1092 1022 1263 1065 apostoliea
1277 1023 1470 1063 auctoritate,
1485 1028 1592 1055 tenore
1609 1022 1831 1066 praesentium,

1092 1075 1295 1108 concedimus
1319 1081 1349 1108 et
1373 1076 1581 1119 indulgemus.

1137 1130 1151 1172 ξ
1172 1128 1201 1161 3.
1227 1130 1270 1162 Ac
1294 1134 1462 1173 propterea
1485 1130 1640 1170 volumus,
1666 1129 1750 1173 quod
1775 1139 1852 1184 no·¹
1874 1138 2029 1184 iunalalunrtm-

1093 1182 1163 1215 tarii
1178 1188 1207 1215 et
1221 1187 1360 1216 rectores
1374 1183 1601 1227 parochialium
1616 1183 1831 1220 ecclesiarum,
1847 1171 2031 1239 :2'i1¹=1¹{¹;3;imi!sssil'a'

1093 1246 1146 1268 seu
1172 1236 1290 1277 vicarii,
1308 1232 1355 1269 vel
1374 1237 1564 1280 quicumque
1584 1237 1635 1269 alii
1654 1236 1692 1269 de
1710 1237 1831 1279 legatis⁷
1863 1226 1873 1237 ⁰
1909 1226 1911 1236 Α
1959 1234 1964 1240 '

1092 1289 1219 1331 relictis,
1245 1290 1465 1323 donationibus
1497 1295 1527 1323 et
1551 1290 1619 1323 aliis
1643 1290 1703 1333 piis
1727 1290 1832 1333 dispo-

1092 1343 1258 1377 sitionibus
1282 1344 1321 1376 ad
1344 1344 1483 1377 savorem
1503 1344 1616 1377 domus
1634 1348 1663 1376 et
1683 1344 1832 1377 ecclesiae

1092 1397 1325 1441 praedictarum
1356 1398 1444 1430 saetis
1473 1402 1503 1430 et
1532 1408 1590 1441 pro
1622 1403 1763 1441 tempore
1788 1398 1831 1430 sa-

1092 1451 1210 1483 ciendis
1234 1451 1377 1484 notitiam
1402 1451 1572 1492 habentes,
1597 1451 1649 1483 illa
1676 1451 1832 1494 deputatis

1091 1504 1259 1548 praedictis
1284 1515 1338 1537 seu
1358 1504 1390 1536 in
1407 1504 1495 1537 curia
1516 1504 1684 1548 episcopali
1709 1504 1769 1537 loci
1789 1503 1833 1536 in-

1092 1557 1204 1590 timare
1229 1557 1363 1590 debcant
1383 1562 1414 1590 et
1437 1561 1611 1591 teneantur.

1136 1611 1151 1654 g
1175 1610 1204 1642 4.
1231 1611 1343 1654 Sicque
1368 1610 1399 1642 in
1416 1610 1598 1654 praemissis
1615 1621 1672 1654 per
1689 1611 1831 1643 locorum
1859 1648 1861 1650 v
1922 1620 2030 1655 ,praeson-

1093 1664 1284 1705 Ordinarios,
1310 1674 1345 1696 ac
1370 1674 1587 1707 quoscumque
1611 1664 1689 1696 alios
1713 1663 1832 1696 iudices
1849 1647 2031 1699 ἷῖἳιῗηέἷῖξῗῇἶὶῗιῗῖ

1093 1722 1121 1750 et
1147 1717 1391 1758 commissarios,
1417 1717 1511 1750 etiam
1537 1728 1702 1750 causarum
1726 1717 1832 1760 palatii

1093 1771 1255 1815 apostolici
1269 1771 1438 1811 auditores,
1454 1781 1489 1804 ae
1507 1771 1535 1804 S.
1549 1771 1583 1804 R.
1602 1771 1634 1804 E.
1650 1771 1834 1811 cardinales,

1094 1824 1218 1857 sublata
1243 1824 1287 1857 eis
1311 1829 1341 1857 et
1366 1835 1477 1857 eorum
1499 1824 1635 1864 cuilibet,
1651 1824 1759 1867 quavis
1777 1824 1833 1856 ali-

1093 1883 1141 1911 ter
1166 1878 1323 1911 iudicandi
1343 1883 1372 1911 et
1392 1878 1617 1922 interpretandi
1642 1879 1788 1911 facultate
1806 1884 1836 1911 et

1094 1933 1301 1975 auctoritate,
1328 1933 1459 1965 iudicari
1484 1944 1519 1966 ae
1544 1933 1669 1966 definiri
1699 1933 1834 1974 debere,

1093 1998 1129 2020 ac
1153 1987 1278 2019 irritum
1303 1991 1334 2019 et
1358 1987 1459 2027 inane,
1485 1987 1510 2019 si
1536 1997 1624 2019 secus
1642 1987 1801 2030 superbis
1818 1997 1835 2019 a

1093 2052 1263 2085 quoquam,
1281 2041 1389 2085 quavis
1414 2041 1608 2082 auctoritate,
1626 2041 1761 2074 scienter
1785 2040 1834 2073 vel

1094 2094 1287 2137 ignoranter,
1308 2094 1477 2136 contigerit
1500 2094 1656 2127 attentari.

1139 2149 1153 2192 ξ
1177 2148 1206 2181 5.
1232 2149 1301 2181 Non
1325 2148 1520 2181 obstantibus
1545 2148 1733 2191 apostolicis,
1751 2147 1834 2180 acin

1094 2202 1335 2240 universalibus,
1360 2201 1669 2245 provincialilnisque
1693 2201 1834 2234 conciliis

1094 2256 1184 2289 editis
1209 2256 1409 2298 generalibus
1434 2256 1482 2288 vel
1509 2255 1696 2298 specialibus
1725 2255 1835 2287 consti-

1095 2309 1269 2343 tutionibus
1287 2314 1316 2342 et
1336 2309 1596 2349 ordinationibus,
1621 2319 1656 2341 ac
1680 2308 1834 2349 locorum,

1095 2363 1255 2396 civitatum
1281 2368 1311 2396 et
1334 2363 1579 2407 provinciarum,
1598 2362 1628 2394 in
1645 2362 1759 2405 quibus
1776 2362 1836 2395 exi-

1095 2422 1176 2450 stent
1213 2417 1327 2450 notarii
1360 2417 1407 2449 vel
1439 2420 1623 2449 testamenta
1655 2416 1836 2449 huiusmodi

1095 2472 1235 2504 confecta
1248 2471 1373 2511 suerint,
1388 2470 1573 2512 iuramento,
1587 2470 1834 2512 confirmatione⁷

1094 2525 1277 2569 apostoliea,
1301 2524 1350 2557 vel
1375 2525 1484 2568 quavis
1501 2524 1649 2557 firmitate
1669 2524 1729 2556 alia
1746 2524 1837 2557 robo-

1095 2578 1170 2611 ratis
1194 2578 1316 2611 statutis
1341 2583 1370 2611 et
1395 2577 1692 2618 consuetudinibus,-
1711 2577 1836 2620 privile—

1094 2633 1153 2677 giis
1168 2643 1302 2677 quoque,
1321 2632 1448 2667 indultis
1465 2637 1495 2665 ct
1514 2632 1626 2666 litteris
1645 2631 1833 2676 apostolicis,

1918 2153 2033 2179 Derogatio

1851 2182 2011 2202 contrariorum.
