2269 3235
229 230 280 256 An.
302 230 328 257 C.
346 230 414 257 *1627

265 1994 322 2014 Nune
339 1994 406 2014 eidem

225 2021 325 2041 cardinali
343 2020 406 2040 sarul-

224 2050 287 2067 inem
318 2047 406 2071 triliuit,

225 2074 250 2093 de
270 2080 311 2099 qna
332 2076 352 2094 in
374 2080 406 2095 ru·

225 2101 292 2121 brica-

461 222 525 254 sitit

1002 228 1180 251 ntuJameM
1206 227 1289 250 nom
1295 227 1359 251 NUM

427 285 508 314 sunt,
536 280 622 310 tirmsi
642 288 695 321 spe
713 278 740 309 in
768 277 898 309 Domino
925 276 1005 317 t'rcti7
1026 281 1051 307 te
1071 276 1098 307 in
1118 275 1162 307 eis
1195 275 1380 307 concordiae
1411 275 1546 317 desuper
1578 274 1636 307 sub
1666 274 1715 308 die
1745 285 1807 309 xxx
1840 276 1928 319 apri·-

427 332 578 365 olwundis
603 331 756 364 desiderio
780 334 888 363 nostro
914 329 1070 363 cuniulate
1088 329 1162 363 satis

426 387 590 418 tincturum.

471 442 484 481 ξ
515 440 537 471 l.
559 440 633 470 (lum
653 438 755 480 itaque
776 447 832 469 nos
850 436 970 480 pridem
989 435 1160 468 venerabili

356 485 410 525 ‘iiiii-⁴,
427 493 512 524 fratri
541 492 633 523 l'aulo
657 490 782 523 ,lenutio
807 489 1043 533 archiepiscopo
1068 489 1160 521 Urbi-

375 542 561 584 sLJnatensi,
587 556 621 577 ac
646 544 766 576 dilectis
790 544 862 576 liliis
888 543 1067 587 provinciae
1087 543 1163 575 Mar-

425 598 511 630 rluiae
530 597 750 637 Ani-onitanae,
771 607 891 629 necnon
916 596 1047 630 civitatis
1064 597 1161 629 Peru-

424 651 526 691 sinae,
568 651 696 694 eiusque
728 650 894 683 comitatus
927 656 955 682 ct
984 649 1160 690 districtus,

422 705 663 748 proriiwiaeqi'ie
700 703 845 736 Umbriae
881 703 1160 745 gubernatoribus,

423 768 458 789 ac
476 757 658 800 provinciae
675 762 854 789 nostrarum
872 756 1105 796 Rumandiolac,
1121 761 1162 789 at-

424 822 483 854 quc
503 816 666 844 exarcatus
684 812 846 843 Ravennae
864 810 1010 854 praesidi,
1027 810 1161 843 nonnul-

422 864 521 907 lisque
539 865 606 896 aliis
625 864 762 897 diversas
787 864 947 897 facultates
965 874 1022 907 per
1039 867 1161 897 nostras

423 917 566 950 insimili
591 918 691 950 soi-ma
717 917 823 950 Brevis
848 917 985 960 desuper
1003 916 1160 960 expeditas

422 971 550 1011 litteras,
576 971 689 1015 quibus
715 971 787 1013 illi¹,
814 971 901 1014 (casu
918 970 1101 1013 aperitionis
1125 980 1160 1002 ae

421 1024 629 1057 devolutionis
651 1024 688 1056 ad
712 1034 769 1057 nos
794 1029 824 1056 et
853 1025 1027 1057 Romanam
1058 1024 1162 1056 Eccle-

421 1078 508 1117 siam,
523 1077 697 1121 Sedemque
714 1082 744 1109 ct
760 1078 921 1110 Camcram
935 1078 1159 1121 Apostolieam,

420 1131 502 1163 scudi
534 1131 663 1163 ducatus
689 1131 818 1171 Urbini,
846 1142 968 1164 necnon
999 1131 1159 1164 civitatum

421 1184 663 1227 Srnogalliensis
691 1188 721 1218 ct
749 1185 963 1227 pisaurensis,
989 1195 1025 1217 ac
1057 1185 1160 1217 Status

420 1238 694 1279 lilontisserctrani,
722 1238 912 1282 illorumque
933 1238 1158 1279 dominiorum,

422 1290 590 1331 civitatum,
616 1291 825 1334 oppidorum,
853 1296 1019 1333 terrarum,
1045 1291 1160 1323 sor'tali-

423 1343 535 1375 tiorum
554 1348 581 1376 ct
600 1344 743 1376 locorum
768 1354 1052 1388 quorumeumque,
1066 1344 1159 1377 etiam

421 1397 546 1440 speciali
567 1399 640 1429 nota
659 1402 688 1429 et
706 1398 908 1441 expressione
927 1398 1106 1440 dignorum,
1128 1398 1159 1430 in

422 1456 451 1483 et
468 1451 525 1483 sub
543 1451 629 1483 Statu
647 1451 720 1483 dieti
746 1451 876 1484 ducatus
893 1452 1002 1485 Urbini
1019 1451 1057 1484 ad
1073 1462 1160 1495 prae-

421 1515 491 1537 sens
508 1505 743 1548 quomodolibet.
756 1506 1090 1550 compraeliensoiann,
1105 1516 1159 1538 seu

420 1569 477 1602 per
494 1558 597 1601 ipsum
619 1558 731 1591 ducem
748 1559 985 1603 quomodolibet
1002 1570 1160 1603 possesso-

421 1622 501 1651 rum,
526 1612 788 1656 (piandocnmque
809 1618 839 1645 et
861 1613 1159 1657 quomodocumque

421 1665 580 1698 eveniente
598 1676 652 1698 seu
677 1666 876 1711 succedente)
894 1667 938 1700 uti
961 1667 1108 1709 valerent,
1124 1678 1159 1700 ac

421 1719 513 1752 etiam
547 1720 822 1764 circumspectioni
859 1726 929 1753 tuae
962 1721 1080 1754 similes
1112 1722 1159 1754 vel

421 1772 496 1805 alias
528 1773 686 1806 facultates
717 1773 964 1817 praemissorum
995 1773 1160 1807 occasione

422 1827 690 1867 concesserimus,
715 1834 809 1870 prout
841 1827 873 1860 in
905 1827 996 1860 dietis
1030 1828 1158 1871 litteris,

422 1889 554 1921 quarum
572 1885 696 1912 tenores
718 1881 937 1923 praesentibus
954 1891 1012 1924 pro
1035 1892 1161 1924 expres-

422 1933 464 1965 sis
488 1933 597 1965 baberi
624 1934 776 1973 xolumns,
800 1934 924 1977 plenius
949 1934 1158 1967 continetur¹2

466 1987 480 2029 ξ
496 1987 524 2019 2.
543 1986 671 2025 Idcirco,
693 1992 726 2019 ut.
743 1998 788 2027 ca,
807 1998 885 2031 quae
900 1993 969 2020 tuae
987 1987 1059 2021 fidei
1079 1998 1161 2021 com-

423 2039 573 2079 misimus,
599 2050 634 2072 eo
652 2040 763 2072 melius
783 2045 874 2084 atque
896 2041 1053 2073 salubrius
1074 2052 1161 2074 exer-

422 2104 491 2125 cerc
511 2098 602 2136 atquc
626 2094 714 2126 obire
734 2094 846 2135 valeas,
872 2105 934 2138 quo
952 2095 1160 2138 :unpliorilnis

421 2147 516 2179 fucris
534 2158 550 2179 a
567 2147 655 2180 nobis
672 2152 701 2181 et
725 2148 835 2180 cadem
855 2148 933 2181 Sede
960 2149 1159 2181 simultatibus

422 2202 581 2242 suffultus,
607 2207 785 2245 opportune
812 2202 978 2246 providere
1005 2204 1158 2244 volentes,

421 2261 506 2287 motu
520 2256 660 2298 proprio,
677 2261 706 2288 et
729 2266 764 2288 ex
784 2257 869 2288 certa
890 2256 1020 2289 scicntia
1041 2267 1076 2290 ac
1098 2268 1160 2290 ma-

421 2310 489 2340 tura
514 2309 738 2342 deliberatione
762 2310 888 2351 nostris,
909 2310 1009 2354 deque
1033 2317 1159 2355 aposto-

420 2361 497 2393 licae
522 2363 683 2404 potcstatis
707 2363 913 2406 plenitudine,
939 2364 1004 2404 tibi,
1022 2369 1065 2405 ut,
1086 2375 1159 2398 casu

420 2415 600 2457 apia-ilionis
624 2426 658 2448 ae
687 2416 894 2450 devolutionis
926 2417 1159 2461 praedictarum

421 2468 680 2512 quan-,imamque
710 2474 740 2502 et
770 2471 1065 2515 quomodocumque
1090 2483 1160 2505 eve-

421 2521 524 2554 niente
542 2533 595 2555 seu
609 2524 802 2565 succedente,
813 2524 897 2557 iuxta
914 2525 1158 2559 instrumentum

463 2595 468 2614 ¹
491 2592 606 2620 lurionec
621 2594 684 2620 edit.
702 2594 779 2622 ttlain.
796 2596 862 2629 legit
877 2597 934 2624 illis
949 2599 986 2630 (n.
1003 2597 1051 2631 Τ.>.

459 2643 473 2662 a
491 2637 553 2665 vide
567 2646 649 2674 supra
662 2648 723 2675 pag.
743 2640 801 2676 181,
817 2641 880 2676 253,
897 2642 948 2669 350
963 2646 999 2677 (tt.
1017 2642 1064 2677 Τ.).

1196 328 1232 360 lis
1249 338 1390 361 unexxw
1412 328 1615 368 celebratum,
1632 338 1687 371 per
1709 332 1745 370 te,
1764 330 1811 362 vel
1825 329 1931 369 alium,

1195 392 1249 414 seu
1263 382 1339 415 alios
1353 381 1386 414 a¹
1402 387 1442 422 te,
1457 382 1578 425 quoties
1593 381 1645 415 tibi
1660 382 1825 422 videbitur,
1839 383 1932 426 depu-

1195 435 1304 468 tandos
1324 441 1353 468 et
1370 435 1611 475 substituemlos,
1629 446 1844 478 quascumque
1861 435 1933 468 scri-

1194 493 1302 530 pturas
1329 488 1367 521 ad
1392 489 1534 521 camdem
1565 488 1676 521 Sedcm
1705 492 1880 532 spectantes
1904 491 1933 521 et

1194 541 1386 583 pertinentes
1399 542 1566 584 diligenter
1579 541 1733 585 inspicere
1744 546 1773 574 et
1786 541 1932 581 retinere,

1195 604 1229 626 ae
1254 595 1334 628 infra
1352 595 1430 629 dnos
1451 607 1583 637 menses,
1604 607 1620 628 a
1640 596 1690 628 die
1714 595 1839 628 habitae
1864 605 1933 639 pos-

1195 648 1341 681 sessionis
1366 649 1546 683 liuinsmodi
1571 649 1812 693 eon‘iputandos,
1838 660 1932 692 quam

1195 704 1424 735 tormentoruni
1461 703 1647 736 bellicorum
1684 709 1713 736 et
1749 701 1933 746 quorumvis

1194 753 1328 787 aliorum
1353 766 1526 799 armorum,
1552 756 1689 789 cuiusvis
1714 752 1850 798 generis,
1875 765 1932 787 nec

1195 817 1257 839 non
1274 809 1347 841 salis
1365 810 1568 853 quantitatem
1587 821 1645 854 pro
1662 810 1772 842 cadem
1789 809 1868 842 Sede
1883 819 1933 842 vo-

1194 861 1299 903 lueris,
1317 863 1488 904 declarare,
1502 864 1624 907 aliaque
1641 864 1746 897 omnia
1764 868 1793 896 et
1810 862 1932 905 singula

1195 914 1225 947 in
1249 916 1452 959 praemissis,
1483 922 1512 950 et
1536 918 1620 950 eirca
1644 928 1679 950 ea
1702 916 1879 950 necessaria
1903 920 1932 949 et

1194 969 1430 1012 quomodolibet
1447 974 1634 1013 opportuna,
1648 970 1769 1003 etiamsi
1787 969 1859 1004 talia
1872 969 1933 1001 sint

1195 1022 1240 1054 vel
1266 1022 1391 1061 suerint,
1416 1033 1495 1066 quae
1516 1024 1615 1066 magis
1640 1014 1934 1067 speeialemsspeci-

1192 1074 1285 1107 ticam
1311 1081 1340 1108 et
1365 1087 1546 1119 expressam
1574 1077 1776 1120 requirerent
1803 1076 1934 1110 mentio-

1192 1139 1274 1169 nem,
1293 1129 1557 1173 quandocumque
1574 1130 1629 1162 tibi
1646 1130 1813 1172 videbitur,
1830 1135 1934 1164 aucto-

1193 1182 1284 1215 ritate
1308 1185 1416 1216 nostra
1439 1184 1551 1223 facere,
1572 1183 1688 1224 dicere,
1706 1194 1829 1227 gerere,
1847 1194 1934 1216 man—

1193 1235 1396 1276 dare‚iubere
1410 1241 1440 1269 ct
1452 1236 1563 1280 exequi
1577 1237 1720 1270 libere‘et
1735 1238 1819 1270 licite
1832 1237 1933 1281 possis

1193 1294 1223 1321 et
1239 1289 1351 1332 valeas,
1378 1293 1484 1323 tenore
1508 1291 1720 1334 praesentium
1745 1291 1879 1334 plenam,
1899 1291 1934 1323 li-
1968 1306 1975 1312 ·

1193 1342 1302 1375 beram
1328 1348 1357 1376 et
1382 1344 1518 1387 amplam
1542 1344 1722 1377 facultatem
1747 1350 1777 1377 et
1801 1345 1934 1378 auctori-

1193 1400 1286 1428 tatem
1313 1397 1514 1430 concedimus
1534 1402 1564 1430 et
1589 1398 1799 1441 impartimur.

1238 1450 1252 1493 ξ
1276 1448 1305 1482 3
1331 1450 1511 1483 lllandantcs
1535 1456 1702 1495 propterea
1732 1451 1880 1485 omnibus
1904 1457 1934 1485 et
1974 1463 2096 1484 Mandatum
2106 1462 2132 1484 <10

1947 1491 2050 1517 parendo.

1193 1502 1324 1545 singulis
1338 1497 1468 1537 subditis
1485 1505 1601 1538 nostris
1619 1504 1808 1538 immediatis
1824 1510 1855 1539 et
1871 1516 1934 1539 me-

1193 1555 1294 1599 diatis,
1315 1567 1438 1590 necnon
1455 1557 1549 1590 etiam
1575 1558 1793 1592 ecclesiasticis
1814 1560 1933 1592 secula-

1193 1610 1280 1643 ribus
1294 1615 1323 1643 et
1337 1611 1536 1654 regularibus
1551 1612 1693 1655 personis
1707 1613 1933 1657 cuiuscumque

1193 1664 1362 1708 dignitatis,
1388 1670 1495 1707 status,
1521 1667 1647 1709 gradus,
1673 1667 1792 1700 ordinis
1812 1671 1842 1702 et
1858 1678 1933 1701 con-

1193 1717 1319 1751 ditionis
1337 1719 1548 1762 existentibus,
1568 1725 1597 1753 et
1613 1731 1810 1764 quacumque
1830 1725 1934 1755 aucto-

1193 1771 1294 1812 ritate,
1318 1777 1483 1815 potestate,
1506 1784 1645 1816 munere,
1664 1774 1730 1807 sive
1747 1774 1851 1808 officio
1867 1775 1934 1807 fun-

1193 1825 1348 1867 gentibus,
1360 1826 1391 1858 in
1404 1827 1517 1860 virtute
1534 1833 1659 1861 sanctae
1679 1828 1934 1870 obedientiae,'ac

1192 1879 1249 1911 sub
1274 1879 1497 1922 indignationis
1521 1887 1657 1921 nostrae,
1682 1892 1805 1915 necnon
1830 1882 1932 1915 rebel-

1192 1932 1298 1975 lionis,
1325 1938 1354 1966 et
1378 1934 1471 1967 etiam
1497 1935 1830 1968 excommunicationis
1854 1935 1935 1968 latae

1193 1987 1364 2020 sententiae
1388 1987 1510 2031 poenis,
1538 1993 1572 2021 ut
1601 1988 1656 2022 tibi
1688 1989 1719 2021 in
1751 1989 1934 2033 praemissis

1193 2040 1338 2074 omnibus
1363 2045 1392 2075 ct
1416 2042 1563 2083 singulis,
1588 2053 1787 2086 quacumque
1812 2054 1935 2077 excusa-

1194 2095 1286 2134 tione,
1312 2095 1571 2137 tergiversatione
1595 2100 1624 2128 et
1644 2096 1870 2140 impedimento
1887 2108 1935 2130 re-

1194 2149 1296 2189 motis,
1316 2149 1347 2181 in
1368 2149 1513 2182 omnibus
1537 2155 1568 2182 et
1584 2160 1640 2193 per
1663 2151 1768 2183 omnia
1787 2155 1934 2195 prompte

1192 2206 1331 2246 pareant,
1357 2203 1503 2236 obediant
1528 2208 1557 2236 et
1581 2204 1736 2245 assistant,
1769 2209 1884 2248 tuaque
1904 2208 1935 2239 et

1192 2266 1400 2299 personarum
1432 2267 1448 2288 a
1480 2261 1510 2289 tc
1538 2257 1646 2290 forsan
1681 2257 1934 2301 deputandarum

1193 2310 1326 2350 monita,
1351 2310 1435 2343 iussa
1459 2314 1488 2342 ct
1512 2311 1675 2352 mandata,
1700 2314 1735 2344 ea
1760 2322 1821 2356 qua
1845 2312 1935 2346 decet

1193 2364 1370 2396 obedientia
1395 2369 1424 2397 et
1446 2364 1506 2397 lide
1527 2370 1721 2408 exequantur
1738 2370 1768 2398 et
1787 2366 1935 2410 adimple-

1193 2423 1255 2457 ant,
1266 2418 1404 2461 alioquin
1416 2419 1601 2451 sententiam
1613 2419 1675 2452 sive
1685 2430 1830 2463 poenam,
1839 2430 1934 2463 quam

1193 2471 1253 2503 rite
1277 2471 1386 2503 tuleris
1411 2482 1465 2505 seu
1494 2472 1638 2505 statueris
1662 2472 1694 2504 in
1718 2473 1862 2516 rebelles,
1886 2484 1935 2506 ra-

1194 2531 1256 2558 tam
1283 2525 1479 2566 habebimus,
1497 2532 1525 2559 et
1550 2526 1700 2560 faciemus
1725 2532 1853 2561 auctore
1879 2528 1934 2561 Do-

1194 2578 1278 2611 mino
1304 2579 1523 2612 inviolabiliter
1547 2580 1720 2614 observari.

1230 2644 1240 2669 1
1265 2642 1359 2679 Praep.
1377 2652 1394 2670 a
1409 2651 1458 2671 nos
1473 2643 1599 2672 addimus
1615 2646 1652 2681 (R.
1671 2644 1720 2680 T.).

1942 227 1993 254 An.
2014 226 2044 254 C.
2062 226 2128 254 1627
