2269 3235
108 245 158 271 Λη.
178 242 207 271 C.
224 242 291 271 ¹627

177 1739 287 1761 Ctausulae

103 1767 210 1794 poenales.

304 288 452 331 cioribus,
479 287 609 322 insolitis
635 289 796 332 clausulis,
821 300 944 323 necnon
966 290 1040 323 irri-

304 342 441 376 tantibus
466 348 495 375 et
519 343 587 376 aliis
604 343 748 384 decretis,
767 343 797 376 in
815 354 930 386 genere
948 345 994 375 vel
1014 343 1043 375 in

304 396 418 440 specie,
444 397 536 429 etiam
562 402 658 438 motu,
685 397 812 430 scientia
838 402 867 429 et
884 397 1044 439 potcstatis

303 450 497 493 plenitudine
511 450 675 490 similibus,
686 461 721 483 ac
732 450 807 482 alias
817 450 910 482 etiam
925 450 1044 482 iteratis

303 504 424 537 vicibus
444 504 475 536 in
496 504 687 536 contrarium
708 503 946 547 quomodolibet
970 513 1044 536 con-

304 557 408 597 cessis,
425 557 606 601 approbatis
624 560 654 590 et
670 556 831 595 innovatis;
847 555 962 599 quibus
980 567 1044 589 om-

303 610 405 651 nibus,
420 609 558 643 etiamsi¹
574 610 649 642 alias
663 620 720 653 pro
735 609 860 642 illorum
880 609 1043 641 sufficienti

303 662 506 706 derogatione
523 663 561 696 de
578 662 649 702 illis,
675 672 849 705 eorumque
869 661 942 695 totis
959 666 1045 695 teno-

303 715 400 756 ribus,
426 716 580 760 specialis,
605 715 761 759 specifica,
786 725 934 759 expressa
955 720 985 747 et
1002 715 1045 747 in-

303 769 438 809 dividua,
452 780 487 802 ac
500 769 538 801 de
552 769 648 801 verbo
659 769 696 801 ad
711 769 852 809 verbum,
864 779 926 801 non
941 771 1043 802 autem

302 832 358 865 per
375 823 528 855 clausulas
545 823 708 864 generales
726 822 809 855 idem
827 822 1043 865 importantcs,

302 875 419 908 mentio
437 885 492 908 seu
509 875 636 918 quaeris
652 875 711 908 alia
728 875 888 919 expressio
902 875 1045 907 habenda

302 933 355 961 aut
368 928 471 972 aliqua
488 929 546 961 alia
567 929 719 973 exquisita
736 930 837 962 forma
854 929 891 961 ad
909 929 969 962 hoc
983 939 1046 961 scr-

302 983 402 1015 vanda
427 984 520 1025 soret,
546 988 672 1016 tenores
696 983 888 1024 huiusmodi,
909 994 944 1016 ac
962 983 986 1016 si
1007 983 1045 1015 de

303 1036 399 1069 verbo
419 1036 457 1069 ad
482 1036 630 1077 verbum,
656 1037 733 1069 1111111
758 1037 881 1080 penitus
906 1037 1044 1076 omisso,

304 1095 333 1122 et
357 1090 458 1123 forma
477 1091 507 1123 in
526 1090 585 1123 illis
603 1091 714 1124 tradita
739 1091 915 1132 observata,
937 1089 1044 1123 inserti

303 1143 414 1185 forent,
440 1144 557 1177 eisdem
582 1144 800 1187 praesentibus
825 1155 884 1188 pro
904 1144 995 1187 plene
1016 1147 1045 1176 et

304 1197 495 1230 sufficienter
519 1198 677 1241 expressis
702 1198 861 1239 habentes,
884 1197 944 1229 illis
969 1197 1044 1229 alias

303 1250 335 1282 111
360 1261 416 1284 suo
430 1251 544 1284 robore
557 1251 783 1294 permansuris,
804 1252 862 1284 hac
878 1251 943 1284 vice
959 1251 1046 1283 dum-

302 1308 386 1336 taxat
410 1304 586 1347 specialiter
611 1309 640 1336 et
665 1315 812 1348 expresse
836 1305 950 1337 harum
965 1304 1044 1337 serie

302 1356 503 1399 derogamus,
521 1358 688 1390 contrariis
708 1358 961 1401 quibuscumque
968 1368 976 1397 3
993 1362 1045 1390 aut

302 1409 327 1442 si
351 1409 514 1453 quibusvis
538 1411 749 1444 communiter
773 1416 826 1444 aut
850 1411 974 1444 divisim
1006 1410 1044 1443 ab

302 1464 410 1496 eadem
437 1464 475 1496 sit
500 1464 578 1497 Sede
602 1464 769 1505 indultum,
788 1465 872 1509 quod
890 1463 1044 1504 interdici,

302 1517 452 1561 suspendi
477 1518 524 1550 vel
550 1518 816 1552 excommunicari
836 1528 899 1550 non
923 1517 1045 1560 possint

301 1580 358 1614 per
383 1570 504 1604 litteras
529 1572 715 1615 apostolicas
740 1582 803 1605 non
819 1572 967 1605 facientes
983 1571 1046 1614 ple-

301 1635 374 1657 nam
391 1630 421 1657 et
441 1636 620 1669 expressam
638 1636 673 1658 ae
691 1625 728 1658 de
746 1625 842 1659 verbo
860 1625 898 1657 ad
912 1624 1043 1658 verbum

302 1678 340 1712 de
365 1679 485 1712 indulto
508 1679 689 1712 huiusmodi
713 1679 914 1713 mentionem.

347 1732 362 1775 ξ
386 1732 437 1765 15.
463 1732 545 1765 Nulli
570 1742 646 1775 ergo
672 1733 800 1766 omnino
825 1732 989 1766 hominum
1010 1731 1045 1763 li—

304 1790 372 1818 ceat
398 1785 478 1818 hanc
501 1786 648 1829 paginam
674 1792 801 1820 nostrae
825 1786 1043 1827 absolutionis,

305 1839 535 1882 acceptationis,
561 1840 812 1883 approbationis,
835 1839 1045 1873 confirmatio-

303 1891 368 1932 nis,
393 1892 594 1932 adiectionis,
620 1893 840 1936 suppletionis,
865 1893 1043 1933 erectionis,

303 1944 517 1986 institutionis,
527 1945 756 1988 assignationis,
767 1946 1043 1990 appropriationis,

302 1999 582 2043 incorporationis,
607 2000 850 2040 constitutionis,
874 2000 1045 2043 deputatio-

302 2054 360 2094 nis,
372 2055 593 2095 concessionis,
607 2054 811 2097 elargitionis,
826 2054 1042 2098 susceptionis,

302 2107 513 2150 subiectionis,
536 2107 656 2149 indulti,
682 2107 888 2148 inhibitionis,
913 2107 1041 2147 decreti,

302 2161 438 2194 mandati
463 2166 492 2194 et
514 2161 728 2204 derogationis
752 2161 924 2204 infringere
949 2161 996 2193 vel
1015 2161 1041 2193 ei

302 2225 379 2247 ausu
404 2215 572 2248 temerario
597 2215 762 2249 contraire.
791 2215 822 2248 Si
844 2215 914 2258 quis
937 2219 1040 2247 autem

301 2268 361 2301 hoc
370 2272 520 2302 attentare
530 2268 786 2312 praesumpserit,
796 2268 1041 2311 indignationem

301 2321 522 2365 omnipotentis
533 2322 587 2354 Dei
600 2333 635 2355 ae
649 2322 813 2356 beatorum
822 2322 904 2355 Petri
915 2327 945 2355 et
956 2322 1041 2354 Pauli

275 2400 285 2416 ,
300 2376 517 2419 apostolorum
541 2376 607 2408 eius
624 2387 656 2409 se
680 2376 802 2409 noverit
826 2376 1039 2409 incursurum.

344 2429 454 2462 Datum
469 2430 595 2468 Rornae,
607 2429 689 2473 apud
699 2430 727 2462 S.
738 2429 865 2462 Mariam
880 2429 1040 2469 Maiorem,

300 2492 381 2515 anno
392 2482 616 2516 incarnationis
626 2483 805 2516 Doininicae
816 2493 979 2523 Mnexxvn,
991 2484 1042 2515 ka-

300 2536 400 2569 lendis
418 2536 551 2579 augusti,
568 2536 767 2579 pontificatus
783 2537 882 2570 nostri
900 2547 980 2570 anno
998 2547 1039 2570 tv.

336 2589 394 2616 Dat.
412 2589 454 2617 die
471 2591 482 2616 1
501 2590 608 2625 augusti
624 2590 701 2625 1627,
718 2591 811 2626 pontif.
830 2599 899 2619 anno
915 2597 949 2618 lv.

336 2653 348 2680 1
366 2651 437 2680 Edit.
453 2652 536 2681 Maiu.
552 2652 616 2689 legit
631 2653 720 2682 eciam
735 2654 775 2689 (11.
792 2653 839 2689 1,).

913 242 1055 266 URBANUS
1081 242 1136 266 Vlll
1161 243 1208 266 Pr.

1721 228 1776 262 581

1398 289 1499 323 CCLV.

1078 369 1255 403 lustr-actio
1272 370 1486 413 qutrtieulctris
1507 369 1592 401 eirea
1610 368 1816 411 conficienda<

1121 434 1285 466 processus
1298 423 1523 466 inq'ut'sitiona's
1539 423 1572 455 in
1583 422 1761 465 qualitates
1775 433 1819 453 eo-

1122 486 1208 515 rum,
1222 477 1281 519 qui
1293 476 1502 519 promovendi
1515 480 1590 508 sunt
1600 476 1642 508 col
1656 476 1819 517 reqz'mimt

1123 528 1385 569 cathedralium,
1413 533 1470 561 aut
1503 529 1649 561 aliarum
1673 529 1818 571 superio-

1123 591 1199 613 rum
1224 581 1443 621 ecclesicwum,
1459 582 1508 614 rel
1527 582 1795 614 onomastcrimum
1808 608 1815 619 ,

1123 638 1159 666 ut
1189 634 1226 666 in
1257 634 1353 667 dictis
1386 636 1584 677 processibus
1614 635 1820 677 conficiendis

1122 691 1290 719 serventur
1325 687 1411 719 sacri
1446 698 1602 726 commas,
1641 687 1818 720 Concilium

1128 741 1368 781 Tridenlinum,
1390 744 1419 772 et
1451 741 1637 773 constitutio
1672 741 1820 783 (ireqorii

1125 794 1238 837 Papae
1262 792 1360 826 XIV¹
1381 804 1476 836 super
1499 793 1605 836 sormci
1631 793 1820 825 luciusmocti

1121 858 1331 892 processuum
1355 846 1654 889 conficiendorum².

1124 926 1208 954 Circa
1227 934 1370 961 personas
1392 928 1427 953 ad
1449 933 1522 960 quas
1543 927 1661 960 spectat
1681 925 1777 952 dictos

1280 978 1440 1005 processus
1462 971 1619 999 conficere.

1124 1034 1154 1067 Si
1179 1044 1346 1077 processus
1372 1033 1582 1077 inquisitionis
1607 1033 1820 1066 conficiendus

1079 1087 1118 1119 sit
1141 1093 1227 1120 extra
1253 1088 1425 1121 Romanam
1452 1087 1592 1127 curiam,
1618 1087 1678 1120 boc
1706 1097 1820 1119 munus

1079 1145 1198 1184 spectat
1222 1141 1259 1173 ad
1284 1141 1403 1184 legatos
1428 1140 1515 1174 Sedis
1540 1140 1746 1184 Apostolicae,
1773 1141 1819 1173 vel

1079 1193 1117 1226 ad
1141 1194 1273 1227 nuncios
1297 1193 1531 1237 provinciarum
1550 1194 1581 1226 in
1597 1193 1674 1226 loeis
1699 1193 1730 1225 in
1754 1193 1821 1236 qui-

1079 1248 1136 1281 bus
1162 1252 1418 1282 commorantur:
1445 1248 1470 1281 si
1494 1258 1557 1281 non
1581 1247 1682 1280 adsint
1706 1247 1818 1289 legati,

1078 1312 1179 1346 neque
1195 1302 1311 1343 nuncii,
1327 1306 1445 1346 spectat
1461 1302 1499 1335 ad
1513 1302 1694 1336 Ordinarios
1710 1311 1819 1344 perso-

1078 1366 1189 1389 narum
1207 1356 1509 1400 promovendarum,
1531 1361 1561 1389 ct
1578 1356 1653 1400 ipsis
1670 1355 1818 1388 deficien-

1080 1409 1170 1451 tibus,
1189 1410 1227 1442 ad
1251 1410 1433 1443 Ordinarios
1458 1410 1641 1448 viciniores3
1666 1409 1719 1452 qui
1740 1408 1819 1441 ordo

1079 1463 1234 1505 gradatim
1268 1463 1438 1496 servandus
1472 1468 1539 1503 est,
1563 1473 1621 1495 nec
1653 1462 1818 1506 quisquam

1079 1515 1171 1549 debet
1202 1517 1259 1549 sibi
1285 1517 1344 1550 hoc
1370 1527 1484 1550 munus
1513 1526 1663 1559 arrogare
1694 1521 1820 1559 praeter

1079 1569 1222 1602 ordinem
1248 1570 1472 1614 supradictum,
1498 1570 1558 1602 nisi
1582 1571 1724 1603 Romano
1745 1569 1821 1602 Ponn

1078 1622 1153 1654 111101
1173 1634 1230 1667 per
1255 1623 1389 1666 speciale
1414 1623 1595 1656 mandatum
1620 1623 1712 1656 alicui
1730 1622 1819 1655 alteri

1078 1676 1154 1708 illud
1179 1676 1369 1709 demandare
1393 1677 1564 1720 placuerit,
1586 1688 1647 1720 quo
1673 1687 1747 1710 casu
1771 1687 1820 1720 ap-

1078 1740 1190 1773 parere
1214 1730 1307 1763 debet
1323 1730 1361 1763 de
1379 1731 1525 1764 mandato
1542 1730 1667 1774 speciali
1689 1730 1719 1762 in
1738 1730 1821 1774 prin-

1078 1783 1162 1827 cipio
1187 1795 1363 1827 processus.

1122 1837 1150 1870 Si
1178 1838 1290 1881 aliquis
1309 1849 1344 1871 cx
1368 1838 1526 1882 praelatis,
1545 1838 1583 1871 ad
1600 1849 1692 1882 quem
1710 1838 1820 1871 ordine

1078 1891 1258 1934 supradicto
1290 1897 1407 1936 spectat
1438 1903 1620 1936 processum
1647 1892 1819 1932 conticere,

1078 1946 1347 1989 consanguinitate
1377 1947 1424 1979 vel
1456 1947 1621 1987 affinitate,
1645 1958 1746 1989 usque
1781 1946 1820 1978 ad

1078 2000 1205 2032 tertium
1227 2000 1359 2043 gradum
1386 2000 1545 2041 inclusive,
1567 2000 1818 2044 promovendum

1078 2054 1247 2096 contingat,
1268 2054 1319 2087 ille
1340 2054 1524 2087 excludatur
1541 2055 1579 2086 ab
1596 2055 1655 2087 hoc
1673 2064 1818 2087 munere:

1077 2107 1160 2149 quod
1179 2118 1215 2139 00
1240 2118 1314 2139 casu
1333 2107 1492 2140 deseratur
1508 2107 1545 2139 ad
1564 2107 1650 2139 illum
1668 2107 1721 2150 qui
1746 2118 1819 2150 pro-

1078 2160 1160 2192 xime
1185 2160 1342 2204 sequitur,
1367 2166 1490 2194 servato
1520 2160 1629 2193 eodem
1655 2160 1765 2193 ordine
1790 2164 1820 2194 ct

1077 2213 1186 2256 gradu.

1120 2268 1150 2301 Si
1175 2268 1245 2312 quis
1270 2269 1362 2301 etiam
1394 2268 1432 2301 sit
1464 2268 1602 2311 legitime
1627 2268 1818 2312 impeditus,

1076 2326 1109 2354 ut
1124 2333 1181 2366 per
1198 2333 1230 2355 se
1248 2322 1351 2366 ipsum
1368 2333 1551 2366 processum
1571 2323 1727 2356 conficere
1754 2332 1818 2356 non

1112 2429 1121 2455 1
1138 2428 1239 2464 Nempe
1251 2429 1362 2456 Constit.
1376 2435 1428 2456 xvu
1439 2429 1558 2464 Gregorii
1568 2428 1622 2456 XIV
1634 2437 1702 2464 quae
1714 2429 1816 2465 incipit:

1077 2474 1153 2501 Onus
1168 2474 1347 2508 Apostolicae
1364 2483 1443 2510 quam
1459 2475 1519 2501 vide
1540 2478 1604 2502 tom.
1621 2481 1657 2509 lx,
1676 2484 1737 2510 pag.
1755 2475 1816 2501 419.

1109 2519 1125 2544 2
1142 2518 1212 2545 llaec
1228 2519 1368 2546 instructio
1385 2519 1520 2554 publicata
1535 2519 1584 2545 suit
1599 2528 1670 2546 anno
1681 2526 1817 2555 itincxxvu,

1075 2562 1123 2590 sed
1139 2572 1191 2598 quo
1208 2572 1301 2590 mense
1316 2572 1370 2590 11011
1387 2568 1502 2590 constat.
1518 2564 1614 2600 Itaque
1636 2573 1696 2590 cum
1717 2564 1818 2592 editore

1075 2607 1194 2635 Romano
1214 2607 1257 2634 hic
1278 2616 1336 2635 eam
1357 2608 1481 2644 ponimus
1501 2608 1528 2635 in
1549 2609 1665 2637 confinio
1676 2609 1755 2636 'inter
1771 2617 1817 2635 an-

1074 2661 1138 2681 num
1154 2660 1179 2680 lv
1195 2656 1222 2681 et
1235 2661 1251 2680 v
1266 2655 1303 2689 (a.
1320 2654 1368 2688 1.).

1831 238 1882 266 Λ11.
1902 239 2014 267 C.16⁵27
