2269 3235
263 244 308 271 An.
328 245 354 272 C.
380 245 445 273 10023

298 1474 368 1499 ripae
392 1472 450 1492 ι”,ιιιι-

267 1500 343 1520 liarvs.
364 1505 387 1518 eo
404 1505 416 1518 ii
429 1505 449 1517 e·

268 1526 421 1546 Latet-«nenses
431 1526 448 1543 vt

268 1553 330 1573 sellis
349 1552 440 1577 Αιιιικὶιὼ

268 1586 306 1598 rae
319 1578 394 1599 notarii
407 1584 451 1598 cii·-

268 1608 335 1625 antur.

491 237 511 257 ί)

458 295 636 336 sententiis,
661 296 802 328 censuris
827 300 857 328 et
882 295 991 339 poenis
1014 305 1031 328 a
1056 296 1124 328 iure
1148 296 1195 328 vel

458 348 496 380 ab
528 348 655 381 homine
688 349 796 393 quavis
827 349 990 382 occasione
1022 349 1070 381 vel
1103 351 1195 382 causa

458 401 549 441 latis,
582 401 606 433 si
639 401 752 444 quibus
786 401 1024 444 quomodolibet
1060 401 1197 435 innodati

459 454 615 493 existunt,
640 453 678 486 ad
703 454 847 486 effectum
871 454 1082 497 praesentium
1108 454 1197 487 dum-

460 512 543 539 taxat
567 507 839 550 consequendum,
864 507 975 539 harum
1001 507 1081 540 serie
1101 508 1200 541 absol-

460 566 566 593 ventes
590 566 620 592 et
644 561 804 593 absolutos
828 561 896 593 sore
921 566 1091 601 censentes,
1112 567 1198 594 motu

460 614 599 657 proprio,
616 624 678 646 non
703 614 741 646 ad
766 614 908 658 ipsorum
927 615 1198 655 conclavistarum‚

460 667 507 699 vel
532 667 662 699 alieuius
687 677 818 707 eorum,
843 667 890 699 vel
922 668 1050 700 alterius
1073 679 1131 711 pro
1155 668 1200 701 eis

460 720 550 753 nobis
572 731 668 764 super
688 721 747 753 hoc
768 721 890 753 oblatae
910 721 1068 764 petitionis
1088 721 1201 754 instan-

461 773 546 811 tiam,
560 773 613 805 sed
628 784 662 805 ex
678 775 784 806 nostra
802 776 889 806 mera
906 774 1102 814 liberalitate,
1117 774 1206 819 ipsos,

462 827 664 859 conclavistas
701 831 730 859 et
762 838 871 860 eorum
897 827 1036 870 singulos
1061 828 1200 870 (quibus

462 880 555 912 etiam
576 880 668 913 hodie
685 891 840 913 summam
859 881 966 913 decem
984 881 1116 913 millium
1135 892 1201 914 seu-

462 940 564 966 torum
590 934 656 966 auri
683 934 713 965 in
738 944 816 966 auro
836 934 866 965 in
887 938 931 967 tot
951 934 1028 966 locis
1046 934 1199 966 montium

462 987 645 1019 vacabilium
671 987 708 1019 de
735 987 836 1027 Urbe,
861 997 932 1019 cum
958 986 1096 1030 primum
1131 986 1200 1019 illos

462 1051 571 1073 vacare
595 1040 769 1082 contigerit,
789 1051 845 1083 per
870 1040 948 1072 duos
966 1040 1073 1072 saltem
1094 1051 1130 1072 ex
1151 1041 1202 1073 de-

461 1094 574 1137 putatis
599 1094 637 1125 ab
662 1094 737 1137 ipsis
762 1094 960 1126 conclavistis
977 1094 1057 1126 inter
1074 1095 1199 1127 eosdem

462 1146 664 1179 conclavis-tas
690 1152 719 1178 et
742 1157 798 1189 per
823 1146 942 1188 singula
969 1158 1077 1179 eorum
1101 1148 1200 1191 capita

462 1200 587 1232 solitum
605 1200 832 1243 praescriptum
852 1210 1018 1232 munerum
1037 1211 1099 1233 non
1117 1211 1201 1233 exce-

463 1252 576 1293 dentia,
594 1263 655 1285 non
673 1258 775 1285 autem
791 1253 929 1295 singulas
942 1253 1080 1293 cellulas,
1093 1253 1201 1296 aequis

463 1306 663 1349 portionibus
688 1305 987 1346 distribuendorum,
1013 1306 1149 1348 gratiose
1173 1310 1202 1340 et

464 1359 711 1392 irrevocabiliter
735 1359 906 1403 apostolica
938 1360 1122 1393 auctoritate
1146 1360 1201 1393 do-

464 1413 630 1456 nammis),

509 1467 524 1509 ξ
544 1467 572 1499 2.
598 1466 631 1499 In
656 1477 757 1506 veros,
778 1466 966 1500 indubitatos
984 1470 1014 1500 et
1031 1477 1093 1499 nou
1114 1466 1203 1500 (ictos

465 1520 634 1552 familiares
648 1520 813 1552 continuos
829 1520 1054 1553 commensales
1068 1513 1203 1561 nostros,

467 1583 502 1606 ac
527 1583 597 1612 eos,
617 1573 670 1616 qui
695 1583 730 1605 ex
757 1573 817 1605 illis
841 1573 947 1606 clerici
972 1573 1123 1614 existunt,
1149 1584 1204 1606 seu

467 1626 597 1659 militiae
610 1626 746 1659 clericali
763 1626 899 1659 adscribi
915 1626 1102 1667 desiderant,
1116 1638 1206 1670 quos-

468 1690 527 1723 que
551 1685 615 1712 tres
639 1680 816 1713 huiusmodi
835 1680 1007 1713 cardinales
1025 1680 1204 1723 singulatim

469 1733 500 1765 in
521 1732 660 1775 quolibet
682 1733 792 1766 ordine
811 1733 1003 1777 antiquiores
1023 1734 1133 1776 gradu,
1153 1744 1207 1767 no-

468 1787 587 1819 bilitate.
611 1793 641 1819 et
664 1787 732 1819 aliis
752 1787 872 1819 meritis
896 1787 1008 1829 dignos
1032 1787 1085 1819 tali
1109 1787 1208 1830 digni-

468 1845 529 1872 tate
546 1840 761 1880 iudicaverint,
778 1841 808 1872 in
824 1845 948 1873 nostros
964 1845 994 1872 et
1010 1841 1207 1883 Apostolicae

469 1894 556 1927 Sedis
568 1894 716 1934 notarios,
731 1894 796 1926 sine
813 1893 1006 1937 praeiudicio
1020 1893 1206 1926 dilectorum

468 1948 605 1980 tiliorum
631 1948 826 1980 notariorum
855 1947 892 1979 dc
918 1958 1052 1980 numero
1079 1947 1206 1991 partici-

468 2001 626 2044 pantium,
652 2001 834 2044 recipimus3
860 2006 887 2033 et
914 2006 975 2033 tam
1001 2001 1088 2040 illos,
1113 2012 1205 2044 quam

469 2055 544 2087 alios
565 2055 768 2087 conc-laxistas
786 2054 935 2097 singulos,
953 2055 1005 2097 qui
1028 2055 1206 2096 singulatim

469 2109 507 2140 ab
532 2107 648 2139 eisdem
683 2108 782 2139 tribus
811 2107 1021 2139 cardinalibus
1045 2108 1130 2149 digni
1156 2108 1207 2140 tali

470 2162 589 2194 bonore
619 2161 751 2204 reputati
781 2161 917 2200 suerint,
942 2162 1021 2193 sarri
1049 2161 1152 2204 palatii
1178 2166 1225 2194 et»

469 2216 556 2247 aulae
582 2214 784 2247 lateranensis
809 2215 939 2247 comites
962 2219 991 2248 et
1015 2215 1148 2254 milites,
1173 2226 1208 2247 ae

471 2274 531 2301 tau}
561 2270 648 2306 illos,
674 2279 766 2311 quam
796 2279 905 2301 omnes
935 2274 964 2301 ct
992 2280 1208 2312 quoscumque

472 2323 547 2355 atios
572 2323 775 2355 conclavi-stas
801 2322 985 2362 indistincte,
1010 2323 1062 2365 qui
1088 2322 1208 2355 nobiles

472 2389 530 2408 iam
557 2382 641 2416 sunt,
666 2376 798 2416 nobiles,
824 2376 941 2420 quique
966 2375 1057 2410 Urbis
1081 2376 1127 2408 vel
1153 2376 1208 2408 ali-

492 2431 560 2462 anis
591 2430 718 2462 alterius
750 2441 785 2462 ex
819 2429 1014 2469 civitatibus,
1043 2429 1207 2473 temporali

470 2483 610 2517 dominio
630 2484 768 2516 eiusdem
791 2484 947 2516 Romanae
967 2483 1122 2516 Ecclesiae
1144 2494 1208 2515 iue-

471 2537 552 2570 diate
578 2538 622 2569 vel
651 2537 826 2569 iuuuediate
851 2537 1008 2577 subiectis,
1033 2536 1116 2570 cives
1141 2547 1208 2569 csse

472 2591 645 2631 voluerint,
671 2591 810 2633 singulos
843 2591 873 2623 in
905 2595 940 2625 ea
973 2591 1038 2635 ipsa
1065 2591 1208 2631 civitate,

472 2655 565 2687 quam
591 2644 748 2687 sigillatim
774 2640 906 2690 quisqiie
930 2655 1039 2679 eorum
1065 2645 1209 2688 elegerit,

494 260 511 270 ‚a
1034 248 1211 272 numantini
1237 248 1390 273 nomam!

1230 301 1259 329 et
1276 297 1314 329 ad
1334 307 1428 340 quam
1449 296 1488 329 ab
1505 296 1622 330 eisdem
1640 296 1740 329 tribus
1761 297 1971 332 cardinalibus

1231 360 1263 382 se
1288 350 1409 382 admitti
1435 350 1570 394 petierit,
1595 360 1686 382 veros
1710 349 1792 382 cives
1811 351 1849 383 ad
1873 352 1971 386 instar

1231 406 1261 434 et
1285 403 1370 435 nulla
1395 413 1527 446 prorsus
1557 402 1731 435 differentia
1761 403 1842 435 inter
1866 414 1919 437 eos
1943 408 1973 438 et

1232 455 1372 497 singulos
1395 454 1473 488 alios
1500 466 1605 494 veros,
1630 455 1819 498 originarios
1843 461 1873 488 et
1896 457 1973 490 anti-

1232 508 1399 552 quissimos
1423 509 1516 541 etiam
1547 509 1668 542 nobiles
1693 514 1723 541 et
1752 509 1973 553 participantes

1233 561 1315 593 cives
1329 561 1426 604 ipsius
1440 561 1531 594 Urbis
1545 562 1591 593 vel
1605 561 1747 601 civitatis,
1761 562 1802 594 ita
1819 567 1852 594 ut
1869 563 1973 606 ipsum

1234 614 1280 646 ius
1305 614 1436 646 civitatis
1454 614 1491 646 ad
1514 624 1730 657 quoscumque
1753 614 1879 648 illorum
1904 615 1974 649 hae-

1233 666 1323 699 redes
1356 667 1464 700 eodem
1499 667 1592 700 modo
1623 672 1780 708 transeat,
1808 679 1973 711 creamus,

1233 720 1451 754 constituimus
1471 725 1501 753 et
1521 720 1727 763 assignamus,
1747 731 1783 754 ac
1802 722 1973 756 nobilitatis

1233 778 1263 805 et
1287 773 1443 806 civilitatis
1468 772 1574 813 titulo,
1600 773 1720 806 honore
1744 779 1775 806 et
1798 774 1973 818 insignibus

1234 826 1441 867 decoramus,
1475 827 1673 871 aliorumque
1707 828 1909 862 familiarium
1944 834 1974 862 et

1234 881 1455 914 continuorum
1472 881 1731 914 commensalium
1748 882 1839 915 nobis
1855 887 1925 917 actu
1943 883 1974 916 in

1234 934 1347 977 palatio
1364 940 1472 967 nostro
1489 935 1660 978 apostolico
1677 935 1925 977 inservientium,
1939 947 1974 970 ac

1234 986 1317 1019 illius
1339 987 1447 1020 tinello
1472 987 1704 1021 comedentium
1729 992 1759 1022 et
1782 989 1974 1031 bibentium,

1234 1052 1269 1073 ac
1289 1046 1470 1074 nostrorum
1489 1052 1523 1074 ac
1541 1041 1629 1074 Sedis
1645 1041 1821 1086 praedictae
1839 1044 1977 1078 notario-

1234 1105 1322 1135 rum,
1356 1095 1523 1138 palatiique
1557 1099 1586 1129 et
1621 1096 1709 1128 aulae
1741 1096 1974 1139 praedictorum

1234 1148 1396 1188 comitum,
1421 1148 1554 1180 militum
1581 1153 1611 1181 et
1634 1149 1789 1182 nobilium
1807 1161 1843 1183 ac
1860 1151 1976 1184 civium

1234 1201 1413 1233 huiusmodi
1434 1201 1679 1243 originariorum
1704 1212 1837 1236 numero
1857 1208 1887 1236 et
1906 1214 1977 1237 con-

1234 1254 1331 1287 sortio
1362 1254 1573 1287 favorabiliter
1604 1265 1833 1297 aggregamus,
1857 1267 1893 1289 ac
1917 1268 1975 1300 pro

1235 1308 1332 1348 veris,
1357 1307 1538 1341 indubitatis
1562 1313 1592 1340 et
1618 1318 1681 1341 non
1708 1309 1789 1342 fictis
1816 1310 1976 1343 familiari-

1234 1361 1302 1402 bus,
1319 1361 1475 1394 continuis
1495 1362 1770 1402 commensalibus,
1790 1373 1825 1395 ac
1845 1364 1976 1397 notariis

1235 1414 1361 1455 nostris,
1386 1414 1562 1454 comitibus,
1588 1414 1749 1455 militibus,
1770 1416 1930 1449 nobilibus
1947 1422 1977 1449 et

1236 1468 1355 1500 civibus
1374 1468 1520 1511 deinceps
1541 1468 1652 1501 haberi
1676 1474 1706 1501 et
1730 1469 1870 1512 reputari
1893 1471 1977 1503 volu-

1237 1531 1324 1561 mus,
1349 1531 1385 1553 ac
1409 1521 1603 1554 mandamus.
1718 1525 1721 1527 ’

1282 1574 1296 1617 ἓ
1320 1573 1349 1607 3.
1375 1573 1505 1618 Eisque,
1530 1579 1564 1607 ut
1587 1574 1618 1607 in
1642 1574 1894 1619 quibuscumque
1917 1575 1977 1608 im-

1238 1628 1487 1671 petrationibus,
1511 1628 1766 1661 concessionibus
1790 1634 1820 1661 et
1843 1629 1977 1671 litteris,

1238 1686 1301 1713 tam
1326 1681 1458 1724 gratiam
1482 1692 1576 1725 quam
1609 1682 1758 1715 iustitiam
1789 1693 1979 1716 concernen-

1239 1735 1337 1776 tibus,
1362 1745 1395 1768 se
1424 1735 1594 1768 familiares
1624 1736 1790 1770 continuos
1820 1747 1980 1770 commen-

1240 1788 1318 1820 sales
1342 1792 1477 1829 nostros,
1495 1789 1635 1830 comites,
1655 1789 1779 1830 milites,
1803 1790 1925 1823 nobiles
1949 1795 1979 1823 ct

1240 1841 1322 1874 cives
1356 1842 1447 1874 etiam
1484 1843 1673 1885 originarios
1710 1843 1894 1885 nominare,
1921 1855 1979 1878 nee

1240 1900 1405 1938 propterea
1430 1895 1682 1939 impetrationes,
1708 1897 1927 1931 concessiones
1951 1903 1981 1931 ct

1241 1947 1361 1980 litterae
1386 1949 1596 1992 subreptionis
1620 1950 1695 1983 vitio
1720 1950 1909 1991 subiaceant,
1927 1951 1981 1984 sed

1241 2002 1359 2034 validae
1384 2008 1413 2035 et
1438 2003 1579 2035 efficaces
1603 2003 1754 2043 existant,
1780 2014 1815 2036 ac
1837 2015 1874 2037 ex
1898 2015 1982 2038 nnnc

1241 2055 1387 2099 deinceps
1416 2056 1447 2087 in
1478 2061 1665 2100 perpetuum
1692 2057 1838 2090 omnibus
1863 2062 1893 2090 et
1917 2058 1983 2101 qui-

1241 2109 1451 2153 buscumque,
1476 2122 1510 2142 ac
1536 2121 1665 2153 prorsus
1691 2111 1846 2143 similibus
1870 2113 1984 2144 antela-

1242 2162 1376 2196 tionum¹
1400 2164 1650 2203 antelatffinibus,
1669 2165 1904 2207 praerogativis,
1921 2165 1984 2209 pri-

1242 2215 1378 2258 vilegiis,
1403 2216 1614 2257 libertatibus,
1639 2217 1905 2259 immunitatibus,
1930 2229 1983 2252 ex·

1242 2270 1451 2313 emptionibus
1465 2297 1471 2310 ,
1506 2271 1639 2303 decretis
1654 2298 1660 2311 ,
1696 2271 1960 2306 declarationibus
1974 2299 1982 2314 ‚

1242 2322 1507 2365 derogationibus,
1533 2324 1695 2364 mandatis,
1716 2325 1983 2369 suspensionibus,

1242 2376 1415 2416 favoribus,
1441 2377 1563 2419 gratiis,
1588 2378 1771 2421 privilegiis,
1798 2379 1924 2412 indultis
1947 2390 1983 2412 ac

1242 2429 1373 2465 iuribus,
1394 2430 1508 2473 quibus
1527 2430 1578 2463 alii
1603 2431 1700 2464 nostri
1723 2432 1892 2467 l'auiiliares
1909 2437 1984 2465 tem-

1242 2494 1318 2527 pore
1331 2483 1430 2516 dietae
1442 2484 1666 2527 assumptionis
1679 2490 1804 2518 nostrae
1817 2485 1854 2518 ad
1868 2484 1983 2519 summi

1242 2537 1435 2581 apostolatus
1451 2538 1583 2581 apicem,
1597 2549 1631 2571 ac
1644 2538 1758 2582 quibus
1775 2539 1825 2572 alii
1843 2539 1982 2573 eiusdem

1282 2654 1290 2680 1
1313 2654 1370 2682 Vox
1389 2654 1602 2682 antelal'iuiutuz
1622 2655 1756 2682 redundat
1775 2658 1816 2690 (n.
1832 2654 1880 2689 τ.).

1979 251 2027 278 An.
2048 250 2077 279 c.
2101 250 2182 289 1623,

2015 1589 2131 1617 Solittsquo
2140 1589 2178 1620 def

1992 1619 2092 1638 curantur
2113 1623 2177 1644 priri-

1993 1645 2060 1670 legiis.
