2269 3235
876 249 974 275 INDEX
998 248 1198 274 nunnicAnuu

356 303 435 338 tatili
454 307 485 338 et
508 308 678 349 antequam
696 303 860 338 illucescat
879 304 958 344 dics,
976 313 1012 337 ac

357 359 452 391 etiam
485 357 650 391 absolvere
688 356 798 391 tidcles
831 366 849 390 a
883 356 1011 390 casibus

356 413 535 452 reservatis,
562 420 685 444 necnon
710 410 830 444 eisdem
848 410 1013 453 indulgen-

356 466 415 498 tias
441 466 607 507 impartiri,
634 464 707 497 427.

269 522 455 557 CLXXXIII.
470 522 671 556 Conlirmatio
692 526 722 555 ct
739 521 927 565 approbatio
941 530 1011 553 con-

356 578 526 610 stitutionis
547 576 690 619 Gregorii
710 574 763 608 XV
788 574 828 607 de
853 574 1009 607 electione

356 629 490 663 Romani
515 629 686 669 Pontificis,
712 637 748 661 ac
770 626 1011 660 coeremonialis

356 684 546 716 continentis
571 682 654 714 illius
678 682 765 721 ritus,
793 680 865 713 428.

268 738 455 773 CLXXXIV.
469 739 658 782 Suppressio
672 737 934 824 Congregatkilmis
949 737 1010 770 fra-

356 793 699 827 trumReformatorum
710 790 841 825 Ordinis
885 792 1010 824 inorum

356 846 386 879 S.
405 846 565 879 Francisci
590 845 865 886 Conventualium‚
892 844 965 877 431.

267 902 443 937 CLXXXV.
468 903 671 937 Confirmatio
702 905 883 937 sententiae
913 912 1010 946 super

354 958 543 990 rescissione
557 960 736 990 contractus
750 956 944 989 venditionis
959 965 1010 988 cu-

355 1010 479 1044 iusdam
505 1010 597 1044 villae
615 1011 654 1044 ad
680 1011 930 1053 praeceptoriam
952 1018 1008 1042 seu

356 1063 574 1096 commendam
605 1063 737 1096 militiae
773 1063 813 1096 de
845 1062 1008 1096 Calatrava

356 1118 539 1159 spectantis,
566 1117 639 1150 434.

267 1173 456 1207 CLXXXVI.
467 1174 645 1207 Martiniani
662 1182 698 1207 ac
714 1173 893 1207 Furnenses
902 1173 1010 1216 Ipren-

356 1228 399 1260 sis
416 1227 570 1260 ecclesiae
584 1228 729 1260 canonici
747 1236 849 1271 aeque
867 1236 903 1259 ac
916 1226 1009 1259 Mori-

356 1290 471 1314 nenses
495 1282 668 1323 nuncupati
693 1279 816 1313 habiles
832 1280 1010 1314 redduntur

355 1333 394 1367 ad
419 1333 589 1376 dignitates
615 1335 646 1366 in
664 1332 777 1366 eadem
800 1333 925 1378 Iprensi
958 1342 1010 1366 ec-

355 1385 451 1419 clesia
475 1386 676 1428 obtinendas,
703 1387 775 1420 436.

266 1444 467 1479 CLXXXVII.
488 1444 602 1478 Contra
628 1445 833 1478 extrahentes
858 1454 915 1478 seu
941 1454 1010 1488 per-

354 1499 516 1532 mittentes
526 1502 559 1532 ut
569 1497 901 1532 extrahanturlibriac
914 1500 1007 1531 etiam

355 1553 570 1594 manuscripta
596 1561 614 1584 a
645 1550 847 1584 bibliothecis
878 1551 1009 1585 fratrum

355 1605 485 1639 Ordinis
508 1604 777 1645 Praedicatorum,
804 1605 877 1638 448.

266 1661 483 1696 CLXXXVIII.
510 1661 712 1696 Confirmatio
737 1663 864 1704 indulti,
886 1672 903 1696 a
920 1663 1008 1696 Sixto

354 1715 439 1759 Papa
456 1715 482 1749 V
499 1717 636 1759 capitulo
650 1716 840 1750 cathedralis
855 1716 1010 1749 ecclesiae

354 1767 539 1802 Leodiensis
556 1770 709 1810 concessi,
721 1769 860 1812 eligendi
870 1769 909 1803 ad
920 1779 1011 1813 prae--

358 1823 516 1864 posituras
542 1825 573 1855 et
597 1821 740 1856 abbatias
776 1826 841 1856 tum
866 1823 1010 1856 eiusdem

355 1875 495 1918 capituli,
522 1879 586 1909 tum
611 1878 705 1910 etiam
725 1876 961 1919 collegiatarum
979 1877 1011 1910 il-

356 1927 418 1961 lius
441 1930 578 1963 civitatis
603 1933 633 1963 et
652 1930 816 1972 dioecesis,
842 1940 914 1964 cum
938 1940 1008 1964 con-

356 1984 502 2016 cessione
538 1983 667 2017 altcrius
691 1984 804 2017 indulti
836 1984 939 2029 quoad
960 1994 1010 2018 re-

356 2037 551 2079 signationes
572 2037 745 2079 faciendas,
772 2037 844 2070 449.

268 2093 454 2127 CLXXXIX.
473 2094 623 2128 Extensio
642 2095 756 2128 indulti
772 2095 928 2129 recitandi
943 2096 1011 2129 offi-

355 2149 440 2181 cium
455 2148 494 2181 de
508 2148 600 2182 beato
611 2149 715 2182 Felice
731 2150 769 2183 de
784 2149 956 2184 Cantalicio
970 2150 1009 2183 ad

355 2211 465 2235 omnes
484 2202 596 2236 fratres
614 2202 745 2237 OrdInis
771 2204 901 2237 fratrum
915 2203 1011 2237 Mino-

356 2265 426 2289 rum
443 2257 543 2289 sancti
561 2256 720 2290 Francisci
735 2256 1010 2302 Cappuccinorum

356 2307 475 2353 ubique
494 2311 678 2351 existentes,
705 2310 777 2344 453.

268 2364 354 2399 CXC.
378 2365 573 2410 Declaratio,
595 2368 679 2412 quod
703 2372 812 2402 sancta
829 2368 1010 2402 Elisabetha

356 2421 467 2462 regina
478 2420 688 2464 Portugalliae
702 2421 841 2455 Tertium
855 2421 1009 2457 Ordinem

357 2472 387 2506 S.
402 2472 561 2508 Francisci
578 2483 730 2519 expresse
748 2475 843 2509 fuerit
858 2475 1008 2519 professa,

359 2531 435 2565 454.

269 2587 370 2623 CXCI.
388 2589 587 2634 Praecipitur
605 2591 752 2625 omnibus
768 2591 933 2625 monachis
950 2590 1010 2627 Or-

358 2647 442 2682 dinis
465 2648 496 2682 S.
520 2648 699 2693 Benedicti,
732 2653 766 2685 ut
790 2649 950 2686 breviario
977 2654 1008 2686 et

1691 239 1756 273 725

1149 300 1268 335 missali
1293 310 1310 335 a
1335 300 1431 335 Paulo
1461 301 1545 344 Papa
1571 299 1595 333 V
1620 300 1803 343 approbans

1149 359 1287 397 utantur,
1309 356 1382 389 455.

1061 407 1178 442 CXCll.
1193 409 1385 442 Beatiticatio
1403 407 1595 441 venerabilis
1611 407 1728 441 Sorvae
1746 406 1802 439 Dei

1149 462 1265 494 Mariae
1291 460 1498 503 'Magdalcnac
1525 460 1564 493 de
1594 460 1708 501 l'azzis,
1731 469 1803 492 cum

1148 513 1296 547 facultate
1319 513 1504 546 celebrandi
1528 514 1654 546 missam
1681 516 1711 546 et
1735 512 1804 545 otti—

1149 567 1232 599 cium
1246 566 1285 599 de
1297 566 1332 599 ea
1346 566 1462 599 Romae
1476 570 1506 599 et
1524 566 1710 606 Florentiae,
1730 565 1803 598 456.

1060 617 1192 652 CXClll.
1231 618 1433 652 Contirmatio
1472 619 1673 652 resolutionis
1718 628 1800 662 quo-

1148 672 1293 705 rumdam
1332 671 1499 705 dubiorum
1532 674 1616 705 circa
1649 682 1691 712 Χι,
1718 682 1803 713 xvn,

1148 735 1271 758 necnon
1290 735 1358 758 xxn
1372 727 1475 768 capita
1495 734 1574 759 sess.
1596 736 1660 759 xxv
1678 726 1725 758 De
1746 725 1804 758 Be-

1147 778 1317 822 qularibus
1337 778 1469 811 Concilii
1487 779 1663 813 Tridentini
1681 790 1737 823 per
1756 788 1805 812 sa-

1149 842 1233 866 cram
1251 832 1537 876 Congregationem
1562 833 1661 867 factae
1688 844 1741 877 pro
1760 843 1806 867 ar—

1148 886 1354 929 chiepiscopo
1372 886 1538 919 Manilensi
1555 887 1585 919 in
1602 886 1710 928 lndiis,
1730 887 1802 919 457.

1059 938 1186 973 CXCIV.
1222 939 1366 973 Facultas
1402 941 1469 983 regi
1506 939 1660 973 catholico
1698 941 1804 973 nomi—

1148 992 1245 1025 nandi
1269 992 1391 1025 iudices
1416 992 1454 1025 ad
1481 992 1719 1035 cognoscendas
1735 1002 1806 1026 cau-

1146 1054 1198 1078 sas
1215 1046 1296 1078 inter
1311 1045 1587 1089 archiepiscopum
1598 1045 1805 1079 Elborensem

1148 1101 1179 1131 et
1202 1098 1330 1132 militias
1356 1099 1385 1131 S.
1411 1098 1517 1132 lacobi
1543 1102 1572 1132 et
1590 1100 1619 1132 S.
1641 1098 1805 1133 Benedicti

1147 1151 1186 1184 de
1200 1151 1277 1184 AvIs
1299 1156 1471 1194 vertentes,
1486 1154 1546 1196 ipsi
1564 1156 1669 1186 autem
1682 1152 1806 1185 archie-

1147 1206 1278 1248 piscopo
1303 1209 1366 1238 tres
1391 1215 1431 1238 ex
1456 1207 1625 1240 nominatis
1645 1205 1804 1240 iudicibus

1149 1259 1330 1300 recusandi,
1358 1259 1431 1292 459.

1060 1310 1170 1346 CXCV.
1187 1311 1388 1346 Confirmatio
1403 1313 1528 1346 unionis
1545 1313 1804 1356 Congregationis

1148 1364 1287 1400 Oratorii
1312 1366 1470 1410 Aquensis
1492 1368 1523 1399 in
1542 1366 1707 1400 Provincia
1724 1367 1805 1400 Con-

1147 1421 1326 1462 gregatIOni
1340 1420 1479 1454 Oratorii
1489 1420 1614 1453 Domini
1626 1423 1722 1455 nostri
1733 1421 1804 1454 Iesu

1149 1472 1262 1506 Christi
1279 1474 1310 1506 in
1327 1483 1426 1516 regno
1451 1473 1614 1515 Franciae,
1637 1475 1711 1508 461.

1061 1524 1187 1559 CXCVI.
1217 1526 1370 1559 Avocatio
1409 1536 1684 1572 quarumcumque
1720 1537 1803 1562 cau—

1147 1588 1254 1612 sarum
1279 1580 1361 1612 inter
1385 1579 1586 1613 collectorem
1619 1580 1803 1623 generalem

1147 1632 1322 1675 spoliorum
1347 1636 1377 1666 et
1401 1634 1654 1667 commissarium
1679 1635 1802 1668 crucia-

1149 1689 1198 1719 tae
1223 1687 1255 1719 in
1280 1688 1387 1728 regnis
1405 1686 1615 1730 Portugalliae
1640 1691 1671 1721 et
1690 1688 1804 1731 Algar-

1151 1738 1285 1780 biorum,
1312 1739 1385 1772 46⁶2.

1062 1792 1200 1827 CXCVII.
1215 1793 1365 1837 Sequitur
1382 1792 1567 1826 mandatum
1592 1794 1696 1827 eidem
1714 1794 1806 1829 colle-

1151 1847 1229 1879 ctori
1243 1845 1416 1889 spoliorum
1433 1845 1473 1878 de
1491 1846 1646 1889 capienda
1671 1847 1806 1882 iuridica

1151 1900 1373 1933 informatione
1388 1909 1485 1943 super
1495 1899 1654 1934 nonnullis
1664 1903 1805 1936 erroneis

1151 1953 1421 1997 propositionibus
1431 1954 1585 1997 praedicti
1596 1957 1806 1989 commissarii

1150 2009 1308 2041 cruciatae
1334 2009 1419 2041 circa
1448 2007 1627 2041 facultatem
1661 2008 1806 2043 licentias

1151 2060 1351 2094 concedendi
1384 2062 1514 2094 missam
1550 2061 1734 2095 celebrandi
1774 2064 1806 2096 in

1150 2115 1281 2158 privatis
1306 2115 1471 2149 domorum
1497 2117 1650 2157 oratoriis,
1676 2116 1750 2149 464.

1062 2167 1215 2201 CXCVIII.
1244 2167 1446 2202 Conlirmatio
1472 2169 1712 2212 privilegiorum
1747 2168 1806 2204 Or-

1150 2221 1233 2255 dinis
1249 2222 1364 2255 Beatae
1382 2222 1497 2256 Mariae
1515 2223 1554 2256 de
1579 2223 1727 2256 Mercede
1749 2223 1807 2257 Re-

1150 2275 1807 2319 demptioniscaptivorumRecollectorum

1150 2333 1413 2372 nuncupatorum,
1439 2330 1512 2363 464.

1062 2382 1186 2416 CXCIX.
1211 2382 1398 2416 Commissio
1423 2382 1549 2416 Lucano
1577 2385 1727 2427 episcopo
1749 2385 1808 2418 mi-

1150 2438 1266 2470 riistros
1284 2436 1368 2470 illius
1384 2436 1603 2480 rcipuhblicae
1621 2437 1808 2472 absolvendi

1150 2499 1168 2523 a
1192 2492 1346 2532 censuris,
1373 2491 1403 2524 in
1429 2499 1507 2535 quas
1532 2492 1741 2533 incurrerant,
1767 2491 1807 2526 ob

1150 2546 1299 2577 exactum
1323 2543 1484 2588 quoddam
1519 2543 1558 2578 ah
1580 2544 1807 2579 ecclesiasticIS

1150 2597 1287 2640 vectigal
1323 2597 1403 2631 ultra
1439 2600 1680 2633 concessionem
1716 2599 1808 2633 Sedis

1101 2694 1113 2705 ι’
1149 2650 1363 2696 Apostolicae,
1388 2651 1462 2690 466,
