2269 3235
189 246 237 271 An.
255 246 282 271 c.
308 245 374 270 «⁶⁴24
424 235 484 268 ¹14

229 1848 341 1869 Exordium
358 1851 377 1870 et

193 1881 270 1895 causas
316 1876 377 1896 huius

194 1902 361 1923 Constitutioniff.

385 293 485 325 (lictae
501 291 589 326 Sedis
602 302 638 324 ac
655 296 778 324 sanctae
796 291 953 323 Romanae
972 289 1128 322 Ecclesiae

387 345 508 378 iuribus
522 345 551 376 in
566 344 817 387 quibuscumque
831 342 1018 383 civitatibus,
1036 342 1129 376 terris

386 403 415 431 ct
440 397 517 430 locis
542 397 641 441 ipsius
658 395 866 429 Lombardiac
892 395 1053 436 inseratur,
1075 395 1127 429 scd

387 452 454 484 iura
481 451 545 494 ipsa
572 450 602 482 in
627 460 684 482 suo
717 449 832 482 robore
862 449 945 481 salva
970 454 1000 481 et
1023 449 1128 481 illaesa

388 508 585 537 remaneant:
611 502 757 546 quodque
783 502 819 543 si,
845 502 929 546 quod
955 501 1046 542 absit,
1064 505 1092 535 te
1111 512 1128 535 a

386 557 492 590 nostra
518 559 548 588 et
572 555 674 588 dictae
699 554 855 588 Ecclesiae
884 555 1059 594 Romanae,
1084 564 1130 586 ra—

388 609 471 642 tione
484 608 558 641 dicti
571 608 660 651 regni
674 607 796 641 Siciliae
810 607 887 641 citra
901 607 1047 651 pharum,
1057 607 1131 640 sidc-

388 661 471 694 litate
485 660 666 701 retraxeris,
679 666 859 705 praesentes
876 661 996 694 litterae
1012 660 1129 693 nullius

388 714 448 747 sint
472 714 597 747 roboris
621 714 668 747 vel
694 713 856 754 momenti,
881 713 1062 757 dictumque
1083 724 1130 746 re-

388 778 484 811 gnum
510 766 633 800 Siciliae
666 765 743 800 citra
772 767 906 810 pharum
932 766 970 799 ad
993 776 1071 807 neS,
1100 770 1130 798 et

387 820 503 854 dictam
528 820 700 853 Romanam
726 818 896 853 Ecclesiam
929 819 1128 861 devolvatur,

388 885 423 907 ac
448 873 630 907 devolutum
656 883 724 906 esse
744 876 918 912 censeatur,
936 872 975 904 ad
999 881 1130 916 eamque

389 927 488 960 libere
514 930 690 960 revertatur
715 937 751 959 eo
776 926 853 969 ipso.

431 981 544 1014 Datum
566 980 698 1019 Romae,
722 978 805 1022 apud
822 983 964 1011 sanctum
989 977 1130 1017 Petrum,

388 1034 446 1066 sub
478 1033 594 1066 annulo
629 1031 818 1072 Piscatoris,
848 1031 898 1064 die
929 1041 948 1063 v
979 1029 1131 1064 februarii

388 1096 542 1127 uncxxlv,
558 1085 760 1130 pontificatus
784 1084 883 1118 nostri
901 1093 983 1117 anno
1001 1093 1020 1116 1.

424 1148 482 1176 Dat.
504 1148 547 1176 die
567 1148 584 1175 5
603 1147 734 1175 februarii
758 1146 834 1179 1624,
857 1146 953 1182 pontif.
975 1154 1020 1174 an.
1042 1152 1058 1172 1.

695 1288 822 1322 XXXVI.

390 1372 514 1406 Erectio
539 1370 680 1403 militiae
713 1369 915 1402 christianae
946 1368 1002 1401 sub
1037 1369 1133 1401 titulo

438 1423 660 1467 Conceptionis
679 1423 718 1456 B.
740 1423 867 1455 Mariae
897 1422 1043 1465 Virqim's
1067 1422 1131 1456 Im-

436 1477 620 1510 maculatae
636 1480 664 1509 et
681 1475 796 1519 reyula
813 1475 843 1509 S.
861 1475 1042 1515 Francisci,
1062 1486 1136 1508 cum

433 1530 695 1574 privilegiorum,
713 1529 953 1572 exemptionum
971 1532 1000 1562 et
1023 1528 1136 1562 indul-

438 1588 545 1616 torum
568 1583 776 1616 concessione.

600 1662 735 1689 Urbanus
750 1660 925 1696 Episcopus,

570 1717 675 1738 servus
707 1717 860 1737 servorum
888 1709 955 1743 Dei,

517 1760 553 1787 ad
573 1761 746 1794 perpetuam
765 1758 810 1786 rei
830 1758 1012 1786 memoriam.

438 1829 736 1876 Imperscrutabilis¹
754 1829 933 1863 divinorum
947 1829 1135 1864 iudiciorum

393 1886 535 1925 altitudo,
546 1885 651 1918 statim
664 1889 757 1928 atque
771 1883 981 1916 humilitatem
995 1888 1135 1917 nostram

393 1939 432 1973 ad
456 1938 635 1984 pontificiae
660 1936 819 1980 dignitatis
844 1937 979 1977 culmen,
996 1936 1082 1970 nullo
1100 1936 1136 1969 li—

393 1997 441 2027 cet
456 1992 642 2026 meritorum
655 1990 816 2033 suffragio,
833 1990 944 2030 evexit,
966 1990 1047 2023 inter
1060 1990 1138 2023 mul·

394 2046 525 2091 tiphees,
543 2044 808 2089 gravissimasque
825 2044 1019 2088 apostolatus
1036 2044 1136 2077 nostri

394 2111 495 2141 curas,
514 2099 552 2132 ad
573 2099 725 2132 militares
750 2098 888 2140 ordines,
906 2098 969 2141 qui,
987 2097 1137 2131 anteactis

960 242 1138 266 nurnAnltJM
1165 241 1317 265 ROMANUM

1162 289 1241 322 ditas
1266 296 1394 332 gentes,
1417 299 1496 332 quae
1527 298 1663 332 superno
1687 289 1759 322 fidei
1784 289 1900 322 lumine

1162 341 1338 381 destitutae,
1356 342 1589 385 christianoque
1613 341 1733 375 nomini
1753 342 1901 382 infensae,

1162 388 1263 428 eidem
1277 395 1433 428 Ecclesiae
1451 395 1621 439 pernicicm
1638 394 1751 428 afferre
1772 395 1902 429 moliun-

1163 453 1223 489 tur,
1242 448 1410 481 visibilium
1427 459 1590 481 armorum
1612 459 1670 481 usu
1690 448 1842 481 ortodoxa
1858 459 1903 481 re-

1162 501 1238 544 ligio
1252 507 1430 545 opportune
1447 506 1675 545 propugnatur,
1692 500 1901 540 Quamobrem

1163 553 1380 587 inaestimabili
1417 554 1532 597 gaudio
1567 553 1808 598 perfundimur,
1832 564 1902 587 cum

1162 607 1322 651 principes
1348 607 1403 640 viri
1431 607 1477 640 vel
1502 607 1540 640 ad
1566 610 1687 640 veteres
1712 606 1839 640 eosdem
1857 618 1904 640 or-

1163 660 1251 692 dines
1275 660 1524 704 amplificandos,
1542 660 1590 692 vel
1607 659 1645 692 ad
1663 669 1761 693 novos
1778 664 1904 703 aposto-

1162 713 1223 746 lica
1248 713 1433 746 auctoritate
1465 713 1681 754 instituendos,
1705 712 1826 746 animos
1856 723 1906 756 ge-

1163 776 1275 799 nerose
1308 770 1502 799 convertunt.
1529 766 1644 799 Verum
1680 765 1850 810 praecipue
1874 765 1905 798 in

1164 819 1297 852 Domino
1327 819 1543 860 oblectamur,
1567 819 1642 852 dum
1678 819 1906 852 institutionem

1164 871 1255 904 unius
1281 871 1425 904 militaris
1449 872 1612 915 religionis
1629 872 1686 905 sub
1711 872 1907 905 invocatione

1164 924 1382 968 Conceptionis
1414 925 1564 969 Deiparae
1589 926 1725 969 Virginis
1752 926 1906 959 Immacu-

1165 977 1245 1010 latae
1270 977 1472 1018 meditantur,
1493 989 1586 1022 quam
1604 979 1824 1013 christifideles
1845 990 1908 1012 om-

1166 1040 1221 1063 nes
1247 1030 1416 1075 propitiam
1448 1031 1532 1075 apud
1563 1031 1763 1075 Unigenitum
1795 1032 1907 1065 Filium

1166 1093 1259 1116 suum
1283 1083 1365 1117 nacti
1390 1089 1461 1116 sunt
1485 1083 1678 1125 advocatam,
1697 1089 1806 1128 utpote
1829 1096 1908 1129 quae

1166 1137 1263 1170 Mater
1287 1136 1407 1179 gratIae
1431 1143 1462 1170 et
1485 1138 1619 1181 pietatis,
1637 1149 1696 1182 pro
1712 1138 1842 1171 humani
1860 1148 1910 1181 ge-

1166 1191 1251 1223 neris
1276 1191 1375 1224 salute
1399 1190 1507 1224 sedula
1531 1192 1649 1224 oratrix
1674 1192 1757 1235 apud
1782 1202 1909 1235 regem,

1166 1254 1259 1287 quem
1285 1244 1403 1286 genuit,
1424 1255 1548 1288 semper
1573 1245 1756 1286 intercedat,
1780 1255 1910 1289 speran-

1169 1301 1222 1337 tes,
1240 1296 1421 1330 huiusmodi
1447 1297 1674 1332 institutionem
1691 1297 1830 1331 eiusdem
1848 1298 1911 1331 Vir-

1167 1349 1248 1392 ginis
1265 1350 1424 1382 caelorum
1443 1350 1571 1393 reginae
1585 1352 1811 1385 intercessione
1824 1363 1911 1396 prae-

1167 1403 1246 1435 fatae
1278 1402 1466 1436 christianae
1503 1403 1698 1448 reipublicae
1732 1405 1911 1438 uberrimos

1168 1456 1289 1488 fructus
1313 1456 1479 1501 allaturam
1487 1467 1495 1497 3
1517 1458 1827 1502 praeterquamquod
1851 1458 1911 1491 hoc

1168 1512 1260 1552 pacto
1276 1508 1416 1542 Ecclesia
1429 1509 1496 1553 ipsa
1513 1510 1749 1543 circumamicta
1762 1511 1912 1544 varietate

1168 1562 1310 1595 caelestis
1335 1562 1402 1595 eius
1426 1563 1533 1607 sponsi
1562 1563 1780 1597 iucundiorem
1805 1575 1838 1598 se
1861 1564 1912 1597 ha-

1169 1616 1222 1648 bet
1245 1615 1388 1657 obtutui,
1413 1626 1449 1650 ac
1483 1617 1635 1650 terribilis
1671 1623 1705 1650 ut
1735 1623 1912 1652 castrorum

1169 1669 1251 1702 acies
1275 1668 1418 1702 ordinata
1440 1669 1570 1713 dissipat
1596 1675 1715 1713 gentes,
1732 1682 1811 1714 quae
1830 1671 1912 1704 bella

1169 1722 1287 1762 volunt,
1305 1721 1474 1767 divinoque
1499 1723 1625 1756 suffulta
1649 1723 1817 1767 praesidio,
1836 1734 1911 1757 nun-

1169 1785 1262 1819 quam
1288 1775 1439 1809 adversus
1459 1786 1492 1809 se
1515 1781 1623 1820 portas
1647 1777 1737 1809 inferi
1762 1778 1912 1821 praevali-

1170 1833 1256 1862 turas
1281 1830 1425 1863 ostendit.
1452 1830 1531 1864 Hinc
1555 1841 1630 1863 vero
1655 1830 1706 1871 sit,
1732 1836 1765 1864 ut
1789 1841 1911 1871 eorum,

1169 1883 1223 1927 qui
1248 1883 1493 1916 saluberrimum
1509 1884 1690 1925 huiusmodi
1707 1894 1786 1928 opus
1803 1884 1912 1917 sedulo

1170 1946 1357 1980 promovere
1371 1936 1506 1977 student,
1520 1941 1549 1970 et
1561 1942 1724 1981 porrectas
1736 1937 1828 1970 nobis
1844 1948 1912 1981 pre-

1170 2000 1221 2023 ces
1237 1990 1346 2034 pronis
1359 1990 1488 2023 auribus
1505 1991 1710 2035 excipiamus,
1723 1997 1752 2024 et
1770 1992 1822 2035 pie
1840 2002 1911 2025 con-

1170 2044 1268 2088 ceptis
1293 2044 1372 2078 votis
1387 2072 1394 2085 ,
1418 2044 1596 2088 pontificiae
1620 2045 1820 2089 benignitatis
1844 2056 1910 2078 me-

1170 2107 1296 2138 mores,
1321 2103 1473 2141 quantum
1498 2098 1530 2131 in
1554 2099 1687 2132 Domino
1719 2109 1908 2142 possumus,

1169 2161 1354 2184 annuamus.

1909 241 1959 268 An.
1980 241 2010 268 C.
2028 240 2096 269 ¹626

394 2154 590 2198 temporibus
608 2153 744 2186 maximo
771 2151 959 2186 christianae
983 2151 1137 2195 reipubli-

395 2219 447 2242 cae
461 2209 543 2242 bono
557 2207 698 2248 instituti,
712 2207 744 2240 in
758 2206 912 2240 catholica
924 2216 959 2239 re
972 2205 1136 2248 firmanda,
1215 2205 1230 2248 ἓ
1250 2204 1278 2237 1.
1297 2204 1443 2238 Exhibita
1459 2204 1614 2248 siquidem
1631 2204 1722 2238 nobis
1735 2215 1835 2249 nuper
1852 2216 1910 2250 pro
1926 2209 2109 2259 g,}¹²¹¹¹33†,„2³,¹;

395 2262 479 2295 varia
493 2264 588 2302 terra,
603 2261 744 2305 marique
758 2260 943 2293 discrimina
957 2259 1138 2300 subeuntes,
1170 2263 1259 2303 parte
1283 2257 1470 2291 dilectorum
1490 2258 1629 2291 filiorum
1654 2258 1806 2292 nobilium
1832 2259 1912 2293 viro·
1925 2265 2110 2312 31131εὲζίυὲῃὸἱῇ-

395 2316 532 2360 gloriose
556 2315 718 2355 desudant,
744 2314 895 2358 peculiari
920 2313 1138 2347 sollicitudinis
1170 2322 1241 2344 rum
1262 2311 1450 2345 Ferdinandi
1475 2311 1616 2344 Mantuae
1634 2316 1664 2344 et
1680 2311 1782 2345 Caroli
1806 2312 1912 2345 Niver-
2105 2306 2110 2311 ’

396 2370 498 2403 studio
522 2369 634 2402 mentis
659 2373 785 2401 nostrae
809 2367 908 2400 aciem
926 2367 994 2400 iure
1019 2366 1138 2411 optimo
1171 2364 1345 2398 niensium¹
1371 2364 1487 2397 ducum
1512 2369 1542 2397 et
1565 2364 1700 2408 Adolphi
1725 2364 1849 2398 comitis
1872 2365 1911 2398 ab

396 2423 617 2458 conici-timus.
642 2421 914 2462 Quemadmodum
940 2421 1023 2454 enim
1048 2420 1139 2465 spiri·
1171 2419 1262 2452 Altan
1284 2418 1393 2462 petitio
1418 2417 1606 2458 continebat,
1624 2417 1708 2461 quod
1729 2428 1831 2461 nuper
1850 2418 1911 2462 ipsi

397 2477 531 2511 tualibus
555 2475 752 2521 evangelicae
782 2475 918 2508 iustitiae
943 2474 1039 2507 armis
1063 2474 1139 2507 invi·
1172 2471 1388 2505 Ferdinandus
1405 2476 1435 2504 et
1450 2471 1579 2504 Carolus
1591 2462 1687 2504 duces
1703 2476 1733 2504 et
1748 2471 1911 2515 Adolphus

397 2532 503 2565 sibiles
536 2530 696 2563 militantis
731 2529 888 2563 Ecclesiae
919 2529 1026 2563 hostes
1056 2527 1138 2561 felici
1172 2535 1287 2565 comes,
1302 2524 1423 2558 animos
1440 2524 1478 2557 ad
1496 2525 1641 2557 caelestia
1657 2524 1823 2567 erigentes,
1841 2534 1912 2568 pro-

397 2583 567 2618 certamine
592 2583 813 2627 profligantur,
833 2583 876 2615 ita
899 2582 1049 2615 adversus
1067 2591 1139 2625 per·
1170 2579 1273 2624 beque
1296 2584 1531 2622 cognoscentes,
1548 2578 1625 2611 nihil
1643 2578 1812 2611 christiano
1829 2577 1911 2621 prin-

436 2649 444 2674 t
464 2646 586 2674 Erronee
597 2646 661 2673 edit.
674 2645 753 2674 Μαίη.
766 2645 830 2682 legit
844 2642 1135 2684 Inscrutabz'litn.r.).
1206 2644 1217 2670 1
1236 2641 1330 2671 Potius
1344 2641 1489 2682 legendum
1504 2642 1692 2671 Niverncnsz‘s
1707 2641 1746 2677 (a.
1763 2640 1811 2676 τ.).
