2269 3235
94 236 143 264 An.
160 235 188 263 C.
211 234 277 263 1627

150 297 279 319 Discalceati

95 327 203 351 nequeunt
213 331 235 345 se
244 330 279 344 nn-

95 352 157 378 goeio
198 351 278 372 redem-

95 378 172 404 ptionis
213 378 278 399 immi·

97 410 164 426 scere.

124 2069 207 2090 Debent
217 2070 286 2089 tamen

102 2098 194 2123 reliquas
205 2097 286 2118 Consti-

102 2125 193 2145 tationes
201 2126 285 2150 aposto-

102 2152 155 2173 licas
170 2157 263 2173 servare

139 2339 236 2360 Vicarius
252 2345 287 2365 ge-

103 2367 180 2388 neralis
199 2368 232 2389 his
251 2369 286 2389 de-

103 2394 140 2415 bet
156 2396 212 2416 stare
229 2396 287 2422 capi-

103 2421 160 2443 tulis.

900 236 1042 259 URBANUS

337 283 353 326 ἓ
377 282 427 315 1⁶2.
454 281 540 324 Item,
566 282 650 326 quod
674 283 884 316 ministerium
909 283 1033 316 redem-

293 336 408 380 ptionis
433 337 535 369 solum
559 342 677 381 spectet
702 338 858 381 religiosis
875 338 1032 380 Calceatis,

295 394 325 422 et
341 390 425 433 quod
442 394 548 434 patres
572 391 730 424 recollecti
754 401 816 424 non
833 402 865 423 50
883 391 1035 424 intromit-

295 447 360 475 tant
376 443 407 475 in
421 443 609 487 recipiendis
626 444 736 486 legatis
749 455 767 476 a
779 444 1035 477 christifidelibus

296 497 413 530 relictis
437 497 476 531 ad
499 497 617 531 dictum
643 498 809 539 effectum,
836 508 892 530 000
916 497 1036 541 possint

296 555 403 593 petere
426 550 459 583 in
483 551 546 584 suis
569 551 767 585 monasteriis
792 560 849 583 nec
874 555 961 583 extra
978 561 1036 594 pro

296 603 488 638 redimendis
513 604 665 649 captivis,
690 614 747 637 nec
772 604 887 637 habere
912 604 1036 647 cippos,

296 667 354 690 nec
371 668 490 701 capsas,
507 668 565 691 nec
582 657 699 701 aliquid
718 657 803 690 aliud
827 668 886 701 pro
904 658 1038 694 eleemo-

297 713 373 755 syna
397 711 531 755 petenda
555 712 614 744 hae
638 711 676 744 de
700 713 814 754 causa,
840 711 913 755 quia
939 716 1037 745 totum

298 764 357 797 1100
381 764 473 797 (101)οι
497 764 639 797 mandari
664 775 757 798 curae
783 769 812 798 01
836 765 1038 798 sollicitudini

296 823 420 861 patrum
434 818 649 852 Calceatorum
663 818 833 859 dumtaxat,
847 819 925 852 sicut
939 830 1038 863 usque

296 882 380 906 nunc
403 872 463 905 suit
487 872 518 905 in
547 872 783 906 consuetudine.
809 873 846 906 Et
870 873 908 905 ad
934 874 1039 906 tollen-

297 926 353 960 dos
378 927 559 970 scrupulos,
584 931 614 959 et
638 926 789 959 sedandas
815 927 1038 969 conscientias,

298 980 465 1020 statuitur,
490 979 575 1023 quod
599 980 725 1013 nomine
750 982 888 1024 partium
912 980 966 1013 siat
990 980 1037 1013 in-

298 1033 410 1066 stantia
433 1033 484 1066 SS.
508 1034 542 1066 D.
568 1034 603 1066 N.
629 1038 781 1076 quatenus
811 1033 958 1076 dignetur
988 1034 1040 1067 de-

299 1087 438 1127 clarare,
467 1086 632 1129 religiosos
668 1086 898 1120 recollectionis
923 1087 1039 1120 liberos

298 1146 328 1174 et
352 1140 547 1183 deobligatos
566 1150 634 1173 esse
654 1141 692 1173 ab
712 1141 920 1184 exequutione
936 1142 1039 1184 quarti

298 1194 382 1235 voti,
407 1199 438 1227 et
462 1194 606 1227 similiter
639 1194 872 1238 praedictarum
901 1195 1038 1239 partium

298 1247 426 1281 nomine
455 1247 556 1280 eidem
588 1248 790 1281 Sanctissimo
823 1249 1038 1292 supplicetur,

298 1306 450 1345 quatenus
467 1301 559 1334 etiam
584 1300 731 1343 dignetur
751 1302 986 1335 communicare
1011 1308 1040 1335 et

299 1356 472 1390 concedere
495 1356 711 1389 recollectioni
736 1356 841 1389 omnia
867 1356 985 1391 indulta
1010 1362 1039 1390 et

298 1409 464 1455 privilegia
488 1420 566 1453 quae
591 1410 755 1453 hucusque
784 1410 815 1442 in
835 1410 973 1443 savorem
995 1422 1041 1443 re-

297 1463 423 1507 ligionis
457 1463 671 1497 Calceatorum
705 1475 721 1496 a
746 1464 824 1497 Sede
858 1466 1038 1508 Apostoliea

298 1522 504 1558 emanarunt,
529 1523 560 1550 et
591 1517 797 1561 imposterum
829 1519 1038 1560 emanabant,

298 1573 392 1606 etiam
416 1572 478 1612 illa,
502 1582 581 1615 quae
606 1571 721 1604 intuitu
745 1572 971 1615 redemptionis
996 1573 1038 1605 ei-

298 1626 369 1659 dem
393 1625 539 1669 religioni
563 1630 635 1658 sunt
660 1635 818 1663 concessa,
836 1626 939 1658 taliter
956 1627 1039 1670 quod

298 1679 367 1712 talis
390 1679 528 1712 extensio
553 1678 713 1712 dumtaxat
742 1678 796 1710 siat
820 1683 970 1722 quantum
1002 1680 1039 1711 ad

298 1733 418 1767 fructus
442 1732 627 1776 spirituales,
645 1732 767 1765 nullum
792 1733 993 1773 reservando,
1011 1739 1041 1766 01

299 1797 364 1819 non
379 1790 528 1829 quantum
549 1786 587 1818 ad
605 1786 653 1818 ius
671 1785 909 1818 administrandi
926 1786 1039 1819 dictam

300 1840 550 1884 redemptionem
568 1845 597 1873 et
609 1840 802 1884 percipiendi
817 1840 947 1881 fructus,
964 1842 1041 1874 elee-

302 1903 447 1938 mosynas
481 1896 510 1927 et
534 1893 592 1926 alia
627 1894 666 1926 ad
701 1904 769 1926 eam
804 1895 1041 1938 quomodolibet

302 1947 483 1992 spectantia,
504 1957 575 1980 nam
601 1952 752 1990 quantum
777 1948 815 1980 ad
840 1949 900 1981 hoc
924 1949 1040 1982 exclusi

301 2006 331 2035 et
354 2001 467 2045 privati
491 2001 523 2033 in
545 2005 733 2045 perpetuum
754 2002 940 2035 manebunt:

345 2056 360 2100 g
377 2055 427 2089 «13.
445 2056 533 2098 Item,
551 2056 636 2099 quod
653 2056 757 2089 omnia
777 2056 903 2089 decreta
923 2062 953 2089 et
973 2057 1040 2089 Bul-

301 2110 348 2142 lae
372 2108 562 2153 apostolieae
585 2109 617 2141 in
646 2109 785 2142 savorem
811 2110 1040 2143 recollectionis

301 2172 448 2197 concessa
471 2162 703 2207 adimpleantur
727 2163 765 2196 de
790 2162 886 2197 verbo
910 2164 948 2196 ad
973 2174 1041 2197 ver-

301 2216 387 2257 bum,
407 2216 577 2250 dummodo
602 2217 633 2249 111
656 2220 722 2249 1010
742 2216 790 2249 vel
815 2217 846 2249 111
870 2222 958 2261 parte
978 2228 1040 2251 non

302 2270 539 2304 contraveniant
555 2270 604 2304 his
620 2271 838 2315 praesentibus
856 2271 1017 2316 capitulis:

347 2324 362 2368 ἓ
386 2323 437 2357 14.
467 2324 566 2365 Item,
594 2324 679 2368 quod
718 2324 853 2358 vicarius
883 2326 1041 2368 generalis

303 2377 532 2411 recollectionis
567 2388 585 2410 a
621 2378 682 2411 Sua
721 2378 889 2412 Sanctitate
913 2380 1040 2422 electus,

303 2431 408 2464 statim
432 2431 516 2475 quod
538 2432 631 2465 fuerit
654 2443 672 2465 a
695 2433 819 2466 notario
843 2433 970 2477 publico
996 2445 1042 2467 re-

303 2485 436 2529 quisitus
461 2496 533 2518 cum
557 2486 646 2518 Brevi
677 2486 872 2530 apostolico,
898 2492 1041 2521 teneatur

302 2548 450 2572 exercere
470 2549 561 2571 suum
588 2539 737 2580 officium,
755 2539 902 2583 primitus
922 2546 952 2573 et
972 2546 1042 2574 ante

303 2591 408 2625 omnia
424 2591 557 2625 iurando
571 2592 744 2637 adimplere
758 2593 789 2625 in
802 2594 948 2627 omnibus
965 2595 1042 2629 haec

1070 236 1123 259 vni
1148 236 1195 259 pr.
1714 228 1777 262 567
1825 238 1916 264 Arte.
1940 237 2004 264 1627

1067 284 1197 318 trarium
1224 284 1375 325 faciendo,
1396 285 1496 327 gratia
1516 285 1707 318 Sanctissimi
1725 285 1763 319 sit
1779 291 1809 319 et

1068 337 1261 379 intelligatur
1285 338 1401 371 nullius
1429 339 1558 372 valoris:

1113 391 1127 433 ξ
1152 391 1202 423 tf».
1222 392 1309 432 Item⁷
1327 392 1409 435 quod
1428 392 1596 425 concordia
1617 392 1730 425 debeat
1748 397 1807 425 13111
1852 408 1909 428 inm:
1923 413 2007 427 cannar-

1069 454 1085 475 a
1106 444 1261 486 religiosis
1279 446 1438 485 Calc-eatis,
1459 458 1550 489 quam
1565 446 1761 479 hist-alceatis
1781 447 1809 478 111
1825 434 2008 483 Jii't'niissaiiiiii'bu⁴

1069 497 1133 530 suis
1158 497 1269 540 primis
1301 498 1444 541 capitulis
1477 500 1676 541 generalibus
1708 512 1812 543 respe-

1069 550 1149 583 ctive
1175 551 1346 591 ratilicari,
1372 557 1401 583 et
1427 553 1509 595 quod
1541 553 1566 585 si
1591 553 1747 596 quaelibet
1774 565 1809 586 ex

1071 603 1213 646 partibus
1230 604 1304 637 huic
1321 605 1508 638 concordiae
1526 607 1767 647 contravenerit,
1781 607 1811 639 in

1070 662 1135 689 toto
1161 658 1208 689 vel
1235 657 1265 689 in
1291 663 1390 701 parte,
1412 659 1458 691 vel
1487 659 1569 691 illam
1595 671 1655 692 non
1683 661 1813 694 13111103-

1071 710 1170 750 verit,
1195 710 1337 743 videatur
1361 712 1505 744 amittere
1531 712 1578 745 ius
1605 714 1689 756 quod
1718 714 1812 747 liabe-

1071 764 1123 798 bat
1147 769 1257 797 contra
1281 765 1395 797 aliam:
1428 770 1457 797 et
1482 766 1626 799 similiter
1651 767 1811 800 incurrerat·

1072 817 1102 849 in
1134 828 1266 861 poenam
1291 818 1400 861 viginti
1431 819 1516 851 mille
1548 819 1733 853 ducatorum
1758 831 1812 863 ap-

1071 871 1293 916 plicandorum
1317 873 1432 906 alterae
1459 873 1556 916 parti:

1117 926 1131 969 g
1153 925 1204 958 ⁴16.
1223 926 1311 965 ltcm,
1329 926 1414 969 quod
1431 927 1469 959 ab
1488 929 1619 970 utraque
1637 932 1725 970 parte
1742 938 1814 961 una-
1846 941 2011 967 Supplit'awluni

1072 978 1200 1011 nimiter
1232 980 1427 1023 supplicetur
1459 980 1538 1013 Suae
1574 981 1756 1022 Sanctitati,
1780 968 1944 1015 ittssissrl'ffsstm'l‘.
1966 975 2012 988 Μ’

1072 1031 1219 1074 dignetur
1250 1032 1430 1076 approbare
1459 1038 1489 1065 et
1513 1034 1703 1066 confirmare
1733 1035 1814 1067 hane,

1072 1086 1274 1118 concordiam
1303 1097 1360 1129 per
1389 1086 1469 1119 viam
1495 1088 1739 1131 Motusproprii,
1766 1089 1814 1120 vel

1072 1139 1133 1172 alio
1159 1140 1281 1173 meliori
1306 1140 1399 1173 modo
1435 1140 1493 1173 sibi
1529 1141 1698 1184 bencviso,
1724 1147 1758 1174 ut
1785 1143 1814 1175 in

1074 1198 1174 1226 totum
1198 1193 1269 1225 finis
1294 1193 1472 1237 imponatur
1493 1194 1599 1228 litibus
1618 1195 1814 1229 interdictos

1074 1246 1237 1289 religiosos
1256 1247 1482 1290 ptj¹ndentibusz
1502 1248 1587 1288 ltem,
1606 1249 1690 1291 quod
1711 1260 1816 1293 supra-

1073 1300 1189 1344 scripta
1209 1301 1344 1344 capitula
1361 1306 1387 1333 et
1408 1302 1640 1342 conventiones,
1658 1303 1696 1335 ad
1717 1303 1816 1336 maius

1073 1354 1170 1387 robur
1202 1360 1232 1387 et
1265 1355 1326 1387 vim
1352 1355 1488 1398 illorum,
1514 1367 1531 1388 a
1556 1357 1816 1400 procuratoribus

1073 1408 1272 1451 generalibus
1297 1409 1513 1442 Calceatorum
1544 1414 1573 1442 01
1603 1411 1813 1444 Disealceato-

1074 1473 1142 1494 rum
1167 1462 1346 1505 praedictae
1360 1463 1522 1505 religionis
1547 1464 1610 1497 suis
1634 1465 1816 1497 nominibus

1073 1516 1228 1548 subscribi
1253 1521 1282 1548 01
1306 1516 1427 1549 firmari
1451 1517 1592 1549 debeant.

1118 1571 1132 1613 g
1162 1570 1208 1602 17.
1230 1570 1303 1610 Nos,
1322 1570 1492 1603 inviolabili
1519 1571 1729 1614 capitulorum
1755 1572 1814 1605 bu-

1074 1623 1209 1655 iusmodi
1250 1623 1466 1656 observantiae
1486 1651 1493 1664 ,
1533 1625 1677 1668 l‘elitjrique
1716 1625 1815 1658 dictae

1074 1676 1328 1719 congregationis
1352 1677 1497 1719 regimini
1523 1682 1615 1721 atque
1640 1679 1815 1721 gubernio,

1074 1735 1224 1773 quantum
1250 1741 1321 1762 cum
1347 1731 1410 1763 Deo
1434 1742 1616 1774 possumus,
1642 1734 1816 1774 consulere,

1074 1794 1196 1817 necnon
1233 1784 1373 1816 eiusdem
1413 1786 1669 1827 congregationis
1704 1787 1816 1820 fratres

1074 1838 1262 1883 specialibus
1294 1838 1453 1871 favoribus
1478 1844 1507 1871 et,
1532 1839 1642 1881 gratiis
1667 1841 1817 1885 prosequi

1074 1892 1222 1932 volentes,
1241 1902 1414 1935 eorumque
1439 1893 1613 1935 singulares
1630 1904 1780 1937 personas
1801 1906 1817 1928 a

1074 1945 1236 1989 quibusvis
1261 1946 1603 1987 excommunicationis,
1632 1948 1813 1991 suspensio-

1075 2000 1122 2032 nis
1139 2005 1169 2032 et
1186 1999 1353 2040 interdicti,
1367 1999 1499 2043 aliisque
1515 2001 1733 2035 ecclesiasticis
1751 2013 1817 2035 sen-

1076 2054 1189 2095 tentiis,
1214 2053 1354 2087 censuris
1380 2059 1409 2087 et
1433 2054 1551 2098 poenis,
1569 2066 1586 2087 a
1611 2055 1678 2088 iure
1704 2057 1753 2088 vel
1777 2057 1816 2089 ab

1075 2108 1213 2148 1101111110,
1238 2108 1346 2151 quavis
1371 2108 1536 2141 occasione
1561 2109 1607 2141 vel
1626 2112 1719 2142 causa
1737 2110 1815 2149 latis,

1075 2162 1100 2194 si
1132 2162 1246 2205 quibus
1282 2161 1521 2205 quomodolIbet
1554 2162 1718 2195 innodatae
1752 2164 1816 2196 exi·
1864 2158 1871 2165 ’

1075 2220 1168 2259 stunt,
1186 2216 1224 2248 ad
1249 2216 1394 2249 effectum
1419 2216 1631 2259 praesentium
1656 2217 1815 2251 dumtaxat

1075 2269 1348 2313 consequendum,
1373 2269 1486 2301 harum
1513 2269 1593 2302 serie
1619 2270 1817 2304 absolventes

1075 2328 1105 2356 et
1121 2323 1280 2356 absolutas
1297 2323 1364 2355 sore
1385 2327 1563 2363 censentes,
1582 2328 1669 2356 motu
1687 2325 1816 2368 proprio

1075 2381 1104 2412 et
1128 2388 1164 2410 ex
1189 2379 1274 2410 certa
1299 2377 1428 2411 scientia
1460 2377 1598 2419 nostris,
1623 2378 1817 2421 praeinserta

1075 2431 1211 2475 capitula
1234 2431 1437 2471 huiusmodi,
1463 2431 1540 2465 citra
1570 2434 1672 2464 tamen
1696 2432 1819 2476 dispen-

1076 2486 1228 2519 sationem
1263 2495 1356 2529 super
1391 2489 1503 2528 quarto
1528 2489 1600 2518 voto
1625 2485 1816 2527 huiusmodi,

1075 2540 1248 2584 apostolica
1260 2539 1455 2580 auctoritate,
1471 2544 1578 2572 tenore
1591 2540 1815 2584 praesentium,

1075 2593 1288 2637 approbamus
1313 2598 1342 2626 et
1366 2593 1599 2634 confirmamus,
1625 2593 1749 2637 illisque
1769 2594 1817 2626 in-

1859 1584 1954 1604 tubanus
1966 1589 2015 1603 eon-

1832 1613 1897 1630 100111
1918 1611 2012 1636 1111114113

1831 1638 1929 1663 capitula.

1892 2361 1966 2381 Reserx
1973 2361 2016 2381 atio

1833 2390 1902 2414 quarti
1920 2390 1969 2409 voti.

303 2645 439 2691 capitula
463 2651 492 2679 et
516 2645 739 2692 quodcumque
759 2647 903 2692 illorum,
921 2652 951 2682 et
972 2659 1043 2684 eon·
1075 2647 1229 2682 violabilis
1247 2647 1437 2692 apostolicae
1453 2647 1611 2681 firmitatis
1628 2647 1726 2681 robur
1743 2647 1817 2680 adii-
