2269 3235
275 242 323 266 Λιι.
339 241 365 268 (ἶ,
392 240 456 266 1627

312 838 456 857 ‹mutati-itui<

272 871 282 883 u
301 871 340 883 unu
358 872 380 883 ,is
404 865 455 884 etar-

272 895 326 914 Ιυιιιιι·
350 891 456 916 uululgeu-

504 231 566 264 520

474 289 620 321 ell'ectiuu
657 287 868 331 praesentium
906 287 1067 319 dumtaxat
1102 296 1211 319 eonsc-

481 341 650 384 quendum,
668 341 780 372 liaruui
799 340 879 372 serie
900 339 1095 371 absolventes
1119 340 1214 372 etab-

473 396 589 427 solutas
621 396 688 427 sore
719 398 880 425 censentes
898 419 905 433 ,
931 392 1212 436 supplicationibus

473 448 545 480 ‹lit-ti
572 447 729 479 Michaelis
753 446 886 489 Adolplii
912 446 1004 479 nobis
1034 457 1129 490 super
1152 447 1213 480 1ιο6

474 500 632 533 luuuiliter
652 499 806 543 porrectis
831 499 979 543 inclinati,
1005 500 1212 533 confraterni-

474 560 565 586 tatem
581 553 784 597 praedictam,
799 553 957 594 canonice,
972 558 1006 586 ut
1023 554 1212 597 praefertur,

474 606 655 646 institutam,
681 606 711 638 iu
736 606 1125 650 archiconfraternitatem,
1148 607 1213 640 sinc

474 666 575 693 tamen
608 660 835 703 cuiuscuu‘iquc
860 661 1065 705 praeiudicio,
1091 666 1214 705 aposto-

472 715 530 747 lica
555 714 749 755 auctoritate,
769 720 876 748 tenore
902 715 1125 759 praesentium,
1146 726 1214 759 per-

471 774 566 811 petuo
592 767 744 810 erigimus
769 772 798 801 et
822 768 1022 802 instituimus.

516 824 531 865 g·
555 822 584 854 a.
616 822 660 855 Ac
692 822 820 865 insuper
849 822 995 854 omnibus
1019 826 1049 854 et
1082 821 1213 864 singulis

472 875 750 915 eluistifidelibus,
775 875 828 919 qui
860 875 974 907 dictam
1000 875 1213 908 arcliiconfra-

473 929 651 963 ternitatem
669 929 706 962 dc
723 934 828 962 cetero
846 927 1085 971 ingredient,ur¹,
1104 929 1212 972 plena-

472 983 570 1022 riam;
595 993 718 1015 necnon
742 982 908 1025 descriptis
933 986 963 1014 et
987 993 1045 1025 pro
1070 986 1213 1025 tempore

471 1036 685 1069 describendis
700 1036 731 1067 in
745 1035 853 1068 cadem
867 1035 1213 1068 arcliieonfratcrnitate

471 1089 727 1122 eluistitidelibus
742 1089 773 1121 in
786 1088 952 1121 cuiuslibet
972 1098 1082 1121 eorum
1102 1088 1213 1121 mortis

471 1144 624 1185 articulo,
651 1143 703 1187 qui
728 1153 843 1176 nomen
868 1144 937 1175 Iesu
965 1153 1020 1175 ore
1044 1142 1093 1175 vel
1118 1141 1213 1175 corde

472 1197 694 1237 invocaveriut,
719 1200 749 1230 et
773 1196 908 1228 animam
935 1206 1025 1228 suam
1042 1196 1105 1228 Deo
1131 1206 1214 1228 com-

471 1251 684 1283 mendaveriut
701 1277 708 1290 ,
735 1250 828 1283 etiam
861 1249 1053 1293 plenariam,
1075 1260 1111 1282 ac
1137 1249 1213 1293 ipsis

470 1315 553 1337 nunc
578 1308 607 1338 ct
632 1315 690 1347 pro
716 1309 857 1347 tempore
882 1303 1087 1336 existentibus
1112 1303 1213 1336 dictae

471 1357 826 1391 areliieonl'rateruitatis
837 1357 1048 1399 confratribus
1058 1367 1131 1389 vere
1141 1368 1214 1400 quo-

472 1422 533 1457 que
556 1411 788 1455 poenitentiluis
813 1416 843 1443 et
867 1411 1018 1444 confessis
1051 1421 1086 1443 ac
1123 1412 1213 1443 sacra

472 1466 693 1499 communione
719 1465 852 1507 resectis,
878 1465 931 1508 qui
956 1464 1096 1497 eiusdem
1115 1464 1214 1497 arelli-

472 1520 737 1553 confraternitatis
761 1519 925 1552 ecclesiam
956 1519 1004 1551 vel
1037 1519 1213 1563 cappellam

472 1584 527 1606 seu
540 1573 713 1607 oratorium
731 1573 781 1605 die
799 1574 876 1606 festo
893 1572 1126 1616 Assumptionis
1144 1573 1215 1605 bea-

473 1632 520 1660 tae
546 1627 659 1660 Mariae
685 1627 821 1670 Virginis
841 1638 858 1659 a
879 1627 990 1670 primis
1008 1627 1147 1670 vesperis
1167 1637 1214 1659 us-

472 1691 533 1725 quc
558 1681 596 1712 ad
613 1691 759 1713 occasum
777 1680 851 1713 solis
871 1680 932 1713 diei
949 1679 1128 1713 huiusmodi
1146 1690 1214 1723 pre-

473 1745 524 1768 ces
538 1734 715 1775 effuderint,
728 1734 900 1777 plenariam
915 1733 1059 1767 similiter
1072 1733 1212 1766 omnium

473 1793 675 1832 peccatorum
705 1798 835 1821 suorum
860 1787 1087 1831 indulgentiam
1113 1791 1142 1821 et
1165 1797 1214 1820 re-

473 1842 656 1875 missionem
674 1842 922 1875 misericorditer
942 1841 973 1874 in
992 1841 1126 1875 Domino
1143 1851 1215 1874 con-

473 1897 622 1930 cedimus.
644 1897 777 1940 Insuper
794 1895 921 1938 eisdem,
941 1906 1013 1929 vere
1030 1895 1216 1940 poenitenti-

472 1950 531 1983 bus
563 1954 592 1984 ct
624 1950 773 1982 confessis
806 1960 841 1981 ac
874 1950 964 1982 sacra
993 1949 1215 1982 commuuione

473 2004 608 2044 resectis,
626 2003 790 2036 eeclesiam
809 2003 857 2036 vel
881 2003 1058 2047 cappellam
1078 2013 1133 2036 seu
1150 2013 1216 2036 ora-

474 2058 590 2092 torium
614 2057 796 2091 huiusmodi
821 2058 852 2090 in
877 2057 1062 2098 Nativitatis,
1088 2057 1215 2090 Annun-

474 2112 617 2145 ciationis
643 2116 671 2146 et
690 2112 920 2145 Purificationis
946 2111 1085 2144 eiusdem
1107 2111 1215 2145 beatae

474 2166 588 2199 Mariae
599 2166 735 2209 Virginis
751 2166 837 2198 sestis
848 2165 968 2207 dicbus,
982 2169 1016 2197 ut
1028 2164 1215 2208 praefertur,

475 2219 669 2252 visitantibus
694 2224 724 2252 et
747 2219 865 2251 ibidem
890 2218 1062 2260 orantibus,
1083 2228 1145 2261 quo
1166 2217 1216 2251 die

474 2273 708 2316 praedictorum
728 2272 757 2305 id
774 2272 905 2315 egerint,
931 2277 1049 2315 septem
1068 2282 1165 2305 annos
1187 2276 1217 2304 et

475 2327 604 2360 totidem
630 2327 865 2370 quadragenas,
884 2326 937 2370 qui
959 2336 1033 2358 vcro
1053 2325 1084 2358 in
1105 2325 1217 2358 festivi-

475 2380 590 2412 tatibus
621 2380 794 2413 Nativitatis
819 2385 849 2412 et
874 2379 1033 2412 Paschatis
1063 2378 1216 2412 Resurre-

478 2433 588 2467 ctiouis
604 2434 728 2467 Domini
740 2438 770 2467 et
783 2434 982 2467 Pentecostes
997 2443 1119 2466 sacram
1136 2442 1217 2466 eom-

476 2488 657 2521 munionem
682 2488 894 2531 sumpserint,
920 2492 949 2521 ct
973 2487 1137 2520 ecclesiam
1162 2497 1217 2520 seu

477 2541 651 2574 oratorium
675 2541 857 2575 huiusmodi
882 2541 914 2574 in
938 2541 1218 2586 dictis-festivitati-

512 2656 523 2681 1
542 2655 612 2683 Edit.
628 2655 710 2684 Μαίη.
726 2656 790 2693 legit
806 2657 990 2693 ingredietur
1007 2658 1048 2693 (u.
1065 2658 1114 2694 12).

1055 238 1235 263 BULLARlUM
1257 238 1407 263 ROMANUM

1246 286 1303 318 bus
1317 285 1521 326 visitaverint,
1535 290 1565 318 et
1581 286 1740 319 oraverint
1752 291 1786 320 ut
1801 286 1986 331 praefertur,

1247 338 1397 383 quotidie¹
1412 339 1645 383 maledictarum
1661 340 1858 373 festivitatum
1876 341 1905 374 id
1919 352 1987 383 ege-

1246 393 1318 434 rint,
1344 393 1487 427 similitcr
1508 398 1627 437 septem
1645 403 1752 427 annos.
1770 394 1895 433 Quoties
1912 405 1986 428 vcro

1246 447 1320 480 dicti
1338 448 1511 481 confratres
1528 457 1676 480 eoronam
1691 458 1708 480 a
1725 447 1753 480 S.
1771 447 1987 482 Bonaventura

1247 500 1419 533 institutam
1440 500 1576 534 secunda
1594 500 1671 533 seria
1688 500 1854 534 cuiuslibet
1872 501 1987 534 mensis

1247 558 1276 588 et
1293 554 1342 587 dic
1355 553 1670 588 Commemorationis
1687 554 1829 587 omniurn
1847 554 1986 588 fidelium

1247 608 1466 642 defunctorum
1486 618 1545 652 pro
1565 607 1750 641 eorumdem
1767 607 1986 641 defunctorum

1248 661 1411 695 animabus
1424 661 1635 702 recitaverint,
1651 666 1684 694 ut
1701 661 1810 694 iisdem
1825 661 1987 694 animabus

1247 726 1303 759 per
1327 715 1457 749 modum
1482 715 1623 758 suffragii
1658 714 1753 747 trium
1778 725 1933 748 annorum
1958 720 1988 748 et

1248 768 1377 802 totidem
1402 768 1677 813 quadragenarum
1694 768 1921 811 indulgentiam
1937 779 1989 812 ap-

1246 822 1365 866 plicare
1389 823 1519 866 possint,
1546 822 1757 856 concedimus.
1783 823 1911 856 Necnon
1928 822 1988 855 eis-

1247 875 1317 907 dem
1343 875 1552 909 confratribus
1569 876 1624 919 qui
1644 875 1780 917 contriti,
1802 881 1832 909 et
1848 876 1988 909 animum

1247 939 1304 961 suo
1319 933 1460 972 tempore
1477 928 1647 962 confitendi
1664 929 1824 970 habentes,
1837 940 1987 963 eoronam

1246 982 1370 1015 Domini
1395 982 1526 1025 singulis
1550 981 1660 1015 diebus
1685 982 1850 1016 dominicis
1879 984 1989 1017 devote

1247 1035 1470 1076 recitaverint,
1503 1040 1629 1068 centum
1662 1035 1728 1068 dies
1756 1046 1815 1079 pro
1851 1036 1989 1079 qualibet

1248 1088 1331 1129 vice,
1350 1088 1403 1132 qui
1420 1099 1495 1122 vero
1512 1088 1654 1122 eamdem
1672 1099 1821 1122 coronam
1839 1089 1987 1132 quotidie,

1248 1147 1281 1175 ut
1304 1143 1492 1186 praefertur,
1517 1142 1736 1183 recitaverint,
1761 1143 1990 1187 quinquaginta

1248 1196 1314 1229 dies
1339 1206 1399 1240 pro
1423 1196 1563 1239 qualibet
1588 1196 1671 1236 vice,
1704 1195 1766 1229 illis
1789 1207 1864 1229 vero
1889 1196 1990 1229 dictae

1248 1249 1573 1282 areliiconfraternitat
1580 1249 1604 1282 is
1613 1248 1833 1289 confratribus,
1841 1249 1893 1292 qui
1903 1260 1991 1292 prae-

1248 1303 1364 1335 dictam
1389 1303 1553 1336 ecclesiam
1583 1303 1631 1336 vel
1648 1303 1822 1347 cappellam
1840 1314 1895 1336 seu
1923 1314 1990 1336 ora-

1248 1356 1365 1389 torium
1390 1356 1502 1389 diebus
1523 1356 1693 1389 stationum
1713 1357 1813 1389 almae
1831 1357 1923 1390 Urbis
1939 1367 1991 1390 no-

1248 1415 1330 1442 strae
1347 1409 1549 1452 visitaverint,
1568 1415 1607 1451 et,
1625 1415 1658 1442 ut
1682 1410 1870 1454 praefertur,
1885 1421 1990 1444 orave-

1247 1463 1320 1504 rint,
1335 1463 1399 1495 sive
1416 1462 1510 1495 etiam
1528 1462 1671 1495 eamdem
1689 1473 1839 1496 coronam
1854 1463 1991 1498 dixerint

1247 1527 1305 1560 pro
1341 1516 1505 1549 animabus
1537 1516 1780 1559 defunctorum,
1812 1522 1847 1549 ut
1880 1517 1990 1550 iisdem

1247 1570 1411 1603 animabus
1431 1570 1607 1614 praedictas
1627 1570 1837 1614 indulgentias
1853 1582 1911 1615 per
1927 1582 1992 1604 mo-

1248 1624 1323 1656 dum
1350 1623 1492 1667 suffragii
1517 1624 1675 1668 applicare
1698 1624 1819 1667 possint
1847 1624 1990 1658 similiter

1249 1676 1458 1710 concedimus.
1480 1677 1613 1721 Insuper
1631 1677 1748 1710 eisdem
1769 1677 1990 1717 confratribus,

1248 1730 1301 1774 qui
1316 1730 1453 1771 contriti,
1468 1735 1496 1763 et
1508 1741 1564 1763 suo
1578 1736 1720 1774 tempore
1735 1730 1903 1764 confitendi
1921 1742 1992 1774 pro-

1248 1784 1384 1828 positum
1412 1784 1577 1827 habentes,
1605 1784 1861 1829 Jssvi‘ocessionibus
1890 1785 1996 1818 dietae<

1248 1838 1603 1872 arcliieonfraternitatis
1634 1839 1745 1872 devote
1770 1839 1990 1881 interfuerint,

1249 1903 1304 1925 seu
1328 1892 1423 1926 etiam
1448 1893 1501 1936 qui
1520 1893 1633 1925 missae
1651 1897 1681 1926 et
1699 1891 1811 1925 divinis
1828 1893 1939 1926 officiis
1960 1893 1992 1925 in

1249 1946 1382 1979 ecclesia
1407 1957 1461 1979 seu
1485 1946 1625 1980 oratorio
1649 1946 1748 1990 ipsius
1777 1946 1990 1980 archiconfra-

1250 2000 1404 2032 ternitatis
1428 2010 1487 2044 pro
1512 2004 1656 2044 tempore
1682 1999 1877 2033 celebrandis
1897 2006 1927 2033 et
1946 2011 1992 2034 re-

1250 2053 1382 2086 citandis
1399 2053 1532 2096 singulis
1552 2053 1663 2086 diebus
1681 2052 1825 2087 similiter
1842 2054 1989 2088 interfue-

1250 2107 1322 2148 rint,
1356 2112 1482 2140 centum
1513 2107 1595 2147 dies,
1627 2117 1750 2141 necnon
1782 2107 1911 2149 eisdem,
1937 2109 1990 2152 qui

1250 2161 1386 2204 contriti,
1413 2167 1446 2194 ut
1466 2172 1571 2205 supra,
1600 2161 1815 2195 sanctissimae
1840 2162 1987 2194 euchari-

1251 2214 1326 2247 stiae
1350 2219 1592 2255 saeramentum,
1618 2225 1690 2247 cum
1714 2214 1752 2247 ad
1777 2214 1920 2248 infirmos
1937 2214 1991 2248 de-

1250 2270 1359 2310 fertur,
1380 2269 1519 2302 comitati
1544 2268 1670 2309 suerint,
1684 2268 1822 2312 quinque
1847 2279 1944 2302 annos
1961 2275 1992 2302 et

1251 2322 1380 2356 totidem
1407 2322 1642 2366 quadragenas3
1668 2323 1721 2366 qui
1750 2332 1825 2355 vero
1856 2333 1992 2367 corpora

1250 2376 1472 2409 defunctorum
1509 2376 1704 2410 confratrum
1740 2377 1920 2410 huiusmodi
1953 2376 1992 2409 ad

1251 2431 1444 2475 sepulturam
1469 2430 1701 2473 associaverint,
1727 2430 1791 2464 sive
1816 2431 1992 2464 anniversa-

1251 2485 1306 2518 riis
1331 2484 1518 2518 corumdem
1550 2484 1745 2518 confratrum
1770 2484 1991 2519 defunctorum

1252 2538 1460 2582 interfuerint,
1482 2543 1512 2572 et
1530 2548 1588 2583 pro
1608 2538 1720 2572 iisdem
1737 2538 1901 2573 animabus
1924 2538 1991 2583 pias

1287 2657 1298 2685 1
1317 2655 1417 2685 Forsan
1431 2655 1577 2693 legendum
1593 2663 1648 2693 quo
1664 2656 1711 2686 die
1733 2656 1768 2693 (n.
1785 2655 1834 2692 T.).

2001 240 2050 268 An.
2064 239 2093 268 C.
2114 238 2181 268 162⁷
