2269 3235
105 301 154 329 An.
172 300 201 329 C.
223 299 292 329 162⁴

146 1638 258 1660 Confirmat
268 1638 303 1659 hic

119 1666 216 1687 Pontifex
226 1666 304 1686 eonsti-

119 1693 304 1718 tutionespraece-

119 1719 212 1743 dentes,
230 1722 251 1739 et
267 1719 305 1739 de-

121 1746 187 1767 tectus
202 1746 293 1772 supplet.

4 3183 17 3235 *a*
0 2975 20 3111 ‘'7¹“

912 295 1054 321 URBANUS
1078 294 1135 320 vm
1157 295 1206 320 1³1³.

302 345 457 380 nobilium
482 349 512 381 et
535 344 705 380 illustrium
728 342 881 378 beneficia
905 343 956 376 illa
980 343 1044 376 sue-

304 400 378 441 rint,
399 399 457 433 sub
481 399 637 434 dictorum
661 398 941 444 praedecessorum
974 407 1045 431 con-

304 454 518 488 stitutionibus
553 459 584 488 et
618 451 881 487 declarationibus
916 451 1043 484 omnino

305 507 530 552 comprehendi
557 512 588 541 et
621 505 756 547 includi,
781 511 811 539 et
835 505 874 538 ab
899 503 1045 538 omnibus

305 561 537 606 comprehensa
559 565 590 594 et
617 559 737 593 inclusa
753 558 874 592 censeri
890 557 998 598 voluit,
1016 562 1046 590 et

306 614 345 647 ad
369 614 557 647 solutionem
589 611 854 657 quindenniorum
884 610 984 644 teneri
1016 614 1046 643 et

306 667 461 711 obligatos
485 676 562 708 esse,
587 671 617 699 et
640 665 679 698 ad
704 665 734 698 id
759 664 829 708 cogi
854 669 884 698 et
900 663 1046 708 compelli

306 731 399 765 posse
424 719 602 754 declaravit.
628 718 846 762 Mandavitque
869 718 970 751 bonae
986 727 1049 750 me-

307 774 427 807 moriae
450 772 627 807 Alexandro
644 771 799 813 Gloriero,
818 781 962 804 camerae
978 780 1050 814 apo-

308 827 436 861 stolicae
460 826 576 860 clerico
597 830 628 859 et
651 830 835 858 annatarum
853 830 926 858 tunc
943 823 1048 865 iudici,

308 885 366 921 ut,
401 891 460 924 pro
494 879 627 913 faciliori
662 879 862 923 indagatione
896 878 1049 912 unionum

308 933 554 977 praedictarum,
572 933 678 967 omnia
697 938 728 966 et
752 933 876 976 singula
892 931 1052 966 cathedra-

309 986 397 1027 lium,
412 986 507 1020 etiam
525 987 851 1031 metropolitanarum,
865 990 895 1020 et
908 985 1052 1028 collegia-

310 1044 415 1072 tarum
439 1040 645 1073 ecclesiarum
678 1040 814 1084 capitula
846 1045 877 1073 et
900 1039 960 1072 alia
983 1039 1052 1072 loca

311 1093 363 1137 pia
385 1093 545 1138 praedicta
576 1099 721 1127 moneret
745 1099 775 1126 et
798 1093 996 1136 requireret,
1020 1095 1054 1125 ut

312 1147 576 1191 promererentur
607 1148 711 1181 medio
740 1147 917 1180 iuramento
948 1146 1054 1179 omnia

313 1205 343 1233 et
374 1201 498 1244 singula
529 1201 683 1234 beneficia
715 1200 945 1240 ecclesiastica,
974 1209 1053 1243 quac

313 1254 423 1297 vigore
457 1255 608 1288 similium
640 1254 794 1287 unionum
818 1252 1056 1298 quomodolibet

313 1307 531 1352 possidebant,
555 1308 747 1351 illorumque
771 1316 891 1339 annuos
915 1306 1055 1346 valores,

314 1361 400 1393 iuxta
423 1360 555 1405 praefati
580 1360 625 1393 Pii
649 1360 673 1392 V
704 1359 957 1404 praedecessoris
981 1369 1056 1392 con-

315 1415 501 1456 stitutiones,
519 1424 592 1448 cum
617 1414 761 1448 facultate
788 1414 903 1447 citandi
928 1418 958 1446 et
982 1413 1058 1446 inhi-

315 1467 421 1509 bendi,
445 1471 479 1502 ut
502 1467 577 1501 alias
602 1467 634 1500 in
658 1467 770 1501 litteris
796 1467 827 1499 in
852 1468 954 1500 forma
984 1467 1059 1500 Bre-

317 1521 362 1554 vis
386 1521 444 1553 sub
468 1520 541 1554 data
566 1530 619 1554 xiv
650 1520 725 1553 maii
750 1530 917 1555 MDLxxxvl
943 1520 1060 1554 dicitur

317 1574 472 1609 contineri
484 1573 502 1607 ¹.

363 1630 378 1673 ξ
402 1629 431 1662 1.
457 1629 533 1663 Cum
558 1633 682 1670 autem,
711 1628 791 1662 sicut
821 1629 1001 1673 accepimus
1031 1633 1062 1661 et

319 1682 399 1715 sicut
423 1682 515 1716 etiam
535 1682 627 1716 nobis
652 1682 802 1723 innotuit,
826 1682 927 1715 adsint
951 1692 1061 1726 quam-

318 1737 474 1781 plurimae
498 1737 631 1770 uniones
655 1742 686 1770 et
702 1737 927 1781 applicationes
944 1747 962 1769 a
978 1736 1062 1769 dicto

319 1796 463 1835 tempore
487 1791 566 1825 citra
589 1792 687 1825 factae
702 1818 709 1832 ‚
741 1801 877 1835 quarum
903 1791 1015 1824 notitia
1046 1801 1063 1823 a

321 1846 447 1878 camera
471 1849 502 1878 et
525 1845 714 1878 cancellaria
736 1844 918 1888 apostolicis
935 1843 1060 1877 deside-

321 1903 419 1938 ratur3
428 1898 569 1931 volentes
581 1898 688 1942 igitur,
700 1903 763 1931 tam
781 1908 924 1932 camerae
937 1903 1064 1931 nostrae

323 1952 533 1996 apostolicae,
557 1962 652 1996 quam
677 1952 904 1985 venerabilium
929 1952 1064 1984 fratrum

321 2008 505 2039 nostrorum
518 2010 642 2038 sanctae
655 2005 813 2039 Romanae
828 2005 986 2038 Ecclesiae
1000 2015 1067 2038 car-

322 2057 475 2091 dinalium
500 2058 645 2101 collegio,
663 2068 698 2091 ac
715 2057 836 2091 dilectis
856 2058 928 2091 filiis
948 2057 1065 2091 nostris

323 2111 529 2145 cancellariae
544 2111 735 2155 apostolicae
752 2112 949 2152 officialibus,
963 2111 1002 2144 de
1015 2121 1067 2144 an-

322 2165 403 2199 natis
422 2164 697 2209 participantibus,
715 2165 891 2206 consulere,
912 2169 999 2198 motu
1024 2165 1065 2198 si—

325 2218 402 2260 mili,
419 2224 449 2252 et
463 2229 500 2252 ex
517 2220 604 2252 certa
620 2218 750 2252 scientia
765 2220 884 2260 nostra,
902 2229 1068 2263 quascum-

325 2284 386 2317 que
421 2279 486 2307 tam
517 2273 576 2306 sub
610 2273 742 2318 plumbo
774 2284 868 2317 quam
900 2273 932 2306 in
965 2273 1066 2307 forma

325 2326 432 2360 Brevis
445 2332 475 2360 et
488 2332 592 2360 motus
608 2327 732 2372 proprii
749 2327 868 2361 litteras
882 2327 1067 2361 eorumdem

327 2380 373 2413 Pii
403 2386 435 2414 et
461 2380 539 2414 Sixti
562 2381 604 2422 V,
634 2391 758 2414 necnon
792 2391 1068 2425 quorumcumque

327 2433 463 2467 aliorum
487 2434 702 2469 Romanorum
726 2435 913 2469 Pontificum
939 2435 1070 2480 praede-

328 2497 490 2521 cessorum
513 2493 706 2530 nostrorum,
723 2499 818 2534 super
835 2488 991 2523 solutione
1015 2499 1069 2522 an-

328 2546 484 2582 natarum‚
508 2542 736 2583 communium,
754 2543 1020 2587 quindenniorum
1041 2548 1071 2577 et

329 2595 465 2629 aliorum
483 2595 610 2638 iurium,
623 2600 687 2629 tam
704 2596 826 2630 ratione
842 2597 1070 2642 provisionum,

368 2668 380 2696 ¹
397 2667 561 2696 Huiusmodi
580 2667 619 2695 Pii
639 2667 659 2694 V
679 2671 707 2696 et
724 2667 789 2696 sixti
807 2669 827 2696 V
847 2669 954 2699 constit.
974 2669 1072 2697 citatae

330 2712 442 2743 ruerunt
459 2714 488 2742 in
506 2717 572 2743 nota
588 2713 624 2743 ad
642 2713 780 2744 rubricam
793 2716 832 2752 (a.
848 2716 896 2750 τ.).

1076 353 1131 376 seu
1154 342 1307 376 unionum
1335 346 1559 387 perpetuarum
1589 351 1817 385 quorumcum-

1077 407 1137 440 que
1150 396 1378 430 beneficiorum
1395 395 1679 429 ecclesiasticorum
1698 406 1754 439 per
1767 395 1819 429 Se-

1077 450 1147 482 dem
1162 450 1373 494 Apostolicam
1387 449 1538 483 factarum
1552 454 1582 482 et
1594 448 1819 489 faciendarum,

1078 503 1187 543 editas,
1200 503 1401 536 confirmatas
1412 507 1442 537 et
1455 503 1626 543 innovatas,
1636 513 1708 536 cum
1723 501 1820 536 omni-

1078 556 1139 589 bus
1162 556 1319 598 clausulis,
1344 556 1488 597 decretis,
1508 556 1765 600 derogationibus
1785 566 1821 588 ac

1080 610 1221 644 censuris
1245 616 1276 644 et
1300 610 1410 654 poenis
1427 611 1458 642 in
1475 611 1536 643 illis
1552 611 1717 650 contentis,
1742 620 1818 642 nco-

1080 673 1143 697 non
1167 663 1273 697 omnia
1304 668 1334 697 et
1366 663 1489 706 singula
1518 674 1575 707 per
1604 673 1823 707 quoscumque

1081 717 1218 758 iudices,
1243 721 1453 761 exequutores
1477 721 1508 750 et
1531 717 1764 749 commissarios
1794 716 1825 748 in

1083 771 1265 816 praemissis
1282 776 1313 804 et
1332 771 1415 805 circa
1432 781 1467 804 ea
1484 770 1722 815 quomodolibet
1739 774 1826 813 gesta

1084 828 1113 858 et
1129 829 1294 868 exequuta,
1308 828 1338 858 et
1351 824 1422 857 inde
1436 824 1576 867 legitime
1591 828 1724 867 sequuta
1736 834 1827 867 quac-

1084 889 1218 922 cumque
1236 877 1405 923 (quorum¹
1419 882 1555 918 tenores,
1572 888 1608 912 ac
1630 878 1655 910 si
1675 877 1714 910 de
1731 877 1828 909 verbo

1084 931 1123 965 ad
1140 932 1271 965 verbum
1292 932 1343 965 hic
1361 932 1469 965 inserti
1486 937 1600 971 essent,
1617 942 1675 975 pro
1693 931 1785 975 plene
1799 936 1829 962 et

1085 986 1276 1019 sufficienter
1293 986 1450 1030 expressis
1464 991 1494 1018 et
1510 985 1636 1018 insertis
1653 984 1828 1027 habentes),

1086 1039 1271 1073 auctoritate
1284 1039 1467 1083 apostolica,
1481 1044 1591 1072 tenore
1606 1038 1829 1082 praesentium,

1086 1093 1301 1136 approbamus
1318 1098 1349 1126 et
1366 1093 1602 1133 confirmamus,
1620 1101 1744 1125 necnon
1770 1091 1830 1124 illis

1087 1150 1258 1189 perpetuae
1282 1151 1313 1179 et
1336 1145 1566 1188 irrefragabilis
1595 1145 1753 1178 firmitatis
1778 1155 1830 1178 ro-

1087 1199 1147 1231 bur
1163 1199 1339 1240 adiicimus,
1356 1209 1529 1242 omnesque
1549 1204 1579 1232 et
1594 1199 1734 1242 singulos
1755 1199 1832 1231 iuris

1088 1255 1118 1285 et
1145 1252 1217 1285 facti
1248 1262 1284 1285 ac
1315 1252 1393 1285 alios
1418 1252 1573 1293 defectus,
1599 1252 1625 1285 si
1649 1252 1703 1295 qui
1727 1252 1832 1284 forsan

1089 1305 1316 1338 intervenerint
1332 1306 1363 1338 in
1380 1305 1510 1346 eisdem,
1524 1306 1720 1349 supplemus,
1740 1310 1833 1349 atque

1091 1358 1158 1392 illas
1174 1364 1204 1392 et
1223 1359 1287 1400 illa,
1301 1364 1456 1403 quatenus
1472 1370 1552 1403 opus
1569 1359 1619 1399 sit,
1637 1359 1833 1392 innovamus.

1137 1413 1152 1456 ξ
1178 1412 1208 1446 02.
1234 1413 1414 1446 Mandantes
1438 1417 1606 1457 propterca
1630 1412 1745 1445 dilecto
1769 1412 1835 1445 silio

1093 1466 1245 1509 magistro
1260 1467 1453 1511 Hieronymo
1471 1466 1656 1511 Raymundo
1672 1465 1772 1499 dictae
1787 1476 1837 1499 ca-

1094 1531 1199 1554 merae
1224 1521 1340 1554 clerico
1358 1521 1422 1564 (cui
1447 1531 1549 1564 nuper
1573 1531 1591 1553 a
1614 1520 1712 1553 felicis
1729 1531 1837 1553 recor-

1094 1574 1227 1607 dationis
1241 1574 1395 1617 Gregorio
1408 1574 1459 1607 XV
1472 1574 1716 1618 praedecessore
1729 1579 1838 1607 nostro

1094 1639 1204 1662 omnes
1229 1633 1259 1662 et
1283 1628 1426 1671 singulae
1451 1638 1563 1661 causae
1583 1628 1665 1661 inter
1689 1627 1839 1661 dilectum

1095 1682 1196 1715 filium
1232 1681 1406 1726 Gasparem
1438 1681 1604 1714 Rivaldum
1637 1681 1840 1714 cancellariae

1096 1735 1288 1780 apostolicae
1313 1735 1494 1778 generalem
1519 1735 1785 1768 subcollectorem
1804 1744 1841 1767 ex

1097 1791 1170 1830 una,
1196 1794 1227 1822 et
1249 1798 1466 1833 quascumque
1490 1788 1767 1831 congregationes,
1793 1798 1841 1820 ca-

1098 1844 1207 1888 pitula,
1233 1843 1375 1886 collegia,
1400 1843 1469 1876 loca
1492 1842 1545 1886 pia
1569 1847 1599 1874 et
1616 1842 1742 1885 quasvis
1766 1841 1842 1874 alias

1098 1907 1250 1942 personas
1263 1907 1301 1930 ex
1313 1897 1411 1930 altera
1420 1896 1574 1940 partibus,
1583 1906 1677 1939 super
1687 1896 1843 1928 solutione

1098 1949 1295 1992 armatarum,
1306 1950 1524 1984 communium
1535 1954 1565 1983 et
1577 1950 1712 1983 aliorum
1726 1949 1843 1982 iurium

1099 2004 1366 2050 quindenniorum
1381 2004 1567 2037 eorumdem
1590 2003 1778 2037 commissae
1799 2013 1844 2036 re-

1099 2059 1279 2104 periuntur)
1300 2063 1331 2091 et
1354 2058 1424 2091 aliis
1448 2058 1481 2090 in
1504 2057 1570 2090 eius
1590 2057 1695 2090 locum
1712 2067 1770 2100 per
1787 2066 1844 2090 nos

1100 2113 1147 2147 vel
1172 2122 1371 2146 successores
1396 2116 1522 2145 nostros
1542 2110 1752 2154 subrogandis
1768 2109 1845 2143 iudi-

1099 2166 1199 2207 cibus,
1223 2171 1268 2207 ut,
1285 2176 1345 2210 pro
1369 2164 1504 2198 faciliori
1528 2164 1729 2207 indagatione
1753 2163 1845 2197 unio-

1099 2231 1193 2261 num,
1218 2219 1447 2259 annexionum‚
1472 2218 1765 2262 incorporationum
1790 2228 1847 2251 seu

1100 2274 1348 2319 applicationum
1365 2272 1611 2317 praedictarum,
1625 2272 1731 2305 omnia
1743 2277 1774 2305 et
1787 2272 1846 2305 sin-

1101 2329 1174 2372 gula
1199 2327 1358 2371 capitula,
1383 2326 1533 2369 collegia,
1560 2325 1823 2369 congregationes
1838 2353 1845 2367 ‚

1102 2381 1281 2422 seminaria,
1306 2380 1472 2414 societates
1485 2384 1516 2412 et
1532 2379 1592 2412 alia
1608 2379 1677 2412 loca
1693 2379 1745 2423 pia
1758 2390 1847 2422 prac-

1102 2436 1193 2477 dicta,
1206 2445 1381 2478 eorumque
1398 2434 1556 2478 praelatos
1569 2436 1600 2467 et
1612 2438 1846 2477 procuratores,

1103 2489 1142 2523 ad
1165 2488 1368 2522 indicandum
1392 2493 1423 2520 et
1446 2487 1660 2531 profitendum
1678 2487 1782 2520 medio
1803 2487 1847 2520 iu-

1104 2547 1247 2576 ramento
1282 2541 1388 2576 omnia
1422 2545 1453 2573 et
1483 2541 1607 2584 singula
1634 2540 1825 2574 monasteria
1839 2568 1847 2583 ,

1104 2597 1283 2641 prioratus,
1312 2594 1570 2639 praeposituras,
1595 2595 1846 2639 praepositatus,

1105 2650 1302 2696 parochiales
1326 2649 1474 2682 ecclesias
1498 2654 1529 2682 et
1551 2648 1612 2682 alia
1630 2659 1848 2694 quaecumque

1143 2716 1154 2743 1
1172 2713 1264 2744 Potius
1278 2720 1311 2743 ex
1324 2717 1393 2751 synt.
1409 2712 1557 2750 legendum
1571 2722 1673 2743 eorum
1687 2715 1728 2751 (u.
1743 2712 1793 2749 rss).

1718 283 1783 318 163
1828 293 1877 321 An.
1895 293 1922 321 c.
1946 293 2015 321 162⁴

1896 1426 2035 1451 Exequutoris

1851 1453 1968 1478 deputatio.
