2269 3235
105 267 152 293 An.
170 265 199 293 C.
220 264 288 293 1626

155 806 287 827 Obstantium

106 833 215 858 (inrogant)

138 1018 200 1039 Fides-
216 1018 285 1039 (landa

103 1046 245 1071 transumptis-

136 2189 276 2213 Prooemium.

908 264 1050 288 URBANUS
1075 263 1130 287 vm
1155 264 1202 288 PP.

303 311 393 346 etiam
415 311 454 344 de
469 312 567 345 latere
591 312 709 355 legatos
729 317 759 345 et
775 312 915 352 nuncios,
933 312 1041 355 quavis

302 365 487 398 auctoritate
511 366 692 408 fungentes,
723 365 844 398 sublata
870 365 914 397 eis
939 370 969 397 et
986 375 1058 397 (ἕο-ν

302 428 371 451 rum
397 418 523 453 cuilibet
559 419 666 462 quavis
697 419 787 452 aliter
818 417 974 450 iudicandi
1011 423 1058 452 etl

303 471 529 515 interpretandi
554 472 697 505 facultate
721 477 752 504 et
776 470 971 510 auctoritate,
997 469 1040 502 iu-

303 525 401 559 dicari
426 531 456 559 et
486 525 609 559 deliniri
634 525 769 565 debere,
798 535 834 557 ae
860 524 985 556 irritum
1012 529 1041 557 et

304 579 404 620 inane,
421 579 446 612 si
463 590 552 613 secus
576 578 731 622 superbis
747 589 764 610 a
781 588 950 621 quoquam,
968 588 1042 622 qua-
1057 598 1058 601 =

303 633 348 665 vis
372 634 574 674 auctoritate,
600 632 734 665 scienter
759 632 806 664 rel
841 632 1040 674 ignoranter,

304 686 470 730 contigerit
493 686 648 727 attentari,
665 686 864 719 decernimus
889 690 919 718 et
942 685 1042 718 decla-

304 750 419 772 ramus.

347 791 404 835 §3
422 793 489 825 Non
506 791 703 824 obstantibus
719 792 910 835 praemissis,
924 803 960 825 ac
977 802 1043 825 om-

302 845 394 878 nibus
419 845 500 886 illis,
525 856 605 889 quae
635 845 666 878 in
697 846 815 878 eisdem
839 846 1059 889 praeinsertis

303 898 415 931 litteris
441 898 598 932 voluimus
621 909 685 932 non
709 899 846 940 obstare,
867 899 1042 945 ceterisque

302 952 467 985 contrariis
491 952 763 997 quibuscumque„

346 1006 360 1049 ᾗ
385 1005 414 1038 4.
441 1006 592 1039 Volumus
616 1012 738 1047 autem,
763 1013 796 1040 ut
828 1007 1041 1051 praesentium

302 1060 516 1103 transumptis,
527 1061 620 1093 etiam
635 1061 806 1104 impressis,
821 1071 914 1093 manu
929 1060 1043 1093 notarii

302 1112 421 1156 publici
438 1113 634 1157 subscriptis
651 1114 744 1146 etiam
764 1114 867 1156 sigillo
888 1124 1043 1157 personae

302 1166 333 1198 in
350 1166 500 1210 dignitate
514 1167 723 1200 ecclesiastica
742 1167 927 1200 constitutae
946 1167 1044 1200 muni-

303 1220 350 1259 tis,
366 1220 474 1252 eadem
491 1231 622 1264 prorsus
638 1220 715 1253 fides
732 1221 763 1253 in
780 1220 896 1254 iudicio
911 1226 939 1253 et
957 1226 1044 1253 extra

302 1272 465 1314 habeatur,
483 1284 563 1316 quae
580 1273 657 1317 ipsis
677 1274 895 1317 praesentibus
911 1274 1044 1307 liabere-

304 1330 362 1366 tur,
382 1326 406 1358 si
430 1326 534 1359 forent
558 1327 713 1360 exhibitae
730 1328 777 1360 vel
803 1333 955 1360 ostensae.

346 1380 457 1412 Datum
485 1380 615 1421 Romae,
633 1381 715 1424 apud
739 1386 879 1414 sanetum
905 1381 1043 1422 Petrum,

302 1433 359 1466 sul]
380 1434 495 1466 annulo
512 1434 688 1474 Piscatoris,
706 1435 755 1467 die
776 1445 842 1468 xxn
866 1435 1044 1468 decembris

303 1497 454 1528 uncxxri,
471 1488 671 1531 pontificatus
692 1488 791 1522 nostri
811 1499 893 1521 anno
914 1499 954 1521 lv.

339 1551 396 1578 Dat.
413 1551 456 1579 die
471 1551 505 1578 22
521 1552 674 1579 decembris
691 1552 767 1586 1626,
790 1553 884 1588 pontif.
902 1560 973 1580 anno
989 1559 1024 1578 tv.

304 1775 455 1808 Declarat
479 1775 651 1808 monachos
676 1775 868 1808 monasoerii
887 1775 1042 1819 Rz'polen-

348 1828 403 1868 sis,
434 1827 568 1861 Ordinis
601 1828 631 1862 S.
658 1828 846 1869 Benedicti,
876 1828 977 1861 teneri
1001 1828 1043 1860 act

349 1880 554 1913 recitandum
578 1881 722 1924 officium
745 1882 784 1914 B.
812 1882 939 1914 Merme
974 1881 1044 1914 Vir-

349 1934 437 1977 yz'm's
462 1938 490 1967 et
521 1934 745 1977 defunctorum
769 1935 923 1978 quotidie,
949 1935 1045 1968 iuxta

348 1991 482 2020 veterem
506 1988 780 2022 consuetudinem.

517 2070 651 2097 Urbanus
668 2070 745 2103 Papa
755 2070 832 2102 VIII,

424 2114 461 2141 ad
480 2117 656 2148 perpetuam
675 2115 719 2142 rei
739 2114 920 2142 memoriam.

351 2186 437 2228 Cum,
456 2187 536 2220 sicut
555 2187 687 2221 dilectus
702 2188 785 2221 filius
806 2188 977 2221 modernus
994 2187 1046 2220 ab·

306 2239 362 2272 has
385 2241 566 2274 monasterii
591 2241 767 2285 Ripolcnsis
791 2241 915 2275 Ordinis
940 2242 968 2275 S.
994 2242 1047 2275 Be-

308 2292 421 2326 nedicti
445 2294 477 2326 in
500 2294 678 2338 principatu
702 2295 921 2328 Catlialauniae
953 2295 1046 2328 nobis

308 2356 408 2389 nuper
422 2347 535 2391 exponi
552 2348 633 2389 fecit,
654 2349 799 2382 monachi
817 2348 891 2382 dieti
910 2348 1045 2391 Ordinis,

308 2404 468 2443 acceptato
492 2411 573 2435 novo
596 2401 753 2436 breviario
778 2402 967 2444 monastico,
992 2413 1046 2435 seu

309 2453 402 2485 etiam
418 2464 559 2496 romano,
574 2461 710 2489 veterem
725 2456 984 2489 consuetudinem
1002 2466 1048 2488 re-

308 2505 421 2539 citandi
446 2507 585 2551 quotidie
610 2509 747 2542 officium
773 2510 804 2542 B.
830 2509 944 2541 Mariae
974 2508 1044 2540 Vir-

308 2559 389 2602 ginis
413 2565 444 2593 et
467 2561 687 2595 defunctorum
707 2562 942 2603 intermiserint,
963 2562 1047 2594 etad

308 2613 524 2648 recitationem
547 2615 727 2649 huiusmodi
744 2627 776 2650 se
801 2616 931 2650 minime
947 2617 1047 2649 teneri

308 2668 523 2712 praetendant,
540 2670 736 2715 proindeque
752 2681 809 2715 per
832 2681 890 2704 nos
914 2670 1049 2714 desuper

1719 254 1782 286 515
1829 262 1920 288 ‚inc
1948 262 2010 288 ¹627

1074 312 1112 344 de
1135 317 1333 355 opportunae
1353 311 1571 344 declarationis
1586 310 1723 343 remedio
1744 322 1814 353 pro-

1075 364 1171 397 videri
1196 365 1368 397 desideret:

1118 420 1133 460 g
1160 418 1186 450 l.
1207 420 1278 460 Nos,
1297 418 1436 451 ciusdem
1455 418 1576 450 abbatis
1603 418 1682 450 rotis
1707 417 1813 449 liuius-
1854 429 1948 449 tmrum
1966 435 2014 454 pm.

1074 471 1159 503 modi
1191 482 1351 513 annuere,
1377 472 1529 515 illumque
1562 470 1751 515 specialibus
1777 472 1815 502 t'a-
1832 460 1851 476 ¹¹*
1869 463 1887 476 ‘¹¹
1905 457 1995 476 “¹¹'''''“¹⁴

1074 524 1202 557 voribus
1227 530 1257 557 et
1281 526 1389 567 gratiis
1408 526 1555 569 prosequi
1582 526 1729 564 volentes,
1750 530 1779 556 et
1800 537 1814 556 a

1074 577 1238 621 quibusvis
1263 578 1611 619 excommunicalionis,
1638 578 1815 621 suspensio-

1075 631 1122 662 nis
1155 636 1187 663 et
1222 631 1404 669 interdicti,
1430 631 1559 674 aliisque
1598 632 1816 664 ecelesiasticis

1075 684 1246 727 sententiis,
1272 685 1413 717 censuris
1438 690 1464 717 ct
1492 685 1610 727 poenis,
1635 697 1651 717 a
1677 686 1743 717 iure
1769 686 1814 715 ret

1075 737 1114 771 ab
1140 738 1266 771 homine
1282 765 1289 778 ,
1318 738 1426 781 quavis
1463 738 1626 770 occasione
1653 739 1697 769 vel
1723 741 1815 769 rausa

1076 791 1166 832 latis,
1196 791 1220 824 si
1245 792 1360 835 quibus
1392 791 1628 834 quomodolibet
1653 791 1816 822 inunitam

1076 845 1188 886 existit,
1217 845 1256 878 ad
1281 845 1425 878 effectum
1452 845 1664 888 praesentium
1690 844 1814 875 dumta-

1077 903 1127 932 xat
1151 898 1417 942 consequendum,
1433 898 1545 930 harum
1564 897 1644 929 serie
1660 897 1818 929 absolreir

1078 958 1121 985 tes
1147 957 1176 985 et
1200 952 1381 986 absolutum
1406 952 1472 984 sore
1497 957 1680 990 censentes,
1706 950 1819 993 suppli-

1077 1005 1251 1039 cationibus
1276 1005 1342 1038 eius
1366 1005 1494 1038 nomine
1524 1004 1614 1037 nobis
1639 1014 1734 1047 super
1759 1004 1817 1035 liot-

1076 1059 1238 1091 humiliter
1262 1059 1416 1102 porrectis
1441 1058 1598 1099 inclinati,
1627 1058 1664 1090 de
1691 1068 1818 1089 reuera-

1076 1113 1185 1145 biliuni
1211 1114 1342 1146 fratrum
1369 1117 1551 1145 nostrorum
1569 1112 1598 1144 S.
1620 1112 1653 1144 tt.
1672 1112 1704 1143 E.
1723 1111 1819 1143 cardi-

1077 1168 1196 1200 nalium
1222 1168 1319 1201 sacris
1335 1168 1447 1200 ritibus
1474 1167 1728 1211 praepositorum
1750 1178 1819 1199 coir

1077 1221 1157 1263 silio,
1176 1221 1348 1254 monachos
1368 1220 1555 1265 praedictos,
1574 1220 1667 1253 etiam
1688 1226 1757 1263 post
1774 1230 1820 1251 ac-

1077 1279 1233 1318 ceptatum
1252 1285 1365 1307 norum
1390 1274 1581 1306 breriarium
1601 1274 1819 1309 monasticum,

1077 1327 1141 1360 sire
1162 1327 1255 1360 ctiam
1280 1337 1445 1360 romanum
1471 1327 1661 1369 huiusmodi,
1682 1327 1720 1359 ad
1745 1327 1821 1359 reci-

1078 1381 1207 1414 tandum
1232 1381 1371 1425 quotidie
1397 1381 1534 1414 officium
1561 1381 1591 1413 B.
1618 1380 1731 1413 Mariae
1758 1381 1820 1412 Vir-

1078 1434 1159 1477 ginis
1176 1440 1206 1467 et
1229 1435 1460 1475 destuictorum,
1478 1438 1511 1468 ut
1529 1434 1716 1478 praefertur,
1736 1434 1818 1466 iuxta

1080 1494 1219 1521 reterem
1237 1489 1506 1529 consuetudinem,
1528 1488 1656 1520 omnino
1673 1488 1771 1520 teneri
1792 1494 1817 1519 et

1078 1542 1233 1585 obligatos
1258 1543 1401 1583 existere,
1427 1548 1519 1585 atque
1545 1542 1586 1574 ita
1610 1542 1649 1573 ab
1674 1541 1821 1574 omnibus

1078 1596 1222 1636 censeri,
1247 1601 1277 1628 at
1301 1596 1339 1628 ab
1364 1596 1440 1638 ipsis
1471 1595 1632 1628 monachis
1658 1595 1820 1627 observari

1077 1649 1203 1689 debere,
1221 1660 1343 1682 necnon
1364 1649 1489 1681 irritum
1515 1654 1544 1681 et
1568 1649 1670 1686 inane,
1688 1648 1713 1680 si
1732 1659 1821 1680 secus

1077 1714 1173 1746 super
1197 1703 1245 1735 his
1261 1713 1279 1735 a
1298 1713 1471 1747 quoquam,
1491 1702 1600 1745 (piaris
1625 1702 1821 1737 auctoritate,

1077 1757 1213 1789 scienter
1238 1757 1285 1789 rel
1310 1757 1502 1799 ignoranter,
1531 1755 1698 1798 contigerit
1723 1760 1820 1787 atten-

1078 1810 1148 1851 tari,
1176 1810 1349 1854 apostolica
1373 1810 1556 1843 auctoritate
1571 1837 1578 1850 ,
1608 1815 1716 1841 tenore
1737 1820 1823 1852 pra-*-

1078 1863 1223 1903 scntium,
1248 1863 1448 1896 decernimus
1473 1868 1503 1896 et
1528 1863 1733 1895 declaramus.

1123 1918 1137 1960 ξ
1161 1917 1190 1949 2.
1216 1917 1250 1949 In
1267 1917 1461 1950 contrarium
1478 1916 1671 1959 facientibus,
1690 1926 1753 1949 non
1770 1916 1822 1948 ob-
1864 1923 1938 1968 .¹f.''.'‡‘'⁷³'
1985 1931 2010 1943 ιιι

1079 1970 1232 2004 stantibus
1255 1970 1515 2014 quibuscumque.
1911 1966 1915 1969 ’

1123 2026 1235 2058 Datum
1259 2026 1376 2058 Itomae
1391 2052 1398 2065 ,
1427 2025 1509 2068 apud
1533 2024 1561 2057 S.
1588 2024 1735 2064 Petrum,
1761 2024 1819 2055 sul»

1079 2080 1195 2112 annulo
1212 2079 1389 2121 Piscator-is,
1404 2079 1454 2111 dic
1472 2089 1492 2111 11
1511 2077 1642 2110 ianuarii
1656 2087 1820 2112 iincxxru.

1079 2133 1279 2177 pontificatus
1293 2133 1392 2166 nostri
1413 2143 1493 2165 anno
1508 2142 1548 2164 lr.

1115 2196 1175 2222 Dat.
1193 2195 1236 2223 die
1252 2195 1267 2222 ”2
1284 2194 1397 2222 ianuarii
1420 2194 1496 2229 1027,
1518 2193 1613 2229 pontis.
1631 2202 1700 2220 anno
1719 2200 1754 2220 tr.

1389 2347 1522 2380 CCXXX.

1080 2454 1126 2487 Dc
1154 2454 1245 2486 modo
1270 2453 1455 2496 conserendi
1482 2452 1606 2496 aradus
1640 2453 1822 2486 doctoratus

1121 2518 1180 2552 per
1205 2507 1459 2550 archiepiscopos
1477 2511 1504 2539 ct
1522 2507 1681 2550 episcopos
1704 2506 1819 2539 [mlia-

1126 2572 1201 2593 γυνη
1220 2560 1471 2593 occidentalium
1481 2558 1499 2592 ¹.

1118 2679 1129 2705 1
1148 2677 1184 2705 Ex
1202 2677 1308 2713 Regest.
1326 2677 1353 2704 in
1368 2677 1468 2705 Secret.
1485 2676 1561 2704 Brev.
