2269 3235
143 240 197 268 An.
211 239 238 269 G.
256 238 324 268 16²8

945 218 1095 261 namisias*
1113 236 1169 259 vin
1193 236 1241 260 PP.

335 285 438 320 vimus
454 290 580 320 nostrae
600 286 780 320 intentionis
797 296 874 327 esse,
892 285 975 330 quod
993 284 1075 317 dein-

336 349 409 383 ceps
430 339 502 384 'per
533 350 763 384 quamcumque
795 340 988 381 signaturam
1021 349 1074 369 seu

337 393 570 427 concessionem
588 398 641 426 aut
657 393 788 435 gratiam
806 393 853 425 vel
872 392 988 424 litteras
1006 402 1076 434 apo-

337 446 461 479 stolicas
486 457 544 490 pro
569 445 843 479 commissionibus
868 455 923 476 seu
953 444 1076 475 manda-

338 499 376 532 tis
392 505 444 532 aut
460 499 723 532 declarationibus
748 496 937 535 huiusmodi,
955 496 1075 528 etiamsi

338 557 425 585 motu
449 552 579 596 proprio
604 555 633 585 et
658 562 693 584 ex
719 552 803 583 certa
828 549 959 581 scientia
984 560 1019 581 ac
1043 560 1075 581 e-

338 605 412 637 tiam
427 609 496 639 ante
511 610 626 638 motam
641 604 727 636 litem
740 613 757 635 a
776 602 867 635 nobis
884 606 1075 641 emanarent,

337 659 385 691 vel
403 658 441 691 de
461 658 606 690 mandato
622 659 730 689 nostro
748 656 914 695 faciendas,
932 655 1008 687 nulli
1031 655 1077 687 ius

338 710 396 744 sibi
421 711 596 754 quaesitum
621 708 861 752 quomodolibet
892 708 1075 747 tolleretur;

337 765 453 808 quique
477 763 515 796 ad
540 763 776 795 indemnitatem
797 772 1006 806 personarum
1032 772 1078 795 ec-

337 816 580 850 clesiasticarum
597 826 632 848 ac
650 816 853 849 ecclesiarum
879 815 1018 859 ipsarum
1038 818 1078 848 at-

335 869 503 910 tendimus,
524 875 563 910 et,
583 874 616 902 ut
640 869 734 911 bona,
752 868 994 909 iurisdictiones,
1019 868 1076 900 im-

336 923 514 963 munitates,
538 923 702 967 privilegia
716 928 743 955 et
759 922 877 965 gratiae
894 922 1075 955 earumdem

336 976 440 1020 potius
465 980 650 1019 augeantur,
676 987 770 1020 quam
796 976 987 1017 minuantur,
1013 976 1078 1008 dili-

337 1035 448 1073 genter
464 1030 685 1074 procuramus)
704 1030 845 1073 ipsorum
862 1029 1079 1074 archipresby-

337 1083 396 1116 teri
413 1088 443 1116 et
466 1083 593 1127 capituli
621 1083 816 1115 indemnitati
842 1082 872 1115 in
896 1082 1078 1126 praemissis

337 1147 395 1181 pro
418 1137 517 1170 nostri
541 1137 706 1180 pastoralis
737 1137 831 1170 officii
862 1147 992 1169 munere
1024 1148 1077 1180 op-

338 1195 474 1234 portune
498 1190 666 1234 providere
690 1191 838 1231 volentes,
856 1200 891 1223 ac
915 1190 1077 1234 archipre-

338 1244 498 1288 sbyterum
526 1248 555 1276 et
579 1244 750 1287 capitulum
775 1244 952 1287 praedictos
969 1254 986 1275 a
1003 1243 1074 1286 qui-

338 1296 444 1329 busvis
457 1297 799 1339 excommunicationis,
817 1296 1030 1340 suspensionis
1050 1300 1078 1330 et

338 1349 504 1392 interdicti,
526 1349 655 1393 aliisque
674 1350 892 1382 ecclesiasticis
908 1349 1077 1391 sententiis,

339 1404 480 1436 censuris
505 1408 534 1437 et
546 1404 679 1448 poenis,
694 1415 712 1436 a
735 1404 803 1436 iure
821 1405 868 1436 vel
886 1404 924 1436 ab
941 1403 1078 1443 homine,

337 1457 447 1501 quavis
464 1457 627 1490 occasione
652 1457 699 1489 rel
717 1459 810 1490 causa
826 1457 905 1497 latis,
923 1457 948 1489 si
965 1457 1078 1500 quibus

339 1510 578 1554 quomodolibet
602 1510 741 1543 innodati
766 1510 911 1549 existunt,
937 1510 976 1542 ad
1004 1509 1078 1543 effe-

339 1569 423 1597 ctum
447 1564 660 1608 praesentium
692 1564 852 1595 dumtaxat
883 1574 1077 1606 consequen-

338 1616 423 1658 dum,
437 1617 550 1649 harum
564 1617 644 1649 serie
657 1617 854 1649 absolventes
872 1622 901 1649 et
918 1617 1078 1650 absolutos

337 1670 404 1703 fore
428 1675 607 1710 censentes,
632 1680 753 1703 necnon
778 1670 978 1713 singulorum
1004 1681 1078 1703 con-

337 1724 530 1766 cessionum,
556 1723 776 1756 mandatorum
801 1727 830 1757 et
854 1724 1077 1757 sententiarum

337 1777 612 1821 infrascriptorum
636 1782 762 1810 tenores
793 1788 829 1810 ac
860 1777 981 1818 datam,
1006 1789 1077 1811 eum

338 1830 412 1863 inde
436 1831 584 1874 sequutis,
602 1831 820 1874 praesentibus
840 1842 898 1875 pro
923 1831 1079 1875 expressis

339 1883 506 1924 habentes,
530 1889 619 1916 motu
643 1884 760 1925 simili,
784 1895 847 1917 non
872 1885 909 1917 ad
934 1885 1077 1928 ipsorum

339 1936 605 1982 archipresbyteri
641 1941 671 1970 et
703 1937 831 1980 capituli
864 1938 911 1969 vel
944 1938 1079 1970 aliorum

339 2002 400 2036 pro
425 1992 469 2024 eis
486 1991 576 2024 nobis
593 2001 688 2035 super
705 1991 766 2024 lioc
783 1991 904 2024 oblatae
921 1992 1079 2035 petitionis

338 2044 539 2085 instantiam,
564 2044 618 2077 sed
649 2054 686 2076 ex
710 2046 797 2077 mera
829 2045 1013 2077 liberalitate
1045 2056 1080 2078 ac

339 2097 432 2130 simili
458 2097 586 2130 scientia
610 2098 743 2138 nostris,
768 2098 868 2142 deque
893 2098 1080 2142 apostolieae

338 2152 500 2196 potestatis
524 2152 734 2196 plenitudine,
761 2153 866 2186 onmia
896 2158 926 2186 et
958 2154 1080 2196 singula

339 2205 513 2249 privilegia,
538 2205 666 2248 indulta,
692 2206 934 2247 iurisdietioneS,
958 2207 1098 2239 liberta-¹

341 2263 396 2301 tes,
421 2259 643 2300 immunitates,
668 2260 892 2303 exemptiones,
918 2261 1080 2293 facultates

341 2316 372 2344 et
395 2311 509 2354 gratias
538 2312 688 2345 ecclesiae
714 2323 837 2346 necnon
863 2313 1081 2357 archipresby-

341 2370 409 2398 tero
433 2370 463 2398 et
486 2365 622 2409 capitulo
642 2366 810 2410 praedictis
836 2378 891 2410 per
915 2378 1081 2411 quoscum-

341 2429 404 2463 que
434 2419 591 2452 Romanos
622 2419 789 2453 Pontifices
822 2421 1080 2464 praedecessores

340 2477 467 2506 nostros
494 2473 644 2506 hactenus
668 2479 698 2507 et
722 2475 1021 2518 quomodocumque
1045 2485 1080 2508 ac

342 2527 613 2571 qualitercumque
650 2538 816 2569 concessa,
853 2540 946 2562 usum
979 2529 1081 2563 dictae

340 2581 461 2625 plateae
485 2585 515 2613 et
538 2580 598 2613 sibi
628 2581 836 2615 adiacentium
868 2583 1011 2615 locorum
1044 2584 1081 2616 il—

340 2634 508 2677 lorumque
531 2634 766 2668 concessionem
790 2637 1022 2677 concernentia,
1047 2637 1080 2671 in

446 2695 525 2724 Bull.
544 2696 625 2725 Rom.
641 2711 676 2717 —
693 2697 752 2725 Vol.
773 2697 855 2725 XJJJ.
1001 2699 1036 2727 80

1759 224 1823 259 6:33

1109 294 1243 328 quorum
1266 282 1398 327 pacifica
1422 282 1623 327 possessione
1648 284 1677 315 et
1701 293 1759 315 usu
1780 282 1853 315 hae-

1110 342 1200 369 tenus
1225 337 1403 379 extiterunt,
1425 347 1546 369 necnon
1568 336 1712 369 mandata
1733 341 1759 367 et
1789 346 1853 367 sen-

1111 390 1221 422 tentias
1245 391 1283 422 de
1308 396 1338 422 ct
1364 402 1458 433 super
1480 390 1715 423 manutentione
1735 400 1853 432 posses-

1110 443 1206 475 sionis
1230 443 1330 475 dictae
1363 444 1482 485 plateae
1516 455 1570 486 per
1596 443 1723 486 quosvis
1748 442 1853 485 palatii

1110 496 1271 538 apostolici
1288 507 1454 528 causarum
1473 497 1641 535 auditores,
1661 497 1724 528 sive
1742 508 1851 527 eorum

1111 549 1369 588 locunitenentes‚
1387 555 1439 581 aut
1465 551 1541 582 alios
1567 551 1722 593 quoslibet
1745 551 1853 582 llotna-

1111 612 1168 634 nae
1186 602 1291 634 curiae
1310 602 1427 634 iudices
1442 604 1592 635 baeti-uus
1612 603 1696 642 lata¹‚
1711 609 1853 635 emanata

1111 660 1141 687 et
1158 655 1304 695 relaxata,
1330 660 1420 697 prout
1441 656 1499 687 rite
1517 662 1544 688 et
1567 662 1649 687 rertt·
1668 663 1754 694 evsta
1772 662 1852 697 sunt,

1111 707 1294 741 auctoritate
1312 708 1494 751 apostolica,
1510 713 1617 741 tenore
1632 711 1853 752 praesentium,

1111 766 1267 804 perpetuo
1292 762 1519 794 confirmamus
1537 767 1566 793 et
1584 763 1807 805 approbamus,
1823 764 1855 795 il-

1112 815 1212 857 lisque
1235 821 1405 858 perpetuae
1419 821 1448 847 et
1463 815 1650 848 inviolabilis
1664 817 1854 859 apostola-ae

1112 867 1270 900 firmitatis
1294 868 1394 901 robur
1419 869 1603 909 adiicimus,
1629 880 1800 912 omnesque
1825 875 1855 902 et

1113 921 1253 963 singulos
1278 926 1340 954 tam
1375 922 1452 954 iuris
1477 933 1569 965 quam
1598 923 1669 955 sacti
1703 928 1732 954 et
1761 923 1854 955 etiam

1113 975 1347 1007 solemnitatum
1373 976 1589 1018 quarumlibet
1616 976 1855 1019 quomodolibet

1113 1028 1302 1060 oniissarum
1327 1028 1475 1069 desectus,
1501 1029 1526 1061 si
1551 1029 1603 1072 qui
1631 1031 1733 1061 t'orsan
1760 1030 1855 1062 inter-

1113 1086 1265 1114 venerunt
1289 1081 1320 1113 in
1345 1081 1483 1123 eisdem,
1509 1083 1714 1125 siqq‘ilenius,
1741 1083 1855 1125 illaque

1113 1135 1218 1168 omnia
1247 1140 1277 1168 et
1305 1135 1427 1178 singula
1452 1136 1543 1169 etiam
1570 1142 1722 1180 perpetuo
1754 1138 1855 1170 valere

1113 1194 1142 1221 et
1161 1194 1277 1229 tenere,
1303 1200 1338 1221 ac
1362 1190 1400 1222 ab
1425 1189 1496 1230 illis,
1519 1190 1558 1222 ad
1583 1202 1661 1233 quos
1686 1201 1767 1223 nuuc
1789 1202 1856 1234 spe.-

1113 1246 1175 1274 ctat
1194 1247 1223 1274 et
1247 1253 1305 1285 pro
1330 1246 1473 1286 tempore
1497 1244 1659 1287 spectabit,
1686 1244 1852 1277 inviolabi-

1112 1296 1183 1328 liter
1206 1301 1358 1340 perpetuo
1383 1297 1543 1329 observari
1569 1298 1704 1338 debere,
1735 1309 1792 1330 nec
1817 1298 1855 1330 ali

1113 1349 1173 1381 illis
1197 1349 1262 1382 ullo
1285 1360 1424 1393 unquam
1450 1355 1595 1394 tempore
1614 1351 1735 1384 resilire
1753 1362 1854 1395 posse,

1113 1402 1167 1434 sed
1191 1402 1229 1435 ad
1253 1403 1503 1446 praemissorum
1528 1405 1669 1437 omnium
1695 1409 1724 1438 et
1749 1406 1855 1447 singu-

1113 1456 1217 1489 lorum
1242 1456 1494 1490 observationem
1524 1463 1676 1502 perpetuo
1701 1459 1855 1501 obligatos

1114 1510 1179 1542 sore
1200 1514 1230 1542 et
1253 1520 1329 1551 esse,
1356 1521 1391 1543 ac
1415 1511 1454 1543 ad
1478 1511 1506 1543 id
1528 1512 1621 1544 etiam
1648 1512 1788 1544 censuris
1809 1523 1855 1544 ec-

1113 1562 1294 1595 clesiasticis
1319 1574 1355 1596 ac
1379 1564 1569 1607 pecuniariis
1593 1565 1702 1608 poenis
1727 1565 1797 1607 cogi
1826 1569 1855 1597 et

1113 1616 1259 1659 compelli
1283 1627 1374 1660 posse
1399 1617 1607 1650 decernimus.

1158 1671 1173 1711 ξ
1188 1668 1216 1701 73.
1243 1670 1279 1701 Et
1292 1670 1497 1703 nihilominus
1511 1682 1743 1715 quamcumque
1757 1672 1854 1712 litem,

1113 1732 1168 1755 seu
1191 1734 1405 1767 quascumque
1429 1724 1499 1757 lites
1524 1729 1553 1758 et
1578 1735 1687 1757 causas
1716 1736 1751 1757 ac
1781 1736 1855 1758 eon-

1113 1777 1302 1819 troversias,
1329 1788 1423 1821 super
1446 1778 1548 1821 platea
1579 1783 1608 1812 et
1641 1779 1855 1812 adiacentibus

1113 1831 1189 1863 locis
1214 1831 1393 1871 antedictis,
1417 1842 1525 1865 coram
1551 1844 1749 1876 quocumque
1775 1833 1856 1866 eius-

1113 1884 1185 1916 dem
1210 1885 1315 1917 curiae
1335 1885 1437 1917 iudice
1458 1885 1618 1918 ordinario
1645 1887 1690 1918 vel
1717 1891 1856 1919 extraor-

1114 1937 1247 1978 dinario,
1260 1938 1291 1970 in
1308 1938 1561 1982 quibuscumque
1575 1944 1698 1971 statuet
1716 1940 1856 1972 terminis

1115 1991 1263 2032 existant,
1288 1991 1410 2024 etiamsi
1443 1992 1565 2036 aliquae
1598 1993 1768 2025 sententiae
1795 1993 1856 2025 iam

1115 2045 1249 2089 desuper
1274 2046 1511 2088 quomodolibet
1536 2047 1614 2079 latae
1632 2047 1800 2085 extiterint,
1818 2047 1857 2079 ad

1115 2110 1171 2133 nos
1196 2100 1307 2132 barum
1334 2101 1414 2133 serie
1439 2111 1624 2142 avocamus,
1651 2101 1782 2144 illasque
1807 2113 1857 2145 pe-

1114 2153 1197 2185 nitus
1222 2153 1442 2196 extinguimus,
1468 2165 1590 2186 necnon
1616 2155 1748 2197 plateam
1770 2166 1856 2197 prae-

1115 2206 1229 2239 dictam
1265 2217 1300 2239 ac
1325 2207 1391 2239 loca
1418 2207 1475 2239 sibi
1501 2207 1746 2250 circumquaque
1772 2208 1855 2239 adia-

1115 2260 1215 2292 centia
1240 2260 1269 2291 in
1294 2260 1351 2292 viis
1374 2260 1508 2303 publicis
1528 2260 1689 2292 existentia
1714 2265 1743 2292 et
1762 2260 1801 2293 ab
1819 2263 1855 2293 ea

1115 2324 1171 2357 per
1195 2314 1333 2357 quinque
1358 2324 1471 2346 cannas
1495 2313 1639 2345 distantia
1664 2314 1854 2354 huiusmodi,

1114 2378 1250 2411 quorum
1287 2368 1427 2401 omnium
1461 2367 1661 2407 situationes,
1694 2369 1854 2408 contines,

1115 2422 1289 2464 qualitates,
1302 2421 1498 2465 quantitates,
1512 2421 1662 2454 vocabula
1677 2427 1703 2453 et
1719 2422 1857 2454 denomi-

1114 2474 1282 2517 nationes2,
1296 2475 1387 2509 etiam
1406 2475 1623 2519 praesentibus
1641 2476 1749 2508 haberi
1768 2476 1855 2509 volu-

1152 2557 1162 2583 1
1186 2557 1336 2592 Incongrue
1356 2556 1418 2583 edit.
1441 2556 1519 2583 Main.
1540 2556 1604 2592 legit
1625 2558 1699 2584 lalcis
1719 2561 1857 2586 emanata

1127 2608 1152 2628 n.
1165 2610 1189 2628 T.
1208 2623 1212 2628 .

1117 2603 1123 2637 (
1151 2647 1167 2674 2
1181 2602 1251 2673 Eidtt.
1267 2645 1345 2673 Main.
1363 2645 1426 2681 legit
1440 2646 1644 2675 dominationes
1659 2648 1696 2682 (a.
1714 2648 1762 2682 T.).

1872 234 2050 262 An.c.16⁹28

1910 1680 1933 1699 Et
1950 1682 2053 1706 quatenus

1871 1711 1921 1731 opus
1935 1711 1967 1728 sit.
1977 1708 2002 1726 tle
2018 1714 2053 1727 no-

1871 1738 1895 1753 i'o
1912 1735 2041 1754 conceditur.
