2269 3235
86 198 137 227 An.
152 198 181 225 C.
203 196 272 226 ¹623

118 1279 255 1300 Prooemium.

108 1596 220 1622 Gregorius
235 1595 271 1616 XV

89 1623 144 1644 inter
171 1624 272 1647 Sanetus,

89 1651 124 1676 qui
159 1650 272 1671 ecclesiam

89 1677 221 1698 illustrarunt
231 1693 235 1702 .

895 197 1035 220 rnnAan

281 251 451 287 cretorum,
460 246 709 286 concessionum,
720 244 925 285 indultorum,
935 254 1022 287 prae·
1037 246 1039 250 “

282 304 465 344 ceptorum,
490 299 729 340 mandatorum,
755 297 967 340 derogationis
992 300 1021 330 et

282 352 476 386 voluntatum
502 352 684 395 infringere,
701 351 748 383 vel
773 351 800 383 ei
825 360 904 383 ausu
923 355 1020 383 teme-

281 406 367 439 rario
391 406 558 439 contraire.
578 405 609 439 Si
633 404 702 448 quis
726 409 829 437 autem
846 404 906 437 lioc
923 408 1020 436 atten-

282 464 349 492 tare
373 459 628 503 praesumpserit,
653 457 899 501 indignationem
924 457 1022 490 omni-

282 513 417 556 potentis
440 512 505 554 Dei,
527 522 563 545 ac
586 512 750 545 beatorum
775 511 858 544 Petri
882 516 912 544 et
936 510 1021 543 Pauli

283 566 498 609 apostolorum
517 566 593 606 eius,
610 576 642 598 se
663 565 786 598 noverit
810 565 1020 598 incursurum.

327 621 437 654 Datum
462 621 578 653 Rornae
604 619 687 663 apud
713 619 742 652 S.
768 619 916 659 Petrum,
940 628 1022 651 anno

284 673 508 707 incarnationis
520 672 700 706 Dominicae
713 682 868 712 uncxxnt,
881 682 937 705 vm
954 671 1023 704 idus

283 726 422 770 augusti,
447 726 647 770 pontificatus
670 726 770 760 nostri
794 736 875 759 anno
900 736 918 758 1.

319 789 378 817 Dat.
393 789 437 817 die
451 790 468 818 6
482 790 590 826 augusti
606 789 683 824 1623,
701 789 793 825 pontif.
811 797 881 817 anno
897 795 922 815 t.

636 917 671 949 ΙΙ.

372 988 581 1023 canonizatio
606 988 644 1020 B.
672 986 826 1030 Philippi
849 986 943 1019 Nerii

322 1041 585 1085 Conpreyatiouis
611 1039 757 1074 Oratorii
779 1037 991 1082 fundatoris'.

495 1111 631 1139 Urbanus
646 1110 819 1145 Episcopus,

469 1168 573 1188 servus
600 1167 753 1188 servorum
777 1159 844 1192 Dei,

412 1210 449 1237 ad
467 1211 640 1245 perpetuam
658 1208 703 1236 rei
723 1208 904 1236 memoriam.

333 1270 454 1304 Rationi
478 1269 624 1313 congruit
648 1274 676 1302 et
701 1269 846 1302 convenit
869 1268 1027 1312 aequitati,

288 1329 320 1356 ut
344 1332 390 1364 ea,
414 1334 493 1367 quae
517 1323 555 1356 de
579 1323 711 1356 Romani
736 1322 897 1356 Pontificis
920 1322 1027 1366 provi-

286 1376 390 1409 denua
413 1381 656 1420 processerunt,
681 1376 753 1409 licet
777 1375 844 1408 eius
872 1386 1024 1419 superve-

286 1429 389 1464 niente
412 1430 501 1463 obitu
532 1429 653 1462 litterae
678 1429 867 1473 apostolicae
891 1429 1028 1473 desuper

286 1483 444 1516 confectae
463 1492 526 1516 non
543 1482 670 1524 fuerint,
687 1493 779 1515 suum
796 1481 936 1515 debitum
957 1492 1029 1516 con-

286 1541 458 1580 sequantur
482 1536 639 1570 effectum.

331 1590 345 1633 ᾗ
369 1590 398 1623 t.
424 1590 547 1623 Dudum
578 1589 733 1633 siquidem
758 1589 856 1623 felicis
880 1589 1029 1623 recorda-

287 1642 380 1676 tionis
411 1643 583 1686 Gregorius
610 1644 693 1687 Papa
720 1643 771 1676 XV
804 1643 1030 1687 praedecessor

287 1701 403 1737 noster⁷
420 1696 470 1740 pie
486 1696 741 1740 praemeditatus
758 1696 842 1739 quod
863 1706 1029 1740 supremus

288 1750 340 1783 ille
364 1755 394 1783 et
418 1750 551 1793 diligens
575 1750 810 1795 paterfamilias,
834 1750 887 1794 qui
912 1750 951 1783 ab
971 1750 1031 1784 ori-

288 1803 360 1845 gine
384 1804 492 1836 mundi
516 1804 667 1848 plantavit
691 1804 813 1836 vineam
840 1814 941 1845 suam,
964 1804 1031 1836 uni-

287 1858 440 1890 versalem
456 1858 573 1891 seilicet
591 1857 622 1890 in
637 1868 706 1890 eam
721 1857 860 1901 quotidie
876 1868 938 1890 non
953 1858 1031 1891 desi-

286 1915 340 1943 nat
354 1911 478 1944 mittere
498 1911 670 1955 operarios,
689 1921 825 1954 quorum
850 1911 1030 1944 assiduitate

287 1964 427 1998 culturae
451 1965 503 1997 illa
527 1964 675 2008 vepribus
700 1969 872 2008 expurgata
892 1965 1047 1998 fructum*

286 2017 406 2059 afferat,
424 2018 471 2051 vel
489 2018 704 2058 centesimum,
723 2019 771 2050 vel
789 2018 1029 2061 sexagesimum,
1046 2057 1048 2061 f

286 2071 334 2103 vel
358 2071 576 2114 trigesimum;
593 2071 741 2115 quodque
758 2075 827 2106 ante
844 2071 1031 2104 Incarnatio-

285 2134 357 2157 nem
387 2124 480 2157 Verbi
513 2125 598 2158 misit
627 2125 658 2157 in
686 2135 754 2157 eam
781 2125 976 2168 patriarchas
1001 2130 1031 2158 et

286 2179 468 2222 prophetas,
484 2179 631 2223 virosque
648 2179 872 2219 sanctissimos,
889 2179 943 2223 qui
961 2190 1031 2223 por-

288 2235 433 2265 taverunt
456 2232 579 2276 pondus
603 2232 665 2265 diei
690 2237 720 2266 et
743 2236 865 2272 aestus,
890 2238 962 2276 post
987 2243 1032 2266 as-

290 2290 444 2329 sumptam
468 2296 543 2319 vero
574 2286 776 2320 humanitatis
800 2289 925 2320 nostrae
950 2285 1027 2320 sub-

327 2382 336 2408 1
361 2381 437 2409 Hunc
457 2381 607 2418 Philippum
627 2383 772 2418 Gregorius
792 2383 835 2410 XV
854 2384 985 2410 retulerat
1004 2383 1030 2410 in

291 2426 450 2453 Sanctorum
465 2427 653 2455 Confessorum
668 2436 811 2456 numerum
828 2429 880 2454 una
895 2436 955 2454 cum
972 2436 1031 2454 san·
1047 2447 1048 2452 ,

291 2470 340 2497 ctis
356 2470 467 2505 Isidoro,
483 2471 584 2506 Ignatio
596 2472 737 2500 Francisco
749 2477 776 2499 et
791 2471 990 2499 confessoribus
1002 2481 1032 2498 ac

290 2515 420 2543 Theresia
434 2515 548 2551 virgine,
563 2516 621 2551 sed,
638 2521 723 2545 morte
743 2521 914 2553 praeventus,
932 2517 1032 2544 bullam

291 2559 409 2596 desuper
428 2560 553 2596 expedire
572 2570 625 2589 non
644 2562 741 2598 potuit,
757 2567 784 2590 et
798 2562 858 2590 ideo
874 2563 924 2590 iste
941 2561 1031 2590 Ponti-

291 2604 333 2632 fex
353 2605 432 2634 modo
448 2605 521 2633 illam
536 2606 669 2642 expedivit
685 2608 721 2641 (a.
741 2613 767 2634 τ.
788 2615 820 2634 ex
835 2607 978 2640 Cherub).

1060 196 1115 219 vm
1140 195 1187 219 rr.
1717 182 1754 214 Μ
1807 191 1856 217 An.
1872 190 1900 217 c.
1923 189 1992 216 1623

1055 244 1212 284 stantiam,
1231 242 1313 275 venit
1330 251 1440 274 vocare
1454 240 1651 280 novissimos
1669 245 1794 272 sanctos

1056 297 1199 330 videlieet
1223 296 1400 340 apostolos,
1424 295 1478 339 qui
1503 295 1625 327 vineam
1650 293 1740 334 hanc,
1765 298 1794 326 et
1835 286 1839 289 Δ

1055 350 1127 383 fidei
1152 350 1285 391 fervore,
1302 354 1332 383 et
1349 348 1591 393 praedicationis
1614 347 1721 387 verbo,
1739 357 1796 390 per

1056 403 1237 436 universum
1273 407 1489 446 propagarunt
1523 401 1633 435 orbem
1652 427 1659 441 ‚
1696 400 1794 443 iisque

1056 456 1196 489 adiunxit
1223 466 1289 489 non
1321 457 1422 489 solum
1447 455 1691 488 fortissimorum
1716 463 1798 486 mar-

1056 514 1158 553 tyrum
1177 510 1342 549 exercitus,
1358 509 1412 552 qui
1429 509 1527 541 effuso
1545 507 1695 551 sanguine
1713 506 1797 539 illam

1057 563 1230 605 irrigarunt
1254 562 1424 602 uberrime,
1445 561 1498 594 sed
1524 562 1618 594 etiam
1643 560 1799 594 confesso-

1057 627 1127 649 rum
1152 616 1342 649 laudabilem
1367 626 1547 655 numerum,
1572 626 1708 659 quorum
1733 624 1799 647 san-

1057 670 1171 703 ctitatis
1191 670 1334 713 exemplo
1355 669 1431 702 haec
1457 669 1546 701 vinea
1565 668 1680 712 ubique
1700 673 1799 701 terra-

1058 734 1127 757 rum
1153 723 1285 757 odorem
1305 723 1390 756 afflat
1413 722 1648 763 suavissimum,

1102 777 1117 820 ἓ
1134 776 1163 810 2.
1177 777 1260 810 Inter
1277 787 1356 820 quos
1372 776 1480 820 paucis
1497 780 1568 808 ante
1586 775 1674 808 anuis
1691 776 1800 810 saneti·
1841 786 1865 807 Β.
1880 785 1998 812 Philippum

1059 831 1196 864 moniam
1217 830 1361 863 redolere
1381 829 1455 862 satis
1479 829 1660 862 constiterat
1677 829 1708 862 B.
1727 829 1799 862 Phi·
1814 813 1900 861 {222¹
1926 813 1999 860 530¹}ssss

1059 884 1179 928 lippum
1205 884 1354 923 Nerium,
1379 883 1638 926 Congregationis
1664 882 1799 916 Oratorii
1817 870 1883 888 “m‘'

1059 938 1269 977 fundatorem,
1294 937 1383 970 euius
1407 942 1437 970 et
1454 936 1533 969 vitae
1551 936 1672 980 puritas
1692 941 1722 969 et
1738 946 1801 969 om-

1060 991 1146 1024 nium
1174 992 1324 1024 virtutum
1349 990 1512 1033 congeries
1529 996 1559 1023 et
1575 990 1801 1023 miraculorum

1061 1045 1162 1088 gloria
1185 1045 1357 1088 plurimum
1383 1044 1541 1084 elucebat,
1562 1043 1660 1087 ipsius
1681 1044 1712 1076 B.
1733 1044 1803 1077 Phi-

1062 1098 1139 1142 lippi
1165 1098 1307 1140 catalogo
1327 1103 1505 1131 sanctorum
1524 1096 1735 1140 adscriptione
1752 1096 1803 1129 de-

1062 1151 1159 1184 crerit
1183 1151 1355 1184 intendere.

1106 1204 1120 1247 ἓ
1145 1203 1174 1237 3.
1204 1204 1344 1248 Cumque
1376 1204 1459 1244 iam,
1491 1204 1530 1237 ab
1560 1204 1628 1248 ipso
1660 1204 1709 1237 die
1740 1214 1802 1248 quo
1832 1214 1926 1245 ,elenau
1956 1214 2000 1239 ipso

1061 1257 1163 1291 dictus
1187 1257 1218 1290 B.
1244 1257 1405 1301 Philippus
1428 1257 1661 1291 obdormiverat
1686 1257 1718 1290 in
1741 1257 1802 1291 Do-
1818 1241 2003 1301 ᾗῖἶῖἶοῗῖἷῗὲῗῗεῗιὲἱ

1062 1310 1171 1351 mino,
1200 1311 1282 1342 fama
1313 1310 1485 1344 sanctitatis
1516 1314 1545 1343 et
1576 1310 1802 1343 miraculorum
1818 1299 2003 1349 ἷίῖἒζῖῗῖἕῗῶῗῖἓξ

1061 1364 1128 1397 eius
1152 1363 1229 1397 adeo
1254 1363 1413 1403 crevisset,
1438 1368 1473 1396 ut
1496 1363 1600 1396 statim
1626 1363 1738 1405 dignus
1758 1350 1839 1396 εῑι-Θι
1855 1347 1969 1367 “”““”“Ι“””

1061 1417 1260 1451 nonizatione
1291 1417 1534 1457 acclamaretur,
1565 1422 1595 1449 et
1626 1417 1715 1449 multi
1746 1417 1805 1449 viri

1062 1482 1173 1515 graves
1190 1470 1228 1503 de
1250 1470 1303 1503 illa
1322 1469 1538 1513 promovenda
1559 1469 1758 1512 cogitassent,
1776 1473 1804 1504 et

1062 1524 1146 1568 apud
1158 1523 1228 1568 piae
1241 1524 1413 1556 memoriae
1427 1523 1618 1557 Clementem
1633 1523 1697 1555 VIII
1710 1523 1805 1556 etiam

1062 1577 1338 1621 praedecessorem
1351 1581 1494 1609 nostrum
1508 1576 1645 1619 desuper
1658 1575 1804 1618 egissent,

1063 1635 1093 1663 et
1117 1629 1256 1663 eiusdem
1281 1629 1448 1663 Clementis
1472 1628 1725 1672 praedecessoris
1749 1639 1806 1662 au-

1064 1683 1226 1723 ctoritate,
1251 1682 1339 1715 vivae
1362 1681 1448 1715 vocis
1481 1682 1610 1715 oraculo
1639 1683 1805 1723 concessa,

1064 1738 1189 1778 statim,
1214 1736 1325 1770 eodem
1356 1736 1453 1780 ipsius
1477 1736 1509 1769 B.
1535 1736 1671 1780 Philippi
1703 1736 1806 1769 obitus

1063 1802 1155 1832 anno,
1179 1791 1211 1823 in
1235 1790 1319 1824 Urbe
1340 1794 1370 1824 et
1394 1796 1482 1823 extra
1506 1800 1575 1823 eam
1603 1790 1733 1823 fuissent
1757 1801 1808 1823 re-

1064 1851 1172 1890 ceptae
1206 1845 1444 1878 informationes
1477 1850 1508 1878 et
1538 1844 1608 1878 facti
1640 1854 1807 1888 processus

1064 1910 1158 1943 super
1187 1899 1271 1931 illius
1302 1898 1489 1939 virtutibus,
1514 1898 1676 1932 sanctitate
1700 1903 1730 1931 et
1754 1898 1808 1930 nii-

1064 1953 1197 1993 raculis3

1109 2007 1124 2048 ,ξ
1148 2006 1177 2038 4.
1208 2006 1244 2039 Et
1270 2006 1462 2045 successive,
1487 2015 1594 2038 coram
1627 2005 1737 2037 similis
1762 2014 1808 2037 re-

1064 2059 1255 2093 eordationis
1272 2059 1367 2092 Paulo
1385 2060 1407 2091 V
1424 2059 1542 2103 pariter
1565 2058 1807 2102 praedecessore

1063 2119 1194 2154 nostro,
1219 2124 1276 2157 pro
1302 2113 1411 2145 eadem
1435 2112 1669 2146 canonizatione
1694 2112 1809 2145 charis-

1064 2168 1163 2201 simus
1188 2167 1218 2199 in
1242 2166 1366 2200 Christo
1395 2166 1478 2199 silius
1502 2171 1609 2199 noster
1633 2165 1809 2199 Ludovicus

1065 2220 1216 2254 Franciae
1237 2224 1266 2253 et
1283 2220 1439 2253 Navarrae
1459 2230 1512 2253 rex
1530 2219 1809 2252 christianissimus

1065 2280 1095 2308 et
1115 2274 1299 2308 charissima
1320 2274 1413 2306 etiam
1431 2273 1461 2306 in
1479 2273 1602 2307 Christo
1619 2273 1683 2305 filia
1702 2277 1810 2306 nostra

1065 2329 1171 2369 Maria,
1189 2327 1329 2361 eiusdem
1351 2327 1500 2360 Ludoviei
1525 2327 1609 2369 regis
1634 2331 1749 2367 mater,
1774 2336 1811 2359 ac

1065 2381 1169 2414 dilecti
1194 2381 1249 2413 tilii
1274 2380 1395 2413 nobiles
1421 2380 1478 2412 viri
1503 2384 1639 2419 senatus,
1663 2379 1812 2423 populus-

1066 2445 1126 2478 que
1152 2435 1321 2474 Romanus,
1347 2439 1377 2466 et
1401 2433 1630 2466 Maximilianus
1646 2433 1811 2476 utriusque

1066 2489 1225 2528 Bavariae,
1250 2497 1374 2521 necnon
1397 2487 1527 2520 Carolus
1544 2487 1690 2530 Gonzaga
1707 2487 1812 2520 Niver-

1066 2542 1233 2582 niensium,
1258 2545 1305 2581 et,
1330 2541 1405 2574 dum
1430 2540 1462 2573 in
1489 2541 1636 2574 humanis
1660 2546 1811 2583 agerent,

1067 2595 1284 2629 Ferdinandus
1301 2595 1323 2636 I,
1341 2600 1380 2637 et,
1405 2600 1477 2640 post
1502 2595 1569 2629 eius
1589 2595 1721 2635 obitum,
1737 2593 1811 2628 Cos-2

1844 2014 1940 2035 Nonnulli
1951 2014 2007 2040 prin-

1823 2047 1880 2067 cipes
1890 2042 1936 2062 eius
1946 2047 2008 2062 eano-

1823 2069 1948 2088 nizationem
1995 2073 2008 2087 a

1823 2096 1888 2115 Paulo
1904 2094 1919 2115 V
1937 2096 2009 2121 postu-

1823 2122 1899 2142 lai-uni.
