2269 3235
237 232 284 259 Λ11.
306 231 419 260 011128
465 222 529 255 GM

993 229 1171 254 1101110000
1183 220 1185 222 ’
1196 229 1350 254 nominum

427 292 496 313 mus
521 291 578 324 pro
602 279 777 324 expressis,
811 278 932 311 etiamsi
964 278 1078 310 dictam
1105 278 1168 321 pla-
1201 278 1328 310 clesiam
1352 287 1475 311 necnon
1504 278 1811 323 archipresbyterum
1835 285 1865 313 et
1888 290 1939 314 ca-

427 340 507 368 team
540 335 605 367 11110
641 344 778 377 unquam
815 336 953 376 tempore
985 343 1043 375 per
1075 342 1166 375 quas-
1201 331 1333 374 pitulum
1366 331 1543 375 praedictos
1573 331 1611 364 (10
1646 331 1713 364 iure
1747 337 1887 376 spectare
1911 337 1941 367 ct

427 399 562 431 cumque
589 397 738 431 personas
763 386 988 429 cuiuscumque
1006 384 1123 427 gradus
1138 390 1167 418 ct

427 441 615 475 conditionis
640 440 807 473 existentes
833 439 962 482 augeri,
988 438 1113 471 extendi
1138 442 1168 472 et

427 494 570 537 ampliari
595 493 771 535 contigerit,
798 492 889 525 etiam
903 503 980 531 1,·0111
997 497 1166 534 augmento

427 546 638 591 ampliationis
673 550 702 578 et
738 545 929 579 extensionis
953 545 1165 586 ⁷huiusmodi,

426 605 715 643 quantumcumque
746 598 861 638 fucrit,
891 608 953 641 quo
984 598 1166 631 adveniente

427 653 518 685 etiam
540 653 607 685 loca
632 652 663 684 in
688 651 744 684 viis
770 651 907 695 publicis
932 655 962 683 ct
988 650 1026 682 ab
1051 652 1087 683 ea
1111 661 1168 694 per

427 706 564 750 quinque
591 715 705 738 cannas
722 704 868 739 distantia
885 703 1067 736 huiusmodi
1084 714 1168 736 com-

426 759 528 803 putari
566 762 595 793 et
630 758 856 802 comprehendi
892 758 1057 799 volumus,
1095 768 1166 789 cum

426 812 573 846 omnibus
591 816 620 844 et
637 811 768 853 singulis
785 810 906 843 iuribus
923 815 953 843 et
970 809 1167 853 pertinentiis

427 865 500 908 suis,
522 876 556 898 ac
581 865 674 898 etiam
692 864 838 897 omnibus
863 867 892 897 et
916 862 1168 906 quibuscumque

427 920 553 953 illorum
575 918 737 959 fructibus,
753 916 936 957 redditibus,
953 916 1166 959 proventibus,

428 973 569 1012 iuribus,
606 970 851 1004 obventionibus
886 974 916 1001 et
948 968 1168 1003 emolumentis

427 1026 589 1067 universis,
606 1025 765 1064 ecclesiae,
782 1022 1057 1067 archipresbytero
1075 1028 1104 1056 et
1121 1033 1169 1055 ca-

427 1080 527 1123 pitulo
549 1078 716 1122 praedictis
741 1077 822 1110 1110111
844 1076 1017 1120 apostolica
1037 1076 1180 1122 auctori--

428 1138 488 1166 tate
514 1133 659 1165 similiter
688 1136 840 1175 perpetuo
866 1135 896 1162 et
920 1129 1170 1163 irrevocabiliter

427 1187 601 1225 donamus,
627 1185 830 1218 concedimus
855 1188 884 1216 01
916 1183 1108 1226 elargimur,
1134 1193 1169 1216 ac

428 1250 521 1273 omne
548 1239 630 1272 illius
655 1243 684 1271 et
710 1238 837 1271 illorum
863 1237 911 1270 ius
937 1242 966 1269 et
983 1237 1168 1279 dominium⁷

429 1293 550 1326 etiamsi
576 1292 614 1324 ad
638 1302 695 1325 nos
720 1296 749 1323 et
775 1300 932 1324 cameram
965 1290 1168 1334 apostolicam

428 1352 480 1380 aut
512 1347 590 1379 alios
623 1355 839 1389 quoscumque
869 1344 1076 1387 particulares
1100 1354 1170 1387 spe-

429 1406 500 1441 ctet,
523 1400 555 1432 in
580 1399 744 1431 ecclesiam
765 1403 795 1430 01
811 1397 1121 1441 archipresbyterum
1142 1401 1171 1431 ct

429 1454 600 1498 capitulum
614 1451 796 1485 huiusmodi
811 1451 1037 1492 transferimus,
1055 1461 1171 1495 eosque

430 1509 460 1540 in
485 1511 628 1541 nostrum
653 1510 682 1539 et
706 1516 849 1539 camerae
871 1516 905 1537 ae
930 1504 1169 1548 particularium

429 1561 663 1605 praedictorum
677 1559 915 1603 quomodolibet
932 1559 1035 1591 locum
1055 1562 1083 1592 et
1104 1558 1171 1590 iura

429 1614 532 1659 quoad
556 1614 632 1646 haec
649 1624 685 1646 ex
702 1623 785 1645 nunc
802 1612 920 1656 pariter
938 1618 1090 1656 perpetuo
1104 1612 1173 1645 sub-

431 1669 605 1702 stituimus:
631 1668 709 1699 itaut
733 1667 825 1700 liceat
849 1666 1126 1710 archipresbytero
1143 1672 1173 1699 et

431 1722 567 1766 capitulo
591 1721 898 1765 praedictisplateae
917 1725 945 1753 et
962 1719 1170 1753 adiacentium

431 1777 574 1810 locorum
600 1775 643 1808 sic
668 1774 919 1819 speciticatorum
935 1801 942 1814 ,
968 1784 1003 1806 ac
1032 1773 1170 1814 iurium,

432 1829 656 1863 obventionum
681 1833 711 1861 et
738 1828 1023 1860 emolumentorum
1048 1827 1171 1870 praedi·

432 1888 566 1922 morum,
584 1892 640 1925 per
658 1891 700 1921 se,
717 1881 765 1913 vel
792 1881 899 1920 alium,
917 1890 973 1912 seu
997 1880 1085 1919 alios,
1102 1890 1173 1923 pos-

432 1937 603 1969 sessionem
627 1945 753 1978 percos
775 1939 907 1977 captam,
929 1938 963 1965 ut
986 1933 1172 1976 praefertur,

433 1989 627 2029 continuare,
645 1992 684 2028 et,
702 1993 855 2031 quatenus
873 1998 950 2030 opus
971 1987 1019 2028 sit7
1038 1986 1075 2019 de
1092 1997 1173 2020 novo

433 2042 562 2086 propria
586 2041 771 2074 auctoritate
794 2041 893 2073 libere
918 2040 1173 2084 apprehendere⁷

434 2096 583 2139 illamque
607 2100 761 2139 perpetuo
785 2094 940 2134 retinere,
965 2103 1087 2127 necnon
1112 2094 1175 2126 fru-

434 2155 511 2190 ctus,
536 2149 676 2182 redditus
701 2154 731 2181 01
755 2153 926 2193 proventus
943 2157 978 2180 ex
1005 2148 1049 2180 eis
1066 2158 1175 2191 prove-

434 2204 554 2238 nientes
581 2203 757 2247 perciperey
783 2202 908 2245 exigere
934 2206 961 2236 ct
986 2202 1101 2241 levare,
1118 2211 1175 2234 nec

436 2268 498 2291 non
516 2258 546 2290 in
566 2268 677 2290 eorum
703 2268 737 2289 ac
762 2257 868 2294 dictae
884 2256 1034 2289 ecclcsiae
1053 2266 1127 2288 usus
1148 2259 1177 2289 et

435 2312 600 2343 utilitatem
617 2316 810 2352 convertere7
830 2309 965 2342 cuiusvis
982 2309 1106 2342 licentia
1129 2309 1178 2341 de-

437 2376 530 2408 super
556 2364 684 2397 minime
709 2364 874 2407 requisita,
900 2374 935 2396 ac
960 2373 995 2396 ex
1020 2373 1104 2396 1111110
1129 2373 1178 2396 00-

438 2418 549 2450 etesiae
570 2428 605 2450 ac
625 2418 901 2462 archipresbytero
922 2422 951 2449 et
972 2417 1107 2461 capitulo
1124 2417 1178 2449 hu-

441 2471 575 2502 iusmodi
607 2470 638 2502 in
669 2471 771 2513 platea
805 2475 834 2502 01
861 2469 1076 2503 1111100011111105
1100 2469 1177 2502 locis

440 2523 606 2566 praedictis
630 2524 757 2567 plenum
779 2523 826 2556 ius
845 2523 972 2556 omnino
989 2523 1176 2567 acquisitum

440 2586 516 2609 csse.
543 2576 690 2619 illamque
707 2581 735 2610 et
752 2577 804 2609 illa
822 2587 892 2609 011111
913 2577 1043 2618 iuribus,
1065 2576 1178 2609 obven-

1200 385 1369 428 pertinere,
1380 384 1517 428 ipsisque
1527 384 1645 428 lapides
1663 395 1859 419 marmoreos
1871 386 1940 419 loco

1201 439 1373 472 bancorum
1402 449 1460 482 pro
1489 438 1600 471 maiori
1627 438 1762 482 piscium
1795 439 1937 473 vendito-

1201 491 1291 524 rum¹
1317 491 1539 525 commoditate
1563 502 1599 524 ac
1623 491 1724 524 dictae
1748 492 1869 535 plateae
1893 502 1942 525 or-

1200 550 1275 578 natu
1308 545 1469 578 mensibus
1499 544 1613 588 elapsis
1645 550 1701 588 per
1730 554 1783 577 eos
1812 544 1843 577 in
1874 544 1942 589 ipsa

1200 599 1303 642 platea
1329 604 1449 632 erectos
1475 603 1504 632 et
1528 598 1687 642 appositos
1710 597 1809 631 libere
1833 602 1864 631 et
1888 598 1943 630 im-

1201 663 1283 696 pune
1308 652 1430 696 erigere
1448 658 1477 686 et
1497 663 1659 696 apponere
1678 652 1814 693 licuisse,
1832 652 1940 686 eadem

1201 705 1386 738 auctoritate
1410 705 1582 749 apostolica
1602 705 1808 738 declaramus.

1246 758 1305 801 §le
1332 759 1496 791 Praeterea
1524 759 1670 802 plateam,
1687 760 1751 792 una
1776 769 1848 792 cum
1869 769 1944 803 aug—

1202 816 1307 844 mento
1328 811 1529 852 huiusmodi,
1556 812 1581 844 si
1611 811 1689 844 illud
1712 812 1782 845 fieri
1806 812 1944 856 quando-

1202 874 1337 907 cumque
1354 864 1531 907 contigerit‚
1544 875 1667 898 necnon
1688 865 1756 898 loca
1772 865 1944 899 adiacentia

1202 916 1456 960 praenominata,
1487 917 1526 949 ab
1553 917 1638 949 omni
1669 917 1884 951 iurisdictione
1914 924 1945 952 et

1203 969 1425 1013 superioritate
1449 979 1533 1003 nunc
1565 975 1595 1002 et
1629 980 1688 1013 pro
1717 975 1860 1015 tempore
1885 972 1945 1005 exi-

1203 1022 1350 1055 stentium
1368 1023 1468 1056 nostri
1486 1026 1515 1056 et
1532 1033 1748 1056 successorum
1763 1028 1944 1058 nostrorum

1204 1077 1418 1109 Romanorum
1444 1077 1631 1110 Pontificum
1657 1078 1833 1121 camerarii,
1851 1089 1887 1112 ac
1904 1079 1946 1112 di-

1204 1135 1270 1162 ctae
1288 1130 1380 1163 Urbis
1400 1129 1522 1162 viarum
1542 1130 1781 1173 magistrorum,
1802 1142 1838 1165 ex
1862 1142 1946 1166 nunc

1204 1189 1233 1217 01
1254 1184 1283 1216 111
1301 1188 1490 1228 perpetuum
1512 1183 1566 1221 (ita
1584 1188 1614 1217 et
1638 1184 1751 1226 taliter,
1771 1185 1854 1228 quod
1871 1186 1945 1219 dicti

1204 1237 1397 1270 camerarius
1423 1241 1452 1269 et
1477 1237 1619 1279 magistri
1646 1237 1677 1269 in
1702 1243 1732 1270 01
1756 1249 1850 1282 super
1877 1239 1945 1283 pla-

1205 1293 1253 1323 tea
1277 1301 1313 1323 ac
1337 1289 1414 1323 loeis
1439 1290 1672 1323 circumvicinis
1696 1292 1885 1335 praedictis,
1910 1292 1947 1325 il-

1205 1344 1372 1387 lorumque
1390 1343 1542 1376 membris
1558 1354 1593 1377 ac
1608 1344 1814 1387 pertinentiis,
1827 1346 1946 1378 nullam

1205 1397 1333 1430 omnino
1358 1397 1493 1429 habeant
1517 1407 1574 1430 nec
1605 1397 1722 1430 habere
1754 1398 1877 1441 possint
1901 1399 1947 1431 iu-

1206 1450 1422 1484 risdictionem
1447 1455 1476 1483 et
1508 1451 1740 1495 auctoritatem)
1766 1451 1873 1484 eadem
1898 1463 1949 1485 au—

1206 1504 1350 1536 ctoritate
1368 1503 1534 1536 eximimus
1552 1508 1582 1536 et
1600 1504 1787 1545 liberamus3
1802 1505 1948 1549 qnodque

1206 1557 1243 1590 de
1261 1563 1366 1591 cetero
1384 1557 1461 1590 1111111
1478 1557 1607 1591 0111111110
1626 1558 1866 1602 (cuiuscumque
1881 1570 1949 1602 gra-

1206 1611 1273 1653 dus⁷
1292 1614 1399 1651 status,
1414 1610 1534 1643 ordinis
1552 1616 1581 1643 01
1599 1610 1788 1644 conditionis
1805 1612 1948 1653 existant,

1206 1665 1298 1697 etiam
1325 1664 1435 1708 quovis
1469 1663 1635 1707 privilegio
1666 1663 1727 1696 sint
1757 1664 1892 1709 suffulti)
1917 1666 1949 1698 in

1205 1719 1308 1762 platea
1333 1717 1494 1761 praedicta
1528 1728 1563 1750 ac
1595 1727 1695 1761 prope
1727 1717 1810 1750 illam
1836 1718 1867 1751 in
1891 1719 1948 1753 viis

1205 1772 1341 1816 publicis
1374 1772 1411 1804 ab
1443 1773 1478 1804 ea
1509 1781 1567 1815 per
1598 1771 1737 1814 quinque
1768 1782 1882 1804 cannas
1907 1772 1950 1806 di-

1206 1825 1358 1858 stantibus
1371 1824 1553 1858 huiusmodi
1567 1825 1674 1868 (etiam
1688 1829 1851 1868 praetextu
1864 1826 1950 1870 quod

1206 1879 1268 1912 sint
1292 1879 1412 1912 domini
1443 1878 1535 1911 liberi
1561 1883 1591 1911 et
1622 1878 1759 1911 absoluti
1793 1879 1841 1912 vel
1866 1880 1951 1913 habi-

1207 1938 1324 1966 tatores
1359 1932 1527 1964 domorum
1561 1931 1768 1964 circumcirca
1802 1932 1835 1964 in
1869 1932 1951 1967 dicta

1207 1987 1309 2030 platea
1334 1985 1548 2028 existentium)
1574 1985 1606 2017 in
1630 1984 1799 2018 domorum
1823 1986 1950 2029 praedi-

1208 2045 1328 2072 ctarum
1348 2039 1522 2082 parietibus
1539 2041 1569 2072 et
1588 2041 1658 2072 ante
1684 2049 1735 2071 eas
1757 2039 1884 2083 aliquod
1902 2050 1952 2083 ge-

1207 2104 1265 2126 nus
1293 2093 1466 2126 bancorum
1495 2102 1549 2125 seu
1580 2092 1791 2125 tabulatorum
1822 2093 1869 2125 vel
1903 2098 1949 2126 ta-

1209 2147 1367 2186 bularum,
1386 2146 1424 2178 ad
1444 2145 1590 2178 effectum
1607 2145 1769 2189 quidpiam
1786 2146 1950 2187 vendendi,

1209 2206 1262 2233 aut
1278 2200 1386 2233 venale
1404 2199 1625 2243 prostituendi,
1643 2199 1680 2231 de
1697 2204 1802 2232 cetero
1818 2200 1951 2243 erigere,

1209 2265 1266 2287 nec
1291 2253 1370 2298 erigi
1397 2263 1453 2286 seu
1477 2258 1617 2286 erectum
1642 2257 1750 2286 tenere
1774 2254 1823 2285 vel
1850 2254 1951 2287 teneri

1211 2310 1323 2349 faeere,
1338 2318 1395 2352 per
1412 2318 1454 2348 se,
1472 2307 1520 2339 vel
1537 2306 1644 2347 alium,
1660 2317 1715 2339 seu
1733 2307 1820 2348 alios,
1835 2307 1953 2352 absque

1210 2364 1357 2406 expressa
1383 2367 1408 2395 et
1437 2361 1468 2394 in
1494 2361 1618 2405 scriptis
1649 2361 1777 2394 obtenta
1797 2362 1954 2406 archipre-

1211 2415 1327 2460 sbyteri
1352 2420 1381 2448 et
1405 2415 1533 2459 capituli
1557 2414 1792 2458 praedictorum
1816 2415 1953 2456 licentia,

1211 2469 1304 2501 etiam
1329 2473 1484 2512 perpetuo
1516 2467 1697 2509 statuimus,
1728 2468 1834 2512 sicque
1859 2468 1953 2501 etiam

1211 2522 1351 2556 districte
1380 2521 1603 2566 praecipiendo
1636 2521 1836 2562 inhibemus;
1869 2522 1953 2566 ipsos

1246 2594 1259 2620 1
1278 2594 1329 2621 Aut
1344 2593 1514 2620 venditionis
1525 2596 1571 2620 aut
1581 2593 1796 2620 vendendorum
1810 2592 1953 2629 legendum

441 2629 576 2662 tionibus
601 2634 630 2662 01
654 2630 873 2663 emolumentis
894 2630 1061 2674 praedictis
1078 2629 1116 2662 ad
1132 2640 1178 2663 ec·
1212 2646 1259 2674 pro
1276 2638 1459 2667 venditorum
1475 2637 1510 2673 (a.
1528 2638 1575 2671 1.),

1948 233 2000 260 An.
2022 232 2052 260 Ο.
2069 231 2137 261 1628

2007 770 2057 792 Cum
2074 776 2141 792 exom-

1959 798 2030 823 ptiono
2045 803 2057 817 a
2073 798 2142 818 cuius-

1959 830 2047 850 cumque
2067 824 2142 845 iudicis

1960 850 2112 872 iurisdictione.
