2269 3235
232 261 281 287 An.
299 260 329 287 c.
348 259 415 287 1624
458 249 522 283 25⁹2

1008 253 1186 278 numanum

430 312 534 350 agant,
558 316 593 339 ac
618 315 726 339 severe
750 303 910 348 puniendi,
935 303 987 345 qui
1013 302 1167 335 contrafe-

430 359 538 393 cerint.
557 358 616 392 Sed
634 358 658 391 si
676 357 746 401 quis
771 355 972 395 catechismo,
986 359 1039 387 aut
1051 354 1167 387 auxilio

429 413 534 457 aliquo
559 413 620 445 alio
645 411 773 454 indiget,
791 420 872 443 unus
897 409 1009 453 aliquis
1034 408 1168 451 assigne-

430 471 501 506 tur,
522 465 610 499 cuius
635 464 741 497 virtuti
766 474 802 496 ac
827 463 932 506 pietati
958 462 1071 495 merito
1096 471 1169 495 con-

429 518 482 551 lidi
507 518 615 562 possit,
639 517 692 560 qui
717 527 787 550 cum
812 516 843 549 in
868 516 1000 549 Domino
1026 516 1166 549 instruat.

429 571 635 604 Ex'ternorum
670 580 745 604 vero
779 579 873 602 nemo
906 568 1114 613 permittatur
1137 568 1168 600 in

429 623 630 657 alumnorum
663 623 808 656 cubicula
837 622 977 665 ingredi,
1009 631 1044 654 ac
1068 621 1168 653 multo

429 677 532 710 minus
550 676 706 720 colloquia
726 676 768 708 ibi
789 676 1005 716 commiscere,
1026 675 1092 707 sine
1117 675 1168 707 ali-

429 740 491 774 quo
515 730 553 763 de
571 730 724 764 Societatc
742 730 867 766 comite,
890 728 984 772 idque
998 727 1168 761 admodum

428 793 524 827 parce
546 793 583 817 ac
606 782 812 816 considerate.

473 837 605 869 Litteras
622 846 723 880 neque
744 835 878 875 mittere,
896 844 997 878 neque
1015 833 1168 876 accipere,
1185 845 1186 855 π

428 889 489 923 nisi
513 890 639 923 conscio
657 895 687 922 et
703 889 895 932 approbante
914 886 1087 930 superiore,
1108 885 1171 917 cui-

429 954 523 987 quam
540 944 640 985 liceat,
658 942 710 986 qui
724 952 786 981 eas,
802 941 988 985 priusquam
1005 938 1106 972 mittat
1118 941 1171 971 aut

428 995 547 1036 reddat,
572 1000 630 1038 p‘er
654 1005 686 1027 se
711 994 759 1026 vel
782 1004 839 1037 per
863 992 998 1035 aliquem
1023 1001 1040 1023 e
1064 989 1170 1023 Socie-

430 1053 491 1081 tate
508 1058 635 1090 gravem
657 1053 687 1080 et
707 1047 824 1079 multae
843 1044 1051 1078 confidentiae
1067 1043 1169 1076 virum

429 1101 559 1135 omnino
582 1101 732 1145 perlegat.
749 1100 807 1139 Qui
824 1103 928 1133 autem
948 1099 1029 1132 clam
1046 1097 1170 1130 mittere

430 1155 477 1189 vel
502 1155 646 1199 accipere
670 1154 788 1187 litteras
813 1153 1029 1196 deprehensus
1052 1151 1145 1185 suerit
1163 1178 1170 1191 ‚

430 1219 536 1242 severe
562 1209 727 1253 puniatur:
745 1208 805 1241 nisi
829 1209 909 1242 sorte
927 1206 1068 1247 materia,
1087 1205 1170 1249 quod

429 1263 519 1303 absit,
536 1262 691 1296 eiusmodi
714 1262 819 1302 suerit,
838 1266 873 1294 ut
897 1260 1011 1293 dimitti
1036 1270 1108 1292 eum
1134 1270 1170 1292 ex

431 1315 574 1358 collegio,
599 1325 634 1348 ac
658 1314 796 1358 graviori
821 1314 914 1348 etiam
938 1314 1040 1357 poena
1065 1312 1167 1345 vindi·
1188 1335 1189 1350 i

431 1369 495 1402 cari
519 1368 671 1412 expediat.

474 1422 606 1455 Pacifice
619 1422 700 1454 inter
712 1431 744 1454 se
757 1432 792 1454 ac
806 1421 942 1454 fraterne
955 1424 1057 1463 agant,
1068 1429 1171 1462 neque
1187 1431 1189 1443 ⁴

400 1509 405 1512 ,
431 1475 507 1508 iocis
528 1475 643 1509 modo¹
669 1474 916 1518 procacioribus,
937 1473 991 1506 sed
1012 1473 1050 1506 iis
1077 1472 1170 1505 etiam

431 1528 614 1570 abstineant,
629 1528 683 1572 qui
700 1538 772 1560 cum
792 1527 964 1560 offensione
981 1526 1086 1570 aliqua
1104 1536 1171 1559 esse

430 1588 571 1626 possunt,
594 1587 624 1614 et
648 1581 731 1614 rixas
756 1580 868 1613 deinde
893 1579 1171 1622 contentionesque

432 1635 572 1678 gignere:
586 1645 681 1678 quam
695 1634 788 1667 etiam
799 1633 839 1666 ob
854 1643 932 1673 rem,
944 1643 983 1666 ne
996 1643 1053 1676 per
1066 1632 1170 1665 iocum
1188 1645 1190 1666 z

431 1688 568 1731 quidem,
583 1688 661 1721 alter
676 1687 810 1719 alterum
823 1692 938 1729 tangat.
957 1685 1045 1725 Quod
1059 1685 1084 1718 si
1102 1685 1171 1728 quis

432 1741 571 1784 graviori
585 1740 774 1773 contumelia
788 1744 840 1772 aut
861 1739 962 1782 plagis
978 1748 1171 1782 quemquam

433 1794 582 1834 affecerit,
607 1794 802 1826 severissime
827 1793 983 1836 puniatur,
1002 1797 1054 1824 aut
1079 1792 1170 1824 etiam

434 1847 550 1880 iudicio
575 1847 746 1890 superioris
771 1857 788 1879 e
812 1846 945 1888 collegio
966 1845 1148 1878 dimittatur.

477 1901 642 1935 Rectorem
668 1905 760 1944 atque
784 1900 932 1933 officiales
957 1904 1097 1939 ceteros,
1118 1898 1170 1941 qui

435 1965 545 1988 eorum
562 1965 669 1988 curam
689 1959 812 1997 gerunt,
829 1958 1009 1986 reverenter
1029 1957 1171 1992 tractent,

434 2013 526 2052 atque
550 2007 712 2051 impositas
740 2006 778 2040 ab
802 2007 840 2039 iis
871 2005 1077 2050 poenitentias
1101 2005 1172 2038 obe-

434 2062 556 2094 dienter
568 2066 599 2093 et
611 2060 772 2093 humiliter
785 2064 945 2103 peragant.
959 2058 1048 2097 Quod
1064 2058 1089 2091 si
1102 2058 1172 2101 quis

435 2115 539 2148 subire
562 2124 678 2158 poenas
702 2114 929 2147 contumaciter
949 2112 1099 2153 renuerit,
1121 2117 1174 2144 aut

435 2168 604 2201 admodum
636 2168 846 2200 irreverenter
874 2176 906 2199 se
931 2166 963 2198 in
993 2164 1173 2208 superiores

436 2221 586 2263 gesserit,
611 2226 664 2253 aut
688 2226 797 2254 contra
827 2219 975 2260 eosdem,
1001 2228 1174 2262 eorumque

436 2274 656 2315 ordinationes,
675 2274 752 2307 alios
768 2273 971 2316 instigaverit,
989 2272 1172 2306 dimittatur.

438 2329 609 2372 Unicuique
641 2328 786 2362 cubiculo
817 2328 966 2372 proprius
999 2326 1174 2370 praefectus

437 2383 618 2427 praesideat,
636 2383 689 2426 qui
712 2392 814 2425 neque
837 2380 932 2422 domi,
958 2390 1060 2424 neque
1087 2379 1192 2426 foris„

437 2438 579 2470 alumnos
604 2437 661 2470 sibi
685 2436 869 2470 commissos
902 2434 1040 2475 deserat,
1061 2433 1174 2477 cuique

439 2491 466 2523 in
493 2491 528 2523 iis
556 2502 635 2534 quae
651 2490 689 2523 ad
709 2489 905 2533 disciplinam
930 2491 960 2521 ct
984 2487 1102 2520 bonum
1125 2497 1175 2519 cu-

439 2545 531 2576 iiivnli
557 2544 602 2576 sui
626 2547 739 2577 statum
764 2542 937 2586 pertinent,
970 2551 1079 2574 omnes
1103 2540 1175 2573 obe-

437 2597 542 2637 diant,
566 2607 584 2629 a
607 2607 669 2640 quo
705 2595 874 2629 identidem
905 2595 943 2628 de
974 2595 1174 2627 alumnorum

476 2662 484 2686 ¹
500 2660 637 2694 Legeremt
651 2662 735 2694 atque
749 2659 829 2693 iocis,
842 2667 896 2685 noaz
913 2657 1003 2692 modo,
1015 2660 1066 2684 etc.
1083 2655 1172 2690 (nri.
1191 2664 1192 2687 ;

1210 252 1363 276 namnum

1203 301 1297 333 rebus
1317 305 1347 333 ct
1371 298 1477 339 modo,
1497 308 1560 341 quo
1576 307 1609 331 se
1626 301 1751 340 gerunt,
1768 300 1872 330 rector
1888 295 1940 329 do-

1203 358 1326 394 ceatur3
1351 362 1453 396 neque
1478 351 1560 384 idem
1584 349 1760 394 praefectus
1783 349 1939 393 patiatur,

1202 412 1236 439 ut
1259 417 1333 440 cum
1359 405 1462 439 verbis
1493 409 1546 437 aut
1576 402 1664 436 factis
1696 401 1814 435 alumni
1837 401 1940 435 minus

1202 464 1383 493 reverenter
1397 462 1546 498 tractent;
1561 457 1600 490 sit
1616 466 1692 490 vero
1705 456 1771 500 ipse
1784 454 1939 496 sacerdos,

1202 518 1294 556 atque
1319 515 1356 546 ea
1379 517 1479 545 aetate
1503 516 1533 544 et
1557 510 1710 550 moribus,
1731 513 1765 542 ut
1780 518 1853 542 eum
1875 518 1940 541 me-

1201 566 1263 600 rito
1276 571 1452 599 vereantur.
1467 564 1557 604 Quod
1571 563 1595 597 si
1609 572 1703 607 quem
1724 572 1759 595 ex
1776 561 1941 606 praesectis

1202 619 1457 652 animadverterit
1491 623 1596 651 rector
1633 616 1767 650 alumnis
1799 613 1940 658 placendi

1202 673 1334 706 nimium
1359 672 1544 713 studiosum,
1569 680 1671 714 neque
1695 669 1738 703 ita
1760 668 1886 701 fidelem
1910 667 1942 700 in

1202 726 1306 759 officio
1323 735 1388 767 suo,
1408 725 1556 759 continuo
1574 723 1719 757 dimittat.
1737 721 1941 755 Famulorum

1202 789 1277 812 vero
1293 783 1346 811 aut
1363 777 1543 811 officialium
1566 775 1724 809 neminem
1740 773 1878 818 patiatur
1892 782 1942 806 re-

1203 837 1271 864 ctor
1295 842 1365 864 cum
1392 831 1527 864 alumnis
1550 840 1653 873 agere.

1247 885 1337 918 Nulla
1360 895 1462 928 neque
1487 884 1518 917 in
1542 883 1689 924 sedendo,
1706 892 1808 926 neque
1832 882 1865 914 in
1880 890 1943 914 am-

1203 936 1351 979 bulando,
1368 947 1470 980 neque
1495 937 1527 969 in
1550 947 1585 969 re
1610 936 1670 970 alia
1694 935 1776 968 inter
1798 935 1942 968 alumnos

1204 989 1442 1033 praecedentiae
1466 989 1546 1023 ratio
1569 989 1742 1029 habeatur,
1767 987 1829 1020 nisi
1851 996 1941 1027 cum,

1204 1047 1258 1075 aut
1280 1041 1457 1075 sacerdotes
1476 1051 1551 1074 cum
1567 1051 1631 1074 non
1647 1040 1874 1082 sacerdotibus,
1890 1044 1944 1072 aut

1205 1105 1277 1129 cum
1302 1095 1464 1139 discipulis
1496 1094 1560 1127 suis
1594 1093 1737 1137 magistri
1760 1096 1942 1126 versantur:

1205 1154 1316 1182 curent
1340 1148 1445 1192 potius
1478 1157 1608 1187 omnes,
1632 1149 1667 1180 ut
1697 1146 1776 1179 alter
1810 1145 1943 1178 alterum

1205 1202 1325 1235 honore
1349 1201 1549 1245 praeveniat,
1575 1205 1605 1233 et
1629 1199 1817 1233 christianae
1836 1198 1944 1232 mode-

1205 1255 1282 1288 stiae
1306 1260 1336 1288 et
1359 1254 1544 1288 humilitatis
1576 1253 1755 1297 exemplum
1780 1252 1838 1286 sibi
1864 1251 1944 1286 invi-

1205 1320 1272 1343 cem
1296 1309 1475 1353 praebeant.
1765 1333 1767 1336 .

1248 1363 1454 1405 AEgrotorum
1471 1361 1604 1404 diligens
1620 1360 1773 1394 habeatur
1787 1369 1873 1400 cura,
1890 1369 1944 1392 ne-

1205 1426 1266 1460 que
1289 1416 1427 1459 patiatur
1450 1420 1565 1457 rector,
1583 1419 1636 1447 aut
1659 1424 1710 1447 res
1733 1412 1942 1450 necessarias,

1205 1472 1258 1503 aut
1282 1474 1448 1513 paternum
1462 1469 1494 1501 in
1507 1478 1561 1501 eos
1580 1467 1720 1500 animum
1733 1476 1825 1500 suum
1839 1476 1856 1499 a
1869 1476 1944 1510 quo-

1205 1533 1300 1568 quam
1324 1521 1506 1556 desiderari.
1525 1522 1634 1565 Atque,
1656 1526 1689 1554 ut
1709 1530 1821 1553 curare
1841 1519 1942 1555 debet.

1206 1582 1237 1610 ut
1263 1581 1441 1620 opportune
1465 1575 1503 1608 ab
1528 1575 1596 1608 aliis
1616 1574 1798 1616 invisantur,
1816 1573 1858 1606 ita
1881 1582 1943 1606 non

1205 1635 1324 1663 temere
1348 1629 1508 1674 permittat
1531 1628 1668 1661 alumnis
1683 1627 1715 1660 in
1732 1637 1842 1660 eorum
1860 1626 1946 1660 cubi-

1206 1684 1275 1716 cula
1300 1682 1431 1725 ingredi,
1451 1682 1504 1715 sed
1522 1681 1664 1724 designet
1680 1690 1743 1722 eos,
1761 1680 1814 1724 qui
1830 1690 1888 1723 per
1904 1679 1945 1711 vi-

1206 1747 1257 1769 ces
1274 1747 1309 1769 ex
1327 1735 1439 1769 eodem
1455 1734 1600 1768 cubiculo
1623 1733 1766 1774 invisant,
1788 1732 1848 1765 nisi
1865 1733 1944 1766 sorte

1206 1789 1324 1833 aliquid
1341 1789 1466 1830 incidat,
1484 1788 1568 1831 quod
1587 1787 1724 1828 suadeat,
1739 1798 1776 1820 ex
1794 1786 1855 1820 alio
1869 1796 1946 1830 quo-

1206 1854 1267 1887 que
1288 1843 1434 1876 cubiculo
1451 1842 1587 1885 aliquem
1604 1840 1772 1884 aliquando
1788 1839 1944 1872 advocari.

1251 1897 1284 1928 ln
1308 1895 1408 1928 studia
1433 1895 1599 1937 diligenter
1616 1893 1807 1935 incumbant,
1825 1898 1861 1925 ut
1883 1892 1945 1925 uti-

1206 1949 1250 1981 les
1267 1948 1423 1981 Ecclesiae
1448 1947 1586 1991 operarii
1610 1946 1778 1990 aliquando
1794 1956 1862 1979 esse
1879 1956 1947 1990 pos-

1207 2002 1277 2043 sint,
1297 2001 1337 2035 ob
1352 2011 1483 2045 eamque
1495 2011 1563 2034 rem
1577 2000 1709 2033 rectoris
1721 1999 1945 2033 conscientiam

1206 2065 1391 2095 oneramus;
1416 2060 1504 2088 curet
1536 2059 1570 2086 ut
1604 2053 1745 2087 omnium
1770 2051 1945 2085 studiorum

1207 2108 1429 2153 impedimenta
1453 2107 1536 2141 serio
1560 2107 1710 2140 tollantur
1738 2106 1782 2139 de
1801 2105 1944 2148 collegio.

1206 2173 1244 2195 ne
1270 2173 1327 2206 per
1351 2162 1505 2195 incuriam
1528 2166 1632 2193 tantus
1656 2160 1688 2192 in
1716 2159 1851 2192 alumnis
1875 2158 1947 2192 edu-

1208 2216 1314 2249 candis
1338 2221 1431 2258 atque
1455 2213 1653 2247 instituendis
1676 2212 1767 2246 labor
1791 2211 1899 2245 irritus
1916 2217 1943 2244 et

1208 2270 1308 2303 inanis
1332 2269 1491 2302 reddatur.

1250 2323 1368 2362 Quibus
1403 2322 1514 2355 diebus
1545 2326 1672 2354 vacatur
1697 2330 1714 2353 a
1738 2319 1944 2357 lectionibus,

1207 2377 1362 2421 privatum
1388 2376 1525 2409 studium
1541 2385 1580 2408 ne
1604 2374 1820 2414 intermittant,
1842 2379 1944 2417 atque,

1208 2435 1338 2474 excepto
1369 2429 1615 2463 hebdomadario
1647 2427 1850 2461 rccreationis
1874 2427 1944 2468 die,

1208 2483 1293 2517 domi
1317 2494 1350 2517 se
1373 2484 1560 2527 plerumque
1577 2482 1772 2522 contineant;
1794 2481 1945 2525 quamviS,

1208 2547 1247 2570 nc
1263 2537 1381 2570 laboris
1395 2536 1574 2569 assiduitate
1592 2536 1787 2578 frangantur,
1809 2539 1948 2567 extraor-

1208 2591 1327 2624 dinarie
1347 2590 1449 2633 aliqua
1467 2589 1505 2622 ad
1522 2588 1721 2622 relaxandos·
1730 2588 1851 2621 animos
1867 2587 1945 2621 liora

1209 2644 1334 2678 concedi
1356 2644 1393 2677 iis
1417 2643 1523 2688 possit.
1550 2643 1712 2676 Lectiones
1728 2651 1847 2682 omnes,
1867 2650 1946 2684 quac

1954 246 2003 274 Αῐι.
2020 245 2049 273 C.
2071 244 2138 274 162⁴
