2269 3235
95 258 142 286 An.
160 258 186 285 (Σ.
208 257 275 285 1623

102 535 179 553 Auctor
189 535 219 553 est
230 538 275 553 mr-

93 560 157 580 ‹iinali
176 559 276 581 Bai-onw-

92 589 112 607 ut
135 587 221 606 annates
243 591 276 606 rc-

92 612 276 633 ctesiasucosr-:ri-

92 639 135 659 bat,

126 1066 276 1092 congregauo-

93 1098 139 1114 nem
184 1092 276 1113 Oratorii

92 1119 175 1140 tundat.

103 1594 254 1623 Insaniquecp*
261 1601 275 1613 i·

92 1626 130 1640 mis
141 1623 206 1641 munit
217 1624 276 1641 iusti·

93 1649 150 1667 tutis.

111 2232 161 2252 Eius
177 2233 195 2251 in
212 2233 274 2253 Deum

96 2259 194 2279 charnas.

904 257 1044 281 URBANUS
1070 257 1125 280 VIII
1149 258 1195 280 ΙΨ.

290 305 397 339 fideles
411 305 449 338 ad
462 305 671 339 clarissimum
685 305 758 338 fidei
770 305 875 337 lumen
889 304 1028 345 adduxit,

291 370 353 403 quo
374 359 520 393 illustrati
544 358 687 393 nonnulli
717 357 845 391 hebraei
869 357 1027 392 Christum

291 423 398 456 regem
422 413 587 457 recipere,
611 417 642 445 et
665 411 815 444 haeretici
839 411 878 444 ad
902 411 1029 445 catholi-

291 476 360 499 cam
377 465 539 500 veritatem
555 464 660 498 redire
679 474 741 497 non
755 463 945 497 dubitarunt.

335 519 413 563 §32
427 520 516 554 Certe
529 519 567 552 de
583 518 786 552 novatoribus
803 517 1028 557 revincendis¹‚

292 574 339 606 vel
363 573 402 606 ad
425 573 598 606 Romanam
622 571 794 605 Ecclesiam
819 570 1007 603 reducendis
1022 597 1029 611 ‚

290 626 425 659 maxime
456 625 540 658 visus
564 630 610 658 est
642 624 738 657 fuisse
763 623 932 664 sollicitus,
957 634 1029 656 cum

291 679 390 713 bonae
414 678 587 712 memoriae
615 678 779 712 Caesarem
805 677 1028 721 presbyterum

291 732 480 766 cardinalem
497 731 667 764 Baronium
684 736 910 774 nuncupatum,
928 730 1029 763 adhuc

290 786 321 819 in
338 785 513 818 minoribus
533 785 748 825 constitutum,
768 784 806 817 ad
824 794 902 828 opus
918 784 1030 818 Amia-

292 839 374 873 lium
397 850 455 883 per
479 843 524 873 tot
548 849 646 872 annos
670 848 785 881 urgere
809 848 872 871 non
896 837 1029 878 destitit,

290 900 324 926 ut
352 893 485 938 ipsemet
513 898 621 937 postea
654 892 821 925 cardinalis
852 891 1029 936 scripserit,

289 957 352 981 non
377 958 409 981 se
432 947 619 981 Annalium
639 946 949 985 Ecclesiasticorum,
977 945 1030 978 sed

291 1001 472 1045 Philippum
496 1003 657 1034 auctorem
683 999 829 1032 extitisse.

337 1054 351 1097 ξ
374 1052 426 1086 33.
452 1053 579 1096 lamque
596 1053 627 1085 in
644 1052 776 1085 ecclesia
797 1052 826 1085 S.
843 1051 1029 1095 ¹Hieronymi

292 1108 351 1152 piis
364 1117 400 1140 ac
410 1106 616 1141 familiaribus
633 1105 800 1150 colloquiis
814 1105 867 1138 diu
880 1105 918 1137 ad
938 1105 1031 1137 virtu-

292 1166 338 1194 tes
355 1160 513 1194 erudierat
526 1160 730 1199 confluentes,
742 1169 813 1191 cum
824 1158 862 1191 ad
877 1158 1028 1191 maiorem

293 1214 431 1247 fructum
456 1224 493 1246 ex
520 1212 607 1245 verbi
631 1212 686 1245 Dei
711 1212 828 1245 semine
852 1211 1028 1256 percipien-

292 1266 384 1307 dum,
416 1276 451 1299 ex
475 1265 558 1306 filiis,
592 1275 671 1309 quos
705 1264 828 1298 Christo
861 1268 1028 1307 genuerat,

291 1319 418 1353 delectis
444 1318 612 1359 nonnullis,
641 1318 824 1351 recolendae
857 1318 1028 1351 memoriae

291 1372 434 1415 Gregorii
449 1372 515 1406 XIII
533 1372 625 1405 etiam
650 1371 902 1415 praedecessoris
929 1372 1028 1405 nostri

292 1425 485 1466 auctoritate,
504 1425 588 1469 apud
605 1424 719 1459 dictam
737 1425 901 1458 ecelesiam
919 1424 1029 1457 beatis-

291 1479 388 1512 simae
412 1479 548 1522 Virginis
569 1479 683 1512 Mariae
700 1484 730 1512 et
747 1479 775 1512 S.
793 1478 937 1522 Gregorii
955 1479 1029 1512 Con-

291 1532 505 1575 gregationem
519 1532 711 1576 praedictam
727 1532 862 1566 Oratorii
878 1532 1027 1572 fundavit,

335 1585 414 1629 534.
429 1586 466 1619 Et
479 1586 725 1629 congruentibus
738 1586 897 1627 institutis,
911 1597 928 1618 a
941 1597 1029 1630 prac-

291 1637 374 1671 dicto
398 1639 493 1672 Paulo
518 1638 760 1682 praedecessore
785 1644 893 1683 postca
918 1639 1029 1672 confir-

291 1691 381 1725 matis
389 1692 410 1732 ³,
430 1692 461 1725 in
477 1692 736 1736 presbyterorum
755 1693 944 1725 secularium
970 1698 1029 1725 sta-

292 1751 341 1787 tu,
366 1746 485 1789 absque
514 1745 577 1779 voti
608 1746 702 1778 ullius
732 1746 780 1778 vel
809 1746 1027 1790 promissionis

292 1799 425 1839 vinculo,
443 1799 481 1832 ad
511 1804 646 1842 quatuor
670 1799 840 1832 familiares
865 1810 1027 1834 sermones

291 1852 421 1895 singulis
446 1852 477 1884 in
501 1852 698 1886 hebdomada
713 1853 808 1893 seriis,
826 1856 957 1897 excepta
978 1854 1027 1887 die

290 1905 429 1946 sabbati,
453 1905 565 1938 divinis
596 1905 635 1938 de
658 1906 753 1939 rebus
784 1906 942 1940 habendos
957 1934 964 1948 ‚
989 1908 1027 1940 ad

290 1958 503 2003 quotidianam
539 1959 596 1992 sub
628 1970 790 2003 vesperam
824 1960 856 1992 in
888 1961 1027 1994 oratorio

288 2013 414 2058 publico
430 2013 615 2054 orationem,
632 2013 670 2046 ad
683 2018 952 2047 sacramentorum
969 2015 1028 2048 fre-

288 2067 458 2112 quentiam,
476 2073 505 2100 et
529 2068 568 2100 ad
586 2068 661 2100 alias
686 2068 866 2112 complures
887 2068 1028 2101 christia-

289 2130 346 2153 nae
364 2120 488 2165 pietatis
503 2121 743 2154 exercitationes
767 2121 946 2154 retinendas
963 2132 1028 2155 mu-

288 2173 364 2207 nivit
388 2185 424 2208 ac
447 2174 603 2209 stabilivit.

334 2229 349 2271 g
371 2227 423 2261 35.
441 2228 480 2261 Ut
498 2233 601 2262 autem
620 2229 781 2273 speciatim
800 2230 873 2264 tanti
893 2230 950 2264 riri
970 2231 1027 2263 rir-

291 2285 371 2314 tutes
395 2287 613 2325 agnoscantur,
631 2289 661 2316 et
680 2294 737 2327 per
756 2284 838 2316 viam
856 2285 963 2317 salutis
984 2284 1028 2317 in-

293 2333 471 2368 cedentibus
495 2336 635 2370 subsidio
660 2347 726 2370 esse
752 2338 881 2378 valeant,
899 2349 961 2372 non
981 2344 1027 2372 cst

292 2387 508 2430 omittendum,
532 2390 616 2433 quod
641 2391 666 2424 is
690 2391 747 2424 suit
772 2392 803 2424 in
827 2393 939 2436 primis
957 2393 1027 2426 clia-

291 2441 382 2474 ritate
410 2441 442 2474 in
470 2442 567 2475 Deum
598 2444 795 2486 admirabili,
820 2451 853 2479 ut
885 2446 1027 2480 internus

291 2495 342 2528 ille
370 2494 451 2538 ignis
478 2506 723 2542 nonnunquam,
748 2499 822 2533 dum
855 2501 1027 2535 attenderet

327 2577 337 2602 1
356 2574 427 2602 Edit.
444 2575 522 2603 Main.
538 2576 618 2604 habet
632 2579 813 2607 revincendis
826 2580 864 2614 (R.
882 2581 930 2613 τ.).

325 2620 342 2647 2
358 2620 514 2648 Huiusmodi
534 2621 699 2650 confirmatio
723 2623 820 2659 legitur
840 2625 866 2651 in
890 2629 954 2652 tom.
979 2632 1025 2661 ΧΗ,

292 2672 355 2700 pag.
371 2665 406 2693 36
426 2669 451 2693 et
470 2673 528 2700 seq.
545 2670 652 2694 nostrae
667 2667 791 2696 editionis
806 2669 842 2703 (a.
859 2670 906 2702 τ.).

1728 249 1768 280 15

1063 305 1101 337 ad
1126 305 1239 346 divina,
1257 304 1447 338 redundaret
1463 305 1493 337 in
1514 315 1639 348 corpus,
1661 310 1692 338 et
1711 304 1804 338 facies

1063 363 1156 401 atque
1188 357 1271 391 oculi
1302 357 1480 390 scintillulis
1512 357 1682 399 micarent,
1711 363 1803 402 atque

1064 411 1156 443 ctiam
1181 421 1217 443 ex
1250 411 1422 454 improviso
1456 411 1507 443 illa
1540 411 1678 455 Apostoli
1709 411 1804 445 verba

1064 464 1187 507 saepius
1211 469 1395 507 usurparet,
1423 465 1538 508 Cupio,
1564 464 1616 497 scd
1643 475 1712 498 mox
1737 465 1802 497 ani-

1065 516 1272 557 madvertens,
1294 527 1366 549 suae
1387 517 1417 549 in
1435 518 1532 550 Deum
1558 517 1733 551 dovotionis
1753 529 1802 550 0¹·-

1064 569 1227 602 cultandae
1251 569 1363 612 gratia,
1381 570 1536 613 reliquum
1563 571 1732 605 sentcntiae
1757 582 1804 603 re-

1065 623 1198 663 tinebat,
1225 622 1394 663 nimirum,
1420 622 1554 656 dissolvi
1585 628 1613 656 et
1643 634 1705 657 esse
1730 634 1803 656 cum,

1065 677 1202 711 Christo.

1108 732 1122 773 ξ
1152 730 1204 763 36.
1237 731 1391 774 Perpetuo
1422 736 1514 774 atque
1547 730 1667 765 ardenti
1700 731 1803 764 studio
1844 744 1932 776 pean..
1953 752 2000 768 nm

1063 784 1275 817 venerandum
1302 785 1515 817 Eucharistiae
1540 784 1663 818 colebat
1693 795 1799 818 sacra-
1818 770 2001 819 {iaalssfflssili

1064 842 1221 870 mentum:
1255 837 1302 871 vel
1333 838 1415 870 enim
1447 838 1561 879 laicus,
1587 839 1634 871 vel
1659 827 1871 871 sace1·d0s¹⁰'⁰'

1064 890 1236 931 celebrans,
1255 892 1302 924 rel
1324 894 1490 934 aegrotans
1515 891 1544 923 in
1570 891 1694 931 lectulo,
1720 891 1803 923 illius

1064 944 1246 987 quotidiana
1256 945 1453 988 susceptione
1467 944 1676 978 reficiebatur.
1688 945 1802 977 Verum

1065 998 1144 1030 inter
1159 998 1382 1031 celebrandum
1396 998 1533 1031 fervidus
1545 999 1683 1042 ligneum
1697 999 1804 1031 altaris

1064 1052 1197 1093 gradum
1213 1052 1349 1095 quodam
1368 1052 1566 1086 exultationis
1583 1057 1720 1085 tremore
1734 1063 1802 1085 ron-

1064 1105 1208 1138 cutiebat.

1108 1159 1122 1201 g
1146 1158 1197 1191 37.
1223 1159 1257 1191 In
1282 1159 1349 1203 ipsa
1371 1158 1547 1192 dominicae
1569 1159 1724 1193 Passionis
1742 1171 1803 1193 me-
1844 1171 2001 1201 mensionem

1064 1211 1175 1252 moria,
1197 1217 1288 1256 atquc
1309 1212 1492 1256 iniquorum
1512 1213 1677 1246 hominum
1702 1213 1803 1257 ingra-
1818 1198 1952 1220 ‘¹⁰²¹'¹¹¹¹⁰³m'

1064 1264 1193 1297 titiuline
1218 1265 1354 1308 gemitus
1379 1266 1528 1300 fundebat
1558 1267 1747 1307 uberrimos,
1773 1258 1812 1300 etv

1064 1318 1215 1351 miraculo
1240 1319 1446 1360 tribuebatur,
1471 1320 1556 1363 quod
1579 1330 1655 1364 prae
1679 1320 1802 1354 assidua

1062 1372 1276 1416 lachrymandi
1298 1373 1523 1407 consuetudine
1549 1374 1612 1407 vim
1636 1375 1800 1408 oculorum

1062 1436 1124 1458 non
1149 1426 1314 1459 amisisset.

1106 1480 1121 1522 ᾗ
1137 1478 1189 1512 38.
1202 1480 1285 1513 Inter
1300 1484 1414 1521 cetera,
1431 1481 1546 1524 quibus
1565 1480 1602 1513 ad
1620 1481 1799 1515 huiusmodi
1828 1491 1940 1520 ‘smmum
1955 1497 1999 1512 um-

1062 1531 1222 1566 charitatis
1235 1533 1367 1576 gradum
1382 1534 1524 1577 pervenit
1534 1534 1706 1578 Philippus,
1720 1545 1803 1567 sum-
1817 1521 1887 1540 “⁰⁰¹‘'

1062 1595 1148 1617 mum
1174 1585 1231 1618 suit
1256 1586 1407 1619 orationis
1431 1587 1580 1627 studium,
1600 1588 1650 1620 cui
1675 1587 1803 1632 inexpli-

1062 1637 1153 1670 cabili
1177 1638 1334 1672 desiderio
1359 1650 1485 1683 semper
1514 1639 1671 1681 addictus,
1696 1641 1802 1673 omnia

1060 1691 1319 1735 Congregationis
1339 1693 1487 1726 exercitia
1508 1693 1538 1725 in
1562 1703 1631 1726 eam
1655 1694 1803 1738 quodam-

1061 1745 1154 1778 modo
1172 1746 1301 1779 tendere
1318 1747 1448 1789 curavit,
1465 1752 1499 1779 ut
1516 1747 1587 1780 inde
1601 1747 1713 1781 merito
1731 1747 1801 1781 Ora-

1061 1799 1133 1831 torii
1158 1799 1366 1843 Congregatio
1384 1800 1478 1833 suerit
1502 1801 1667 1844 appellata.

1106 1852 1185 1896 §3ss
1202 1854 1285 1886 Ilaec
1303 1853 1369 1897 ipsa
1386 1854 1546 1890 beativiri
1560 1854 1695 1888 charitas
1712 1855 1801 1888 miris

1060 1906 1163 1940 modis
1192 1907 1387 1940 redundabat
1419 1908 1450 1940 in
1481 1908 1621 1951 singulos
1649 1908 1800 1953 cuiusque

1061 1960 1248 1994 conditionis
1272 1961 1426 1994 homines.
1451 1963 1530 1995 Nam
1555 1962 1696 1995 omnium
1721 1963 1802 1995 utili-

1060 2013 1115 2046 tati
1140 2024 1175 2047 ac
1200 2014 1377 2047 necessitati
1402 2015 1574 2059 expositus,
1594 2016 1716 2048 nullum
1742 2016 1799 2048 sibi

1060 2073 1185 2112 tempus
1209 2074 1330 2101 certum
1356 2079 1423 2102 esse
1447 2069 1563 2110 voluit,
1583 2070 1614 2102 in
1639 2080 1702 2114 quo
1726 2081 1800 2104 suae

1060 2128 1204 2167 parceret
1221 2123 1399 2163 valetudini,
1418 2128 1457 2165 et,
1475 2124 1735 2168 quediliabitabat
1751 2136 1802 2159 cu-

1060 2177 1217 2218 biculum,
1243 2187 1306 2211 non
1329 2182 1449 2221 pateret
1473 2178 1607 2211 aliorum
1632 2179 1801 2212 commodi-

1060 2231 1124 2271 tati,
1150 2233 1275 2264 summa
1299 2231 1424 2265 lenitate
1450 2231 1608 2276 excipiens
1629 2232 1667 2264 ad
1692 2243 1724 2265 se
1749 2243 1800 2265 ve-

1059 2286 1190 2327 nientes,
1206 2287 1305 2320 sactus
1330 2287 1476 2319 omnibus
1501 2287 1615 2327 onmia,
1632 2291 1666 2321 ut
1691 2298 1799 2321 omncs

1059 2340 1182 2373 Christo
1206 2340 1413 2374 lucrifaceret.
1839 2375 1855 2390 ⁰

1104 2394 1118 2437 ἓ
1132 2393 1183 2426 lis).
1201 2393 1358 2436 Singulari
1371 2393 1555 2437 pracsertim
1574 2393 1727 2428 industria
1743 2405 1799 2438 per
1815 2400 1998 2448 fflssonseeuuvm

1060 2446 1247 2479 christianae
1272 2446 1405 2479 lactitiae
1429 2447 1555 2479 semitas
1579 2446 1707 2479 deduxit
1727 2447 1801 2480 ado·
1872 2443 1877 2451 '

1060 2500 1221 2540 lescentes‚
1239 2510 1310 2543 qua,
1329 2500 1375 2532 vel
1393 2503 1512 2543 septem
1531 2499 1622 2533 Urbis
1639 2500 1798 2540 ecclesias,

1061 2553 1107 2585 vel
1133 2552 1336 2593 xenodochia,
1354 2553 1401 2586 vel
1419 2553 1479 2585 alia
1502 2553 1553 2597 pia
1577 2553 1725 2586 exercitia
1742 2554 1800 2587 sre-

1060 2611 1246 2650 quentantes
1270 2607 1377 2641 labore
1408 2618 1443 2641 ac
1475 2608 1618 2641 molestia
1643 2618 1679 2641 ex
1711 2613 1798 2652 parte

1062 2661 1248 2695 levarentur.

1816 257 1863 283 An.
1881 257 1907 283 C.
1932 257 2000 284 1623

1856 1866 1953 1886 Charitas
1980 1867 1999 1886 iu

1816 1898 1927 1918 proximus.
