2269 3235
192 263 287 290 linc
308 262 373 289 ieet
418 253 482 286 116

392 311 436 343 vel
463 310 587 348 suerint,
613 315 638 341 ct
667 319 727 342 non
752 308 837 347 alias,
865 308 983 350 absque
1008 307 1129 350 dispen-

390 364 507 396 satione
532 363 719 406 apostolica,
742 361 966 400 admittantur;
992 371 1046 393 seu
1071 359 1128 404 ipsi

392 417 505 449 iiiilitcs
529 427 590 449 non
616 415 784 455 coniugati,
803 415 894 446 ctiam
913 414 994 445 dicta
1013 414 1131 457 profes-

391 470 477 502 sione
492 470 615 508 omissa,
627 467 858 500 matrimonium
875 477 944 499 cum
960 466 1061 506 unica,
1073 466 1130 506 vel,

393 526 427 555 rai
454 527 598 561 mortua,
624 531 695 553 cum
720 521 818 552 attera
844 524 963 552 tantum
988 519 1131 562 virgine,

393 576 439 607 vul
459 575 560 613 vidua,
574 575 692 617 absque
704 573 798 607 simili
815 572 1044 617 dispensatione
1061 581 1133 605 con-

394 628 518 659 tralwrc
544 627 682 670 possint,

439 683 453 722 ,ξ
478 681 528 713 110.
554 680 628 713 Cum
655 681 763 712 mensa
789 679 979 721 magistrali,
1004 676 1132 717 officiis,

395 734 527 773 iuribus,
547 733 814 766 iurisdictionibus
825 738 855 765 et
872 731 1049 774 insignibus
1062 741 1135 763 con-

395 787 499 827 suetis,
520 787 557 819 ad
576 787 674 819 instar
693 787 825 819 aliarum
851 785 1031 818 huiusmodi
1057 783 1135 816 mili-

395 842 508 873 tiarum
540 840 641 873 ubivis
671 839 902 879 institutarum,
933 839 998 870 sine
1032 842 1134 871 tamen

394 894 524 931 alicuius
541 893 744 937 praeiudicio,
756 891 928 935 apostolica
940 890 1134 928 auctoritate,

394 954 503 980 tenore
527 947 749 990 praesentium,
767 950 919 989 perpetuo
937 944 1089 986 erigimus
1105 947 1136 975 et

395 1001 595 1033 instituimus.

441 1055 455 1097 ξ
478 1053 530 1086 Μ.
557 1053 667 1096 Illique
691 1052 735 1084 sic
760 1056 882 1084 erectae
907 1055 936 1083 et
961 1049 1135 1087 institutae,

396 1118 454 1151 pro
480 1107 546 1139 eius
571 1106 652 1145 dote,
677 1115 786 1138 omncs
806 1109 836 1137 et
855 1112 1069 1147 quascumque
1086 1112 1137 1145 pe-

397 1160 560 1192 cuniarum
586 1158 774 1202 quantitates
799 1168 835 1189 ex
860 1156 1057 1199 receptione,
1082 1164 1137 1187 seu

396 1212 596 1251 admissione,
622 1212 668 1243 vel
692 1210 878 1254 passawio,
892 1208 1060 1241 cuiuslibet
1083 1207 1138 1240 rni-

396 1266 458 1298 litis
485 1265 705 1309 provenientes
730 1264 792 1307 <ita
817 1269 849 1296 ut
880 1263 951 1294 illae
979 1262 1010 1294 in
1040 1262 1137 1301 alios,

397 1330 490 1363 quam
517 1319 617 1351 dictae
646 1318 727 1350 dotis
758 1328 851 1356 usus,
877 1316 976 1349 donec
1008 1315 1098 1348 aliter
1122 1325 1139 1346 a

397 1373 474 1406 Sede
489 1366 666 1415 Apostolica
685 1370 865 1403 mandatum
882 1369 985 1408 suerit,
1000 1367 1139 1400 converti

397 1428 577 1469 nequeant),
596 1435 717 1457 necnon
741 1424 801 1456 alia
826 1424 924 1463 bona,
949 1432 1012 1455 non
1036 1427 1140 1454 tamen

399 1479 621 1518 ecclesiastica,
643 1478 697 1510 sed
719 1487 806 1510 mere
830 1476 964 1515 laicalia,
986 1475 1013 1508 ei
1039 1485 1056 1506 a
1077 1474 1142 1517 qui-

398 1533 524 1573 busvis,
549 1532 812 1576 quandocumque
842 1535 872 1563 et
896 1528 1142 1573 quomodocum-

400 1598 460 1631 que
477 1597 535 1631 pro
549 1592 691 1629 tempore
704 1583 892 1626 assignanda
905 1588 935 1615 et
952 1582 1141 1625 elargienda,

401 1641 485 1672 salva
503 1650 630 1683 semper
645 1638 867 1671 constitutione
885 1636 983 1668 felicis
1000 1635 1143 1668 recorda-

402 1692 496 1726 tionis
511 1692 678 1725 Clementis
693 1692 793 1734 Papae
804 1690 879 1729 Vlll,
892 1688 1143 1732 praedecessoris

401 1743 512 1784 nostri,
522 1754 601 1787 quae
615 1742 724 1785 incipit
734 1743 919 1775 Romanum
934 1739 1018 1772 decet
1032 1738 1144 1772 Ponti-

401 1798 504 1840 ficem,
520 1797 577 1829 sub
592 1796 699 1828 datum
717 1796 844 1834 Romae,
858 1794 940 1837 apud
958 1793 987 1826 S.
1006 1793 1143 1833 Petrum,

403 1850 505 1894 pridie
518 1859 617 1882 nonas
631 1848 707 1888 iulii,
721 1848 922 1891 pontificatus
939 1846 987 1879 sui
1002 1856 1083 1879 anno
1097 1846 1144 1885 κ’,

404 1914 440 1936 ex
461 1914 554 1944 nunc,
571 1908 665 1946 prout
683 1912 719 1934 ex
738 1905 821 1940 tunc,
837 1906 867 1933 et
887 1911 903 1933 e
928 1904 1047 1939 contra,
1064 1904 1146 1942 post—

404 1967 497 2000 quam
522 1956 692 1998 assignata,
718 1960 846 1997 erogata
870 1957 901 1987 et
924 1953 1056 1995 elargita
1078 1952 1145 1984 sue-

405 2010 477 2051 rint,
495 2009 588 2043 etiam
606 2013 758 2052 perpetuo
775 2007 969 2051 applicamus
986 2010 1016 2039 et
1035 2015 1147 2050 appro-

406 2065 557 2108 priamus.

229 2128 312 2151 Miiiua,
336 2128 391 2147 em<-
451 2119 465 2161 8,
489 2119 540 2151 102.
562 2119 726 2161 ipsamque
744 2116 899 2155 militiam,
920 2125 955 2148 ac
976 2115 1059 2147 illius
1078 2124 1147 2147 con-

207 2156 391 2205 ἶῖἶῖἱῂὲῗῗιιωὲιῖἶίἶ
409 2177 550 2209 ventum,
576 2171 751 2214 prioratus,
776 2169 1024 2213 praeposituras,
1049 2167 1148 2200 eccle-

207 2210 297 2256 {iiiiiisir‘i
327 2209 392 2228 ΜΨ
408 2226 468 2258 sias
493 2230 523 2257 et
547 2226 625 2265 loca,
650 2234 772 2256 necnon
798 2222 994 2265 magistrum,
1015 2221 1148 2265 priores,

408 2278 627 2322 praepositos,
660 2277 795 2317 milites,
827 2282 889 2309 tam
922 2275 1150 2309 ecclesiasticos

408 2343 500 2376 quam
525 2331 631 2372 laicos,
658 2341 831 2374 eorumque
856 2330 1027 2369 ministros,
1044 2339 1151 2372 perso-

408 2397 474 2425 nas,
500 2386 670 2425 vassallos,
695 2385 863 2417 servitores
888 2388 918 2415 et
943 2383 1090 2423 colonos,
1116 2392 1151 2415 ac

409 2451 469 2477 res,
487 2439 625 2483 praedia,
637 2438 785 2482 grangias
802 2442 831 2470 et
843 2438 925 2471 hona
935 2446 1151 2481 quaecumque

411 2494 530 2525 ratium³
548 2493 648 2525 dictae
665 2492 794 2525 militiae
809 2491 847 2524 ad
866 2502 921 2525 eos
936 2490 1118 2534 spectantia,
1135 2500 1152 2522 a

411 2546 595 2589 (piuriiiiivis
632 2546 847 2589 primatuum,
879 2544 1151 2588 patriarcharum,

257 2623 272 2635 ,ι
413 2599 737 2643 archiepiscoporum,
762 2599 1001 2643 episcoporum,
1026 2597 1152 2631 ordina-

451 2665 462 2690 1
480 2663 564 2694 Quam
579 2662 641 2689 vide
655 2662 682 2689 in
698 2666 765 2690 tom.
780 2669 807 2697 x,
824 2669 885 2697 pag.
901 2662 947 2689 7¹1
970 2661 1008 2697 (a.
1024 2660 1073 2695 in).

219 695 245 714 00
256 700 274 714 ui
290 699 378 714 unima-

196 725 275 745 puniti
294 724 312 740 ct
331 721 377 739 ins·-

195 748 271 773 gibbus

224 1067 283 1087 [1020.

966 258 1144 282 BULLARIUM
1168 258 1321 282 nOMANUM

1162 306 1294 346 riorum,
1319 310 1349 338 et
1373 305 1507 337 aliorum
1535 303 1747 347 praelatorum
1773 301 1899 336 iurisdi-

1163 359 1264 392 ctione
1285 363 1315 392 et
1340 357 1533 391 subiectione
1557 355 1724 389 eximimus
1744 361 1773 389 et
1791 356 1901 389 libera-

1165 423 1243 453 mus,
1258 413 1389 456 illosque
1406 417 1436 444 et
1450 411 1501 443 illa
1520 410 1610 443 nobis
1635 414 1665 442 et
1688 409 1759 443 Sedi
1775 410 1902 454 Aposto-

1165 466 1242 499 licae
1260 465 1437 498 immediate
1455 463 1649 502 subiicimus,
1667 473 1702 495 ac
1718 462 1777 495 sub
1794 463 1902 496 nostra

1165 523 1195 551 et
1218 518 1318 551 dictae
1342 518 1430 551 Sedis
1454 517 1549 550 tutela
1578 520 1607 549 et
1638 515 1833 560 protectione
1856 525 1904 548 su-

1165 571 1322 615 scipimus.

1211 623 1289 668 §²13
1308 625 1473 657 Praeterea
1489 623 1589 656 dictae
1609 621 1739 655 militiae
1753 621 1904 664 magistro

1167 682 1197 710 et
1210 677 1370 718 militibus,
1384 682 1417 709 ut
1431 676 1565 720 (etiamsi
1580 675 1815 708 matrimonium
1833 684 1903 707 cum

1167 730 1269 770 unica,
1295 730 1399 770 vel,ea
1424 730 1580 769 defuncta,
1598 739 1668 762 cum
1694 728 1755 760 alia
1773 726 1904 770 virgine,

1168 783 1214 816 vel
1240 783 1350 824 vidua,
1376 782 1603 822 contraxerint,
1629 782 1676 814 vel
1706 780 1905 823 contrahant)

1168 847 1261 869 unam
1282 847 1336 870 seu
1358 837 1465 880 plures
1484 836 1651 880 pensiones
1675 844 1794 867 annuas
1814 833 1907 877 (quae

1168 895 1272 922 tamen
1302 890 1335 922 in
1358 894 1456 923 totum
1490 894 1628 922 trecenta
1652 893 1740 921 scuta
1763 891 1907 920 monetae

1169 953 1318 975 romanae
1335 942 1373 975 ad
1390 942 1542 975 rationem
1557 943 1664 975 decem
1683 942 1832 975 iuliorum
1849 950 1907 985 pro

1169 996 1309 1039 quolibet
1331 1000 1419 1028 scuto
1444 996 1623 1029 huiusmodi
1641 996 1673 1028 in
1686 996 1825 1039 singulas
1840 1005 1909 1039 per-

1170 1058 1261 1081 sonas
1285 1058 1347 1081 non
1372 1048 1535 1091 excedant)
1553 1058 1648 1091 super
1672 1048 1908 1088 cathedralium,

1170 1102 1262 1134 etiam
1280 1102 1606 1145 metropolitanarum,
1620 1106 1650 1134 et
1667 1101 1799 1134 aliarum
1817 1101 1910 1133 etiam

1170 1154 1391 1195 abbatialium,
1417 1154 1688 1194 conventualium,
1713 1159 1743 1187 et
1766 1153 1912 1198 capitula-

1171 1207 1253 1240 rium
1278 1218 1475 1247 mensarum,
1500 1217 1621 1240 necnon
1647 1207 1912 1240 monasteriorum

1172 1261 1263 1294 etiam
1290 1261 1565 1301 consistorialium,
1590 1260 1799 1304 prioratuum,
1824 1270 1914 1293 cano-

1172 1315 1343 1354 nicatuum,
1366 1318 1395 1348 et
1419 1314 1690 1358 praebendarum,
1715 1313 1913 1357 dignitatum,

1173 1373 1410 1411 personatuum,
1423 1367 1730 1400 administrationum
1748 1372 1779 1399 et
1795 1366 1915 1400 officio-

1174 1431 1255 1460 rum,
1270 1420 1468 1463 aliorumque
1485 1420 1710 1454 beneficiorum
1733 1419 1917 1453 ecclesiasti-

1174 1485 1296 1515 corum,
1314 1485 1384 1507 cum
1402 1476 1479 1507 cura
1496 1479 1526 1506 et
1543 1474 1610 1507 sine
1627 1476 1712 1514 cura,
1727 1473 1916 1506 secularium

1175 1533 1205 1560 et
1228 1528 1414 1571 quorumvis
1438 1527 1588 1561 Ordinum
1615 1532 1645 1560 et
1668 1527 1851 1560 militiarum
1872 1536 1918 1559 re-

1176 1581 1344 1623 gularium,
1362 1581 1633 1624 qualitercumque
1654 1580 1916 1624 qualificatorum,

1176 1635 1338 1675 fructibus,
1352 1634 1537 1674 redditibus,
1555 1634 1771 1677 proventibus
1785 1633 1917 1673 iuribus,

1177 1688 1417 1721 obventionibus
1442 1693 1472 1720 et
1496 1687 1716 1720 emolumentis
1744 1686 1918 1726 universis,

1177 1752 1212 1773 ac
1229 1740 1322 1773 etiam
1337 1739 1611 1772 distributionibus
1627 1738 1827 1782 quotidianis,
1844 1738 1920 1770 alias

1178 1794 1235 1827 sibi
1254 1794 1402 1827 canonice
1419 1793 1635 1833 reservandas,
1654 1792 1805 1836 recipere,
1823 1791 1920 1836 perci-

1179 1858 1264 1892 pere,
1278 1848 1414 1890 exigere,
1428 1857 1463 1880 ac
1480 1847 1512 1879 in
1528 1857 1602 1880 suos
1618 1857 1693 1879 usus
1710 1850 1740 1878 et
1757 1845 1921 1878 utilitatem

1179 1906 1373 1941 convertere,
1398 1901 1543 1944 ipsasque
1568 1900 1745 1943 pensiones,
1763 1900 1825 1932 una
1849 1909 1920 1932 cum

1179 1954 1415 1998 praeceptoriis,
1433 1953 1627 1998 prioratibus
1641 1957 1697 1987 aut
1713 1952 1782 1985 aliis
1801 1951 1921 1985 benefi-

1180 2008 1235 2041 ciis
1255 2008 1509 2053 quibuscumque
1531 2007 1631 2040 dictae
1656 2006 1795 2047 militiae,
1819 2005 1922 2049 quoad

1180 2062 1314 2094 vixerint
1338 2062 1475 2095 retinere
1499 2061 1598 2093 libere
1622 2065 1652 2093 et
1676 2060 1760 2093 licite
1784 2059 1921 2103 possint;

1225 2116 1240 2158 §
1264 2115 1315 2147 ¹14,
1341 2115 1529 2158 Eisdemque
1559 2114 1712 2156 magistro
1737 2116 1767 2146 et
1786 2112 1923 2156 capitulo

1181 2168 1320 2211 generali
1350 2168 1450 2201 dictae
1474 2167 1620 2207 militiae,
1645 2171 1679 2198 ut
1708 2175 1924 2209 quascumque

1182 2221 1430 2261 constitutiones,
1456 2225 1578 2260 statuta,
1599 2219 1822 2259 ordinationes,
1843 2218 1926 2262 capi-

1183 2275 1256 2315 tula,
1274 2274 1483 2307 stabilimenta
1500 2273 1538 2306 ad
1552 2283 1736 2317 prosperam
1753 2272 1853 2306 dictae
1871 2271 1926 2304 mi-

1183 2328 1266 2360 litiae
1290 2327 1496 2360 directionem
1521 2327 1687 2367 facientia,
1713 2326 1798 2359 licita
1822 2331 1926 2359 tamen

1184 2386 1213 2414 et
1236 2382 1378 2422 honesta,
1403 2391 1439 2414 ac
1464 2381 1561 2414 sacris
1586 2380 1768 2421 canonibus,
1786 2379 1927 2414 Concilii-

1185 2445 1245 2479 que
1272 2434 1445 2468 Tridentini
1476 2434 1610 2468 decretis
1638 2434 1767 2467 minime
1800 2438 1927 2467 contra-

1185 2488 1252 2530 ria,
1285 2497 1303 2520 a
1337 2487 1419 2520 dicta
1450 2486 1529 2519 Sede
1560 2491 1665 2519 tamen
1700 2486 1926 2531 approbanda,

1186 2541 1321 2575 condere
1332 2539 1351 2584 ¹,
1365 2541 1479 2584 illaque
1503 2551 1561 2584 pro
1575 2551 1683 2574 rerum
1700 2546 1730 2574 et
1748 2546 1927 2584 temporum

1186 2595 1334 2640 qualitate
1359 2600 1389 2627 et
1412 2595 1562 2628 varietate
1586 2595 1741 2637 alterare,
1767 2604 1928 2636 revocare,

1223 2660 1235 2687 1
1257 2659 1404 2695 Perperam
1418 2657 1461 2686 ed.
1478 2657 1558 2686 Main.
1575 2657 1640 2694 legit
1651 2658 1805 2686 concedere
1820 2657 1861 2693 (n.
1877 2655 1927 2692 aa).

1913 253 1961 280 An.
1978 252 2006 280 C.
2029 251 2096 280 ¹624

1945 631 2023 652 Milites
2040 630 2101 651 habt-

1919 659 1948 679 les
1968 658 2102 678 declarantur

1920 685 1945 705 ail
1974 685 2103 705 ecclesiasti-

1919 717 1955 731 cas
1991 711 2103 736 pensiones

1920 737 2053 758 obtinendas.

1964 2126 2063 2148 Facultas
2074 2131 2124 2147 eon·

1939 2154 2002 2175 dendi
2029 2155 2110 2174 statuta
2119 2169 2124 2177 .

1939 2186 1993 2207 quae
2001 2181 2075 2201 milites
2081 2185 2123 2200 ser-

1940 2213 1989 2229 vare
2003 2208 2125 2228 teneantur.
