2269 3235
117 283 168 311 An.
188 283 217 310 C.
236 282 304 310 ¹624

143 985 264 1007 clausulae.

131 1681 245 1711 Derogatio
253 1686 302 1702 con-

116 1710 236 1728 uariorum.

155 2537 253 2558 Refertur
276 2539 306 2558 te·

120 2569 160 2585 noi·
169 2564 306 2585 Constitutio-

120 2591 153 2611 uis
169 2592 204 2611 cit.
226 2591 247 2612 in
268 2597 306 2612 ru·

120 2617 190 2639 brica.

935 282 1076 307 URBANUS
1097 283 1153 306 VIII
1173 283 1221 306 PP.

317 329 455 370 homine,
480 339 590 373 quavis
614 330 778 364 occasione
794 329 842 364 vel
860 331 954 362 causa
974 329 1054 369 latis,

316 382 341 416 si
354 383 468 427 quibus
480 384 718 427 quomodolibet
730 382 895 417 innodatae
909 382 1055 423 existunt,

315 435 354 469 ad
379 436 525 471 effectum
552 437 798 482 praemissorum
827 436 988 469 dumtaxat
1012 446 1057 468 as-

316 490 522 534 sequendum,
547 491 659 524 harum
684 489 765 523 serie
791 489 1000 530 absolventes,
1026 494 1057 522 et

315 542 475 578 absolutos
498 545 566 578 fore
585 549 758 584 censentes,
780 543 962 576 huiusmodi
987 554 1057 587 sup-

316 596 539 640 plicationibus
564 596 712 637 inclinati,
737 597 948 640 praeinsertas
973 597 1053 631 Gre-

316 651 398 692 gorii
414 650 666 695 praedecessoris
683 650 863 684 huiusmodi
879 651 1008 691 litteras,
1021 662 1057 684 ac

316 704 422 737 omnia
445 709 476 737 et
499 705 622 747 singula
642 703 673 736 in
691 704 735 737 eis
759 709 916 745 contenta,
935 710 1058 748 aposto-

316 756 377 791 lica
402 759 597 798 auctoritate,
621 763 731 792 tenore
752 759 983 802 praesentium,
1009 769 1059 803 ap-

316 811 488 855 probamus
513 817 544 845 et
567 812 802 853 confirmamus,
820 812 943 856 illisque
964 812 1060 845 invio-

315 864 417 899 labilis
440 866 631 910 apostolicae
662 866 820 900 firmitatis
856 867 954 900 robur
987 866 1060 899 adii-

315 919 425 953 cimus.

361 973 376 1016 ᾗ
391 972 421 1006 3.
446 973 656 1007 Decernentes
672 974 809 1015 easdem,
822 985 857 1007 ac
874 980 1058 1018 praesentes

318 1025 438 1060 litteras
451 1027 579 1066 validas,
597 1022 706 1061 firmas
724 1034 754 1061 et
770 1029 913 1062 efficaces
927 1029 1060 1062 existere

317 1084 347 1112 et
371 1080 447 1121 fore,
472 1091 608 1125 suosque
632 1082 791 1125 plenarios
807 1088 837 1115 et
862 1083 1001 1126 integros
1021 1083 1061 1115 ef-

317 1133 416 1168 fectus
439 1136 546 1169 sortiri
571 1141 601 1169 et
621 1136 775 1177 obtinere,
792 1148 828 1170 ac
844 1137 1013 1170 abbatibus
1030 1143 1061 1170 et

317 1189 479 1222 monacbis
511 1189 679 1233 praedictis
708 1190 740 1222 in
764 1191 912 1224 omnibus
943 1196 973 1224 et
1003 1201 1060 1234 per

317 1242 423 1283 omnia
452 1243 635 1286 plenissime
667 1243 853 1286 suffragari,
884 1248 914 1277 et
935 1244 1059 1277 debitae

317 1295 518 1339 exequutioni
542 1295 741 1336 demandari;
767 1297 875 1340 sicque
892 1308 949 1340 per
964 1308 1059 1341 quos-

317 1359 454 1393 cumque
478 1349 597 1382 iudices
621 1349 800 1383 ordinarios
825 1355 855 1382 et
879 1350 1058 1394 delegatos,

316 1401 410 1434 etiam
431 1412 597 1435 causarum
623 1403 727 1446 palatii
752 1403 917 1447 apostolici
937 1403 1059 1436 audito-

317 1465 378 1495 res,
392 1455 523 1488 iudicari
547 1461 577 1488 et
596 1456 720 1489 definiri
737 1456 863 1496 debere,
880 1468 915 1489 ac
934 1457 1057 1489 irritum

317 1513 347 1541 et
370 1507 472 1550 inane,
497 1509 522 1542 si
547 1520 637 1542 secus
662 1521 759 1554 super
783 1510 831 1543 his
850 1521 867 1543 a
887 1521 1058 1554 quoquam,

317 1563 426 1606 quavis
441 1564 637 1605 auctoritate,
652 1564 786 1597 scienter
800 1565 846 1597 vcl
866 1564 1058 1608 ignoranter,

318 1617 486 1661 contigerit
510 1619 664 1651 attentari.

362 1671 377 1714 ξ
393 1671 422 1703 4.
441 1672 508 1704 Non
523 1672 718 1706 obstantibus
732 1672 877 1705 omnibus
896 1673 965 1711 illis7
980 1684 1059 1716 quae

318 1724 419 1757 dictus
443 1726 615 1769 Gregorius
640 1726 864 1769 praedecessor
885 1727 914 1758 in
934 1727 997 1759 suis
1015 1719 1077 1758 lit-³

318 1778 392 1811 teris
417 1779 597 1812 huiusmodi
624 1780 721 1813 voluit
737 1791 798 1813 non
820 1780 956 1821 obstare,
982 1786 1059 1813 cete-

317 1833 422 1876 risque
447 1834 613 1867 contrariis
638 1834 899 1877 quibuscumque.

360 1887 472 1919 Datum
487 1888 614 1928 Romae,
633 1888 713 1931 apud
732 1888 760 1920 S.
780 1888 917 1926 Petrum,
936 1887 993 1919 suli
1011 1898 1061 1919 an-

317 1941 392 1973 nulo
409 1941 593 1981 Piscatoris,
616 1941 665 1974 die
685 1940 766 1974 xxx‘
785 1941 889 1973 martii
908 1951 1059 1981 MDCXMV,

317 1994 517 2038 pontificatus
534 1995 633 2028 nostri
654 2006 735 2028 anno
753 2006 771 2028 1.

353 2056 413 2084 Dat.
430 2057 473 2085 die
489 2057 523 2085 30
538 2058 627 2085 martii
651 2058 727 2091 1624,
750 2058 844 2094 pontif.
863 2065 905 2085 an.
924 2065 940 2085 1.

650 2202 722 2235 LIII.

320 2281 504 2315 Declaratio
533 2282 781 2317 Constituamus
814 2278 880 2315 xxti
911 2282 1062 2325 superius

360 2336 485 2379 positae
502 2336 539 2369 de
560 2336 674 2369 habitu
695 2337 856 2370 Fratrum
880 2336 1058 2369 Minorum.

531 2415 666 2442 Urbanus
683 2415 761 2449 Papa
771 2415 848 2446 VIII.

444 2459 481 2486 ad
499 2463 675 2494 perpetuam
694 2460 738 2487 rei
757 2459 939 2487 memoriam.

366 2530 420 2574 §l
439 2531 555 2574 Nuper,
567 2542 637 2564 cum
649 2531 969 2564 causainterdilectos
981 2530 1062 2563 filios

321 2584 434 2617 fratres
457 2589 582 2618 nostros
599 2584 722 2618 Ordinis
743 2585 898 2618 Minorum
920 2585 948 2617 S.
970 2585 1064 2617 Fran-

355 2656 369 2682 1
387 2655 518 2690 Erronee,
537 2659 566 2683 ut
591 2660 665 2691 puto,
683 2656 747 2683 edit.
764 2656 843 2683 lllain.
860 2656 886 2682 in
908 2660 980 2683 textu
1000 2656 1064 2691 legit

321 2701 337 2729 5
357 2701 472 2735 vriartii,
493 2708 555 2728 nam
574 2701 607 2728 ad
628 2709 712 2736 marg.
733 2701 797 2736 legit
815 2701 852 2728 50
870 2702 910 2735 (n.
928 2701 975 2727 TE.

1088 330 1160 362 cisci
1185 329 1378 373 Capuccinos
1401 334 1598 373 nuncupatos
1626 339 1661 362 ex
1688 331 1770 369 una,
1795 340 1830 362 ac

1088 383 1201 417 fratres
1226 384 1365 417 eiusdem
1391 383 1517 417 Ordinis
1534 383 1700 417 strictioris
1718 383 1831 416 Obser-

1088 437 1209 469 vantiae
1235 448 1271 469 ex
1296 438 1393 469 altera
1421 438 1582 481 partibus,
1607 437 1645 469 de
1676 442 1706 469 ct
1736 446 1831 479 supet·

1089 491 1339 533 reassumptionc
1371 491 1628 534 calepodiorum,
1663 495 1694 524 et
1726 490 1832 522 distin-

1088 544 1192 577 ctione
1209 544 1344 584 habitus,
1362 544 1400 576 ad
1422 545 1651 588 praescriptum
1671 544 1830 577 bullarum

1088 608 1144 642 per
1169 597 1310 631 diversos
1336 597 1492 631 Romanos
1518 598 1682 631 Pontifices
1706 597 1832 642 praede-

1089 661 1231 684 cessores
1256 657 1381 684 noslros
1406 658 1632 690 emanatarum,
1650 652 1774 693 agitata,
1796 661 1831 684 ac

1091 704 1129 737 de
1154 705 1300 738 mandato
1325 710 1434 738 nostro
1459 705 1489 737 in
1514 706 1758 747 congregatione
1786 716 1833 738 ve-

1091 759 1279 791 nerabilium
1295 760 1425 791 fratrum
1438 765 1618 792 nostrorum
1635 758 1663 791 S.
1677 760 1832 792 Romanae

1092 813 1248 845 Ecclesiae
1265 813 1470 845 cardinalium
1489 812 1623 855 negotiis
1639 812 1832 854 regularium

1093 867 1346 910 praepositorum
1361 867 1522 910 proposita
1536 870 1565 900 cl
1578 866 1752 899 examinata
1764 866 1834 899 fuis-

1093 926 1149 961 set,
1171 921 1288 954 eisdcm
1309 921 1459 953 fratribus
1475 921 1641 953 strictioris
1662 920 1835 953 Observan-

1094 974 1164 1013 tiae,
1189 980 1342 1017 quatenus
1367 974 1528 1017 calepodia
1554 984 1763 1013 reassumere,
1789 984 1835 1006 so-

1093 1028 1219 1071 leasque
1229 1028 1345 1072 ubique
1359 1033 1520 1071 pertotam
1532 1028 1649 1059 ltaliam
1664 1027 1834 1071 deponere,

1094 1092 1151 1115 nec
1168 1093 1219 1115 eas
1237 1082 1443 1125 imposterum
1463 1092 1660 1114 reassumere
1673 1081 1834 1122 deberent,

1093 1135 1151 1167 sub
1176 1135 1512 1169 excommunicationis
1538 1136 1617 1167 latae
1642 1136 1834 1176 sententiae,

1093 1198 1129 1221 ac
1153 1189 1337 1232 privationis
1362 1189 1447 1221 vocis
1472 1189 1590 1221 activae
1615 1194 1645 1221 et
1676 1189 1834 1232 passivae,

1093 1252 1226 1282 necnon,
1244 1242 1346 1285 quoad
1372 1242 1564 1286 superiores,
1589 1242 1682 1275 etiam
1708 1253 1836 1286 suspen-

1093 1295 1189 1328 sionis
1213 1295 1252 1328 ab
1277 1296 1388 1329 officiis
1403 1322 1410 1335 ,
1438 1295 1506 1341 ipso
1531 1296 1612 1329 facto
1637 1296 1836 1329 incurrendis

1092 1349 1212 1393 poenis,
1233 1349 1435 1391 iniunximus,
1454 1354 1485 1382 et
1508 1349 1585 1381 alias
1610 1354 1705 1393 prout
1729 1350 1760 1381 in
1784 1359 1837 1381 no-

1092 1403 1165 1435 stris
1189 1403 1325 1446 desuper
1345 1404 1375 1435 in
1396 1403 1491 1435 simili
1516 1403 1616 1436 forma
1642 1403 1759 1442 Brevis,
1779 1403 1836 1436 sub

1093 1456 1142 1490 die
1156 1468 1176 1490 x
1192 1457 1323 1490 ianuarii
1338 1458 1481 1501 proxime
1495 1457 1668 1501 praeteriti,
1683 1457 1836 1501 expeditis

1092 1510 1230 1549 litteris¹‚
1244 1521 1378 1553 quarum
1400 1516 1525 1543 tenores
1544 1511 1764 1554 praesentibus
1778 1521 1836 1554 pro

1093 1565 1249 1608 expressis
1274 1564 1383 1597 haberi
1409 1565 1565 1605 volumus,
1592 1565 1715 1608 plenius
1741 1565 1838 1597 conti-

1094 1624 1195 1651 netur.

1139 1674 1152 1713 ,ξ
1177 1672 1208 1704 Q.
1237 1674 1326 1705 Nunc
1349 1676 1464 1711 aulem,
1483 1683 1552 1705 rum
1572 1672 1764 1715 experientia
1781 1672 1837 1705 (lo-
1854 1716 1857 1725 ι

1094 1726 1203 1765 cuerit,
1229 1727 1397 1758 nonnullos
1421 1737 1457 1758 cx
1483 1726 1573 1758 dit-tis
1599 1726 1747 1758 fratribus
1771 1726 1839 1759 stri-

1095 1781 1200 1813 ctioris
1225 1780 1448 1814 observantiae
1480 1780 1651 1823 calepodiis
1677 1780 1719 1812 uti
1745 1791 1839 1823 aegre

1095 1845 1203 1878 posse,
1221 1845 1288 1873 nos,
1304 1834 1415 1866 fratres
1434 1834 1601 1866 strictioris
1618 1833 1839 1867 Oliset'vanliae

1077 1899 1078 1919 t
1096 1888 1274 1920 huiusmodi
1301 1887 1489 1931 slent-cialibus
1508 1887 1666 1920 favoribus
1684 1893 1713 1919 rt
1731 1888 1841 1930 gratiis

1095 1941 1241 1984 prosequi
1259 1942 1447 1980 rotonis-ass
1462 1952 1571 1974 eorum
1588 1941 1763 1983 singulares
1775 1952 1841 1984 pcr-

1096 2006 1186 2028 sonas
1200 2007 1217 2028 a
1230 1996 1394 2039 quibusvis
1412 1995 1756 2033 excommunirationis,
1777 2006 1841 2027 sus-

1096 2050 1254 2093 pensionis
1280 2055 1309 2082 et
1335 2049 1513 2089 interdicti,
1544 2049 1674 2092 aliisque
1699 2049 1842 2081 ecclesia-

1096 2103 1180 2135 sticis
1205 2103 1378 2142 sententiis,
1396 2103 1537 2135 censuris
1555 2109 1583 2135 et
1604 2103 1722 2146 poenis,
1739 2113 1756 2135 a
1773 2103 1840 2135 iure

1095 2157 1143 2189 vcl
1160 2156 1198 2188 ab
1216 2157 1354 2196 homine,
1369 2156 1478 2199 quavis
1495 2156 1659 2189 occasione
1681 2156 1727 2188 vel
1746 2157 1841 2188 causa

1096 2210 1185 2249 latis,
1218 2210 1241 2242 si
1274 2210 1389 2253 quibus
1414 2209 1650 2253 quomodolibet
1675 2209 1840 2241 innodatae

1096 2264 1242 2303 existunt,
1252 2263 1289 2295 ad
1301 2263 1445 2297 effectum
1457 2263 1669 2306 praesentium
1680 2263 1842 2295 dumtaxat

1097 2316 1372 2359 consequendum,
1387 2317 1509 2348 ‘harum
1539 2316 1619 2348 serie
1645 2316 1841 2348 absolventes

1097 2373 1124 2400 et
1137 2367 1294 2400 absolutas
1305 2368 1371 2401 sore
1378 2372 1551 2406 censentes,
1560 2367 1842 2410 supplicationibus

1097 2422 1226 2454 earum²
1239 2422 1366 2454 nomine
1384 2422 1474 2454 nobis
1492 2432 1586 2464 super
1603 2421 1662 2452 hoc
1680 2421 1842 2453 humiliter

1096 2476 1251 2519 porrectis
1268 2475 1417 2515 inclinati,
1429 2474 1841 2518 superioribus‘eorumdem

1096 2531 1230 2563 fratrum
1252 2530 1418 2564 strictioris
1437 2529 1670 2568 Observantiae,
1691 2529 1841 2561 fratribus

1097 2585 1183 2618 senio
1209 2585 1379 2624 confectis,
1405 2588 1457 2616 aut
1481 2583 1534 2627 qui
1564 2583 1604 2615 ita
1636 2582 1754 2615 infirmi
1779 2583 1842 2615 fuc-

1136 2657 1142 2682 i
1163 2656 1234 2687 Quas
1249 2655 1308 2682 vide
1323 2664 1416 2690 supra,
1433 2664 1492 2691 pag.
1510 2656 1543 2682 97
1561 2655 1640 2682 liuius
1656 2655 1722 2682 tomi
1738 2656 1774 2681 (a.
1791 2661 1839 2681 TA.

1134 2703 1143 2726 1
1165 2700 1254 2727 Potius
1269 2700 1406 2735 legeretur
1421 2709 1520 2727 eorum
1538 2702 1574 2735 (n.
1596 2701 1643 2734 T.).

1735 272 1799 306 139
1846 282 1895 308 An.
1912 281 1940 309 c.
1964 282 2032 309 1624

1854 1680 1956 1706 sequitur
1973 1680 2038 1706 ipsius
