2269 3235
101 270 149 296 An.
170 270 199 295 t).
218 268 284 297 ¹623

98 331 126 352 ad
147 335 207 352 mum
229 330 280 352 dieti

98 357 189 384 collegit,
204 359 244 378 etc.

127 649 149 670 ln
161 654 202 674 quo
213 654 282 670 mane-

101 675 235 705 rent-tratres
248 675 283 696 hic

100 704 209 723 nominati.

114 1450 196 1475 anque
205 1452 225 1471 in
236 1456 282 1476 pos-

100 1477 214 1523 seissionem
224 1477 282 1498 indu-

101 1509 120 1523 xi
133 1519 136 1522 .

126 2040 164 2063 Qut
176 2040 280 2059 testatvr-i«

99 2069 187 2086 mentem
207 2072 280 2092 nequ·

101 2095 180 2113 rurant.

126 2465 210 2485 Fratres
234 2471 282 2485 von-

99 2494 171 2511 wntus
215 2495 282 2512 sanet!

98 2518 193 2539 Andreae
217 2519 281 2539 ‹tuna-

98 2544 176 2564 tionem
215 2546 281 2565 fratr·-

97 2571 135 2590 im
144 2570 239 2592 Calabris·
249 2579 282 2593 ce-

98 2597 156 2619 dun!-

914 271 1055 296 URBANUS
1078 271 1131 295 vm
1152 272 1199 295 Μ’.

298 323 366 353 tore
388 318 511 352 vivente
534 320 644 353 reduci
677 323 707 353 et
735 317 884 352 destinari
907 318 1039 351 deberet

296 371 335 405 ad
351 382 442 405 usum
460 372 595 416 collegii,
612 382 667 406 seu
684 371 877 412 monasterii,
891 381 951 416 pro
968 382 1039 405 con-

297 424 418 458 decenti
442 425 625 466 mansione,
650 424 752 460 studio
782 429 813 458 et
844 424 1038 458 habitatione

297 477 429 512 fratrum
453 478 594 511 eiusdem
618 477 741 512 Ordinis
775 477 951 520 theologiae
977 481 1038 511 stu-

297 530 357 564 diis
380 541 511 575 operam
542 531 681 563 dantium
713 530 847 563 nationis
877 530 1037 564 Citerioris

298 583 457 618 Calabriae
480 583 671 624 huiusmodi,

343 637 358 681 ξ
374 637 404 671 9.
422 638 459 671 Et
474 637 505 670 in
521 637 589 682 ipso
604 636 748 680 collegio,
762 647 816 670 seu
834 636 1036 679 monasterio,

299 700 424 735 semper
459 690 650 724 commorari
681 695 810 735 possent
844 695 873 723 et
904 690 1038 723 debeant

299 743 428 777 Ioannes
458 743 595 788 Baptista
623 743 886 784 etFranciscus,
915 753 1037 777 necnon

297 797 461 842 Dionysius
485 802 515 831 et
539 797 719 831 Vincentius
749 802 946 842 praesentes,
975 808 1038 830 orn-

297 859 415 895 nesque
442 850 493 883 alii
526 850 638 885 fratres
673 850 812 884 eiusdem
845 850 970 884 Ordinis
1000 862 1037 884 ex

297 903 380 937 dicto
404 904 520 948 oppido
543 904 681 948 Reginae
705 904 766 938 orti
791 910 821 937 ct
845 904 970 938 oriundi
988 915 1036 938 re-

298 958 445 1002 spective,
469 958 569 992 donec
582 963 612 991 et
629 969 793 1002 quousque
814 959 963 1000 viverent,
981 958 1038 991 sub

298 1012 399 1055 poena
424 1011 575 1044 nullitatis
592 1016 623 1044 et
646 1011 854 1045 revocationis
870 1011 971 1044 dictae
988 1011 1039 1045 do-

299 1065 452 1106 nationis,
483 1076 519 1098 ac
554 1065 663 1109 poenis
695 1070 725 1098 et
755 1065 982 1099 eadm-itatibus
1007 1066 1038 1098 in

300 1118 383 1151 dicto
417 1123 603 1152 testamento
635 1118 810 1161 contentis,
847 1119 877 1151 in
909 1119 1038 1163 reliquis

303 1181 375 1205 vero
400 1171 494 1206 modo
518 1177 548 1205 et
571 1172 683 1212 forma,
702 1182 738 1205 ac
755 1172 813 1204 sub
833 1172 951 1205 eisdem
968 1183 1039 1206 con-

301 1224 482 1267 ditionibus,
507 1225 648 1267 vinculis,
673 1225 822 1258 oneribus
839 1230 869 1258 et
885 1226 1055 1259 caelucita-x

301 1277 382 1310 tibus
394 1277 425 1310 in
439 1277 549 1311 eodem
564 1282 748 1310 testamento
762 1278 930 1321 expressis,
943 1283 1038 1321 prout

300 1330 329 1362 in
354 1330 490 1374 publicis
521 1330 659 1374 desuper
689 1330 862 1374 respective
887 1332 1037 1364 consectis

298 1384 513 1418 instrumentis
536 1385 659 1429 plenius
683 1385 798 1417 dicitur
822 1386 991 1426 contineri;

341 1439 357 1482 g
376 1438 427 1471 ⁷10.
447 1438 484 1471 Et
504 1443 733 1482 consequenter
757 1438 839 1471 idem
857 1438 990 1473 donator
1007 1444 1037 1472 ct

298 1495 426 1526 testator
446 1491 618 1536 respective
642 1492 789 1525 Ioannem
812 1492 981 1536 Baptistam
1007 1498 1037 1526 ct

298 1545 510 1587 Franciseum,
530 1555 565 1578 ac
589 1544 771 1590 Dionysium
793 1551 823 1578 et
839 1545 1035 1579 Vincentium

297 1598 492 1643 praedictos,
520 1608 642 1632 necnon
672 1598 874 1632 Laurentium
900 1610 916 1631 a
941 1599 1035 1643 Spez-

297 1663 405 1694 zanno,
430 1663 466 1686 ac
489 1653 671 1686 Michaelern
691 1657 721 1686 et
742 1653 883 1694 Paulum,
901 1664 937 1686 ac
950 1654 1036 1687 loan-

296 1717 366 1740 nem
391 1711 420 1739 et
446 1706 616 1740 Antonium
649 1706 847 1750 praedictos,
871 1707 1036 1751 dictaeque

296 1770 369 1794 suae
394 1759 513 1805 patriae
540 1770 576 1793 ac
603 1759 764 1794 Citerioris
792 1760 955 1794 Calabriae
981 1761 1036 1794 hu-

296 1813 428 1847 iusmodi
452 1813 613 1855 oriundos,
638 1814 669 1846 in
693 1814 846 1848 actualem
871 1819 901 1848 et
925 1825 1035 1859 corpo-

297 1868 394 1901 ralem
419 1867 650 1912 possessionem
675 1866 749 1900 dicti
777 1867 894 1911 palatii,
920 1868 1034 1901 virida-

297 1921 481 1965 riorumque
512 1927 542 1954 et
571 1920 833 1965 pertinentiarum
862 1921 1035 1965 praedicta-

297 1986 366 2009 rum
392 1975 629 2015 introduxisset3

340 2030 355 2073 ξ
376 2029 422 2062 ll.
437 2029 560 2073 Ipsique
578 2029 621 2062 sic
638 2028 819 2070 introducti,
832 2039 890 2073 per
905 2029 1033 2062 modum

297 2082 484 2126 provisionis
519 2092 554 2115 ac
591 2081 792 2126 superiorum
826 2082 1033 2124 auctoritate,

298 2136 451 2180 templum
483 2137 529 2169 vel
565 2136 739 2180 cappellani
773 2147 826 2169 seu
859 2137 1034 2170 oratorium

297 2190 354 2223 sub
380 2190 575 2223 invocatione
599 2190 739 2223 eiusdem
764 2191 792 2224 S.
819 2190 841 2223 F
845 2190 977 2224 rancisci
1003 2190 1053 2223 int

297 2244 382 2277 certa
406 2248 495 2287 parte
519 2243 658 2277 ciusdem
682 2243 787 2288 palatii
819 2244 1033 2288 aperuissent,

298 2301 327 2329 et
350 2297 523 2330 clausuram
549 2303 720 2331 conventus
744 2298 963 2342 appellassent,
986 2309 1035 2332 or—

299 2349 486 2383 dinationem
517 2350 616 2394 ipsius
648 2351 825 2384 donationis
858 2352 1034 2386 successive

299 2402 436 2436 exactius
459 2403 496 2436 ad
520 2403 664 2438 effectum
689 2405 891 2449 perducturi3

342 2456 357 2500 ἓ
373 2456 424 2489 19..
439 2457 537 2500 Atque
556 2457 674 2491 interea
694 2462 822 2492 testator
842 2459 1033 2503 praedictus,

298 2509 378 2542 sicut
401 2509 533 2543 Domino
556 2511 688 2554 placuit,
712 2512 807 2545 rebus
838 2513 947 2546 suisset
981 2513 1035 2546 hu-

299 2562 398 2595 manis
411 2567 581 2607 exemptus:
595 2564 706 2598 fratres
719 2566 804 2607 dicti,
813 2567 926 2600 domus
935 2567 964 2600 S.
976 2568 1035 2600 An-

298 2616 391 2649 dreae
415 2616 576 2660 haeredes,
594 2622 626 2652 ut
642 2620 863 2663 praemittitur,
890 2620 1034 2662 instituti,

298 2674 419 2705 mature
443 2671 676 2705 considerantes
692 2674 886 2717 praedictum
908 2679 1035 2708 testato-

1073 329 1140 352 rem
1164 319 1299 353 nationis
1324 329 1397 352 suae
1420 318 1588 363 relig-iosos
1605 329 1640 351 ex
1661 318 1746 353 dicto
1763 329 1814 353 eo-

1073 383 1143 405 rum
1164 372 1280 407 Ordine
1303 373 1455 406 existente
1480 372 1637 413 Ecclesia,
1662 372 1811 417 collegio-

1072 436 1143 469 que,
1161 436 1216 459 seu
1235 426 1428 460 monasterio
1452 425 1634 459 huiusmodi
1655 426 1813 459 honorare

1072 479 1218 520 voluisse,
1232 479 1400 523 omniaque
1418 479 1455 512 ad
1473 489 1583 513 eorum
1601 490 1692 512 usum
1711 485 1741 512 et
1758 479 1813 513 uti-

1071 532 1190 565 litatem
1215 532 1397 574 destinasse,
1419 538 1448 566 et
1472 536 1700 577 consequenter
1716 543 1812 567 onera

1071 585 1194 618 diversa
1214 585 1269 626 sic,
1285 590 1316 618 ct
1331 585 1489 619 honorum
1509 586 1812 621 administrationem

1071 637 1116 671 eis
1137 638 1332 682 ‘demandare
1356 638 1387 671 in
1413 643 1516 671 mente
1534 640 1638 672 forsan
1655 640 1812 681 habuisse,

1070 691 1329 736 praedictumque
1361 692 1508 725 Ioannem
1544 692 1714 737 Baptistam
1738 693 1812 727 dicti

1071 744 1196 787 collegii
1216 744 1368 778 vicarium
1393 744 1588 789 deputatum,
1606 750 1636 779 et
1654 756 1713 790 pro
1733 750 1810 781 tem-

1070 808 1148 842 pore
1172 798 1340 831 existentes
1364 798 1447 831 illius
1471 799 1663 843 superiores²
1683 800 1812 834 idoneos

1071 855 1102 884 et
1125 856 1322 896 opportunos
1346 851 1447 885 dictae
1466 851 1668 886 haereditatis
1685 853 1814 887 admini—

1072 910 1240 946 stratores,
1265 915 1382 950 eosque
1405 906 1458 950 qui
1483 905 1557 939 dicti
1582 907 1740 940 testatoris
1764 918 1814 941 vo-

1072 958 1222 992 luntatem
1255 963 1285 993 et
1312 959 1543 993 ordinationem
1569 960 1681 994 melius
1701 966 1732 994 et
1752 962 1813 995 effi-

1073 1011 1177 1044 cacius
1201 1012 1240 1044 ad
1260 1022 1398 1056 unguem
1417 1013 1586 1046 observent
1603 1019 1633 1047 et
1651 1014 1812 1048 observari

1074 1064 1197 1106 faciant,
1214 1066 1281 1098 sore
1297 1065 1543 1110 perspicientes,
1568 1067 1605 1100 de
1623 1065 1811 1102 dilecto'rum

1073 1118 1210 1152 filiorum
1236 1119 1379 1152 moderni
1405 1120 1572 1163 generalis,
1590 1120 1736 1165 illiusque
1752 1123 1813 1156 cot·

1072 1172 1214 1215 legarunt
1240 1182 1386 1213 assensu,
1419 1183 1455 1206 ac
1484 1184 1555 1206 cum
1580 1173 1758 1208 interventu
1782 1181 1813 1208 ct

1071 1225 1247 1268 praesentia
1260 1230 1322 1258 tam
1333 1225 1489 1260 dictorum
1500 1226 1705 1271 collegarum,
1718 1239 1810 1273 quam

1071 1278 1164 1310 ctiam
1190 1278 1293 1313 dilecti
1319 1279 1374 1312 filii
1399 1280 1560 1325 Hippolyti
1589 1281 1670 1315 tituli
1695 1282 1724 1315 S.
1749 1283 1812 1316 Ma-

1052 1368 1054 1375 .
1070 1332 1134 1364 riae
1148 1332 1251 1365 Novae
1265 1332 1387 1366 diaconi
1409 1333 1575 1366 cardinalis
1587 1334 1812 1369 Aldobrandini

1070 1385 1251 1430 nuncupati,
1271 1385 1345 1418 dicti
1370 1386 1496 1420 Ordinis
1520 1389 1723 1431 protectoris,
1748 1390 1812 1423 sive

1069 1438 1137 1472 eius
1161 1439 1325 1482 auditoris,
1351 1450 1387 1473 ac
1412 1441 1470 1473 sub
1493 1446 1602 1475 nostro
1620 1447 1649 1475 et
1673 1442 1760 1476 Sedis
1775 1444 1812 1476 Α-

1053 1507 1054 1516 1
1068 1492 1239 1535 postolicac
1252 1491 1458 1537 beneplacito,
1471 1500 1663 1538 acceptatam
1677 1506 1734 1540 per
1747 1507 1812 1530 ees-

1069 1546 1140 1578 dem
1166 1546 1239 1579 dicti
1264 1547 1422 1579 testatoris
1446 1547 1689 1591 haereditatem,
1707 1560 1811 1583 omne·

1069 1609 1130 1643 que
1162 1600 1364 1633 commodum
1397 1605 1427 1633 et
1455 1600 1692 1645 incommodum
1717 1602 1810 1644 illius,

1068 1662 1127 1685 nec
1151 1662 1214 1685 non
1239 1664 1294 1685 sua
1319 1656 1349 1686 ct
1372 1653 1472 1686 dictae
1492 1653 1605 1687 domus
1621 1655 1650 1688 S.
1668 1655 1811 1689 Andreae

1069 1705 1137 1738 iura
1169 1711 1199 1738 et
1231 1706 1369 1740 actiones
1393 1716 1610 1751 quaecumque
1634 1707 1679 1741 eis
1707 1714 1737 1742 et
1761 1719 1812 1743 co-

1069 1770 1140 1792 rum
1176 1759 1305 1793 cuilibet
1339 1760 1578 1805 quomodolibet
1607 1761 1756 1796 attributa
1781 1769 1812 1796 ct

1069 1813 1278 1857 competentia
1291 1824 1327 1847 ac
1341 1814 1560 1858 competitura,
1574 1825 1644 1848 cum
1663 1816 1811 1850 omnibus

1069 1871 1098 1899 et
1116 1867 1247 1910 singulis
1265 1867 1407 1908 vinculis,
1421 1868 1571 1901 oneribus
1584 1869 1810 1911 ethonoribus,

1068 1920 1184 1964 pactis,
1210 1921 1443 1955 conditionibus
1475 1927 1505 1955 et
1535 1922 1647 1966 poenis
1672 1923 1702 1956 in
1727 1924 1811 1957 dicto

1069 1980 1256 2008 testamento
1280 1976 1445 2017 contentis,
1461 1976 1516 2009 ad'
1535 1976 1682 2010 loannem
1708 1978 1809 2022 Bapti-

1069 2033 1148 2060 stam
1181 2028 1333 2061 vicarium
1365 2029 1561 2072 praedictum
1592 2036 1809 2074 praesentem,

1068 2093 1104 2115 ac
1127 2093 1186 2126 pro
1212 2086 1248 2115 se'
1269 2088 1296 2115 et
1318 2084 1554 2117 suecessoribus
1571 2084 1646 2126 suis,
1663 2085 1810 2130 dictoque

1069 2136 1203 2179 collegio
1220 2142 1250 2169 et
1268 2137 1469 2179 monasterio,
1489 2137 1636 2182 illiusque
1653 2139 1810 2183 religiosis

1069 2195 1294 2234 acceptantem,
1308 2194 1337 2224 et
1349 2201 1408 2234 pro
1423 2196 1566 2235 tempore
1579 2192 1722 2226 futurum
1736 2193 1810 2227 dicti

1068 2243 1193 2286 collegii
1229 2254 1285 2277 seu
1319 2245 1501 2278 monasterii
1531 2246 1749 2290 superiorem,
1774 2258 1810 2281 ae

1068 2297 1151 2330 illius
1177 2297 1356 2340 collegiales
1382 2299 1446 2331 sive
1464 2298 1629 2343 religiosos
1653 2312 1711 2344 pro
1735 2306 1810 2335 ten]-

1069 2362 1146 2395 pore
1171 2351 1338 2384 existentes
1362 2353 1600 2394 transtulerunt,
1618 2354 1726 2398 eisque
1743 2366 1809 2389 ces-

1069 2409 1177 2438 serunt
1201 2410 1231 2438 et
1255 2405 1461 2447 mandarunt,
1487 2407 1711 2441 constituentes
1735 2419 1809 2453 pro-

1068 2463 1174 2502 pterea
1199 2459 1325 2492 eosdem
1351 2460 1498 2493 Ioannem
1525 2460 1696 2505 Baptistam
1721 2468 1751 2496 et
1766 2463 1810 2497 fu-

1069 2518 1155 2546 turos
1180 2512 1254 2546 dicti
1280 2513 1405 2557 collegii
1433 2524 1488 2546 seu
1513 2515 1696 2548 monasterii
1722 2527 1811 2561 supe-

1070 2567 1169 2600 riores
1189 2577 1224 2599 ac
1245 2567 1424 2610 collegiales
1445 2567 1509 2601 sive
1527 2568 1693 2612 religiosos
1718 2581 1809 2604 veros

1069 2625 1099 2653 et
1122 2620 1269 2664 proprios
1286 2620 1567 2663 administratores,
1586 2627 1809 2666 procuratores

1104 2683 1115 2710 1
1136 2683 1276 2719 Perperam
1293 2682 1355 2711 edit.
1376 2683 1445 2709 Maii·
1474 2683 1538 2719 legit
1553 2687 1580 2712 el
1592 2685 1629 2719 (u.
1647 2685 1694 2718 T.).

1741 262 1782 295 55
1829 272 1876 297 An.
1895 271 1925 297 C.
1943 270 2010 298 1623
