2269 3235
151 242 203 270 An.
218 241 249 270 C.
267 240 336 270 1624

182 675 212 697 Ad
221 675 340 701 superiores

155 702 258 724 hortatio*

178 1688 207 1709 Du
217 1688 289 1709 ordine
298 1687 348 1709 diei.

196 2223 288 2244 Poena-1.

960 240 1101 265 URBANL'S
1126 239 1182 264 vm
1206 239 1254 263 PP.

351 288 471 322 Horum
496 289 589 322 etiam
610 300 704 323 curae
721 290 760 322 sit
777 288 955 321 examinare
972 293 1003 320 et
1019 298 1090 331 pro-

350 342 437 384 bare,
462 348 523 376 tam
545 343 650 388 quoad
670 343 857 382 doctrinam,
875 352 969 384 quam
987 341 1089 385 quoad

351 406 468 438 mores,
486 396 719 441 promovendos
738 395 776 428 ad
801 405 1019 439 quoscumque
1044 405 1091 427 or-

351 449 451 491 dines,
469 450 499 483 in
516 461 579 495 quo
604 455 745 483 servetur
769 448 931 481 decretum
956 448 1092 489 Congre-

353 502 487 545 gationis
519 503 727 547 interpretum
759 501 839 534 sacri
871 500 999 534 Concilii
1023 501 1091 533 Tri-

354 555 472 588 dentini
490 556 547 589 hac
563 555 601 589 de
621 556 714 589 causa
730 564 830 598 nuper
847 554 965 588 editum
982 557 1011 587 et
1024 564 1093 597 pro-

355 609 539 652 mulgatum.

400 662 415 706 g
438 660 490 695 38.
516 661 594 694 Illud
612 671 709 705 porro
730 660 913 704 superiores
929 670 1039 693 omnes
1063 659 1094 692 in

355 715 488 749 Domino
508 715 723 757 admonemus,
741 720 775 748 ut
790 725 949 748 memores
970 714 1031 748 sint
1048 724 1097 746 ra-

355 769 466 810 tionis,
491 779 585 812 quam
611 768 642 801 in
666 769 841 802 novissimo
865 768 916 801 die
940 768 1095 801 reddituri

355 828 428 857 sunt
450 833 510 867 pro
533 834 631 867 grege
657 823 717 856 sibi
742 822 930 862 commisso,
955 832 991 855 ac
1014 832 1092 866 pro-

354 882 463 922 pterea
486 877 572 911 omni
595 877 698 911 studio
723 877 895 921 invigilent,
912 881 947 910 ut
968 886 1048 920 quae
1065 876 1096 908 in

355 931 540 964 eorumdem
565 931 717 966 Ordinum
746 931 864 974 regulis
888 934 918 964 et
945 930 1096 964 constitu—

355 984 494 1018 tionibus
519 985 557 1018 de
581 986 725 1019 oratione
749 985 895 1025 mentali,
920 984 1044 1017 silentio
1068 987 1099 1017 et

356 1037 492 1079 ieiuniis,
517 1039 654 1082 capitulo
679 1039 854 1083 culparum,
879 1037 1011 1081 aliisque
1038 1036 1099 1081 spi-

357 1091 523 1125 ritualibus
540 1092 697 1126 exercitiis
713 1092 885 1136 prudenter
902 1102 938 1124 ac
962 1091 1013 1135 pie
1029 1100 1099 1123 san-

358 1145 418 1179 cita
438 1151 518 1188 sunt,
537 1156 572 1179 ea
592 1146 698 1179 omnia
717 1152 747 1179 et
763 1146 886 1188 singula
902 1145 941 1177 ad
961 1155 1098 1187 unguem

359 1198 585 1240 observentur,
611 1200 849 1242 intelligantque
869 1209 963 1242 super
983 1197 1032 1230 his
1053 1208 1099 1230 ve-

359 1252 415 1285 luti
427 1252 638 1285 fundamentis
653 1252 794 1286 omnium
811 1252 1001 1294 religionum
1020 1251 1102 1284 aedi-

360 1305 431 1338 ficia
447 1306 657 1339 construenda
674 1311 705 1338 et
721 1305 899 1349 amplianda
924 1316 1002 1346 esse,
1020 1315 1101 1350 quae

358 1363 392 1391 ut
407 1359 581 1393 faciliorem
598 1359 716 1393 exitum
737 1360 918 1400 sortiantur,
935 1364 966 1392 et
981 1359 1101 1392 fructus

358 1411 523 1446 uberiores
548 1412 580 1445 in
604 1413 716 1446 animis
745 1413 878 1445 fratrum
904 1412 1101 1456 producant,

358 1465 448 1498 valde
464 1471 679 1510 opportunum
698 1465 767 1506 erit,
781 1466 806 1498 si
824 1466 855 1498 in
872 1466 1012 1509 quolibet
1031 1477 1102 1499 con-

360 1525 464 1560 ventu,
481 1520 614 1563 singulis
631 1520 848 1561 hebdomadis,
867 1520 1020 1552 habeatur
1040 1530 1103 1552 ser-

361 1583 412 1606 mo
437 1573 476 1606 de
499 1574 649 1617 religiosa
682 1574 866 1618 disciplina,
900 1574 1103 1618 regularique

362 1627 571 1661 observantia.

406 1681 422 1724 5
445 1679 496 1714 39.
521 1681 587 1719 Quo
612 1691 687 1714 vero
711 1680 816 1714 omnia
847 1680 989 1714 ordinate
1013 1691 1104 1725 pera-

364 1739 487 1777 gantur,
512 1734 710 1778 appendatur
735 1734 848 1767 tabella
872 1734 904 1767 in
928 1735 999 1768 loco
1024 1745 1100 1768 con-

363 1788 472 1831 spicuo
496 1788 743 1832 uniuscuiusque
773 1792 962 1829 conventus,
988 1789 1020 1821 in
1044 1799 1106 1832 qua

363 1840 506 1875 distincte
537 1841 722 1882 adnotetur,
747 1841 823 1886 quid
856 1841 988 1884 singulis
1018 1841 1106 1875 horis

364 1894 517 1939 cuiusque
534 1894 596 1927 diei
614 1895 747 1939 quilibet
764 1895 860 1928 frater
877 1900 1038 1939 praestare
1056 1895 1106 1928 de-

362 1947 444 1989 beat,
460 1953 495 1981 ut
514 1952 600 1988 certo
625 1959 751 1992 quoque
776 1949 866 1993 signo
890 1950 1106 1994 praemonitus

364 2001 484 2035 maiore
515 2002 612 2034 animi
635 2003 876 2047 praeparatione
901 2014 958 2036 suo
983 2004 1106 2036 muneri

364 2055 543 2089 satisfacere
568 2057 676 2100 possit.
702 2057 785 2096 Quae
811 2056 936 2091 Ordinis
956 2058 1107 2091 constitu-

366 2109 466 2142 tiones
490 2109 538 2142 his
562 2109 697 2143 decretis
722 2121 785 2144 non
810 2111 1034 2153 adversantur,
1060 2112 1107 2144 in-

367 2164 480 2197 violate
504 2164 727 2198 custodiendae
751 2171 852 2198 erunt.

413 2218 427 2261 g
446 2217 498 2251 40.
515 2218 633 2257 Quibus
650 2219 766 2252 horum
784 2219 984 2252 decretorum
999 2220 1108 2264 capiti-

368 2271 427 2304 bus
445 2277 530 2305 certa
550 2283 651 2317 poena
667 2274 861 2317 praescripta
878 2284 941 2307 non
958 2278 1013 2314 est,
1030 2274 1110 2307 arbi—

369 2325 429 2358 trio
453 2326 609 2368 generalis
634 2327 682 2360 vel
706 2327 835 2360 alterius
860 2327 1033 2360 immediati
1057 2339 1108 2360 su-

368 2378 504 2421 perioris
521 2379 691 2423 infligatur.
710 2381 748 2414 Ut
768 2385 871 2414 autem
889 2381 966 2414 haec
983 2381 1109 2414 decreta

370 2431 484 2475 (donec
509 2433 584 2474 alia,
609 2444 689 2478 quae
714 2435 888 2478 pleniorem
915 2435 1111 2469 reformatio-

368 2495 441 2518 nem
465 2485 589 2527 facient,
609 2487 755 2532 edantur)
780 2488 819 2521 ab
836 2489 981 2522 omnibus
1001 2489 1110 2522 obser-

369 2540 435 2572 vari
460 2540 591 2584 possint,
616 2541 756 2575 districtc
782 2542 995 2586 praecipimus
1019 2554 1111 2585 gone-

370 2593 504 2634 ralibus,
529 2604 565 2627 ac
589 2594 736 2628 omnibus
767 2596 835 2628 aliis
859 2596 1110 2640 quibuscumque

370 2646 599 2690 superioribus,
612 2648 649 2680 ad
659 2659 739 2691 quos
750 2648 809 2682 hoc
818 2654 946 2693 spectat,
955 2655 990 2683 ut
1001 2654 1111 2684 curent

1771 227 1830 260 2111

1123 298 1159 320 ac
1172 287 1317 327 efficiant,
1331 296 1367 320 ea
1383 285 1489 319 omnia
1503 285 1584 318 inter
1597 283 1781 317 eorumdem
1794 294 1864 317 con-

1124 340 1300 374 stitutiones
1313 345 1466 384 perpetuo
1485 338 1634 372 valituras
1651 337 1761 380 redigi,
1772 337 1865 370 inter-

1125 394 1208 427 dicta
1225 394 1353 427 omnino
1367 404 1477 427 eorum
1492 392 1623 435 singulis
1640 391 1784 425 facultate
1799 391 1866 423 illas

1125 447 1323 486 declarandi,
1349 452 1379 479 et
1404 446 1553 478 adversus
1578 455 1629 478 eas
1655 454 1791 487 unquam
1809 443 1867 476 dis-

1127 499 1288 543 pensandi.
1314 499 1460 542 Alioquin
1487 499 1595 540 sciant,
1620 508 1653 530 se
1678 498 1709 530 in
1733 507 1866 541 poenam

1127 553 1327 595 generalatus
1351 558 1381 584 ot
1403 552 1580 585 officiorum
1605 551 1807 594 privationis,
1832 561 1867 583 ac

1128 606 1333 639 inhabilitatis
1349 610 1518 649 perpetuae
1535 605 1572 637 ad
1587 605 1647 637 alia
1663 615 1788 648 quoquc
1802 615 1869 637 mu-

1128 670 1221 699 nera,
1246 660 1316 703 ipso
1341 660 1421 691 facto
1446 664 1477 691 et
1508 659 1574 691 sinc
1599 658 1662 691 utta
1687 658 1869 702 exceptione

1129 713 1302 756 respective
1327 712 1481 744 incidisse.

1174 767 1189 809 ἓ
1213 767 1265 799 41.
1291 765 1352 799 Ne¹
1371 776 1445 799 vero
1462 770 1626 809 praetextu
1643 764 1755 799 dilatae
1771 765 1870 809 publi-

1130 820 1261 853 cationis
1293 830 1403 853 corum
1434 819 1613 853 observatio
1645 818 1870 862 quoquomodo

1131 873 1251 907 differri
1276 873 1384 917 possit,
1409 878 1462 906 aut
1486 871 1642 916 impediri,
1666 872 1821 912 volumus,
1837 877 1872 905 ut

1131 932 1200 973 post
1231 928 1358 961 illorum
1390 926 1636 970 publicationem
1662 926 1693 958 in
1717 931 1873 959 conventu

1133 982 1179 1015 vel
1198 981 1389 1015 monasterio
1405 980 1572 1013 cuiuslibet
1590 979 1716 1013 Ordinis
1736 979 1775 1012 de
1791 979 1873 1013 Urbe

1133 1030 1255 1076 factam,
1278 1035 1470 1079 generalem,
1490 1034 1631 1077 aliosque
1654 1033 1807 1067 Ordinum
1825 1044 1875 1067 su-

1133 1090 1291 1134 perioreS,
1309 1095 1495 1133 ceterosque
1517 1098 1735 1133 quoscumque
1751 1088 1873 1131 fratres,

1134 1149 1315 1188 praesentes
1335 1144 1450 1185 statim,
1470 1143 1610 1186 reliquos
1630 1153 1704 1175 vero
1721 1142 1874 1184 absentes,

1135 1196 1213 1229 citra
1230 1200 1362 1237 montes,
1380 1196 1473 1228 unius
1499 1196 1624 1236 mensis,
1642 1196 1724 1228 ultra
1741 1200 1875 1235 montes,

1135 1250 1231 1284 trium
1256 1251 1413 1284 mensium
1437 1249 1549 1294 spatio,
1567 1250 1608 1283 ita
1628 1254 1767 1290 arctent,
1791 1259 1828 1282 ac
1851 1248 1876 1281 si

1135 1315 1246 1339 eorum
1264 1304 1395 1349 singulis
1416 1304 1625 1349 personaliter
1642 1303 1784 1337 intimata
1801 1303 1876 1337 fuis-

1136 1366 1213 1394 sent.

1181 1414 1196 1458 ἓ
1220 1414 1272 1448 42.
1298 1414 1430 1457 Insuper
1454 1413 1654 1454 mandamus,
1679 1412 1764 1456 quod
1789 1422 1879 1455 gene-

1138 1469 1229 1507 rales,
1247 1468 1278 1500 in
1298 1467 1504 1501 conventibus
1528 1467 1607 1500 citra
1630 1471 1762 1507 montes,
1787 1465 1880 1499 unius

1138 1521 1264 1561 mensis,
1280 1521 1363 1555 ultra
1377 1531 1451 1554 vero
1464 1525 1598 1561 montes,
1615 1520 1712 1552 trium
1723 1518 1879 1552 mensium

1139 1586 1243 1615 cursu,
1255 1575 1381 1607 decreta
1394 1574 1574 1618 supradicta
1587 1573 1743 1617 publicari
1756 1572 1880 1612 faciant,

1139 1629 1197 1662 sub
1211 1631 1311 1672 poena
1327 1628 1512 1671 privationis
1529 1628 1738 1670 generalatus,
1749 1626 1881 1669 aliisque

1139 1683 1271 1715 arbitrio
1294 1686 1403 1715 nostro
1428 1681 1638 1725 imponendis.

1183 1737 1294 1770 Datum
1314 1737 1441 1777 Romae,
1458 1736 1540 1780 apud
1553 1736 1582 1770 S.
1598 1735 1735 1776 Petrum,
1750 1734 1800 1767 die
1818 1743 1881 1767 xxv

1141 1791 1257 1824 mensis
1282 1790 1360 1824 iunii
1384 1790 1537 1824 MDXC1x2.

1360 1896 1461 1928 Aliud
1482 1897 1662 1928 decretum.

1196 1974 1242 2007 De
1267 1974 1399 2007 Iicenlici
1424 1974 1599 2007 obtinenda
1623 1984 1643 2007 a
1670 1973 1828 2016 fratribus

1318 2028 1453 2061 Romam
1475 2026 1705 2060 venientibus?

1186 2112 1352 2146 Decretum
1384 2111 1480 2152 illud,
1513 2123 1576 2156 quo
1606 2112 1720 2144 fratres
1752 2111 1884 2144 Romam

1143 2170 1251 2211 petere
1283 2177 1354 2199 cum
1384 2165 1539 2209 generalis
1571 2170 1602 2198 et
1634 2165 1824 2209 protectoris
1846 2165 1882 2197 li-

1143 2221 1244 2253 centia
1270 2220 1430 2253 dumtaxat
1447 2219 1635 2263 permissum
1654 2224 1710 2261 est,
1732 2219 1884 2253 Sanctitas

1144 2274 1205 2307 Sua
1222 2274 1346 2307 extendi
1367 2274 1405 2306 ad
1422 2274 1648 2317 provincialem
1665 2273 1813 2306 decrevit:
1831 2274 1884 2306 ita-

1144 2334 1177 2360 ut
1201 2327 1401 2371 provincialis
1426 2328 1511 2371 ipse,
1537 2340 1571 2360 ex
1598 2329 1692 2360 causa
1724 2327 1883 2361 communi

1144 2381 1239 2414 totius
1253 2381 1434 2425 ‘provinciae
1451 2381 1622 2422 dumtaxat,
1635 2381 1813 2414 facultatem
1831 2382 1886 2414 hu-

1181 2480 1191 2506 1
1206 2480 1279 2507 Duae
1295 2483 1442 2515 sequentes
1457 2478 1470 2514 ἕ
1486 2480 1513 2507 in
1528 2480 1587 2507 loco
1602 2479 1731 2515 parallelo
1746 2489 1800 2508 non
1817 2481 1886 2517 lege-

1145 2524 1244 2551 bantur
1259 2526 1297 2559 (Β.
1315 2526 1362 2558 Τ.).

1179 2570 1195 2596 ‘2
1212 2569 1303 2595 Prima
1318 2569 1385 2603 vice,
1402 2572 1432 2596 ut
1447 2569 1475 2596 in
1490 2573 1556 2596 tom.
1573 2578 1587 2596 x
1603 2569 1654 2597 loc.
1672 2571 1730 2605 cit.,
1745 2571 1885 2598 decretum

1144 2614 1238 2640 datum
1258 2614 1307 2640 fuit
1326 2620 1389 2640 xxm*
1410 2614 1502 2648 aprilis
1518 2621 1623 2641 becni
1638 2618 1678 2649 (n.
1695 2620 1742 2647 Τ.).

1181 2658 1195 2686 3
1212 2658 1285 2685 Istud
1301 2666 1355 2684 non
1372 2658 1511 2692 legebatur
1526 2659 1554 2686 in
1569 2660 1705 2689 Bullario
1721 2661 1757 2695 (n.
1774 2662 1822 2695 Ἥ).

1882 236 1973 264 An.C.
1996 237 2062 264 ¹624

1912 777 2039 800 Publieatio.

1931 2127 2003 2147 Talem
2019 2128 2083 2148 licen⁴

1899 2153 1948 2173 tiam
1967 2154 2017 2174 dare
2036 2160 2082 2180 pos-

1899 2181 1925 2200 sit
1939 2181 2083 2206 provincialis.
