2269 3235
116 265 164 292 An.
186 264 215 292 C.
232 264 300 292 1624

133 1978 214 1998 causae
225 1979 303 1999 tacien-

119 2005 160 2034 dae
177 2006 303 2026 admonitio-

119 2037 158 2053 nis.

147 2405 274 2426 Adinoni'io.

920 263 1062 288 URBANUS
1086 263 1142 288 vm
1166 265 1214 288 ΓΡ.

316 311 437 346 duabus
459 311 560 353 dietis,
580 311 752 346 dnmmodo
776 313 857 345 ultra
876 318 940 344 tres
957 311 1055 344 dictas

315 365 428 410 aliquis
442 367 626 401 auctoritate
633 365 845 411 praesentium
856 364 893 397 ad
903 364 1054 397 iudicium

315 427 379 450 non
403 417 556 458 trahatur,
576 417 706 461 aliisque
731 415 1006 449 constitutionibus
1025 420 1055 447 ct

316 469 566 503 ordinationibus
599 468 796 513 apostoliciS,
821 477 944 501 necnon
976 467 1055 500 iura-

316 528 433 563 mento,
451 522 689 557 confirmatione
713 520 898 565 apostolica,
913 520 961 553 vel
983 530 1055 564 qua-

316 576 362 609 vis
376 576 522 609 firmitate
542 575 602 609 alia
620 575 777 609 roboratis
798 574 921 613 statutis
938 579 968 607 et
985 583 1056 607 con-

316 630 547 670 suetudinibus,
569 628 742 673 privilegiis
765 637 901 672 quoque,
927 627 1055 660 indultis

317 688 347 716 ct
370 682 482 716 litteris
498 680 677 726 apostolicis
694 680 726 713 in
750 680 946 714 contrarium
964 690 1056 724 prae-

316 735 483 768 missorum
500 733 737 778 quomodolibet
760 732 928 772 concessis,
944 732 1056 766 confir-

316 787 407 820 matis
431 791 461 820 et
492 785 686 830 approbatis;
711 785 826 830 quibus
854 786 1002 819 omnibus
1027 790 1056 818 et

316 841 457 885 singulis,
475 850 585 874 eorum
605 846 731 875 tenores
754 840 974 885 praesentibus
997 850 1056 885 pro

313 894 407 938 plene
422 899 453 927 et
469 893 660 927 sufficienter
677 894 834 939 expressis
849 904 885 927 ac
901 894 939 927 de
959 894 1056 928 verbo

315 947 354 981 ad
372 940 509 981 ‘verbum
543 948 668 981 insertis
697 948 866 989 habentes,
891 948 952 981 illis
982 947 1056 981 alias

315 1003 347 1036 in
364 1013 420 1036 suo
437 1002 553 1036 robore
569 1002 796 1046 permansuris,
809 1002 868 1035 hac
884 1002 951 1035 vice
969 1002 1056 1035 dum-

314 1061 399 1089 taxat
426 1056 603 1102 specialiter
627 1062 658 1090 et
682 1066 829 1101 expresse
854 1056 1055 1100 derogamus,

316 1110 491 1154 ceterisque
515 1110 682 1144 contrariis
706 1110 966 1154 quibuscumque.

359 1164 470 1197 Datum
502 1164 639 1204 Romae,
663 1164 745 1208 apud
770 1164 799 1198 S.
820 1163 949 1197 Mariam
966 1163 1056 1197 Maio-

315 1227 394 1259 rem,
407 1217 465 1250 sub
479 1217 594 1250 annulo
611 1217 790 1258 piscatoris,
810 1216 860 1250 die
877 1225 944 1250 xvn
961 1227 1056 1260 augu-

316 1270 354 1303 sti
370 1280 523 1312 nncxxw,
536 1270 737 1316 pontificatus
754 1271 853 1304 nostri
871 1280 953 1304 anno
971 1280 1001 1304 11.

351 1333 412 1361 Dat.
433 1332 477 1361 die
498 1334 529 1362 17
550 1333 657 1370 augusti
673 1333 753 1365 1624,
767 1333 859 1369 pontif.
877 1342 920 1362 an.
937 1341 967 1362 11.

608 1486 761 1521 LXXXIV.

315 1567 512 1601 Adher-tatio
536 1568 580 1601 ad
604 1568 882 1611 archiepiscopum
900 1567 1058 1601 Arboreu-

360 1631 427 1654 sem
445 1620 484 1654 de
499 1621 651 1665 erz‘qendo
667 1621 854 1661 seminario,
874 1621 1053 1662 residendo,

360 1679 458 1719 atque
481 1674 613 1708 ecclcsid
633 1674 819 1719 reparanda
832 1674 850 1706 ¹.

338 1754 511 1783 Venerabili
525 1754 613 1783 fratri
627 1754 853 1790 archiepiscopo
867 1754 1029 1783 Arborensi

528 1800 666 1827 urbanus
677 1799 755 1833 rapa
766 1799 842 1827 VIII.

524 1853 712 1881 Venerabilis
732 1853 828 1881 frater
843 1874 848 1886 ‚

354 1899 485 1926 salutem
505 1900 536 1925 et
556 1897 752 1931 apostolicam
770 1896 1019 1925 benedictionem.

363 1969 378 2013 g
408 1969 438 2002 I.
467 1968 655 2013 Accepimus
686 1977 804 2012 nuper,
829 1967 1057 2002 fraternitatem

319 2029 403 2056 tuam
436 2022 519 2067 apud
548 2022 714 2056 ecclesiam
745 2022 976 2063 Arborensem,
1008 2023 1056 2055 cui

319 2086 465 2120 praeesse
495 2076 710 2119 dignosceris,
741 2076 856 2120 exiguo
887 2076 1056 2110 admodum

318 2130 470 2175 temporis
494 2130 596 2174 spatio
620 2129 770 2171 residere,
787 2140 888 2174 neque
912 2141 971 2175 per
996 2135 1058 2163 tres

318 2194 425 2225 annos,
449 2183 564 2228 quibus
588 2183 632 2216 illi
656 2183 829 2228 praefuisti,
854 2184 1057 2217 seminarium

319 2237 362 2270 ibi
379 2237 504 2270 erexisti
513 2236 534 2278 ²,
550 2237 716 2281 minusque
733 2237 874 2270 camdem
893 2237 1056 2271 ecclesiam

319 2295 511 2324 restaurasse
535 2296 565 2323 et
581 2290 626 2323 illi
646 2290 684 2324 de
707 2291 900 2335 paramentis
919 2301 1059 2324 neccssa-

320 2345 375 2378 riis
396 2344 580 2390 providisse.

363 2399 379 2443 ἓ
402 2399 431 2432 02.
456 2398 540 2438 Quae
562 2398 635 2433 licet
658 2409 716 2443 pro
740 2399 849 2433 nostra
873 2399 912 2433 de
936 2405 965 2433 te
989 2400 1058 2444 opi-

318 2453 413 2487 nione
436 2462 499 2487 non
515 2452 606 2486 facile
622 2453 815 2487 adducamur
830 2459 865 2487 ut
881 2454 1058 2495 credamus,

319 2507 494 2551 quinimmo
513 2512 543 2540 te
560 2511 614 2540 tuo
634 2507 758 2540 muneri
782 2511 866 2542 recte
884 2513 913 2541 et
930 2508 1059 2552 diligen-

318 2566 376 2602 ter,
393 2564 427 2595 ut
444 2560 562 2594 bonum
587 2564 617 2592 et
633 2560 758 2594 fidelem
779 2571 904 2594 servum
921 2566 1057 2606 oportet,

355 2633 367 2659 1
385 2632 422 2658 Ex
439 2631 547 2665 Regest.
564 2630 590 2657 in
605 2630 707 2657 Secret.
727 2631 809 2659 Brev.

355 2675 372 2703 2
385 2675 498 2703 Videtur
512 2675 658 2711 legendum
674 2675 798 2703 erexisse
813 2675 851 2710 (n.
868 2676 915 2709 r).

1089 312 1274 346 satisfecisse
1295 311 1386 346 nobis
1399 310 1653 357 persuadeamus,
1668 317 1782 352 tamen,
1795 316 1828 344 ut

1089 375 1169 408 quac
1194 365 1333 398 muneris
1357 365 1457 398 nostri
1482 370 1554 398 sunt
1578 364 1757 409 implevisse
1777 374 1827 398 co-

1088 425 1155 447 ram
1180 415 1244 449 Deo
1269 421 1299 448 ct
1323 416 1506 448 hominibus
1530 420 1700 460 appareat,
1725 415 1827 448 saccrc

1088 478 1150 502 non
1174 479 1364 513 pessumum,
1389 469 1465 514 quin
1491 469 1716 503 fraternitatem
1742 473 1827 503 tuam

1088 525 1216 565 paterne
1240 532 1434 563 moneamus,
1460 529 1489 555 ct.
1514 523 1544 555 in
1570 523 1702 556 Domino
1726 522 1828 556 horte-

1089 585 1182 616 mur,
1206 580 1241 608 ut
1271 575 1402 619 posthac
1434 576 1516 619 apud
1546 576 1710 609 ecclesiam
1742 580 1826 609 tuam

1089 627 1282 672 praedictam
1316 628 1347 660 in
1377 627 1500 661 civitate
1524 628 1715 670 Arborensi,
1744 634 1774 662 et
1802 629 1827 662 si

1089 681 1171 715 aeris
1194 681 1396 726 intemperies
1411 681 1529 715 aestivo
1545 686 1688 726 tempore
1711 682 1742 715 id
1765 692 1828 716 non

1088 734 1259 778 permittat,
1276 734 1308 767 in
1328 734 1405 768 loeis
1421 739 1493 767 tuae
1512 733 1664 768 dioecesis
1680 735 1830 768 salubrio-

1089 788 1133 821 ris
1157 788 1234 821 caeli
1258 787 1398 821 residere
1422 797 1486 821 non
1509 787 1651 831 negligas
1667 815 1674 828 ,
1699 788 1830 821 semina-

1090 842 1172 875 rium
1197 841 1312 885 erigas,
1337 841 1477 875 eiusdem
1502 841 1653 875 ecclcsiae
1676 847 1831 875 restaura-

1089 895 1177 936 tioni,
1195 895 1355 928 sacristiae
1376 900 1407 928 et
1430 905 1537 928 sacrae
1562 894 1770 940 suppellectili
1788 895 1830 928 in-

1090 949 1258 982 struendae
1291 948 1420 982 omnino
1445 949 1631 990 incumbas,
1657 948 1776 993 tibique
1800 954 1831 982 ct

1090 1003 1237 1036 universo
1262 1003 1351 1046 gregi
1376 1002 1560 1043 attendens,
1584 1012 1665 1047 quae
1688 1003 1831 1036 muneris

1090 1055 1135 1088 tui
1160 1061 1252 1095 sunt,
1277 1055 1460 1089 desiderare
1490 1065 1553 1088 non
1577 1055 1727 1099 patiaris,
1752 1055 1832 1088 sicut

1090 1109 1215 1143 decreta
1228 1110 1308 1143 sacri
1322 1109 1452 1143 Concilii
1465 1109 1638 1142 Tridentini
1655 1109 1830 1153 requirunt,

1090 1168 1120 1196 et
1143 1163 1299 1207 pastorale
1324 1163 1462 1196 officium
1479 1168 1568 1196 tuum
1592 1163 1752 1207 postulare
1768 1173 1831 1197 non

1090 1217 1239 1260 ignoras,
1259 1227 1339 1261 quae
1367 1221 1419 1258 te,
1444 1222 1474 1250 et
1497 1227 1556 1262 pro
1580 1219 1633 1250 tua
1657 1216 1688 1250 in
1712 1227 1770 1250 nos
1801 1223 1832 1250 et

1090 1270 1171 1303 hanc
1196 1275 1334 1303 sanctam
1360 1269 1470 1303 Scdem
1487 1270 1697 1311 observantia,
1714 1276 1744 1303 et
1758 1280 1799 1304 ne
1815 1281 1832 1303 a

1090 1333 1238 1368 supremo
1256 1323 1396 1357 omnium
1417 1323 1519 1357 iudice
1543 1323 1575 1356 in
1600 1323 1759 1357 reddenda
1778 1324 1832 1357 vil-

1090 1376 1244 1411 licationis
1268 1381 1338 1411 tuac
1369 1377 1490 1411 ratione
1514 1377 1715 1423 corripiaris,
1739 1377 1832 1412 factu—

1090 1441 1161 1464 rum
1178 1440 1242 1464 non
1259 1431 1448 1464 dubitamus.

1134 1483 1247 1517 Datum
1271 1484 1408 1524 Romae,
1436 1483 1519 1528 apud
1539 1484 1568 1517 S.
1596 1484 1723 1517 Mariam
1740 1484 1832 1519 Maio-

1091 1548 1169 1578 rem,
1184 1537 1241 1570 sub
1253 1538 1369 1571 annulo
1387 1537 1566 1579 Piscatoris‚
1577 1537 1628 1571 die
1641 1548 1719 1572 xxv1
1732 1548 1831 1582 augu-

1092 1592 1130 1625 sti
1148 1602 1301 1634 imcxxw,
1318 1592 1519 1637 pontificatus
1542 1593 1643 1627 nostri
1667 1603 1749 1627 anno
1773 1603 1804 1626 11.

1127 1654 1186 1682 Dat.
1203 1654 1246 1683 die
1261 1655 1296 1683 ⁶26
1310 1655 1417 1692 augusti
1435 1655 1511 1690 1624,
1532 1655 1627 1691 pontif·
1647 1664 1717 1684 anno
1733 1663 1761 1685 ιι.

1394 1825 1532 1859 LXXXV,

1091 1915 1261 1950 Revocatio
1284 1924 1568 1959 quarumcumque
1585 1914 1794 1949 licentiarum
1813 1927 1834 1949 a

1133 1967 1431 2012 praedecessoribus
1454 1968 1671 2011 Pontificibus
1696 1969 1766 2002 loca
1784 1980 1833 2004 re-

1136 2022 1272 2066 qularia
1296 2021 1454 2066 erigendi,
1487 2032 1553 2056 non
1577 2023 1705 2056 servani
1728 2023 1833 2067 sormci

1137 2076 1376 2109 constitutionis
1410 2076 1582 2111 Clementis
1612 2076 1693 2111 VIII
1723 2081 1753 2111 et
1781 2077 1833 2112 dc-

1137 2134 1297 2164 cretorum
1316 2130 1407 2164 Sedis
1430 2130 1649 2174 Apostolicae,
1673 2141 1832 2165 concessa·

1135 2175 1322 2229 ruquuae
1339 2184 1486 2218 nondum
1502 2185 1646 2228 effectum
1658 2196 1756 2219 suum
1771 2196 1835 2220 sor-

1138 2239 1216 2272 litae
1239 2243 1334 2279 sunt,
1363 2250 1400 2272 aa
1422 2239 1602 2284 prohibitio
1626 2240 1690 2273 illa
1715 2240 1754 2273 de
1784 2251 1832 2273 ce-

1139 2296 1203 2326 tero
1228 2292 1376 2336 eriqenclz·
1395 2292 1515 2338 absque
1542 2293 1673 2328 licentio
1691 2293 1833 2329 Ordina-

1139 2346 1263 2379 riorum
1276 2345 1296 2379 ⁴.

1130 2454 1139 2480 I
1160 2452 1228 2480 Vide
1242 2451 1374 2480 Boniracii
1389 2452 1448 2480 VIII
1464 2460 1524 2488 cap.
1540 2460 1549 2480 1
1570 2453 1604 2480 de
1619 2455 1690 2480 statu
1706 2453 1832 2490 Regular.

1092 2498 1120 2524 in
1132 2498 1161 2525 6⁰
1172 2501 1198 2525 et
1209 2505 1267 2533 cap.
1282 2497 1334 2524 ide
1349 2505 1451 2524 excess.
1470 2497 1584 2525 Praelat.
1597 2497 1624 2524 in
1638 2498 1677 2529 6⁰.
1693 2502 1721 2525 et
1731 2498 1833 2526 Coneil.

1092 2543 1178 2575 Trid.,
1194 2551 1255 2578 cap.
1280 2551 1322 2576 111,
1347 2551 1415 2570 sess.
1440 2548 1504 2575 xxv,
1526 2551 1576 2571 nec
1594 2551 1649 2571 nou
1673 2543 1758 2571 clem.
1777 2544 1833 2571 VIII

1091 2587 1182 2615 Consi.
1208 2594 1324 2615 cccxxiu
1349 2588 1386 2623 (in
1410 2588 1438 2614 h.
1463 2596 1490 2615 n.
1513 2588 1577 2615 edit.
1598 2595 1691 2621 cccxx,
1713 2593 1778 2616 tom.
1795 2597 1833 2623 ΣΙ,

1091 2640 1154 2667 pag.
1170 2632 1215 2666 21)
1238 2635 1265 2658 et
1287 2631 1378 2659 Const.
1404 2638 1453 2659 Lxx
1472 2633 1586 2668 Gregor.
1603 2633 1650 2660 XV
1671 2633 1743 2662 Cum
1758 2633 1835 2662 alias

1091 2676 1129 2711 (in
1143 2677 1171 2703 h.
1189 2685 1217 2703 n.
1234 2675 1298 2704 edit.
1316 2682 1397 2712 cxxii,
1414 2680 1480 2704 tom.
1496 2683 1541 2712 xii,
1557 2686 1620 2713 pag.
1636 2678 1708 2712 719),

1733 253 1796 287 199
1843 263 1891 289 An.
1912 262 1940 289 c.
1958 262 2025 290 ¹624
