<?xml version="1.0" encoding="UTF-8"?>
<!DOCTYPE html PUBLIC "-//W3C//DTD XHTML 1.0 Transitional//EN"
    "http://www.w3.org/TR/xhtml1/DTD/xhtml1-transitional.dtd">
<html xmlns="http://www.w3.org/1999/xhtml" xml:lang="en" lang="en">
 <head>
  <title>
</title>
<meta http-equiv="Content-Type" content="text/html;charset=utf-8" />
  <meta name='ocr-system' content='tesseract 3.04.00' />
  <meta name='ocr-capabilities' content='ocr_page ocr_carea ocr_par ocr_line ocrx_word'/>
</head>
<body>
  <div class='ocr_page' id='page_1' title='image "./bullarumdiplomat13cath_0162.png"; bbox 0 0 2269 3235; ppageno 0'>
   <div class='ocr_carea' id='block_1_1' title="bbox 211 263 2117 354">
    <p class='ocr_par' dir='ltr' id='par_1_1' title="bbox 211 263 2117 354">
     <span class='ocr_line' id='line_1_1' title="bbox 211 263 2117 302; baseline -0.002 0"><span class='ocrx_word' id='word_1_1' title='bbox 211 275 256 302; x_wconf 71' lang='lat' dir='ltr'>An.</span> <span class='ocrx_word' id='word_1_2' title='bbox 275 274 303 301; x_wconf 72' lang='lat'>(3.</span> <span class='ocrx_word' id='word_1_3' title='bbox 329 274 394 301; x_wconf 64' lang='lat' dir='ltr'>ieet</span> <span class='ocrx_word' id='word_1_4' title='bbox 439 263 503 299; x_wconf 70' lang='lat' dir='ltr'>42ss</span> <span class='ocrx_word' id='word_1_5' title='bbox 983 272 1161 298; x_wconf 59' lang='lat' dir='ltr'>nummatum</span> <span class='ocrx_word' id='word_1_6' title='bbox 1185 272 1339 298; x_wconf 59' lang='lat' dir='ltr'>nouantur</span> <span class='ocrx_word' id='word_1_7' title='bbox 1928 272 1974 299; x_wconf 68' lang='lat' dir='ltr'>An.</span> <span class='ocrx_word' id='word_1_8' title='bbox 1996 270 2025 299; x_wconf 85' lang='lat' dir='ltr'>c.</span> <span class='ocrx_word' id='word_1_9' title='bbox 2049 269 2117 300; x_wconf 65' lang='lat'>{62⁴</span> 
     </span>
     <span class='ocr_line' id='line_1_2' title="bbox 1978 333 2117 354; baseline 0.014 -2"><span class='ocrx_word' id='word_1_10' title='bbox 1978 333 2117 354; x_wconf 60' lang='lat' dir='ltr'>visitantibus</span> 
     </span>
    </p>
   </div>
   <div class='ocr_carea' id='block_1_2' title="bbox 407 319 2117 419">
    <p class='ocr_par' dir='ltr' id='par_1_2' title="bbox 407 319 2117 419">
     <span class='ocr_line' id='line_1_3' title="bbox 407 319 1918 365; baseline -0.001 -10"><span class='ocrx_word' id='word_1_11' title='bbox 407 322 610 360; x_wconf 73' lang='lat' dir='ltr'>inchoabunt,</span> <span class='ocrx_word' id='word_1_12' title='bbox 624 333 659 356; x_wconf 85' lang='lat' dir='ltr'>ac.</span> <span class='ocrx_word' id='word_1_13' title='bbox 673 321 794 355; x_wconf 83' lang='lat' dir='ltr'>statutis</span> <span class='ocrx_word' id='word_1_14' title='bbox 819 321 929 354; x_wconf 87' lang='lat' dir='ltr'>diebus</span> <span class='ocrx_word' id='word_1_15' title='bbox 944 321 1006 355; x_wconf 83' lang='lat' dir='ltr'>Deo</span> <span class='ocrx_word' id='word_1_16' title='bbox 1020 322 1143 355; x_wconf 78' lang='lat' dir='ltr'>iuvante</span> <span class='ocrx_word' id='word_1_17' title='bbox 1222 323 1236 365; x_wconf 62' lang='lat' dir='ltr'><strong>g</strong></span> <span class='ocrx_word' id='word_1_18' title='bbox 1262 321 1290 355; x_wconf 82' lang='lat'>5.</span> <span class='ocrx_word' id='word_1_19' title='bbox 1315 321 1402 361; x_wconf 90' lang='lat' dir='ltr'>Quod</span> <span class='ocrx_word' id='word_1_20' title='bbox 1428 319 1554 364; x_wconf 76' lang='lat' dir='ltr'>quidem</span> <span class='ocrx_word' id='word_1_21' title='bbox 1577 325 1609 353; x_wconf 92' lang='lat' dir='ltr'>ut</span> <span class='ocrx_word' id='word_1_22' title='bbox 1626 319 1773 353; x_wconf 84' lang='lat' dir='ltr'>libentius</span> <span class='ocrx_word' id='word_1_23' title='bbox 1789 325 1820 354; x_wconf 87' lang='lat' dir='ltr'>et</span> <span class='ocrx_word' id='word_1_24' title='bbox 1839 320 1918 354; x_wconf 89' lang='lat' dir='ltr'>salu-</span> 
     </span>
     <span class='ocr_line' id='line_1_4' title="bbox 408 360 2117 419; baseline -0.001 -11"><span class='ocrx_word' id='word_1_25' title='bbox 408 382 649 419; x_wconf 76' lang='lat' dir='ltr'>prosequentur.</span> <span class='ocrx_word' id='word_1_26' title='bbox 1178 376 1275 408; x_wconf 89' lang='lat' dir='ltr'>tarius</span> <span class='ocrx_word' id='word_1_27' title='bbox 1295 376 1358 415; x_wconf 80' lang='lat' dir='ltr'>siat,</span> <span class='ocrx_word' id='word_1_28' title='bbox 1377 375 1522 409; x_wconf 85' lang='lat' dir='ltr'>omnibus</span> <span class='ocrx_word' id='word_1_29' title='bbox 1547 379 1577 407; x_wconf 87' lang='lat' dir='ltr'>et</span> <span class='ocrx_word' id='word_1_30' title='bbox 1601 374 1733 417; x_wconf 82' lang='lat' dir='ltr'>singulis</span> <span class='ocrx_word' id='word_1_31' title='bbox 1754 375 1917 419; x_wconf 85' lang='lat' dir='ltr'>utriusque</span> <span class='ocrx_word' id='word_1_32' title='bbox 1933 360 2117 408; x_wconf 56' lang='grc' dir='ltr'>ῗ.“,ῗ.ἰἶέζέῗ”ἑί”ᾆῗῖ</span> 
     </span>
    </p>
   </div>
   <div class='ocr_carea' id='block_1_3' title="bbox 1933 414 2118 435">
    <p class='ocr_par' dir='ltr' id='par_1_3' title="bbox 1933 414 2118 435">
     <span class='ocr_line' id='line_1_5' title="bbox 1933 414 2118 435; baseline -0.011 0"><span class='ocrx_word' id='word_1_33' title='bbox 1933 421 1968 435; x_wconf 66' lang='lat' dir='ltr'>vra</span> <span class='ocrx_word' id='word_1_34' title='bbox 1991 414 2118 434; x_wconf 75' lang='lat' dir='ltr'>cummunio·</span> 
     </span>
    </p>
   </div>
   <div class='ocr_carea' id='block_1_4' title="bbox 408 428 2120 526">
    <p class='ocr_par' dir='ltr' id='par_1_4' title="bbox 408 428 2120 526">
     <span class='ocr_line' id='line_1_6' title="bbox 451 428 2117 471; baseline -0.001 -9"><span class='ocrx_word' id='word_1_35' title='bbox 451 430 466 471; x_wconf 64' lang='grc' dir='ltr'><em>ξ</em></span> <span class='ocrx_word' id='word_1_36' title='bbox 490 429 519 462; x_wconf 69' lang='lat'>2.</span> <span class='ocrx_word' id='word_1_37' title='bbox 540 429 575 461; x_wconf 76' lang='lat' dir='ltr'>[t</span> <span class='ocrx_word' id='word_1_38' title='bbox 595 435 696 461; x_wconf 80' lang='lat' dir='ltr'>autem</span> <span class='ocrx_word' id='word_1_39' title='bbox 723 434 862 461; x_wconf 84' lang='lat' dir='ltr'>nostram</span> <span class='ocrx_word' id='word_1_40' title='bbox 888 428 1095 461; x_wconf 66' lang='lat' dir='ltr'>visitationem</span> <span class='ocrx_word' id='word_1_41' title='bbox 1110 438 1145 460; x_wconf 82' lang='lat' dir='ltr'>ea</span> <span class='ocrx_word' id='word_1_42' title='bbox 1179 440 1270 462; x_wconf 77' lang='lat' dir='ltr'>sexus</span> <span class='ocrx_word' id='word_1_43' title='bbox 1293 429 1550 462; x_wconf 77' lang='lat' dir='ltr'>christifidelibus</span> <span class='ocrx_word' id='word_1_44' title='bbox 1576 429 1691 461; x_wconf 83' lang='lat' dir='ltr'>Romae</span> <span class='ocrx_word' id='word_1_45' title='bbox 1715 428 1918 471; x_wconf 76' lang='lat' dir='ltr'>degentibus,</span> <span class='ocrx_word' id='word_1_46' title='bbox 1934 448 1958 461; x_wconf 65' lang='lat' dir='ltr'>m·</span> <span class='ocrx_word' id='word_1_47' title='bbox 1975 440 2072 469; x_wconf 41' lang='lat' dir='ltr'>rene-11„</span> <span class='ocrx_word' id='word_1_48' title='bbox 2087 441 2117 460; x_wconf 78' lang='lat' dir='ltr'>in-</span> 
     </span>
     <span class='ocr_line' id='line_1_7' title="bbox 408 467 2120 526; baseline -0.001 -12"><span class='ocrx_word' id='word_1_49' title='bbox 408 482 581 525; x_wconf 78' lang='lat' dir='ltr'>spiritualia</span> <span class='ocrx_word' id='word_1_50' title='bbox 601 482 777 519; x_wconf 72' lang='lat' dir='ltr'>commoda,</span> <span class='ocrx_word' id='word_1_51' title='bbox 791 492 871 525; x_wconf 86' lang='lat' dir='ltr'>quae</span> <span class='ocrx_word' id='word_1_52' title='bbox 887 492 952 522; x_wconf 82' lang='lat' dir='ltr'>nOS,</span> <span class='ocrx_word' id='word_1_53' title='bbox 970 482 1066 514; x_wconf 88' lang='lat' dir='ltr'>divini</span> <span class='ocrx_word' id='word_1_54' title='bbox 1083 482 1147 514; x_wconf 86' lang='lat' dir='ltr'>cul·</span> <span class='ocrx_word' id='word_1_55' title='bbox 1180 483 1245 526; x_wconf 76' lang='lat' dir='ltr'>qui,</span> <span class='ocrx_word' id='word_1_56' title='bbox 1267 483 1397 516; x_wconf 72' lang='lat' dir='ltr'>visitatis</span> <span class='ocrx_word' id='word_1_57' title='bbox 1421 482 1561 515; x_wconf 70' lang='lat' dir='ltr'>ecclesiis</span> <span class='ocrx_word' id='word_1_58' title='bbox 1582 481 1761 514; x_wconf 75' lang='lat' dir='ltr'>huiusmodi</span> <span class='ocrx_word' id='word_1_59' title='bbox 1787 492 1841 515; x_wconf 86' lang='lat' dir='ltr'>seu</span> <span class='ocrx_word' id='word_1_60' title='bbox 1866 492 1919 515; x_wconf 84' lang='lat' dir='ltr'>eo·</span> <span class='ocrx_word' id='word_1_61' title='bbox 1934 467 2120 519; x_wconf 51' lang='lat' dir='ltr'>{iiiiffiffi&#39;affial&#39;ffiss</span> 
     </span>
    </p>
   </div>
   <div class='ocr_carea' id='block_1_5' title="bbox 213 524 2126 1857">
    <p class='ocr_par' dir='ltr' id='par_1_5' title="bbox 213 524 2126 1857">
     <span class='ocr_line' id='line_1_8' title="bbox 356 524 1975 580; baseline 0.001 -15"><span class='ocrx_word' id='word_1_62' title='bbox 356 531 391 566; x_wconf 41' lang='grc' dir='ltr'>κζ.</span> <span class='ocrx_word' id='word_1_63' title='bbox 408 541 456 567; x_wconf 87' lang='lat' dir='ltr'>tus</span> <span class='ocrx_word' id='word_1_64' title='bbox 473 536 709 578; x_wconf 74' lang='lat' dir='ltr'>amplificationi</span> <span class='ocrx_word' id='word_1_65' title='bbox 730 541 756 567; x_wconf 83' lang='lat' dir='ltr'>et</span> <span class='ocrx_word' id='word_1_66' title='bbox 778 535 1007 579; x_wconf 68' lang='lat' dir='ltr'>propagationi,</span> <span class='ocrx_word' id='word_1_67' title='bbox 1025 545 1146 568; x_wconf 77' lang='lat' dir='ltr'>necnon</span> <span class='ocrx_word' id='word_1_68' title='bbox 1181 547 1249 568; x_wconf 92' lang='lat' dir='ltr'>rum</span> <span class='ocrx_word' id='word_1_69' title='bbox 1275 536 1395 580; x_wconf 74' lang='lat' dir='ltr'>aliqua,</span> <span class='ocrx_word' id='word_1_70' title='bbox 1421 536 1530 569; x_wconf 72' lang='lat' dir='ltr'>eodem</span> <span class='ocrx_word' id='word_1_71' title='bbox 1557 535 1625 579; x_wconf 77' lang='lat' dir='ltr'>ipso</span> <span class='ocrx_word' id='word_1_72' title='bbox 1650 534 1795 578; x_wconf 87' lang='lat' dir='ltr'>proximo</span> <span class='ocrx_word' id='word_1_73' title='bbox 1819 534 1920 567; x_wconf 84' lang='lat' dir='ltr'>domi·</span> <span class='ocrx_word' id='word_1_74' title='bbox 1936 524 1975 542; x_wconf 54' lang='grc' dir='ltr'>Μ’</span> 
     </span>
     <span class='ocr_line' id='line_1_9' title="bbox 345 580 1974 634; baseline 0 -14"><span class='ocrx_word' id='word_1_75' title='bbox 345 581 355 594; x_wconf 66' lang='lat'>⁰</span> <span class='ocrx_word' id='word_1_76' title='bbox 367 580 391 593; x_wconf 48' lang='lat'>&#39;⁰‘</span> <span class='ocrx_word' id='word_1_77' title='bbox 407 589 583 620; x_wconf 86' lang='lat' dir='ltr'>animarum</span> <span class='ocrx_word' id='word_1_78' title='bbox 602 589 693 620; x_wconf 87' lang='lat' dir='ltr'>saluti</span> <span class='ocrx_word' id='word_1_79' title='bbox 711 591 840 631; x_wconf 80' lang='lat' dir='ltr'>paterna</span> <span class='ocrx_word' id='word_1_80' title='bbox 858 589 1009 621; x_wconf 85' lang='lat' dir='ltr'>charitate</span> <span class='ocrx_word' id='word_1_81' title='bbox 1026 589 1149 621; x_wconf 82' lang='lat' dir='ltr'>studeu-</span> <span class='ocrx_word' id='word_1_82' title='bbox 1181 588 1251 621; x_wconf 85' lang='lat' dir='ltr'>nico</span> <span class='ocrx_word' id='word_1_83' title='bbox 1269 588 1331 629; x_wconf 86' lang='lat' dir='ltr'>die,</span> <span class='ocrx_word' id='word_1_84' title='bbox 1348 595 1417 632; x_wconf 82' lang='lat' dir='ltr'>post</span> <span class='ocrx_word' id='word_1_85' title='bbox 1433 589 1614 632; x_wconf 72' lang='lat' dir='ltr'>diligentem</span> <span class='ocrx_word' id='word_1_86' title='bbox 1636 593 1836 634; x_wconf 81' lang='lat' dir='ltr'>peccatorum</span> <span class='ocrx_word' id='word_1_87' title='bbox 1854 597 1923 620; x_wconf 83' lang='lat' dir='ltr'>suo·</span> <span class='ocrx_word' id='word_1_88' title='bbox 1972 602 1974 604; x_wconf 97' lang='lat'>·</span> 
     </span>
     <span class='ocr_line' id='line_1_10' title="bbox 407 640 1923 685; baseline 0 -13"><span class='ocrx_word' id='word_1_89' title='bbox 407 646 464 679; x_wconf 88' lang='lat' dir='ltr'>tes,</span> <span class='ocrx_word' id='word_1_90' title='bbox 476 646 506 673; x_wconf 88' lang='lat' dir='ltr'>et</span> <span class='ocrx_word' id='word_1_91' title='bbox 522 641 668 684; x_wconf 89' lang='lat' dir='ltr'>cupimus</span> <span class='ocrx_word' id='word_1_92' title='bbox 685 646 715 674; x_wconf 91' lang='lat' dir='ltr'>et</span> <span class='ocrx_word' id='word_1_93' title='bbox 732 652 906 685; x_wconf 83' lang='lat' dir='ltr'>speramus,</span> <span class='ocrx_word' id='word_1_94' title='bbox 927 642 1059 675; x_wconf 74' lang='lat' dir='ltr'><strong>feliciter</strong></span> <span class='ocrx_word' id='word_1_95' title='bbox 1076 652 1148 675; x_wconf 86' lang='lat' dir='ltr'>con·</span> <span class='ocrx_word' id='word_1_96' title='bbox 1183 652 1252 674; x_wconf 91' lang='lat' dir='ltr'>rum</span> <span class='ocrx_word' id='word_1_97' title='bbox 1277 642 1505 675; x_wconf 85' lang='lat' dir='ltr'>confessionem</span> <span class='ocrx_word' id='word_1_98' title='bbox 1519 668 1526 682; x_wconf 91' lang='lat'>,</span> <span class='ocrx_word' id='word_1_99' title='bbox 1552 652 1673 674; x_wconf 86' lang='lat' dir='ltr'>sacram</span> <span class='ocrx_word' id='word_1_100' title='bbox 1700 640 1923 673; x_wconf 85' lang='lat' dir='ltr'>eucharistiam</span> 
     </span>
     <span class='ocr_line' id='line_1_11' title="bbox 407 692 1925 739; baseline 0 -13"><span class='ocrx_word' id='word_1_101' title='bbox 407 698 594 737; x_wconf 87' lang='lat' dir='ltr'>sequantur;</span> <span class='ocrx_word' id='word_1_102' title='bbox 615 704 725 728; x_wconf 86' lang='lat' dir='ltr'>omnes</span> <span class='ocrx_word' id='word_1_103' title='bbox 749 706 805 739; x_wconf 88' lang='lat' dir='ltr'>per</span> <span class='ocrx_word' id='word_1_104' title='bbox 826 695 946 728; x_wconf 83' lang='lat' dir='ltr'>viscera</span> <span class='ocrx_word' id='word_1_105' title='bbox 971 695 1150 729; x_wconf 85' lang='lat' dir='ltr'>misericor·</span> <span class='ocrx_word' id='word_1_106' title='bbox 1182 695 1384 739; x_wconf 69' lang='lat' dir='ltr'>sumpserint,</span> <span class='ocrx_word' id='word_1_107' title='bbox 1401 701 1442 736; x_wconf 80' lang='lat' dir='ltr'>et,</span> <span class='ocrx_word' id='word_1_108' title='bbox 1460 701 1494 728; x_wconf 91' lang='lat' dir='ltr'>ut</span> <span class='ocrx_word' id='word_1_109' title='bbox 1511 696 1587 729; x_wconf 87' lang='lat' dir='ltr'>haec</span> <span class='ocrx_word' id='word_1_110' title='bbox 1606 700 1713 728; x_wconf 89' lang='lat' dir='ltr'>nostra</span> <span class='ocrx_word' id='word_1_111' title='bbox 1731 694 1866 728; x_wconf 77' lang='lat' dir='ltr'>visitatio</span> <span class='ocrx_word' id='word_1_112' title='bbox 1885 692 1925 726; x_wconf 90' lang='lat' dir='ltr'>ad</span> 
     </span>
     <span class='ocr_line' id='line_1_12' title="bbox 406 747 1925 792; baseline 0.001 -13"><span class='ocrx_word' id='word_1_113' title='bbox 406 747 476 780; x_wconf 86' lang='lat' dir='ltr'>diae</span> <span class='ocrx_word' id='word_1_114' title='bbox 501 747 555 781; x_wconf 86' lang='lat' dir='ltr'>Dei</span> <span class='ocrx_word' id='word_1_115' title='bbox 580 749 701 788; x_wconf 87' lang='lat' dir='ltr'>nostri,</span> <span class='ocrx_word' id='word_1_116' title='bbox 726 749 780 792; x_wconf 87' lang='lat' dir='ltr'>qui</span> <span class='ocrx_word' id='word_1_117' title='bbox 805 749 939 781; x_wconf 80' lang='lat' dir='ltr'>visitavit</span> <span class='ocrx_word' id='word_1_118' title='bbox 962 759 1019 782; x_wconf 90' lang='lat' dir='ltr'>nos</span> <span class='ocrx_word' id='word_1_119' title='bbox 1044 749 1149 782; x_wconf 83' lang='lat' dir='ltr'>oriens</span> <span class='ocrx_word' id='word_1_120' title='bbox 1182 748 1236 782; x_wconf 87' lang='lat' dir='ltr'>Dei</span> <span class='ocrx_word' id='word_1_121' title='bbox 1250 749 1384 792; x_wconf 82' lang='lat' dir='ltr'>gloriam</span> <span class='ocrx_word' id='word_1_122' title='bbox 1402 755 1432 782; x_wconf 90' lang='lat' dir='ltr'>et</span> <span class='ocrx_word' id='word_1_123' title='bbox 1449 749 1627 782; x_wconf 89' lang='lat' dir='ltr'>animarum</span> <span class='ocrx_word' id='word_1_124' title='bbox 1644 749 1777 782; x_wconf 84' lang='lat' dir='ltr'>salutem</span> <span class='ocrx_word' id='word_1_125' title='bbox 1794 747 1925 781; x_wconf 75' lang='lat' dir='ltr'>feliciter</span> 
     </span>
     <span class='ocr_line' id='line_1_13' title="bbox 407 800 1925 846; baseline -0.001 -12"><span class='ocrx_word' id='word_1_126' title='bbox 407 812 445 834; x_wconf 87' lang='lat' dir='ltr'>ex</span> <span class='ocrx_word' id='word_1_127' title='bbox 461 802 535 842; x_wconf 90' lang='lat' dir='ltr'>alto,</span> <span class='ocrx_word' id='word_1_128' title='bbox 552 807 582 835; x_wconf 88' lang='lat' dir='ltr'>et</span> <span class='ocrx_word' id='word_1_129' title='bbox 599 802 765 835; x_wconf 78' lang='lat' dir='ltr'>hortamur</span> <span class='ocrx_word' id='word_1_130' title='bbox 782 808 810 836; x_wconf 90' lang='lat' dir='ltr'>et</span> <span class='ocrx_word' id='word_1_131' title='bbox 832 813 1008 843; x_wconf 88' lang='lat' dir='ltr'>monemus,</span> <span class='ocrx_word' id='word_1_132' title='bbox 1026 808 1069 843; x_wconf 85' lang='lat' dir='ltr'>ut,</span> <span class='ocrx_word' id='word_1_133' title='bbox 1088 813 1150 835; x_wconf 89' lang='lat' dir='ltr'>me-</span> <span class='ocrx_word' id='word_1_134' title='bbox 1182 803 1314 843; x_wconf 88' lang='lat' dir='ltr'>eveniat,</span> <span class='ocrx_word' id='word_1_135' title='bbox 1331 803 1382 846; x_wconf 83' lang='lat' dir='ltr'>pie</span> <span class='ocrx_word' id='word_1_136' title='bbox 1410 803 1442 835; x_wconf 91' lang='lat' dir='ltr'>in</span> <span class='ocrx_word' id='word_1_137' title='bbox 1470 803 1579 846; x_wconf 85' lang='lat' dir='ltr'>quavis</span> <span class='ocrx_word' id='word_1_138' title='bbox 1598 802 1731 836; x_wconf 75' lang='lat' dir='ltr'>ecclesia</span> <span class='ocrx_word' id='word_1_139' title='bbox 1755 800 1925 840; x_wconf 87' lang='lat' dir='ltr'>oraverint,</span> 
     </span>
     <span class='ocr_line' id='line_1_14' title="bbox 408 856 1925 900; baseline 0.001 -13"><span class='ocrx_word' id='word_1_140' title='bbox 408 865 513 888; x_wconf 89' lang='lat' dir='ltr'>mores</span> <span class='ocrx_word' id='word_1_141' title='bbox 531 856 701 888; x_wconf 88' lang='lat' dir='ltr'>vocationis</span> <span class='ocrx_word' id='word_1_142' title='bbox 721 866 804 895; x_wconf 87' lang='lat' dir='ltr'>suae,</span> <span class='ocrx_word' id='word_1_143' title='bbox 822 859 998 899; x_wconf 78' lang='lat' dir='ltr'>opportuna</span> <span class='ocrx_word' id='word_1_144' title='bbox 1025 856 1104 889; x_wconf 86' lang='lat' dir='ltr'>vitae</span> <span class='ocrx_word' id='word_1_145' title='bbox 1121 860 1151 888; x_wconf 90' lang='lat' dir='ltr'>et</span> <span class='ocrx_word' id='word_1_146' title='bbox 1183 856 1355 899; x_wconf 83' lang='lat' dir='ltr'>plenariam</span> <span class='ocrx_word' id='word_1_147' title='bbox 1386 856 1527 890; x_wconf 92' lang='lat' dir='ltr'>omnium</span> <span class='ocrx_word' id='word_1_148' title='bbox 1559 861 1761 900; x_wconf 85' lang='lat' dir='ltr'>peccatorum</span> <span class='ocrx_word' id='word_1_149' title='bbox 1793 864 1925 889; x_wconf 88' lang='lat' dir='ltr'>suorum</span> 
     </span>
     <span class='ocr_line' id='line_1_15' title="bbox 408 908 1881 955; baseline 0.001 -15"><span class='ocrx_word' id='word_1_150' title='bbox 408 919 532 941; x_wconf 89' lang='lat' dir='ltr'>morum</span> <span class='ocrx_word' id='word_1_151' title='bbox 548 909 766 941; x_wconf 71' lang='lat' dir='ltr'>emendatione</span> <span class='ocrx_word' id='word_1_152' title='bbox 779 909 920 941; x_wconf 85' lang='lat' dir='ltr'>eamdem</span> <span class='ocrx_word' id='word_1_153' title='bbox 941 908 1149 955; x_wconf 72' lang='lat' dir='ltr'>visitationem</span> <span class='ocrx_word' id='word_1_154' title='bbox 1185 909 1411 951; x_wconf 79' lang='lat' dir='ltr'>indulgentiam</span> <span class='ocrx_word' id='word_1_155' title='bbox 1429 909 1630 943; x_wconf 83' lang='lat' dir='ltr'>concedimus</span> <span class='ocrx_word' id='word_1_156' title='bbox 1647 915 1677 943; x_wconf 89' lang='lat' dir='ltr'>et</span> <span class='ocrx_word' id='word_1_157' title='bbox 1698 909 1881 953; x_wconf 82' lang='lat' dir='ltr'>elargimur.</span> 
     </span>
     <span class='ocr_line' id='line_1_16' title="bbox 409 961 2125 1005; baseline 0 -12"><span class='ocrx_word' id='word_1_158' title='bbox 409 961 621 1004; x_wconf 77' lang='lat' dir='ltr'>praeveniant.</span> <span class='ocrx_word' id='word_1_159' title='bbox 647 961 734 1000; x_wconf 88' lang='lat' dir='ltr'>Quod</span> <span class='ocrx_word' id='word_1_160' title='bbox 759 961 886 1004; x_wconf 85' lang='lat' dir='ltr'>quidem</span> <span class='ocrx_word' id='word_1_161' title='bbox 917 972 971 994; x_wconf 87' lang='lat' dir='ltr'>eos</span> <span class='ocrx_word' id='word_1_162' title='bbox 1000 961 1091 994; x_wconf 85' lang='lat' dir='ltr'>facile</span> <span class='ocrx_word' id='word_1_163' title='bbox 1122 965 1152 994; x_wconf 82' lang='lat' dir='ltr'>et</span> <span class='ocrx_word' id='word_1_164' title='bbox 1229 962 1244 1004; x_wconf 63' lang='grc' dir='ltr'><strong>ἓ</strong></span> <span class='ocrx_word' id='word_1_165' title='bbox 1267 961 1297 994; x_wconf 87' lang='grc'>6.</span> <span class='ocrx_word' id='word_1_166' title='bbox 1322 962 1438 996; x_wconf 82' lang='lat' dir='ltr'>Omnes</span> <span class='ocrx_word' id='word_1_167' title='bbox 1463 963 1560 1005; x_wconf 83' lang='lat' dir='ltr'>igitur</span> <span class='ocrx_word' id='word_1_168' title='bbox 1584 963 1694 1004; x_wconf 88' lang='lat' dir='ltr'>simul,</span> <span class='ocrx_word' id='word_1_169' title='bbox 1718 963 1822 996; x_wconf 89' lang='lat' dir='ltr'>dilecti</span> <span class='ocrx_word' id='word_1_170' title='bbox 1847 961 1926 1002; x_wconf 84' lang='lat' dir='ltr'>filiii,</span> <span class='ocrx_word' id='word_1_171' title='bbox 2011 972 2125 993; x_wconf 69' lang='lat' dir='ltr'>universos</span> 
     </span>
     <span class='ocr_line' id='line_1_17' title="bbox 409 1000 2126 1059; baseline 0.001 -13"><span class='ocrx_word' id='word_1_172' title='bbox 409 1014 544 1047; x_wconf 87' lang='lat' dir='ltr'>libenter</span> <span class='ocrx_word' id='word_1_173' title='bbox 567 1015 773 1058; x_wconf 83' lang='lat' dir='ltr'>praestituros</span> <span class='ocrx_word' id='word_1_174' title='bbox 798 1014 1007 1053; x_wconf 81' lang='lat' dir='ltr'>confidimus,</span> <span class='ocrx_word' id='word_1_175' title='bbox 1032 1015 1058 1046; x_wconf 93' lang='lat' dir='ltr'>si</span> <span class='ocrx_word' id='word_1_176' title='bbox 1084 1025 1151 1047; x_wconf 85' lang='lat' dir='ltr'>me·</span> <span class='ocrx_word' id='word_1_177' title='bbox 1185 1014 1250 1046; x_wconf 83' lang='lat' dir='ltr'>sive</span> <span class='ocrx_word' id='word_1_178' title='bbox 1275 1025 1311 1047; x_wconf 79' lang='lat' dir='ltr'>ex</span> <span class='ocrx_word' id='word_1_179' title='bbox 1337 1015 1442 1054; x_wconf 82' lang='lat' dir='ltr'>clero,</span> <span class='ocrx_word' id='word_1_180' title='bbox 1468 1015 1532 1048; x_wconf 86' lang='lat' dir='ltr'>sive</span> <span class='ocrx_word' id='word_1_181' title='bbox 1564 1027 1601 1049; x_wconf 83' lang='lat' dir='ltr'>ex</span> <span class='ocrx_word' id='word_1_182' title='bbox 1625 1017 1762 1059; x_wconf 87' lang='lat' dir='ltr'>populo,</span> <span class='ocrx_word' id='word_1_183' title='bbox 1786 1021 1926 1049; x_wconf 82' lang='lat' dir='ltr'>veterem</span> <span class='ocrx_word' id='word_1_184' title='bbox 1941 1000 2126 1057; x_wconf 44' lang='lat' dir='ltr'>Qssssissiufflgsiii:</span> 
     </span>
     <span class='ocr_line' id='line_1_18' title="bbox 409 1057 2043 1112; baseline 0.002 -13"><span class='ocrx_word' id='word_1_185' title='bbox 409 1067 510 1099; x_wconf 77' lang='lat' dir='ltr'>moria</span> <span class='ocrx_word' id='word_1_186' title='bbox 537 1067 729 1110; x_wconf 81' lang='lat' dir='ltr'>repetierint,</span> <span class='ocrx_word' id='word_1_187' title='bbox 747 1068 828 1100; x_wconf 85' lang='lat' dir='ltr'>sein</span> <span class='ocrx_word' id='word_1_188' title='bbox 853 1070 890 1100; x_wconf 76' lang='lat' dir='ltr'>ea</span> <span class='ocrx_word' id='word_1_189' title='bbox 917 1068 999 1101; x_wconf 82' lang='lat' dir='ltr'>Urbe</span> <span class='ocrx_word' id='word_1_190' title='bbox 1024 1068 1155 1100; x_wconf 45' lang='lat' dir='ltr'>clerica-⁷</span> <span class='ocrx_word' id='word_1_191' title='bbox 1186 1067 1346 1101; x_wconf 86' lang='lat' dir='ltr'>hominem</span> <span class='ocrx_word' id='word_1_192' title='bbox 1378 1074 1545 1109; x_wconf 81' lang='lat' dir='ltr'>exuentes,</span> <span class='ocrx_word' id='word_1_193' title='bbox 1570 1069 1602 1101; x_wconf 90' lang='lat' dir='ltr'>in</span> <span class='ocrx_word' id='word_1_194' title='bbox 1631 1068 1776 1102; x_wconf 85' lang='lat' dir='ltr'>novitate·</span> <span class='ocrx_word' id='word_1_195' title='bbox 1798 1057 2043 1112; x_wconf 44' lang='lat' dir='ltr'>spiritus⁵⁹m³⁰h</span> 
     </span>
     <span class='ocr_line' id='line_1_19' title="bbox 410 1120 1929 1166; baseline 0.001 -13"><span class='ocrx_word' id='word_1_196' title='bbox 410 1121 447 1152; x_wconf 88' lang='lat' dir='ltr'>lis</span> <span class='ocrx_word' id='word_1_197' title='bbox 460 1120 554 1153; x_wconf 85' lang='lat' dir='ltr'>officii</span> <span class='ocrx_word' id='word_1_198' title='bbox 569 1131 699 1154; x_wconf 85' lang='lat' dir='ltr'>munera</span> <span class='ocrx_word' id='word_1_199' title='bbox 715 1122 816 1161; x_wconf 82' lang='lat' dir='ltr'>obn-e,</span> <span class='ocrx_word' id='word_1_200' title='bbox 828 1132 935 1165; x_wconf 87' lang='lat' dir='ltr'>quam,</span> <span class='ocrx_word' id='word_1_201' title='bbox 946 1121 977 1153; x_wconf 92' lang='lat' dir='ltr'>in</span> <span class='ocrx_word' id='word_1_202' title='bbox 992 1121 1152 1154; x_wconf 88' lang='lat' dir='ltr'>montibus</span> <span class='ocrx_word' id='word_1_203' title='bbox 1185 1121 1394 1163; x_wconf 87' lang='lat' dir='ltr'>ambulemus,</span> <span class='ocrx_word' id='word_1_204' title='bbox 1404 1122 1614 1155; x_wconf 87' lang='lat' dir='ltr'>sollicitudine</span> <span class='ocrx_word' id='word_1_205' title='bbox 1631 1132 1694 1156; x_wconf 92' lang='lat' dir='ltr'>non</span> <span class='ocrx_word' id='word_1_206' title='bbox 1705 1122 1798 1166; x_wconf 82' lang='lat' dir='ltr'>pigri,</span> <span class='ocrx_word' id='word_1_207' title='bbox 1816 1122 1929 1165; x_wconf 83' lang='lat' dir='ltr'>spiritu</span> 
     </span>
     <span class='ocr_line' id='line_1_20' title="bbox 410 1174 1930 1214; baseline 0.001 -8"><span class='ocrx_word' id='word_1_208' title='bbox 410 1174 523 1208; x_wconf 87' lang='lat' dir='ltr'>sanctis</span> <span class='ocrx_word' id='word_1_209' title='bbox 546 1174 707 1207; x_wconf 80' lang='lat' dir='ltr'>fundatam</span> <span class='ocrx_word' id='word_1_210' title='bbox 724 1185 760 1207; x_wconf 89' lang='lat' dir='ltr'>ac</span> <span class='ocrx_word' id='word_1_211' title='bbox 781 1174 1051 1208; x_wconf 77' lang='lat' dir='ltr'>sanctissimorum</span> <span class='ocrx_word' id='word_1_212' title='bbox 1074 1186 1154 1208; x_wconf 87' lang='lat' dir='ltr'>mar·</span> <span class='ocrx_word' id='word_1_213' title='bbox 1187 1175 1341 1209; x_wconf 84' lang='lat' dir='ltr'>ferventes</span> <span class='ocrx_word' id='word_1_214' title='bbox 1355 1204 1362 1214; x_wconf 79' lang='lat'>‚</span> <span class='ocrx_word' id='word_1_215' title='bbox 1387 1176 1520 1209; x_wconf 84' lang='lat' dir='ltr'>Domino</span> <span class='ocrx_word' id='word_1_216' title='bbox 1545 1176 1577 1209; x_wconf 93' lang='lat' dir='ltr'>in</span> <span class='ocrx_word' id='word_1_217' title='bbox 1601 1181 1667 1210; x_wconf 90' lang='lat' dir='ltr'>toto</span> <span class='ocrx_word' id='word_1_218' title='bbox 1691 1176 1788 1209; x_wconf 86' lang='lat' dir='ltr'>corde</span> <span class='ocrx_word' id='word_1_219' title='bbox 1811 1176 1930 1209; x_wconf 87' lang='lat' dir='ltr'>servia-</span> 
     </span>
     <span class='ocr_line' id='line_1_21' title="bbox 410 1229 1930 1273; baseline 0.001 -13"><span class='ocrx_word' id='word_1_220' title='bbox 410 1233 512 1272; x_wconf 77' lang='lat' dir='ltr'>tyrum</span> <span class='ocrx_word' id='word_1_221' title='bbox 537 1229 687 1271; x_wconf 81' lang='lat' dir='ltr'>sanguine</span> <span class='ocrx_word' id='word_1_222' title='bbox 718 1239 894 1272; x_wconf 81' lang='lat' dir='ltr'>respersam</span> <span class='ocrx_word' id='word_1_223' title='bbox 920 1234 949 1261; x_wconf 87' lang='lat' dir='ltr'>et</span> <span class='ocrx_word' id='word_1_224' title='bbox 973 1229 1153 1272; x_wconf 77' lang='lat' dir='ltr'>irrigatam,</span> <span class='ocrx_word' id='word_1_225' title='bbox 1187 1240 1266 1269; x_wconf 90' lang='lat' dir='ltr'>mus,</span> <span class='ocrx_word' id='word_1_226' title='bbox 1279 1235 1312 1262; x_wconf 87' lang='lat' dir='ltr'>ut</span> <span class='ocrx_word' id='word_1_227' title='bbox 1325 1230 1392 1262; x_wconf 88' lang='lat' dir='ltr'>eins</span> <span class='ocrx_word' id='word_1_228' title='bbox 1407 1230 1657 1263; x_wconf 85' lang='lat' dir='ltr'>misericordiam</span> <span class='ocrx_word' id='word_1_229' title='bbox 1674 1229 1846 1273; x_wconf 86' lang='lat' dir='ltr'>copiosam,</span> <span class='ocrx_word' id='word_1_230' title='bbox 1857 1239 1930 1262; x_wconf 90' lang='lat' dir='ltr'>cum</span> 
     </span>
     <span class='ocr_line' id='line_1_22' title="bbox 411 1281 1931 1327; baseline 0.001 -14"><span class='ocrx_word' id='word_1_231' title='bbox 411 1281 534 1313; x_wconf 92' lang='lat' dir='ltr'>nonnisi</span> <span class='ocrx_word' id='word_1_232' title='bbox 565 1282 744 1315; x_wconf 88' lang='lat' dir='ltr'>uberrimos</span> <span class='ocrx_word' id='word_1_233' title='bbox 774 1282 898 1326; x_wconf 86' lang='lat' dir='ltr'>pietatis</span> <span class='ocrx_word' id='word_1_234' title='bbox 930 1288 958 1314; x_wconf 89' lang='lat' dir='ltr'>et</span> <span class='ocrx_word' id='word_1_235' title='bbox 992 1282 1154 1325; x_wconf 81' lang='lat' dir='ltr'>religionis</span> <span class='ocrx_word' id='word_1_236' title='bbox 1186 1283 1225 1315; x_wconf 90' lang='lat' dir='ltr'>ad</span> <span class='ocrx_word' id='word_1_237' title='bbox 1250 1284 1310 1316; x_wconf 89' lang='lat' dir='ltr'>hoc</span> <span class='ocrx_word' id='word_1_238' title='bbox 1334 1289 1459 1316; x_wconf 86' lang='lat' dir='ltr'>sanctae</span> <span class='ocrx_word' id='word_1_239' title='bbox 1484 1284 1668 1317; x_wconf 80' lang='lat' dir='ltr'>visitationis</span> <span class='ocrx_word' id='word_1_240' title='bbox 1692 1294 1781 1327; x_wconf 84' lang='lat' dir='ltr'>opus,</span> <span class='ocrx_word' id='word_1_241' title='bbox 1802 1287 1867 1317; x_wconf 89' lang='lat' dir='ltr'>tum</span> <span class='ocrx_word' id='word_1_242' title='bbox 1891 1282 1931 1316; x_wconf 89' lang='lat' dir='ltr'>ad</span> 
     </span>
     <span class='ocr_line' id='line_1_23' title="bbox 410 1333 1931 1380; baseline 0.003 -14"><span class='ocrx_word' id='word_1_243' title='bbox 410 1333 530 1367; x_wconf 84' lang='lat' dir='ltr'>fructus</span> <span class='ocrx_word' id='word_1_244' title='bbox 561 1335 600 1367; x_wconf 89' lang='lat' dir='ltr'>ad</span> <span class='ocrx_word' id='word_1_245' title='bbox 631 1335 725 1368; x_wconf 88' lang='lat' dir='ltr'>totius</span> <span class='ocrx_word' id='word_1_246' title='bbox 750 1335 911 1368; x_wconf 86' lang='lat' dir='ltr'>christiani</span> <span class='ocrx_word' id='word_1_247' title='bbox 935 1335 1022 1368; x_wconf 90' lang='lat' dir='ltr'>orbis</span> <span class='ocrx_word' id='word_1_248' title='bbox 1045 1336 1151 1368; x_wconf 88' lang='lat' dir='ltr'>aedifi-</span> <span class='ocrx_word' id='word_1_249' title='bbox 1187 1341 1306 1371; x_wconf 86' lang='lat' dir='ltr'>ceteras</span> <span class='ocrx_word' id='word_1_250' title='bbox 1335 1338 1536 1370; x_wconf 83' lang='lat' dir='ltr'>necessitates</span> <span class='ocrx_word' id='word_1_251' title='bbox 1568 1343 1710 1378; x_wconf 87' lang='lat' dir='ltr'>nostras,</span> <span class='ocrx_word' id='word_1_252' title='bbox 1734 1338 1931 1380; x_wconf 82' lang='lat' dir='ltr'>fratrumque</span> 
     </span>
     <span class='ocr_line' id='line_1_24' title="bbox 411 1388 1932 1434; baseline 0.003 -16"><span class='ocrx_word' id='word_1_253' title='bbox 411 1388 565 1421; x_wconf 73' lang='lat' dir='ltr'>rationem</span> <span class='ocrx_word' id='word_1_254' title='bbox 583 1388 673 1420; x_wconf 83' lang='lat' dir='ltr'>beata</span> <span class='ocrx_word' id='word_1_255' title='bbox 690 1388 878 1422; x_wconf 86' lang='lat' dir='ltr'>fecunditate</span> <span class='ocrx_word' id='word_1_256' title='bbox 895 1389 1038 1432; x_wconf 88' lang='lat' dir='ltr'>proferre</span> <span class='ocrx_word' id='word_1_257' title='bbox 1055 1389 1153 1422; x_wconf 85' lang='lat' dir='ltr'>decet.</span> <span class='ocrx_word' id='word_1_258' title='bbox 1188 1395 1381 1430; x_wconf 79' lang='lat' dir='ltr'>nostrorum,</span> <span class='ocrx_word' id='word_1_259' title='bbox 1398 1391 1489 1423; x_wconf 91' lang='lat' dir='ltr'>bonis</span> <span class='ocrx_word' id='word_1_260' title='bbox 1509 1391 1659 1434; x_wconf 86' lang='lat' dir='ltr'>operibus</span> <span class='ocrx_word' id='word_1_261' title='bbox 1682 1396 1713 1424; x_wconf 89' lang='lat' dir='ltr'>et</span> <span class='ocrx_word' id='word_1_262' title='bbox 1736 1390 1845 1423; x_wconf 89' lang='lat' dir='ltr'>sedulo</span> <span class='ocrx_word' id='word_1_263' title='bbox 1869 1390 1932 1434; x_wconf 87' lang='lat' dir='ltr'>pie-</span> 
     </span>
     <span class='ocr_line' id='line_1_25' title="bbox 456 1441 1604 1487; baseline 0.003 -14"><span class='ocrx_word' id='word_1_264' title='bbox 456 1442 472 1485; x_wconf 69' lang='grc' dir='ltr'>ξ</span> <span class='ocrx_word' id='word_1_265' title='bbox 495 1441 525 1474; x_wconf 82' lang='grc'>3.</span> <span class='ocrx_word' id='word_1_266' title='bbox 545 1442 698 1481; x_wconf 86' lang='lat' dir='ltr'>Quoniam</span> <span class='ocrx_word' id='word_1_267' title='bbox 722 1448 826 1474; x_wconf 90' lang='lat' dir='ltr'>autem</span> <span class='ocrx_word' id='word_1_268' title='bbox 851 1453 915 1475; x_wconf 91' lang='lat' dir='ltr'>non</span> <span class='ocrx_word' id='word_1_269' title='bbox 940 1453 1049 1475; x_wconf 89' lang='lat' dir='ltr'>sumus</span> <span class='ocrx_word' id='word_1_270' title='bbox 1073 1443 1156 1475; x_wconf 85' lang='lat' dir='ltr'>suffi-</span> <span class='ocrx_word' id='word_1_271' title='bbox 1189 1444 1258 1477; x_wconf 88' lang='lat' dir='ltr'>tatis</span> <span class='ocrx_word' id='word_1_272' title='bbox 1278 1444 1364 1476; x_wconf 89' lang='lat' dir='ltr'>cultu</span> <span class='ocrx_word' id='word_1_273' title='bbox 1387 1444 1604 1487; x_wconf 87' lang='lat' dir='ltr'>impetremus.</span> 
     </span>
     <span class='ocr_line' id='line_1_26' title="bbox 213 1496 1931 1551; baseline -0.001 -20"><span class='ocrx_word' id='word_1_274' title='bbox 213 1511 396 1551; x_wconf 51' lang='lat' dir='ltr'>¹³.‘¹-⁸&#39;‘&#39;,³s&#39;f¹1{¹¹h‘&#39;&#39;</span> <span class='ocrx_word' id='word_1_275' title='bbox 413 1496 530 1528; x_wconf 85' lang='lat' dir='ltr'>cientes</span> <span class='ocrx_word' id='word_1_276' title='bbox 550 1496 690 1538; x_wconf 80' lang='lat' dir='ltr'>cogitare</span> <span class='ocrx_word' id='word_1_277' title='bbox 707 1496 825 1540; x_wconf 86' lang='lat' dir='ltr'>aliquid</span> <span class='ocrx_word' id='word_1_278' title='bbox 843 1506 879 1528; x_wconf 83' lang='lat' dir='ltr'>ex</span> <span class='ocrx_word' id='word_1_279' title='bbox 893 1497 994 1537; x_wconf 89' lang='lat' dir='ltr'>nobis,</span> <span class='ocrx_word' id='word_1_280' title='bbox 1011 1497 1098 1540; x_wconf 87' lang='lat' dir='ltr'>quasi</span> <span class='ocrx_word' id='word_1_281' title='bbox 1117 1507 1154 1529; x_wconf 84' lang='lat' dir='ltr'>ex</span> <span class='ocrx_word' id='word_1_282' title='bbox 1231 1497 1343 1530; x_wconf 88' lang='lat' dir='ltr'>Datum</span> <span class='ocrx_word' id='word_1_283' title='bbox 1368 1498 1496 1537; x_wconf 84' lang='lat' dir='ltr'>Romae,</span> <span class='ocrx_word' id='word_1_284' title='bbox 1522 1498 1606 1541; x_wconf 90' lang='lat' dir='ltr'>apud</span> <span class='ocrx_word' id='word_1_285' title='bbox 1636 1497 1665 1530; x_wconf 89' lang='lat' dir='ltr'>S.</span> <span class='ocrx_word' id='word_1_286' title='bbox 1692 1497 1831 1540; x_wconf 84' lang='lat' dir='ltr'>Petrum,</span> <span class='ocrx_word' id='word_1_287' title='bbox 1849 1507 1931 1532; x_wconf 86' lang='lat' dir='ltr'>anno</span> 
     </span>
     <span class='ocr_line' id='line_1_27' title="bbox 214 1535 1932 1591; baseline 0.002 -10"><span class='ocrx_word' id='word_1_288' title='bbox 214 1535 396 1579; x_wconf 49' lang='lat' dir='ltr'>{Kili‘ssissss&#39;ssissim&#39;ss</span> <span class='ocrx_word' id='word_1_289' title='bbox 412 1550 513 1590; x_wconf 90' lang='lat' dir='ltr'>nobis,</span> <span class='ocrx_word' id='word_1_290' title='bbox 533 1550 588 1582; x_wconf 86' lang='lat' dir='ltr'>sed</span> <span class='ocrx_word' id='word_1_291' title='bbox 612 1550 798 1582; x_wconf 86' lang='lat' dir='ltr'>sufficientia</span> <span class='ocrx_word' id='word_1_292' title='bbox 822 1556 930 1583; x_wconf 88' lang='lat' dir='ltr'>nostra</span> <span class='ocrx_word' id='word_1_293' title='bbox 946 1562 983 1583; x_wconf 79' lang='lat' dir='ltr'>ex</span> <span class='ocrx_word' id='word_1_294' title='bbox 1009 1551 1073 1583; x_wconf 84' lang='lat' dir='ltr'>Deo</span> <span class='ocrx_word' id='word_1_295' title='bbox 1099 1556 1154 1589; x_wconf 81' lang='lat' dir='ltr'>est,</span> <span class='ocrx_word' id='word_1_296' title='bbox 1189 1549 1414 1583; x_wconf 84' lang='lat' dir='ltr'>lucarnatiouis</span> <span class='ocrx_word' id='word_1_297' title='bbox 1450 1551 1631 1583; x_wconf 85' lang='lat' dir='ltr'>Dominicae</span> <span class='ocrx_word' id='word_1_298' title='bbox 1662 1560 1820 1591; x_wconf 77' lang='lat' dir='ltr'>uncxxw,</span> <span class='ocrx_word' id='word_1_299' title='bbox 1845 1554 1932 1584; x_wconf 84' lang='lat' dir='ltr'>sexto</span> 
     </span>
     <span class='ocr_line' id='line_1_28' title="bbox 214 1585 1930 1648; baseline 0.001 -13"><span class='ocrx_word' id='word_1_300' title='bbox 214 1585 262 1632; x_wconf 46' lang='lat' dir='ltr'>&amp;fini</span> <span class='ocrx_word' id='word_1_301' title='bbox 286 1585 397 1648; x_wconf 48' lang='lat' dir='ltr'>&#39;‘gxii&#39;i&#39;fiiyiii</span> <span class='ocrx_word' id='word_1_302' title='bbox 412 1613 448 1635; x_wconf 89' lang='lat' dir='ltr'>ac</span> <span class='ocrx_word' id='word_1_303' title='bbox 472 1603 531 1635; x_wconf 91' lang='lat' dir='ltr'>nisi</span> <span class='ocrx_word' id='word_1_304' title='bbox 555 1603 705 1635; x_wconf 86' lang='lat' dir='ltr'>Dominus</span> <span class='ocrx_word' id='word_1_305' title='bbox 729 1603 940 1636; x_wconf 77' lang='lat' dir='ltr'>aedificaverit</span> <span class='ocrx_word' id='word_1_306' title='bbox 956 1604 1095 1643; x_wconf 84' lang='lat' dir='ltr'>domuin,</span> <span class='ocrx_word' id='word_1_307' title='bbox 1114 1604 1157 1636; x_wconf 91' lang='lat' dir='ltr'>in-</span> <span class='ocrx_word' id='word_1_308' title='bbox 1190 1603 1338 1635; x_wconf 81' lang='lat' dir='ltr'>kalendas</span> <span class='ocrx_word' id='word_1_309' title='bbox 1350 1604 1680 1647; x_wconf 83' lang='lat' dir='ltr'>aprilis,pontificatus</span> <span class='ocrx_word' id='word_1_310' title='bbox 1699 1604 1799 1637; x_wconf 84' lang='lat' dir='ltr'>nostri</span> <span class='ocrx_word' id='word_1_311' title='bbox 1815 1614 1930 1637; x_wconf 88' lang='lat' dir='ltr'>ann01.</span> 
     </span>
     <span class='ocr_line' id='line_1_29' title="bbox 214 1638 1154 1700; baseline 0.004 -15"><span class='ocrx_word' id='word_1_312' title='bbox 214 1638 398 1685; x_wconf 51' lang='lat' dir='ltr'>ffinlss‘ii&#39;ssni&#39;e&#39;i&#39;iss</span> <span class='ocrx_word' id='word_1_313' title='bbox 413 1666 526 1689; x_wconf 84' lang='lat' dir='ltr'>vanum</span> <span class='ocrx_word' id='word_1_314' title='bbox 552 1657 785 1697; x_wconf 84' lang='lat' dir='ltr'>laboraverunt,</span> <span class='ocrx_word' id='word_1_315' title='bbox 802 1658 855 1700; x_wconf 89' lang='lat' dir='ltr'>qui</span> <span class='ocrx_word' id='word_1_316' title='bbox 881 1657 1045 1689; x_wconf 83' lang='lat' dir='ltr'>aedificant</span> <span class='ocrx_word' id='word_1_317' title='bbox 1071 1668 1154 1697; x_wconf 83' lang='lat' dir='ltr'>eam;</span> 
     </span>
     <span class='ocr_line' id='line_1_30' title="bbox 413 1710 1155 1753; baseline 0.001 -11"><span class='ocrx_word' id='word_1_318' title='bbox 413 1720 470 1743; x_wconf 87' lang='lat' dir='ltr'>nos</span> <span class='ocrx_word' id='word_1_319' title='bbox 487 1710 701 1743; x_wconf 83' lang='lat' dir='ltr'>infirmitatem</span> <span class='ocrx_word' id='word_1_320' title='bbox 721 1716 860 1743; x_wconf 86' lang='lat' dir='ltr'>nostram</span> <span class='ocrx_word' id='word_1_321' title='bbox 878 1711 1041 1743; x_wconf 75' lang='lat' dir='ltr'>humiliter</span> <span class='ocrx_word' id='word_1_322' title='bbox 1058 1721 1155 1753; x_wconf 75' lang='lat' dir='ltr'>agno-</span> 
     </span>
     <span class='ocr_line' id='line_1_31' title="bbox 413 1764 1588 1809; baseline 0.001 -14"><span class='ocrx_word' id='word_1_323' title='bbox 413 1769 545 1802; x_wconf 85' lang='lat' dir='ltr'>scentes,</span> <span class='ocrx_word' id='word_1_324' title='bbox 562 1764 600 1795; x_wconf 91' lang='lat' dir='ltr'>ad</span> <span class='ocrx_word' id='word_1_325' title='bbox 617 1764 783 1796; x_wconf 85' lang='lat' dir='ltr'>caelestem</span> <span class='ocrx_word' id='word_1_326' title='bbox 801 1774 894 1807; x_wconf 88' lang='lat' dir='ltr'>opem</span> <span class='ocrx_word' id='word_1_327' title='bbox 912 1764 1156 1807; x_wconf 86' lang='lat' dir='ltr'>implorandam,</span> <span class='ocrx_word' id='word_1_328' title='bbox 1515 1803 1522 1808; x_wconf 27' lang='grc' dir='ltr'><em>υ</em></span> <span class='ocrx_word' id='word_1_329' title='bbox 1582 1803 1588 1809; x_wconf 35' lang='lat' dir='ltr'>v</span> 
     </span>
     <span class='ocr_line' id='line_1_32' title="bbox 414 1801 1616 1857; baseline 0.001 -8"><span class='ocrx_word' id='word_1_330' title='bbox 414 1818 568 1857; x_wconf 80' lang='lat' dir='ltr'>volumus,</span> <span class='ocrx_word' id='word_1_331' title='bbox 589 1822 623 1849; x_wconf 91' lang='lat' dir='ltr'>ut</span> <span class='ocrx_word' id='word_1_332' title='bbox 639 1819 726 1850; x_wconf 77' lang='lat' dir='ltr'>sexta</span> <span class='ocrx_word' id='word_1_333' title='bbox 750 1818 826 1849; x_wconf 77' lang='lat' dir='ltr'>feria</span> <span class='ocrx_word' id='word_1_334' title='bbox 852 1817 993 1850; x_wconf 90' lang='lat' dir='ltr'>eamdem</span> <span class='ocrx_word' id='word_1_335' title='bbox 1020 1817 1157 1850; x_wconf 91' lang='lat' dir='ltr'>domini·</span> <span class='ocrx_word' id='word_1_336' title='bbox 1500 1801 1616 1835; x_wconf 41' lang='lat' dir='ltr'>Mdv·</span> 
     </span>
    </p>
   </div>
   <div class='ocr_carea' id='block_1_6' title="bbox 214 1692 1932 1928">
    <p class='ocr_par' dir='ltr' id='par_1_6' title="bbox 214 1692 1932 1928">
     <span class='ocr_line' id='line_1_33' title="bbox 214 1692 328 1712; baseline -0.009 0"><span class='ocrx_word' id='word_1_337' title='bbox 214 1692 328 1712; x_wconf 74' lang='lat' dir='ltr'>sitationis.</span> 
     </span>
     <span class='ocr_line' id='line_1_34' title="bbox 414 1871 1932 1928; baseline -0.002 -25"><span class='ocrx_word' id='word_1_338' title='bbox 414 1881 483 1903; x_wconf 89' lang='lat' dir='ltr'>cam</span> <span class='ocrx_word' id='word_1_339' title='bbox 514 1871 715 1904; x_wconf 83' lang='lat' dir='ltr'>antecedente</span> <span class='ocrx_word' id='word_1_340' title='bbox 732 1898 739 1910; x_wconf 92' lang='lat'>‚</span> <span class='ocrx_word' id='word_1_341' title='bbox 764 1881 796 1903; x_wconf 79' lang='lat' dir='ltr'>in</span> <span class='ocrx_word' id='word_1_342' title='bbox 827 1871 985 1903; x_wconf 85' lang='lat' dir='ltr'>nonnullis</span> <span class='ocrx_word' id='word_1_343' title='bbox 1017 1871 1157 1903; x_wconf 81' lang='lat' dir='ltr'>ecclesus</span> <span class='ocrx_word' id='word_1_344' title='bbox 1191 1884 1348 1928; x_wconf 54' lang='lat' dir='ltr'>Sequitur</span> <span class='ocrx_word' id='word_1_345' title='bbox 1371 1883 1564 1916; x_wconf 54' lang='lat' dir='ltr'>mandatum</span> <span class='ocrx_word' id='word_1_346' title='bbox 1589 1883 1751 1916; x_wconf 54' lang='lat' dir='ltr'>vfsflamh·</span> <span class='ocrx_word' id='word_1_347' title='bbox 1777 1883 1812 1915; x_wconf 60' lang='lat'>5„</span> <span class='ocrx_word' id='word_1_348' title='bbox 1834 1893 1932 1926; x_wconf 64' lang='lat' dir='ltr'>paro„</span> 
     </span>
    </p>
   </div>
   <div class='ocr_carea' id='block_1_7' title="bbox 224 441 393 492">
    <p class='ocr_par' dir='ltr' id='par_1_7' title="bbox 224 441 393 492">
     <span class='ocr_line' id='line_1_35' title="bbox 235 441 392 462; baseline -0.013 0"><span class='ocrx_word' id='word_1_349' title='bbox 235 441 335 462; x_wconf 70' lang='lat' dir='ltr'>{tm-taim-</span> <span class='ocrx_word' id='word_1_350' title='bbox 351 447 392 460; x_wconf 59' lang='lat' dir='ltr'>wm-</span> 
     </span>
     <span class='ocr_line' id='line_1_36' title="bbox 224 472 393 492; baseline -0.012 -4"><span class='ocrx_word' id='word_1_351' title='bbox 224 474 245 488; x_wconf 64' lang='lat' dir='ltr'>rs</span> <span class='ocrx_word' id='word_1_352' title='bbox 257 472 276 488; x_wconf 83' lang='lat' dir='ltr'>ut</span> <span class='ocrx_word' id='word_1_353' title='bbox 288 474 393 492; x_wconf 60' lang='lat' dir='ltr'>vortig-¹1¹.—</span> 
     </span>
    </p>
   </div>
   <div class='ocr_carea' id='block_1_8' title="bbox 246 511 408 591">
    <p class='ocr_par' dir='ltr' id='par_1_8' title="bbox 246 511 408 591">
     <span class='ocr_line' id='line_1_37' title="bbox 246 511 408 591; baseline 0 0"><span class='ocrx_word' id='word_1_354' title='bbox 246 511 408 591; x_wconf 95' lang='lat' dir='ltr'>  </span> 
     </span>
    </p>
   </div>
   <div class='ocr_carea' id='block_1_9' title="bbox 213 1451 398 1504">
    <p class='ocr_par' dir='ltr' id='par_1_9' title="bbox 213 1451 398 1504">
     <span class='ocr_line' id='line_1_38' title="bbox 254 1451 397 1473; baseline -0.007 -1"><span class='ocrx_word' id='word_1_355' title='bbox 254 1451 313 1473; x_wconf 73' lang='lat' dir='ltr'>lutwt</span> <span class='ocrx_word' id='word_1_356' title='bbox 329 1453 348 1471; x_wconf 83' lang='lat' dir='ltr'>in</span> <span class='ocrx_word' id='word_1_357' title='bbox 364 1457 397 1471; x_wconf 79' lang='lat' dir='ltr'>oc-</span> 
     </span>
     <span class='ocr_line' id='line_1_39' title="bbox 213 1478 398 1504; baseline -0.005 -5"><span class='ocrx_word' id='word_1_358' title='bbox 213 1479 284 1499; x_wconf 66' lang='lat' dir='ltr'>etesiis</span> <span class='ocrx_word' id='word_1_359' title='bbox 296 1478 398 1504; x_wconf 71' lang='lat' dir='ltr'>eligendis</span> 
     </span>
    </p>
   </div>
   <div class='ocr_carea' id='block_1_10' title="bbox 1225 1664 1831 1701">
    <p class='ocr_par' dir='ltr' id='par_1_10' title="bbox 1225 1664 1831 1701">
     <span class='ocr_line' id='line_1_40' title="bbox 1225 1664 1831 1701; baseline 0.003 -10"><span class='ocrx_word' id='word_1_360' title='bbox 1225 1664 1284 1692; x_wconf 85' lang='lat' dir='ltr'>Dat.</span> <span class='ocrx_word' id='word_1_361' title='bbox 1301 1666 1345 1692; x_wconf 86' lang='lat' dir='ltr'>die</span> <span class='ocrx_word' id='word_1_362' title='bbox 1361 1666 1394 1692; x_wconf 75' lang='lat'>27</span> <span class='ocrx_word' id='word_1_363' title='bbox 1412 1666 1500 1692; x_wconf 86' lang='lat' dir='ltr'>martii</span> <span class='ocrx_word' id='word_1_364' title='bbox 1518 1666 1596 1700; x_wconf 69' lang='lat'>1624,</span> <span class='ocrx_word' id='word_1_365' title='bbox 1613 1666 1711 1701; x_wconf 83' lang='lat' dir='ltr'>pontif.</span> <span class='ocrx_word' id='word_1_366' title='bbox 1728 1674 1798 1693; x_wconf 89' lang='lat' dir='ltr'>anno</span> <span class='ocrx_word' id='word_1_367' title='bbox 1814 1673 1831 1693; x_wconf 89' lang='lat'>1.</span> 
     </span>
    </p>
   </div>
   <div class='ocr_carea' id='block_1_11' title="bbox 414 1924 1159 2182">
    <p class='ocr_par' dir='ltr' id='par_1_11' title="bbox 414 1924 1159 2182">
     <span class='ocr_line' id='line_1_41' title="bbox 414 1924 1157 1968; baseline 0 -12"><span class='ocrx_word' id='word_1_368' title='bbox 414 1924 507 1957; x_wconf 89' lang='lat' dir='ltr'>Urbis</span> <span class='ocrx_word' id='word_1_369' title='bbox 531 1924 803 1968; x_wconf 83' lang='lat' dir='ltr'>patriarchalibus,</span> <span class='ocrx_word' id='word_1_370' title='bbox 829 1924 1013 1966; x_wconf 78' lang='lat' dir='ltr'>collegiatis,</span> <span class='ocrx_word' id='word_1_371' title='bbox 1034 1929 1064 1956; x_wconf 89' lang='lat' dir='ltr'>et</span> <span class='ocrx_word' id='word_1_372' title='bbox 1089 1924 1157 1956; x_wconf 87' lang='lat' dir='ltr'>aliis</span> 
     </span>
     <span class='ocr_line' id='line_1_42' title="bbox 414 1977 1156 2021; baseline 0 -11"><span class='ocrx_word' id='word_1_373' title='bbox 414 1977 603 2021; x_wconf 86' lang='lat' dir='ltr'>praecipuis,</span> <span class='ocrx_word' id='word_1_374' title='bbox 626 1988 684 2020; x_wconf 90' lang='lat' dir='ltr'>per</span> <span class='ocrx_word' id='word_1_375' title='bbox 707 1977 855 2009; x_wconf 80' lang='lat' dir='ltr'>dilectum</span> <span class='ocrx_word' id='word_1_376' title='bbox 881 1977 982 2009; x_wconf 82' lang='lat' dir='ltr'>silium</span> <span class='ocrx_word' id='word_1_377' title='bbox 1013 1982 1156 2010; x_wconf 87' lang='lat' dir='ltr'>nostrum</span> 
     </span>
     <span class='ocr_line' id='line_1_43' title="bbox 414 2030 1159 2074; baseline 0.001 -11"><span class='ocrx_word' id='word_1_378' title='bbox 414 2031 446 2063; x_wconf 89' lang='lat' dir='ltr'>in</span> <span class='ocrx_word' id='word_1_379' title='bbox 472 2031 582 2064; x_wconf 78' lang='lat' dir='ltr'>eadem</span> <span class='ocrx_word' id='word_1_380' title='bbox 600 2031 752 2063; x_wconf 82' lang='lat' dir='ltr'>vicarium</span> <span class='ocrx_word' id='word_1_381' title='bbox 774 2031 804 2063; x_wconf 94' lang='lat' dir='ltr'>in</span> <span class='ocrx_word' id='word_1_382' title='bbox 825 2030 1042 2074; x_wconf 83' lang='lat' dir='ltr'>spiritualibus</span> <span class='ocrx_word' id='word_1_383' title='bbox 1066 2041 1159 2073; x_wconf 80' lang='lat' dir='ltr'>gene-</span> 
     </span>
     <span class='ocr_line' id='line_1_44' title="bbox 414 2084 1157 2128; baseline -0.001 -11"><span class='ocrx_word' id='word_1_384' title='bbox 414 2085 513 2117; x_wconf 90' lang='lat' dir='ltr'>ralem</span> <span class='ocrx_word' id='word_1_385' title='bbox 546 2084 823 2128; x_wconf 81' lang='lat' dir='ltr'>praescribendis,</span> <span class='ocrx_word' id='word_1_386' title='bbox 855 2084 905 2116; x_wconf 80' lang='lat' dir='ltr'>SS.</span> <span class='ocrx_word' id='word_1_387' title='bbox 939 2084 1157 2117; x_wconf 83' lang='lat' dir='ltr'>Eucharistiae</span> 
     </span>
     <span class='ocr_line' id='line_1_45' title="bbox 415 2137 1158 2182; baseline 0.003 -12"><span class='ocrx_word' id='word_1_388' title='bbox 415 2142 646 2171; x_wconf 87' lang='lat' dir='ltr'>sacramentum</span> <span class='ocrx_word' id='word_1_389' title='bbox 672 2137 805 2170; x_wconf 90' lang='lat' dir='ltr'>solemni</span> <span class='ocrx_word' id='word_1_390' title='bbox 830 2138 892 2170; x_wconf 86' lang='lat' dir='ltr'>ritu</span> <span class='ocrx_word' id='word_1_391' title='bbox 917 2137 949 2169; x_wconf 89' lang='lat' dir='ltr'>in</span> <span class='ocrx_word' id='word_1_392' title='bbox 973 2138 1064 2170; x_wconf 87' lang='lat' dir='ltr'>altari</span> <span class='ocrx_word' id='word_1_393' title='bbox 1087 2149 1158 2182; x_wconf 90' lang='lat' dir='ltr'>pro-</span> 
     </span>
    </p>
   </div>
   <div class='ocr_carea' id='block_1_12' title="bbox 1235 1937 1932 2033">
    <p class='ocr_par' dir='ltr' id='par_1_12' title="bbox 1235 1937 1932 2033">
     <span class='ocr_line' id='line_1_46' title="bbox 1235 1937 1932 1980; baseline 0 -11"><span class='ocrx_word' id='word_1_394' title='bbox 1235 1937 1399 1970; x_wconf 79' lang='lat' dir='ltr'>clzialibus</span> <span class='ocrx_word' id='word_1_395' title='bbox 1424 1937 1563 1969; x_wconf 76' lang='lat' dir='ltr'>ecclesiis</span> <span class='ocrx_word' id='word_1_396' title='bbox 1584 1937 1740 1979; x_wconf 49' lang='lat' dir='ltr'>infirmo&amp;</span> <span class='ocrx_word' id='word_1_397' title='bbox 1769 1937 1879 1980; x_wconf 77' lang='lat' dir='ltr'>eisque</span> <span class='ocrx_word' id='word_1_398' title='bbox 1902 1947 1932 1969; x_wconf 81' lang='lat' dir='ltr'>e-</span> 
     </span>
     <span class='ocr_line' id='line_1_47' title="bbox 1237 1989 1667 2033; baseline -0.002 -10"><span class='ocrx_word' id='word_1_399' title='bbox 1237 1991 1454 2033; x_wconf 74' lang='lat' dir='ltr'>leemosyimm</span> <span class='ocrx_word' id='word_1_400' title='bbox 1475 1989 1667 2033; x_wconf 70' lang='lat' dir='ltr'>elaryicndi.</span> 
     </span>
    </p>
   </div>
   <div class='ocr_carea' id='block_1_13' title="bbox 1190 2062 1934 2150">
    <p class='ocr_par' dir='ltr' id='par_1_13' title="bbox 1190 2062 1934 2150">
     <span class='ocr_line' id='line_1_48' title="bbox 1395 2062 1728 2096; baseline 0 -7"><span class='ocrx_word' id='word_1_401' title='bbox 1395 2063 1530 2090; x_wconf 83' lang='lat' dir='ltr'>Urbanus</span> <span class='ocrx_word' id='word_1_402' title='bbox 1551 2062 1631 2096; x_wconf 86' lang='lat' dir='ltr'>Papa</span> <span class='ocrx_word' id='word_1_403' title='bbox 1650 2062 1728 2094; x_wconf 85' lang='lat' dir='ltr'>VIII,</span> 
     </span>
     <span class='ocr_line' id='line_1_49' title="bbox 1190 2106 1934 2150; baseline -0.003 -6"><span class='ocrx_word' id='word_1_404' title='bbox 1190 2117 1418 2144; x_wconf 80' lang='lat' dir='ltr'>Venerabilihus</span> <span class='ocrx_word' id='word_1_405' title='bbox 1438 2117 1582 2144; x_wconf 83' lang='lat' dir='ltr'>fratribus</span> <span class='ocrx_word' id='word_1_406' title='bbox 1600 2106 1824 2150; x_wconf 72' lang='lat' dir='ltr'>archiepiscopo</span> <span class='ocrx_word' id='word_1_407' title='bbox 1838 2116 1934 2143; x_wconf 81' lang='lat' dir='ltr'>‘rhea-</span> 
     </span>
    </p>
   </div>
   <div class='ocr_carea' id='block_1_14' title="bbox 1224 2160 1934 2424">
    <p class='ocr_par' dir='ltr' id='par_1_14' title="bbox 1224 2160 1934 2331">
     <span class='ocr_line' id='line_1_50' title="bbox 1225 2160 1934 2196; baseline -0.001 -8"><span class='ocrx_word' id='word_1_408' title='bbox 1225 2161 1299 2195; x_wconf 85' lang='lat' dir='ltr'>tino,</span> <span class='ocrx_word' id='word_1_409' title='bbox 1315 2168 1430 2189; x_wconf 83' lang='lat' dir='ltr'>necnon</span> <span class='ocrx_word' id='word_1_410' title='bbox 1447 2160 1593 2196; x_wconf 62' lang='lat' dir='ltr'>Raphaeli</span> <span class='ocrx_word' id='word_1_411' title='bbox 1607 2160 1831 2195; x_wconf 77' lang='lat' dir='ltr'>Zacynthiensi,</span> <span class='ocrx_word' id='word_1_412' title='bbox 1851 2160 1934 2187; x_wconf 86' lang='lat' dir='ltr'>Octa—</span> 
     </span>
     <span class='ocr_line' id='line_1_51' title="bbox 1225 2205 1932 2240; baseline -0.003 -6"><span class='ocrx_word' id='word_1_413' title='bbox 1225 2207 1274 2234; x_wconf 87' lang='lat' dir='ltr'>vio</span> <span class='ocrx_word' id='word_1_414' title='bbox 1293 2207 1504 2240; x_wconf 83' lang='lat' dir='ltr'>Caballicensi,</span> <span class='ocrx_word' id='word_1_415' title='bbox 1523 2206 1671 2233; x_wconf 87' lang='lat' dir='ltr'>Ludovico</span> <span class='ocrx_word' id='word_1_416' title='bbox 1692 2205 1762 2232; x_wconf 86' lang='lat' dir='ltr'>olim</span> <span class='ocrx_word' id='word_1_417' title='bbox 1780 2205 1932 2237; x_wconf 66' lang='lat' dir='ltr'>midensi,</span> 
     </span>
     <span class='ocr_line' id='line_1_52' title="bbox 1224 2252 1933 2284; baseline -0.001 -5"><span class='ocrx_word' id='word_1_418' title='bbox 1224 2252 1352 2279; x_wconf 81' lang='lat' dir='ltr'>Antonio</span> <span class='ocrx_word' id='word_1_419' title='bbox 1380 2253 1562 2284; x_wconf 76' lang='lat' dir='ltr'>casertanci,</span> <span class='ocrx_word' id='word_1_420' title='bbox 1583 2259 1617 2279; x_wconf 85' lang='lat' dir='ltr'>ac</span> <span class='ocrx_word' id='word_1_421' title='bbox 1642 2252 1810 2279; x_wconf 72' lang='lat' dir='ltr'>Alexandro</span> <span class='ocrx_word' id='word_1_422' title='bbox 1836 2258 1933 2284; x_wconf 79' lang='lat' dir='ltr'>nuper</span> 
     </span>
     <span class='ocr_line' id='line_1_53' title="bbox 1226 2297 1575 2331; baseline -0.003 -7"><span class='ocrx_word' id='word_1_423' title='bbox 1226 2297 1400 2325; x_wconf 81' lang='lat' dir='ltr'>Hieracensi</span> <span class='ocrx_word' id='word_1_424' title='bbox 1416 2297 1575 2331; x_wconf 84' lang='lat' dir='ltr'>episcopis.</span> 
     </span>
    </p>

    <p class='ocr_par' dir='ltr' id='par_1_15' title="bbox 1225 2345 1879 2424">
     <span class='ocr_line' id='line_1_54' title="bbox 1401 2345 1734 2379; baseline -0.003 -6"><span class='ocrx_word' id='word_1_425' title='bbox 1401 2345 1592 2378; x_wconf 57' lang='lat' dir='ltr'>venerabiles</span> <span class='ocrx_word' id='word_1_426' title='bbox 1613 2345 1734 2379; x_wconf 77' lang='lat' dir='ltr'>fratres,</span> 
     </span>
     <span class='ocr_line' id='line_1_55' title="bbox 1225 2389 1879 2424; baseline -0.002 -6"><span class='ocrx_word' id='word_1_427' title='bbox 1225 2391 1355 2418; x_wconf 81' lang='lat' dir='ltr'>salutem</span> <span class='ocrx_word' id='word_1_428' title='bbox 1371 2393 1402 2418; x_wconf 80' lang='lat' dir='ltr'>et.</span> <span class='ocrx_word' id='word_1_429' title='bbox 1417 2390 1615 2424; x_wconf 83' lang='lat' dir='ltr'>apostolicam</span> <span class='ocrx_word' id='word_1_430' title='bbox 1629 2389 1879 2417; x_wconf 80' lang='lat' dir='ltr'>benedictionem.</span> 
     </span>
    </p>
   </div>
   <div class='ocr_carea' id='block_1_15' title="bbox 414 2191 1157 2718">
    <p class='ocr_par' dir='ltr' id='par_1_16' title="bbox 414 2191 1156 2279">
     <span class='ocr_line' id='line_1_56' title="bbox 414 2191 1156 2236; baseline 0 -11"><span class='ocrx_word' id='word_1_431' title='bbox 414 2196 560 2236; x_wconf 90' lang='lat' dir='ltr'>ponatur,</span> <span class='ocrx_word' id='word_1_432' title='bbox 585 2195 620 2224; x_wconf 77' lang='lat' dir='ltr'>ae</span> <span class='ocrx_word' id='word_1_433' title='bbox 643 2191 855 2234; x_wconf 76' lang='lat' dir='ltr'>Quadraginta</span> <span class='ocrx_word' id='word_1_434' title='bbox 878 2192 1031 2224; x_wconf 89' lang='lat' dir='ltr'>horarum</span> <span class='ocrx_word' id='word_1_435' title='bbox 1055 2192 1156 2225; x_wconf 89' lang='lat' dir='ltr'>oratio</span> 
     </span>
     <span class='ocr_line' id='line_1_57' title="bbox 416 2245 778 2279; baseline -0.003 -1"><span class='ocrx_word' id='word_1_436' title='bbox 416 2245 454 2278; x_wconf 89' lang='lat' dir='ltr'>de</span> <span class='ocrx_word' id='word_1_437' title='bbox 479 2256 568 2279; x_wconf 88' lang='lat' dir='ltr'>more</span> <span class='ocrx_word' id='word_1_438' title='bbox 589 2246 778 2278; x_wconf 68' lang='lat' dir='ltr'>celeljiretur.</span> 
     </span>
    </p>

    <p class='ocr_par' dir='ltr' id='par_1_17' title="bbox 415 2298 1157 2718">
     <span class='ocr_line' id='line_1_58' title="bbox 461 2298 1155 2342; baseline 0.001 -11"><span class='ocrx_word' id='word_1_439' title='bbox 461 2300 476 2342; x_wconf 61' lang='lat' dir='ltr'>g</span> <span class='ocrx_word' id='word_1_440' title='bbox 502 2298 532 2331; x_wconf 74' lang='lat'>4.</span> <span class='ocrx_word' id='word_1_441' title='bbox 563 2299 646 2338; x_wconf 89' lang='lat' dir='ltr'>Quae</span> <span class='ocrx_word' id='word_1_442' title='bbox 678 2304 709 2330; x_wconf 90' lang='lat' dir='ltr'>ut</span> <span class='ocrx_word' id='word_1_443' title='bbox 740 2298 981 2332; x_wconf 84' lang='lat' dir='ltr'>sollicitudinem</span> <span class='ocrx_word' id='word_1_444' title='bbox 1015 2304 1155 2332; x_wconf 89' lang='lat' dir='ltr'>nostram</span> 
     </span>
     <span class='ocr_line' id='line_1_59' title="bbox 418 2353 1156 2396; baseline 0.001 -11"><span class='ocrx_word' id='word_1_445' title='bbox 418 2353 517 2391; x_wconf 63' lang='lat' dir='ltr'>mauis</span> <span class='ocrx_word' id='word_1_446' title='bbox 543 2353 693 2393; x_wconf 84' lang='lat' dir='ltr'>sublevet,</span> <span class='ocrx_word' id='word_1_447' title='bbox 717 2363 753 2384; x_wconf 78' lang='lat' dir='ltr'>ac</span> <span class='ocrx_word' id='word_1_448' title='bbox 772 2353 913 2385; x_wconf 88' lang='lat' dir='ltr'>laborem</span> <span class='ocrx_word' id='word_1_449' title='bbox 939 2353 1077 2393; x_wconf 87' lang='lat' dir='ltr'>illorum,</span> <span class='ocrx_word' id='word_1_450' title='bbox 1102 2354 1156 2396; x_wconf 90' lang='lat' dir='ltr'>qui</span> 
     </span>
     <span class='ocr_line' id='line_1_60' title="bbox 418 2407 1157 2450; baseline 0.001 -11"><span class='ocrx_word' id='word_1_451' title='bbox 418 2408 474 2439; x_wconf 77' lang='lat' dir='ltr'>liae</span> <span class='ocrx_word' id='word_1_452' title='bbox 500 2407 530 2439; x_wconf 90' lang='lat' dir='ltr'>iu</span> <span class='ocrx_word' id='word_1_453' title='bbox 556 2418 589 2439; x_wconf 88' lang='lat' dir='ltr'>re</span> <span class='ocrx_word' id='word_1_454' title='bbox 613 2407 761 2439; x_wconf 78' lang='lat' dir='ltr'>vicariam</span> <span class='ocrx_word' id='word_1_455' title='bbox 778 2407 868 2440; x_wconf 91' lang='lat' dir='ltr'>nobis</span> <span class='ocrx_word' id='word_1_456' title='bbox 884 2418 1012 2450; x_wconf 81' lang='lat' dir='ltr'>operam</span> <span class='ocrx_word' id='word_1_457' title='bbox 1030 2408 1157 2450; x_wconf 86' lang='lat' dir='ltr'>praesti-</span> 
     </span>
     <span class='ocr_line' id='line_1_61' title="bbox 417 2460 1157 2500; baseline 0.001 -8"><span class='ocrx_word' id='word_1_458' title='bbox 417 2460 478 2492; x_wconf 87' lang='lat' dir='ltr'>turi</span> <span class='ocrx_word' id='word_1_459' title='bbox 491 2465 572 2500; x_wconf 78' lang='lat' dir='ltr'>sunt,</span> <span class='ocrx_word' id='word_1_460' title='bbox 586 2460 742 2493; x_wconf 82' lang='lat' dir='ltr'>efficacius</span> <span class='ocrx_word' id='word_1_461' title='bbox 755 2460 889 2499; x_wconf 79' lang='lat' dir='ltr'>adiuvet,</span> <span class='ocrx_word' id='word_1_462' title='bbox 899 2461 1063 2495; x_wconf 85' lang='lat' dir='ltr'>universos</span> <span class='ocrx_word' id='word_1_463' title='bbox 1076 2461 1157 2495; x_wconf 86' lang='lat' dir='ltr'>chri-</span> 
     </span>
     <span class='ocr_line' id='line_1_62' title="bbox 416 2513 1155 2548; baseline 0.004 -3"><span class='ocrx_word' id='word_1_464' title='bbox 416 2514 564 2545; x_wconf 64' lang='lat' dir='ltr'>stifideles</span> <span class='ocrx_word' id='word_1_465' title='bbox 588 2513 619 2545; x_wconf 86' lang='lat' dir='ltr'>in</span> <span class='ocrx_word' id='word_1_466' title='bbox 643 2514 700 2546; x_wconf 80' lang='lat' dir='ltr'>liae</span> <span class='ocrx_word' id='word_1_467' title='bbox 717 2514 800 2546; x_wconf 77' lang='lat' dir='ltr'>alma</span> <span class='ocrx_word' id='word_1_468' title='bbox 820 2514 903 2547; x_wconf 73' lang='lat' dir='ltr'>L⁷rbe</span> <span class='ocrx_word' id='word_1_469' title='bbox 922 2520 1155 2548; x_wconf 82' lang='lat' dir='ltr'>commorantes</span> 
     </span>
     <span class='ocr_line' id='line_1_63' title="bbox 415 2566 1153 2610; baseline 0.005 -13"><span class='ocrx_word' id='word_1_470' title='bbox 415 2566 591 2605; x_wconf 76' lang='lat' dir='ltr'>hortamur,</span> <span class='ocrx_word' id='word_1_471' title='bbox 615 2572 649 2598; x_wconf 85' lang='lat' dir='ltr'>nt</span> <span class='ocrx_word' id='word_1_472' title='bbox 672 2566 745 2606; x_wconf 84' lang='lat' dir='ltr'>Deo,</span> <span class='ocrx_word' id='word_1_473' title='bbox 771 2567 823 2610; x_wconf 84' lang='lat' dir='ltr'>qui</span> <span class='ocrx_word' id='word_1_474' title='bbox 848 2578 903 2600; x_wconf 86' lang='lat' dir='ltr'>eor</span> <span class='ocrx_word' id='word_1_475' title='bbox 928 2568 1099 2601; x_wconf 85' lang='lat' dir='ltr'>contritum</span> <span class='ocrx_word' id='word_1_476' title='bbox 1125 2573 1153 2601; x_wconf 85' lang='lat' dir='ltr'>et</span> 
     </span>
     <span class='ocr_line' id='line_1_64' title="bbox 416 2620 975 2663; baseline 0.005 -12"><span class='ocrx_word' id='word_1_477' title='bbox 416 2620 617 2652; x_wconf 82' lang='lat' dir='ltr'>humiliatum</span> <span class='ocrx_word' id='word_1_478' title='bbox 634 2630 696 2652; x_wconf 90' lang='lat' dir='ltr'>nou</span> <span class='ocrx_word' id='word_1_479' title='bbox 713 2620 854 2663; x_wconf 80' lang='lat' dir='ltr'>despicit,</span> <span class='ocrx_word' id='word_1_480' title='bbox 872 2621 975 2663; x_wconf 71' lang='lat' dir='ltr'>dignis</span> 
     </span>
     <span class='ocr_line' id='line_1_65' title="bbox 418 2673 949 2718; baseline -0.002 -11"><span class='ocrx_word' id='word_1_481' title='bbox 418 2673 477 2708; x_wconf 83' lang='lat' dir='ltr'>tiae</span> <span class='ocrx_word' id='word_1_482' title='bbox 493 2673 645 2707; x_wconf 87' lang='lat' dir='ltr'>fructibus</span> <span class='ocrx_word' id='word_1_483' title='bbox 662 2674 784 2718; x_wconf 80' lang='lat' dir='ltr'>placere</span> <span class='ocrx_word' id='word_1_484' title='bbox 797 2674 949 2708; x_wconf 82' lang='lat' dir='ltr'>studeant.</span> 
     </span>
    </p>
   </div>
   <div class='ocr_carea' id='block_1_16' title="bbox 218 2305 402 2378">
    <p class='ocr_par' dir='ltr' id='par_1_18' title="bbox 218 2305 402 2378">
     <span class='ocr_line' id='line_1_66' title="bbox 245 2305 402 2325; baseline -0.013 0"><span class='ocrx_word' id='word_1_485' title='bbox 245 2305 346 2325; x_wconf 72' lang='lat' dir='ltr'>Hortatur</span> <span class='ocrx_word' id='word_1_486' title='bbox 358 2310 402 2324; x_wconf 76' lang='lat' dir='ltr'>om-</span> 
     </span>
     <span class='ocr_line' id='line_1_67' title="bbox 218 2332 402 2352; baseline 0 -1"><span class='ocrx_word' id='word_1_487' title='bbox 218 2337 255 2351; x_wconf 71' lang='lat' dir='ltr'>nes</span> <span class='ocrx_word' id='word_1_488' title='bbox 267 2332 293 2351; x_wconf 74' lang='lat' dir='ltr'>ad</span> <span class='ocrx_word' id='word_1_489' title='bbox 309 2332 402 2352; x_wconf 62' lang='lat' dir='ltr'>eiurari-</span> 
     </span>
     <span class='ocr_line' id='line_1_68' title="bbox 219 2358 375 2378; baseline 0 0"><span class='ocrx_word' id='word_1_490' title='bbox 219 2361 250 2378; x_wconf 70' lang='lat' dir='ltr'>tei·</span> <span class='ocrx_word' id='word_1_491' title='bbox 265 2358 375 2378; x_wconf 71' lang='lat' dir='ltr'>orandum.</span> 
     </span>
    </p>
   </div>
   <div class='ocr_carea' id='block_1_17' title="bbox 1189 2460 2137 2548">
    <p class='ocr_par' dir='ltr' id='par_1_19' title="bbox 1189 2460 2137 2548">
     <span class='ocr_line' id='line_1_69' title="bbox 1232 2460 2137 2516; baseline 0 -22"><span class='ocrx_word' id='word_1_492' title='bbox 1232 2462 1397 2505; x_wconf 87' lang='lat' dir='ltr'>Cupientes</span> <span class='ocrx_word' id='word_1_493' title='bbox 1421 2461 1453 2493; x_wconf 91' lang='lat' dir='ltr'>in</span> <span class='ocrx_word' id='word_1_494' title='bbox 1477 2461 1536 2494; x_wconf 88' lang='lat' dir='ltr'>hae</span> <span class='ocrx_word' id='word_1_495' title='bbox 1564 2462 1672 2494; x_wconf 75' lang='lat' dir='ltr'>nostra</span> <span class='ocrx_word' id='word_1_496' title='bbox 1705 2460 1853 2504; x_wconf 86' lang='lat' dir='ltr'>pastorali</span> <span class='ocrx_word' id='word_1_497' title='bbox 1878 2470 1929 2493; x_wconf 88' lang='lat' dir='ltr'>ec·</span> <span class='ocrx_word' id='word_1_498' title='bbox 1983 2492 2098 2513; x_wconf 75' lang='lat' dir='ltr'>Exordium</span> <span class='ocrx_word' id='word_1_499' title='bbox 2115 2496 2137 2516; x_wconf 53' lang='lat' dir='ltr'>M</span> 
     </span>
     <span class='ocr_line' id='line_1_70' title="bbox 1189 2514 2032 2548; baseline -0.004 0"><span class='ocrx_word' id='word_1_500' title='bbox 1189 2515 1356 2548; x_wconf 84' lang='lat' dir='ltr'>elesiarum</span> <span class='ocrx_word' id='word_1_501' title='bbox 1392 2515 1492 2547; x_wconf 88' lang='lat' dir='ltr'>almae</span> <span class='ocrx_word' id='word_1_502' title='bbox 1529 2514 1622 2547; x_wconf 83' lang='lat' dir='ltr'>Urbis</span> <span class='ocrx_word' id='word_1_503' title='bbox 1653 2515 1832 2548; x_wconf 87' lang='lat' dir='ltr'>visitatione</span> <span class='ocrx_word' id='word_1_504' title='bbox 1867 2522 2032 2546; x_wconf 59' lang='lat' dir='ltr'>noncaume.</span> 
     </span>
    </p>
   </div>
   <div class='ocr_carea' id='block_1_18' title="bbox 996 2593 1932 2719">
    <p class='ocr_par' dir='ltr' id='par_1_20' title="bbox 996 2593 1932 2719">
     <span class='ocr_line' id='line_1_71' title="bbox 1083 2593 1929 2630; baseline -0.001 -9"><span class='ocrx_word' id='word_1_505' title='bbox 1083 2622 1088 2626; x_wconf 78' lang='grc'><strong>,</strong></span> <span class='ocrx_word' id='word_1_506' title='bbox 1226 2597 1234 2621; x_wconf 85' lang='grc'>1</span> <span class='ocrx_word' id='word_1_507' title='bbox 1267 2594 1368 2622; x_wconf 89' lang='lat' dir='ltr'>Omnes</span> <span class='ocrx_word' id='word_1_508' title='bbox 1391 2603 1467 2630; x_wconf 85' lang='lat' dir='ltr'>seqq.</span> <span class='ocrx_word' id='word_1_509' title='bbox 1485 2594 1710 2629; x_wconf 85' lang='lat' dir='ltr'>constitutiones,</span> <span class='ocrx_word' id='word_1_510' title='bbox 1726 2603 1795 2630; x_wconf 88' lang='lat' dir='ltr'>quae</span> <span class='ocrx_word' id='word_1_511' title='bbox 1819 2593 1845 2620; x_wconf 93' lang='lat' dir='ltr'>in</span> <span class='ocrx_word' id='word_1_512' title='bbox 1865 2593 1929 2621; x_wconf 89' lang='lat' dir='ltr'>edit.</span> 
     </span>
     <span class='ocr_line' id='line_1_72' title="bbox 996 2627 1932 2685; baseline -0.001 -20"><span class='ocrx_word' id='word_1_513' title='bbox 996 2627 1155 2666; x_wconf 58' lang='lat' dir='ltr'>Poenum·</span> <span class='ocrx_word' id='word_1_514' title='bbox 1188 2639 1270 2665; x_wconf 83' lang='lat' dir='ltr'>Maiu.</span> <span class='ocrx_word' id='word_1_515' title='bbox 1292 2639 1394 2675; x_wconf 83' lang='lat' dir='ltr'>absque</span> <span class='ocrx_word' id='word_1_516' title='bbox 1415 2647 1526 2666; x_wconf 88' lang='lat' dir='ltr'>numero</span> <span class='ocrx_word' id='word_1_517' title='bbox 1550 2640 1729 2667; x_wconf 83' lang='lat' dir='ltr'>subiiciuutur</span> <span class='ocrx_word' id='word_1_518' title='bbox 1749 2638 1932 2685; x_wconf 46' lang='lat' dir='ltr'>ppaecedeutss</span> 
     </span>
     <span class='ocr_line' id='line_1_73' title="bbox 1188 2684 1737 2719; baseline 0 -8"><span class='ocrx_word' id='word_1_519' title='bbox 1188 2692 1236 2712; x_wconf 85' lang='lat' dir='ltr'>nos</span> <span class='ocrx_word' id='word_1_520' title='bbox 1255 2684 1410 2712; x_wconf 86' lang='lat' dir='ltr'>censuimus</span> <span class='ocrx_word' id='word_1_521' title='bbox 1429 2684 1612 2712; x_wconf 86' lang='lat' dir='ltr'>numerandas</span> <span class='ocrx_word' id='word_1_522' title='bbox 1631 2688 1668 2719; x_wconf 74' lang='lat' dir='ltr'>(a.</span> <span class='ocrx_word' id='word_1_523' title='bbox 1689 2685 1737 2719; x_wconf 81' lang='grc' dir='ltr'>Τ.).</span> 
     </span>
    </p>
   </div>
  </div>
 </body>
</html>
