2269 3235
114 270 163 296 An.
183 268 211 294 C.
232 267 298 294 ui⁶25

929 268 1071 291 lJnnANUs
1092 268 1147 291 vin
1169 269 1216 291 Pr.

313 314 420 355 tinent,
431 314 485 347 sed
498 315 590 347 etiam
606 324 717 348 census
728 319 897 358 perpetuos
910 320 940 347 et
954 316 1054 357 legata

311 377 432 409 annua,
458 379 554 411 super
584 368 698 412 quibus
729 378 817 401 saera
846 368 1053 410 Congregatio

312 420 463 464 praecipit
487 421 648 454 observari
681 421 842 454 decretum
874 430 1051 462 congrega-

313 473 405 506 tionis
429 475 585 516 generalis
623 476 726 507 {omae
757 473 881 506 habitae
909 473 959 506 die
989 483 1054 506 xvii

312 526 385 559 maii
410 537 519 569 mucul,
544 527 632 560 euius
659 532 747 560 tenor
768 527 837 559 talis
857 531 919 559 est:

361 594 372 609 «
383 579 459 612 Cum
476 589 596 612 annuos
607 579 757 619 redditus,
767 579 847 611 sieut
855 584 958 612 cetera
972 578 1054 612 bona

313 632 496 673 immobilia,
519 633 610 665 nobis
634 632 751 665 habere
772 642 835 665 non
855 632 957 674 liceat,
984 632 1053 665 ideo

312 691 498 718 renovantes
522 685 583 718 alia
603 685 762 727 generalia
779 689 892 719 statuta
915 685 1055 718 decerni-

311 749 391 780 mus7
415 738 499 782 quod
512 739 616 771 nullus
633 739 730 771 frater
746 738 873 771 inducat
885 749 1053 782 personam

310 792 447 835 aliquam
471 792 509 825 ad
534 792 764 836 eleemosynam
785 798 971 836 perpetuam
997 792 1053 825 Or-

310 844 373 877 dini
397 850 505 878 nostro
530 845 749 885 exhibendam,
774 856 831 878 nec
849 845 1018 878 exhibitam
1037 856 1053 878 a

309 898 459 942 quopiam
485 898 606 931 vivente
631 899 798 942 suscipiat,
833 904 863 932 et
895 899 920 932 si
950 899 1053 942 aliqua

309 951 378 984 talis
402 952 492 985 nobis
516 952 611 986 suerit
635 953 758 993 relicta,
791 953 878 985 nullo
904 953 997 986 modo
1022 952 1053 985 in

309 1005 424 1038 iudicio
442 1005 594 1048 exigatur;
615 1006 819 1047 declarantes,
834 1006 918 1050 quod
935 1006 972 1039 ad
986 1007 1054 1050 per-

309 1064 402 1102 petua
426 1060 528 1103 legata
547 1060 680 1103 petenda
703 1070 767 1092 uon
790 1065 923 1103 possunt
940 1060 1053 1093 fratres

309 1121 475 1145 recurrere
503 1112 563 1145 nisi
595 1113 757 1146 humiliter
781 1118 811 1146 et
839 1124 896 1157 per
923 1114 1052 1147 modum

308 1166 524 1211 eleemosynae
555 1167 674 1210 absque
705 1167 892 1210 allegatione
921 1167 1053 1200 alicuius

308 1217 415 1251 debiti.
431 1220 616 1252 Decernitur
631 1226 795 1263 praeterea
812 1231 847 1253 ae
856 1221 1052 1264 praecipitur

308 1282 366 1314 per
391 1277 529 1307 sanctam
554 1273 786 1314 obedientiam,
810 1274 904 1317 quod,
929 1274 1056 1321 quoties

308 1325 443 1369 relinqui
462 1327 622 1369 contingat
646 1327 750 1371 aliqua
774 1327 876 1370 legata
899 1333 1051 1371 perpetua

307 1378 463 1421 aliquibus
488 1380 633 1423 personis
650 1385 679 1413 et
697 1380 916 1424 hospitalibus,
935 1381 982 1413 vel
1000 1380 1052 1413 ali-

307 1431 358 1465 eui
375 1432 567 1476 reipublicae
592 1438 622 1465 et
646 1433 714 1465 aliis
730 1433 886 1475 domibuS,
910 1435 946 1466 ea
971 1433 1050 1476 lege,

307 1485 391 1529 quod
406 1490 569 1519 teneantur
582 1486 731 1519 fratribus
744 1491 904 1530 praestare
920 1486 1051 1529 singulis

307 1539 395 1572 annis
420 1546 538 1573 certam
563 1540 808 1584 eleemosynam,
833 1539 897 1572 sive
921 1540 1050 1573 omnino

307 1593 425 1635 gratis,
457 1593 521 1626 sive
546 1599 580 1626 ut
604 1594 664 1638 ipsi
687 1594 801 1628 fratres
829 1594 934 1627 dicant
966 1599 1051 1627 certa

307 1647 409 1680 officia
434 1652 463 1679 et
488 1647 610 1687 missas,
635 1647 719 1690 quod
744 1647 936 1690 guardianus
960 1648 1051 1682 saciat

306 1700 565 1743 protestationem
576 1700 614 1741 ei,
625 1701 678 1744 qui
690 1701 848 1734 testatoris
858 1702 1049 1734 voluntatem

307 1753 479 1798 adimplere
504 1759 639 1795 tenetur,
665 1755 751 1798 quod
769 1755 807 1787 ad
825 1755 893 1787 illas
914 1755 1050 1788 eleemo-

307 1817 397 1851 synas
421 1808 543 1840 nullum
568 1808 616 1840 ius
640 1808 758 1841 habent
774 1819 811 1841 ex
824 1809 853 1840 vi
874 1807 980 1851 legati,
993 1818 1050 1841 nec

306 1866 439 1904 possunt
463 1861 596 1904 obligari
621 1861 659 1894 ad
684 1862 736 1894 illa
761 1862 863 1895 officia
879 1867 909 1895 et
930 1862 1049 1903 missas,

308 1914 333 1946 si
351 1919 465 1954 tamen,
482 1915 563 1948 facta
588 1915 647 1948 ista
671 1916 915 1959 protestatione,
939 1915 1051 1949 haeres

307 1977 343 2000 ex
369 1969 424 2000 sua
438 1967 536 2000 libera
551 1968 709 2001 voluntate
734 1968 869 2001 voluerit
885 1969 959 2002 dare
974 1969 1051 2002 elee-

308 2030 453 2064 mosynas
470 2020 547 2061 illas,
566 2026 596 2054 et
615 2021 812 2055 committere
832 2022 983 2054 fratribus
1003 2022 1050 2055 di-

307 2079 357 2106 cta
381 2074 483 2107 ossicia
514 2079 545 2107 et
575 2075 708 2118 missas,
742 2079 814 2109 tune
846 2076 959 2109 fratres
984 2078 1050 2108 tuta

307 2127 497 2161 conscientia
508 2129 860 2173 possunteleemosynas
870 2129 1050 2163 huiusmodi

307 2181 458 2224 recipere.
476 2181 565 2220 Quod
582 2187 692 2224 totum,
710 2187 739 2215 et
760 2183 859 2216 multo
881 2183 1002 2224 fortius,
1019 2183 1050 2215 in

308 2234 425 2267 relictis
440 2235 550 2278 legatis
566 2236 780 2279 singularibus
796 2237 947 2270 fratribus
956 2237 1050 2270 simili

309 2287 402 2320 modo
426 2288 602 2322 faciendum
628 2300 695 2323 esse
726 2290 935 2324 decernimus.
960 2291 1047 2324 Inhi-

308 2339 420 2373 bemus
444 2346 558 2383 autem,
571 2353 610 2376 ne
624 2343 771 2388 syndicus
792 2344 823 2376 in
840 2345 896 2377 sua
915 2346 1049 2388 persona

309 2393 490 2427 huiusmodi
510 2406 630 2429 annuos
647 2397 787 2431 redditus
804 2397 937 2441 recipiat
949 2397 1052 2431 distri-

309 2446 450 2480 buendos
475 2447 551 2491 ipsis
564 2449 724 2483 fratribus.
742 2451 929 2485 Protestatio
945 2456 1049 2486 autem

309 2499 354 2532 sie
377 2500 431 2533 siat
454 2501 511 2533 sub
536 2502 639 2544 sigillo
664 2508 859 2545 conventus,
884 2504 1049 2537 videlicet:

308 2553 373 2587 Nos
408 2555 511 2597 frater
544 2555 585 2589 N.
623 2557 830 2600 quarclianus
866 2561 894 2590 ct
932 2558 1050 2600 fratres

308 2606 440 2640 discreti
464 2608 563 2640 huius
582 2614 753 2643 conventus
777 2610 818 2643 N.
846 2610 987 2643 dicimus
1007 2611 1051 2644 ad

309 2666 454 2696 nostram
488 2663 642 2697 notitiam
674 2664 853 2707 pervenisse
885 2663 1049 2708 quondam

1087 315 1127 348 Ν.
1156 319 1275 348 certam
1287 315 1504 358 eleemosynae
1520 315 1735 359 quantitatem
1755 326 1828 347 con-

1087 369 1199 400 ventui
1217 369 1292 401 leuic
1310 368 1571 401 tlistribucndam
1588 372 1742 412 perpetuo
1755 379 1830 410 qra-

1090 421 1140 459 tis,
1169 421 1217 453 vel
1244 422 1355 463 forsan
1380 432 1437 465 pro
1462 422 1629 465 aliquibus
1662 421 1777 464 officiis
1802 425 1829 451 et

1088 473 1197 505 missis
1222 474 1378 515 dicendis,
1404 475 1534 517 leym-sa.
1560 476 1703 518 Cumque
1724 475 1831 517 leuata

1088 526 1276 559 huiusmodi
1299 527 1543 570 nz'.s·z'pcrv1'am
1568 528 1728 571 simplicis
1753 528 1829 560 elve-

1088 589 1262 621 mosynac,
1290 585 1516 623 accepturam
1540 581 1691 613 ‘instituto
1721 585 1830 613 sancto

1088 636 1196 665 nostro
1229 637 1258 665 et
1289 633 1361 666 iure
1393 634 1483 666 nobis
1515 645 1580 666 non
1612 635 1723 673 liceat,
1761 634 1830 666 ideo

1085 695 1143 728 per
1159 690 1343 728 praesentes
1363 686 1464 719 libere
1479 691 1700 729 protestamur
1716 688 1751 719 in
1769 687 1831 719 Do-

1088 738 1187 778 mino,
1202 739 1288 781 quod
1299 739 1439 781 leuatum
1448 739 1652 782 praedictum
1666 745 1829 783 tamquam

1088 791 1182 824 iltius
1200 791 1368 836 incapaces
1386 803 1423 825 ea:
1443 793 1476 825 vt*
1494 793 1593 835 leuati
1612 794 1751 836 recipere
1768 804 1827 825 no-

1089 844 1209 885 lumus,
1229 855 1285 878 nec
1302 845 1515 878 intendimus.
1534 846 1570 879 Si
1584 850 1691 878 tamen
1706 846 1826 885 haeres,

1087 898 1331 931 commissarius
1345 903 1402 931 aut
1422 898 1601 941 leqatarius
1618 898 1722 942 ipsius
1738 902 1831 931 testa-

1089 952 1176 992 toris,
1194 951 1315 985 dictam
1332 953 1552 996 quantitatem
1567 963 1624 995 per
1642 952 1729 984 riam
1746 953 1805 984 sini
1817 972 1827 975 -

1086 1005 1181 1048 plicis
1198 1006 1409 1049 elemosynae,
1433 1007 1523 1039 omni
1540 1007 1748 1050 obligatione,
1769 1006 1827 1039 ‹Io-

1086 1060 1191 1092 minz'o
1208 1065 1236 1092 et
1251 1061 1450 1103 proprietate
1462 1060 1593 1105 penitus
1618 1061 1826 1099 cessantibus,

1086 1115 1178 1146 nobis
1197 1114 1295 1148 libere
1312 1116 1453 1159 conferri
1469 1115 1618 1156 volucrit,
1635 1115 1731 1148 illam
1752 1115 1830 1147 sim-

1084 1166 1216 1210 pliciter
1248 1168 1463 1211 accipiemus.
1496 1173 1526 1201 et
1556 1169 1631 1211 piac
1669 1168 1830 1201 tes-tatoris

1086 1221 1260 1263 voluntati,
1280 1227 1442 1266 quantum
1456 1224 1492 1255 in
1506 1223 1592 1256 nobis
1609 1223 1830 1266 suerit,1)lene

1086 1285 1123 1307 ac
1135 1274 1274 1316 fideliter
1286 1276 1532 1318 satz'sfircz'emus.
1546 1277 1628 1308 llaec
1642 1279 1745 1309 autem
1760 1286 1830 1319 pro-

1086 1328 1209 1361 testatio
1223 1329 1402 1373 subscripta
1422 1340 1478 1372 per
1499 1329 1708 1371 guardianum
1733 1334 1763 1361 et
1788 1329 1830 1360 di-

1086 1387 1204 1414 scretos
1229 1388 1400 1415 conventus
1417 1383 1543 1416 dabitur
1560 1383 1614 1423 illi,
1631 1383 1685 1426 qui
1705 1388 1829 1415 tenetur

1086 1435 1242 1468 testatoris
1267 1436 1459 1469 voluntatem
1486 1436 1640 1479 implere,
1667 1441 1697 1468 et
1720 1435 1828 1469 eadem

1085 1488 1268 1530 protestatio
1289 1489 1444 1522 scribetur
1469 1489 1500 1522 in
1524 1489 1605 1522 libro
1636 1495 1806 1522 conventus
1821 1517 1828 1529 ‚

1086 1545 1120 1573 ut
1144 1546 1289 1574 constare
1312 1542 1411 1585 possit
1427 1542 1667 1575 suceedentibus
1685 1542 1828 1585 guardia-

1085 1594 1142 1636 nis,
1160 1595 1240 1628 hane
1257 1596 1513 1629 constitutionem
1532 1596 1626 1629 fuisse
1647 1596 1685 1628 ad
1699 1596 1828 1640 plenum

1085 1647 1298 1691 adimpletam.
1323 1649 1377 1682 Est
1401 1654 1504 1682 autem
1538 1650 1615 1682 haee
1643 1650 1828 1693 protestatio
1854 1653 1860 1659 '

1084 1701 1271 1742 necessaria,
1284 1707 1318 1734 ut
1332 1702 1452 1745 optime
1463 1702 1604 1736 decernit
1618 1702 1720 1735 dictus
1733 1702 1829 1736 Bona-

1085 1758 1216 1787 ventura
1240 1754 1321 1788 hanc
1345 1755 1509 1799 disputans
1533 1755 1748 1799 quaestionem
1764 1783 1771 1797 ,
1800 1761 1830 1788 et

1085 1818 1121 1840 ex
1145 1808 1327 1852 apostolicis
1347 1808 1612 1842 declarationibus
1629 1810 1757 1853 regulae
1775 1820 1829 1842 no-

1085 1864 1166 1895 strae
1191 1862 1359 1904 colligitur.
1386 1863 1422 1895 Et
1446 1868 1479 1896 ut
1500 1863 1647 1896 omnibus
1671 1863 1711 1896 sit
1741 1875 1828 1897 com-

1084 1920 1211 1958 pertum
1235 1915 1266 1948 id
1291 1916 1377 1959 quod
1401 1921 1565 1960 tantopere
1591 1922 1637 1950 est
1660 1917 1754 1950 nobis
1779 1928 1829 1950 ne—

1085 1968 1267 2011 cessarium,
1282 1969 1381 2013 ipsam
1395 1970 1469 2003 dieti
1484 1971 1720 2004 Bonaventurae
1737 1982 1829 2015 quae-

1085 2021 1274 2055 stiunculam
1289 2033 1325 2055 ex
1337 2033 1393 2056 suo
1402 2023 1609 2067 Apoloqetico
1619 2024 1827 2068 desumptam,

1085 2075 1135 2107 hic
1149 2086 1309 2119 apponere
1318 2076 1356 2109 de
1369 2076 1525 2109 industria
1537 2087 1599 2110 non
1614 2078 1827 2120 grai-abuma,

1085 2139 1164 2173 quae
1189 2130 1258 2163 talis
1283 2136 1339 2171 est,
1363 2136 1397 2163 ut
1422 2131 1577 2175 sequitur:

1135 2196 1147 2214 α
1159 2183 1234 2216 Cum
1248 2184 1404 2225 asseratis,
1418 2195 1483 2225 vos,
1498 2185 1669 2218 secundum
1685 2186 1827 2228 regulam

1085 2241 1115 2269 et
1134 2238 1363 2280 professionem
1377 2243 1525 2279 vestram,
1539 2240 1642 2273 nullos
1655 2239 1769 2272 debere
1783 2251 1828 2273 re-

1085 2290 1190 2333 cipere
1204 2297 1376 2334 proventus
1396 2292 1587 2333 reddituum,
1605 2303 1659 2325 seu
1676 2293 1828 2336 possesio-

1084 2354 1150 2385 nes,
1176 2345 1314 2389 exeeptis
1331 2346 1477 2379 domibus
1494 2347 1525 2379 in
1543 2347 1657 2391 quibus
1671 2347 1826 2390 habitatis,

1085 2397 1234 2430 videmini
1250 2404 1499 2442 transgressores
1517 2401 1645 2443 regulae
1658 2406 1779 2434 vestrae
1796 2401 1827 2434 in

1084 2461 1122 2484 eo
1155 2451 1239 2496 quod
1271 2452 1409 2496 recipitis
1437 2453 1548 2486 domos
1574 2454 1622 2487 vel
1650 2464 1739 2486 areas
1764 2464 1827 2487 non

1085 2504 1248 2547 contiguas
1268 2505 1378 2538 vestris
1392 2506 1473 2539 areis
1494 2506 1651 2550 inquibus
1668 2507 1826 2547 habitatis,

1084 2557 1195 2591 eodem
1220 2558 1303 2590 enim
1328 2558 1432 2599 modo,
1450 2559 1475 2592 si
1493 2559 1553 2592 hoc
1572 2559 1662 2600 licet,
1682 2560 1827 2604 poteritis

1084 2611 1177 2644 etiarn
1201 2611 1306 2644 vineas
1330 2612 1482 2655 recipere,
1503 2617 1533 2646 et
1555 2623 1657 2656 agros,
1684 2618 1714 2646 et
1738 2624 1826 2646 man-

1084 2675 1146 2706 sos,
1162 2669 1192 2700 et
1205 2665 1318 2699 similia
1333 2676 1475 2710 quaeque
1493 2667 1642 2710 recipere,
1659 2667 1722 2700 imo
1736 2677 1825 2711 gran-

1729 257 1794 290 41ῗῶ
1845 267 1892 292 An.
1911 267 1937 293 e.
1962 267 2029 294 1a⁵25

1872 2193 1940 2214 Verba
1954 2195 1977 2216 S.
1989 2195 2028 2215 Βυ-

1843 2224 1982 2242 naieiilurae.
