2269 3235
289 242 337 268 An.
354 242 383 268 0.
404 242 473 270 1628
519 233 582 267 002

314 1893 472 1914 contrafacien-

288 1923 338 1941 1111111
354 1925 429 1946 poena.

317 2266 415 2287 Clausula
427 2267 473 2287 sub-

290 2292 341 2314 111111.

486 291 573 323 11111111
598 301 659 323 11011
683 291 783 331 duret,
801 296 827 323 et
850 291 902 333 qui
927 290 964 322 de
990 291 1147 333 praesenti
1171 291 1224 323 dc—

486 343 627 376 finitores
651 343 794 384 existunt,
813 343 839 374 si
861 348 1001 386 tempore
1027 343 1160 386 proximi
1179 353 1225 375 ca-

486 397 575 439 pituli
605 396 760 438 generalis
787 395 926 427 eiusdem
956 395 1224 439 congregationis,

486 449 580 492 quod,
598 455 629 481 111
649 454 802 488 asserunt,
820 449 974 491 praesenti
992 459 1073 481 1111110
1098 449 1129 481 111
1155 449 1225 482 ciri-

487 507 547 534 tate
579 501 738 534 Parmensi
772 501 993 534 celebrandum
1023 507 1088 544 est,
1114 513 1223 536 eorum

486 560 515 586 et
539 565 593 587 scu
618 554 783 587 cuiuslibet
800 555 942 598 ipsorum
960 555 1161 589 definitorum
1179 556 1224 589 ol*-

486 607 590 639 ticium
623 607 723 650 spatio
757 607 874 639 biennii
905 613 978 641 tunc
1010 609 1225 652 praecedentis

485 660 653 702 durax-orii,
671 671 782 693 eorum
807 661 955 703 officium,
972 673 1028 705 per
1051 662 1224 702 biennium,

485 719 517 745 ut.
541 714 727 757 praelertnr,
745 714 917 757 obtentum,
936 726 972 748 eo
998 715 1064 759 ipso
1090 721 1176 749 111001
1196 721 1223 748 et

486 778 594 799 vacare
628 772 815 809 censeatur,
852 769 1011 812 iidemque
1045 769 1225 802 definitores

485 819 643 853 biennales
673 821 710 853 ad
742 822 879 854 officium
905 821 1079 854 definitoris
1111 822 1223 854 11111115-

484 873 568 906 modi
601 874 709 907 denuo*
736 875 808 917 eligi
834 875 881 907 vel
907 875 1023 907 assumi
1048 880 1225 918 nequeant,

483 926 541 959 nisi
564 932 728 970 postquam
753 938 809 970 per
834 928 918 960 aliud
942 928 1104 960 biennium
1120 928 1159 961 ab
1178 938 1226 961 eo-

484 980 555 1012 dem
580 980 682 1013 officio
707 981 920 1020 cessax-ei·int‘›;
1140 1012 1141 1015 ,

529 1033 543 1075 ξ,
573 1032 601 1064 9..
633 1033 784 1076 Quodque
820 1034 913 1066 etiam
945 1034 976 1066 in
1010 1033 1091 1068 dieta
1126 1029 1226 1067 dictae

436 1078 468 1117 ’.ᾧ
484 1086 737 1128 congregationis
753 1087 857 1118 nullus
875 1086 971 1119 abbas
987 1087 1101 1130 deponi
1118 1087 1225 1130 possit,

406 1131 435 1171 “t
449 1135 468 1171 οἶ
484 1138 537 1171 sed
562 1138 593 1170 id
617 1139 754 1182 capitulo
779 1139 916 1181 generali
937 1140 1078 1172 eiusdem
1096 1151 1226 1183 congre-

484 1191 617 1233 gationis
635 1192 763 1225 omnino
781 1193 993 1236 relinquatur,
1012 1199 1041 1226 et
1058 1204 1145 1235 casu⁷
1163 1204 1226 1236 quo

484 1245 587 1289 aliqua
611 1257 728 1289 urgens
753 1247 922 1279 necessitas
940 1247 1120 1290 provisione
1145 1247 1225 1279 indi-

484 1310 560 1341 gens
573 1306 728 1340 occurrat,
743 1305 816 1332 tunc
830 1300 955 1343 cognita
968 1300 1107 1343 primum
1121 1302 1225 1340 causa,

484 1363 601 1396 reoque
625 1353 741 1393 audito,
766 1353 804 1385 ad
829 1353 1066 1397 suspensionem
1095 1354 1226 1386 admini-

484 1406 642 1439 strationis
674 1406 836 1439 dumtaxat
867 1406 1005 1439 deveniri
1040 1407 1158 1450 possit,
1191 1418 1226 1439 ac

485 1460 553 1492 loco
577 1460 708 1503 praelati
733 1460 777 1492 sic
802 1460 945 1503 suspensi
963 1460 1042 1493 alius
1059 1460 1227 1503 deputetur

484 1513 652 1555 praelatus,
669 1513 722 1556 qui
742 1518 847 1545 tamen
872 1524 908 1545 ex
934 1513 994 1545 illis
1018 1524 1081 1546 non
1106 1513 1154 1553 sit,
1172 1512 1225 1556 qui

485 1565 610 1605 dietam,
628 1576 665 1598 ex
684 1577 746 1609 qua
771 1566 921 1599 iudicium
946 1566 1016 1599 fieri
1041 1567 1225 1609 contigerit,

484 1619 722 1661 ingrediuntur,
743 1619 869 1652 denium
894 1619 978 1663 quod
996 1620 1027 1652 in
1044 1619 1126 1652 dieta
1144 1620 1226 1653 ullus

484 1673 579 1706 abbas
603 1673 634 1705 111
659 1684 792 1717 poenam
817 1673 936 1717 absque
961 1674 1139 1716 cognitione
1156 1684 1226 1706 cau-

485 1736 536 1759 sae
556 1727 681 1766 mutari,
699 1737 754 1759 seu
778 1726 902 1760 decreta
927 1727 958 1759 in
982 1727 1118 1770 capitulo
1135 1737 1226 1769 gene-

485 1779 543 1811 rali
567 1779 647 1812 saeta
671 1780 835 1820 annullari,
860 1786 912 1812 aut
937 1780 1046 1812 decani
1071 1780 1127 1813 sub
1152 1791 1226 1823 quo-

485 1833 530 1865 vis
554 1837 716 1876 praetextu
741 1833 841 1865 creari
865 1833 1043 1866 nullatenus
1067 1833 1203 1877 possint;

531 1888 545 1929 ς’
573 1884 602 1918 3.
640 1886 862 1929 Praedictaque
899 1886 1004 1919 onmia
1039 1890 1069 1919 et
1103 1886 1226 1929 singula

485 1944 639 1982 perpetuo
657 1939 728 1982 (sub
746 1939 896 1972 nullitatis
916 1945 1088 1982 gestorum,
1106 1950 1227 1972 excom-

486 1992 705 2026 municationis
730 1993 809 2025 latae
834 1993 1015 2033 sententiae,
1041 1993 1226 2036 privationis

486 2046 570 2079 vocis
598 2046 715 2078 activae
745 2051 776 2078 et
802 2046 963 2089 passivae,
988 2057 1024 2078 ac
1049 2046 1225 2079 officiorum

485 2110 542 2142 per
566 2109 619 2131 eos
643 2099 855 2139 obtentorum,
879 2105 1113 2143 perpetuaeque
1138 2100 1226 2132 inba-

486 2152 614 2185 bilitatis
645 2153 682 2185 ad
714 2153 766 2185 illa
800 2153 830 2185 in
865 2159 1028 2196 posterum
1061 2154 1227 2187 obtinenda

486 2207 595 2250 poenis
619 2218 656 2240 eo
681 2207 747 2250 ipso
773 2207 983 2251 incurrendis)

533 2260 547 2303 g
571 2260 600 2292 4.
626 2260 738 2303 Sicqne
759 2266 787 2292 et
808 2271 871 2293 11011
891 2261 980 2294 aliter
998 2261 1029 2293 in
1045 2260 1227 2304 praemissis

488 2314 634 2347 omnibus
658 2319 688 2347 et
712 2314 842 2357 singulis
867 2315 897 2347 iu
919 2315 1079 2358 praedicta
1096 2315 1228 2358 Congre-

489 2367 612 2409 gatione
626 2373 780 2411 perpetuo
795 2368 966 2410 observari,
978 2368 1057 2401 etita
1069 2379 1126 2412 per
1139 2379 1229 2411 quos-

490 2430 622 2463 cumque
647 2421 765 2454 iudices
797 2421 972 2454 ordinarios
997 2427 1027 2454 et
1052 2421 1226 2464 delegatos,

490 2473 582 2505 cii-sm
593 2485 757 2507 causarum
772 2475 877 2518 palatii
887 2475 1048 2519 apostolici
1059 2475 1227 2515 auditores,

492 2527 621 2560 iudicari
645 2534 673 2560 et
697 2529 821 2561 definiri
845 2528 970 2569 debere,
995 2540 1030 2562 ac
1055 2529 1181 2562 irritum
1199 2535 1229 2562 et

1069 243 1247 267 numanum
1272 244 1426 267 ROMANUM

1258 291 1423 333 contigerit
1439 291 1593 331 attentari,
1610 292 1783 335 apostoliea
1801 293 1995 337 auctoritate,

1260 349 1366 376 tenore
1380 344 1601 387 praesentium,
1612 344 1786 386 statuimus,
1795 344 1995 380 decernimus

1259 401 1288 428 et
1313 396 1520 429 declaramus¹

1303 450 1318 492 g*
1343 449 1372 482 5.
1397 449 1549 488 Quocirca
1573 449 1694 484 dilectis
1718 450 1792 483 filiis
1815 455 1924 484 nostro
1941 452 1998 484 Lu-

1259 502 1369 535 dorico
1387 502 1466 535 tituli
1484 504 1513 535 S.
1531 503 1689 536 Laurentii
1714 503 1745 535 111
1769 504 1902 537 Damaso
1925 514 1998 548 pre-

1259 556 1386 599 sbytero
1419 555 1569 588 cardinali
1598 554 1765 590 Ludovisio
1797 562 1995 601 nuncupato,

1260 609 1411 642 moderno
1432 614 1462 641 et
1481 620 1538 652 pro
1556 614 1697 653 tempore
1714 609 1857 643 existenti
1873 610 1998 644 Ordinis

1259 667 1289 694 et
1312 661 1571 704 Congregationis
1591 662 1771 695 huiusmodi
1788 662 1872 706 apud
1892 673 1949 696 nos
1968 669 1999 696 et

1259 715 1469 757 Apostolicam
1494 715 1606 749 Sedem
1630 716 1812 758 protectori,
1835 726 1871 749 ac
1891 723 1999 750 causa-

1260 778 1330 800 rum
1355 768 1460 801 euriae
1485 779 1627 801 camerae
1652 769 1842 813 apostolicae
1859 770 1998 812 generali

1259 821 1409 861 auditori,
1433 832 1492 864 per
1515 827 1696 865 praesentes
1721 822 1946 856 committimus
1970 828 2001 855 et

1261 873 1465 914 mandamus,
1489 878 1641 917 quatenus
1666 875 1746 918 ipsi,
1770 875 1818 908 vel
1842 875 1922 917 duo,
1947 880 2000 908 aut

1261 937 1340 959 unus
1364 937 1484 967 00111111,
1501 938 1558 970 per
1582 938 1625 968 se,
1643 929 1690 961 vel
1715 929 1821 969 aliurn,
1840 940 1895 962 seu
1911 930 1997 971 alios,

1259 985 1438 1023 praesentes
1454 980 1573 1012 litteras
1587 986 1617 1013 ct
1634 981 1664 1013 in
1681 981 1725 1014 cis
1742 987 1888 1014 contenta
1904 993 2000 1026 quae-

1260 1043 1412 1076 cumque⁷
1437 1033 1491 1066 ubi
1516 1038 1546 1066 et
1570 1033 1696 1077 quando
1719 1045 1799 1078 opus
1827 1035 1940 1076 suerit,
1965 1046 2001 1069 ac

1259 1087 1382 1130 quoties
1406 1098 1463 1130 pro
1488 1092 1576 1130 parte
1600 1098 1683 1121 nunc
1712 1093 1742 1121 et
1773 1099 1833 1132 pro
1858 1094 2001 1132 tempore

1260 1140 1460 1173 existentium
1481 1140 1605 1174 Ordinis
1630 1146 1660 1174 et
1677 1142 1931 1185 congregationis
1947 1142 2002 1175 1111-

1260 1193 1396 1226 iusmodi
1420 1193 1622 1237 superiorum
1650 1200 1704 1227 aut
1730 1195 1862 1228 alicuius
1890 1206 2001 1229 eorum

1261 1246 1387 1279 nomine
1411 1246 1512 1280 dictae
1529 1247 1796 1291 Congregationis,
1812 1249 1929 1282 suerint
1952 1260 2003 1282 re-

1261 1299 1384 1342 quisiti,
1405 1300 1587 1333 solemniter
1610 1301 1817 1344 publicantes,
1838 1301 1946 1345 eisque
1970 1303 2001 1334 in

1260 1353 1443 1396 praemissis
1467 1354 1602 1387 efficacis
1631 1354 1821 1388 defensionis
1843 1355 2001 1398 praesidio

1261 1407 1458 1447 assistentes,
1484 1407 1597 1440 saciant
1627 1418 1679 1441 eas
1703 1414 1734 1441 01
1756 1419 1792 1441 ea
1816 1409 2002 1442 auctoritate

1260 1462 1368 1493 nostra
1383 1460 1422 1492 ab
1437 1461 1582 1493 omnibus
1596 1461 1817 1495 inviolabiliter
1831 1462 2001 1503 observari;

1261 1514 1508 1548 contradictores
1538 1514 1696 1558 quoslibet
1727 1520 1757 1548 et
1787 1515 1921 1549 rebelles
1945 1527 2002 1560 per

1261 1578 1410 1600 censuras
1445 1568 1672 1601 ecclesiasticas
1704 1573 1735 1602 et
1765 1579 1883 1613 poenas
1907 1569 2001 1602 etiam

1261 1621 1469 1664 pecuniarias,
1495 1632 1605 1655 eorum
1631 1622 1761 1656 arbitrio
1786 1623 2000 1666 imponendas,

1261 1674 1469 1707 moderandas
1493 1680 1524 1707 et
1548 1675 1764 1718 applicandas,
1789 1676 1912 1720 aliaque
1937 1687 1998 1720 op-

1260 1732 1395 1770 portuna
1408 1728 1485 1761 iuris
1497 1734 1532 1761 ‘et
1546 1728 1618 1761 facti
1632 1728 1781 1768 remedia,
1793 1729 2002 1773 appellatione

1260 1779 1445 1822 postposita,
1470 1780 1708 1823 compescendo,
1726 1780 1938 1824 legitimisque
1954 1791 2003 1814 su-

1260 1843 1316 1876 per
1351 1833 1400 1865 1115
1434 1833 1586 1866 habendis
1619 1833 1749 1866 servatis
1780 1834 2000 1877 processibus,

1261 1897 1410 1919 censuras
1441 1891 1471 1918 et
1503 1897 1621 1929 poenas
1649 1886 1733 1930 ipsas
1757 1886 1851 1919 etiam
1883 1887 2001 1920 iteratis

1262 1938 1380 1972 vicibus
1394 1939 1603 1982 aggravando,
1618 1940 1760 1973 invocato
1774 1939 1867 1972 etiam
1881 1939 2001 1980 adhoc,

1261 1992 1286 2024 si
1310 2003 1388 2036 opus
1413 1993 1527 2034 suerit,
1552 1992 1667 2026 auxilio
1695 1992 1817 2025 brachii
1841 1993 2001 2027 secularis.

1306 2046 1320 2089 g
1344 2046 1374 2079 (3.
1399 2046 1466 2079 Non
1484 2046 1679 2079 obstantibus
1696 2046 1794 2079 felicis
1814 2047 2003 2081 reeordatio-

1262 2099 1309 2131 nis
1341 2098 1491 2132 Bonisacii
1520 2099 1621 2142 Papae
1653 2099 1717 2132 VIII
1749 2099 2002 2143 praedecessoris

1261 2153 1359 2187 nostri
1377 2153 1415 2186 de
1431 2155 1504 2194 una,
1519 2159 1548 2186 et
1565 2154 1596 2186 in
1613 2153 1747 2187 concilio
1764 2153 1903 2196 generali
1919 2153 2003 2186 edita

1262 2207 1299 2239 de
1324 2207 1444 2240 duabus
1461 2207 1561 2249 dietis,
1580 2207 1709 2251 aliisque
1727 2207 2002 2240 constitutionibus

1262 2265 1292 2292 et
1316 2260 1566 2293 ordinationibus
1591 2260 1784 2303 apostolicis,
1804 2270 1927 2294 necnon
1949 2259 2005 2294 Or-

1263 2313 1344 2345 dinis
1369 2317 1399 2346 et
1418 2313 1677 2355 Congregationis
1697 2313 1889 2354 huiusmodi,
1910 2314 2003 2347 etiam

1264 2367 1450 2408 iuramento,
1476 2367 1715 2400 confirmatione
1739 2368 1930 2412 apostolica,
1955 2367 2003 2401 vel

1263 2421 1370 2464 quavis
1394 2420 1541 2454 firmitate
1566 2421 1627 2453 alia
1650 2421 1816 2463 roboratis,
1832 2421 1954 2455 statutis
1974 2426 2004 2454 et

1263 2474 1558 2515 consuctudinilms,
1583 2474 1756 2518 privilegiis
1788 2485 1932 2519 quoque,
1958 2475 2005 2507 in-

1263 2527 1356 2560 dultis
1381 2533 1411 2559 et
1434 2528 1546 2560 litteris
1568 2528 1748 2571 apostolicis
1763 2528 1795 2560 in
1809 2528 2003 2562 contrarium

493 2582 590 2623 inane,
610 2582 633 2614 si
654 2593 742 2615 secus
763 2593 856 2626 super
873 2583 921 2615 bis
935 2594 952 2615 a
969 2593 1139 2627 quoquam,
1156 2594 1229 2626 qua-
1264 2582 1510 2625 praemissorum
1553 2582 1789 2625 quomodolibet
1825 2583 1981 2616 concessis
1995 2610 2003 2624 ,

492 2634 537 2667 vis
561 2635 764 2677 auctoritate,
790 2636 924 2669 scienter
956 2637 1002 2669 rel
1035 2637 1227 2680 ignoranter,
1264 2636 1456 2670 confirmatis
1480 2641 1509 2671 et
1533 2637 1696 2671 innovatis.
1721 2637 1838 2677 Quibus
1855 2637 2002 2671 omnibus

2010 245 2061 274 An.
2077 246 2107 274 C.
2127 246 2193 275 1628

2081 465 2194 491 nepmauo

2011 494 2170 518 exequuturum.

2084 2053 2201 2079 Dei-offano

2017 2081 2177 2102 contrariorum.
