2269 3235
100 281 147 308 An.
166 279 194 307 C.
216 278 283 307 1625

136 341 198 362 Fides
213 341 282 362 danila

101 368 243 394 transumptis.

159 1513 284 1534 Referuutur

63 1554 66 1557 -
103 1540 198 1565 Gregorii
248 1539 283 1560 XV

102 1568 191 1588 lmen-ae.

141 1831 285 1853 Ferdinaudus

103 1859 217 1885 imperator
240 1864 286 1879 eas-

103 1886 149 1906 dem
191 1886 285 1909 Gregorii

103 1913 183 1932 litteras
211 1913 285 1933 contir-

103 1939 154 1960 mari
172 1939 233 1966 petit.

132 2256 244 2277 Confirmat
253 2256 291 2277 Ur-

109 2282 182 2304 banus.

906 275 1047 300 nnnANUs
1072 275 1128 298 VIII
1153 275 1199 298 PP.

341 326 356 369 ἓ
385 325 414 358 5.
446 325 596 359 Volumus
624 329 728 358 autem
760 329 794 357 ut
825 323 1036 367 praesentium

296 379 512 423 transumptis,
537 379 629 412 etiam
655 378 832 422 impressis,
857 387 950 409 manu
979 376 1036 407 ali-

297 433 385 466 euius
401 433 514 465 notarii
535 432 653 476 publici
672 430 868 474 subscriptis,
889 433 918 463 et
934 429 1037 471 sigillo

298 496 451 529 personae
476 486 507 518 in
527 484 736 518 ecelesiastica
754 483 903 525 dignitate
921 481 1037 514 eonsti-

298 543 381 571 tutae
398 538 538 579 munitis,
555 538 664 571 eadem
681 546 812 580 prorsus
826 535 903 568 tides
920 535 1037 577 ubique
1054 556 1056 566 .

298 592 494 633 adhibeatur,
519 602 598 635 quae
622 591 697 635 ipsis
715 589 931 634 praesentibus
948 589 1037 621 adbi-

298 646 435 686 heretur‚
453 645 478 678 si
495 646 596 678 forent
612 644 766 677 exhibitae
778 643 824 675 vel
838 633 993 675 ostensae.

341 699 452 731 Datum
476 699 604 739 Romae,
627 697 711 740 apud
736 697 765 729 S.
792 696 919 729 illari-'un
945 696 1037 728 Maio—

298 763 376 794 rem„
393 752 451 784 sub
466 751 582 784 annulo
606 750 782 791 Piscatoris‚
801 749 851 782 die
871 760 903 782 ix
914 749 1039 792 augusti

298 815 439 845 mcxxv,
463 804 664 849 pontificatus
688 803 787 837 nostri
812 813 893 836 anno
918 813 960 836 111.

333 867 391 895 Dat.
408 866 451 894 die
466 867 483 894 9
497 866 605 902 augusti
623 865 699 899 1625,
718 865 811 900 pontif.
829 873 899 892 anno
915 871 952 891 ιιι.

608 991 733 1025 CLVIII.

301 1064 510 1107 Confirmatio
527 1062 694 1095 erectionis
716 1062 845 1105 collegio?
875 1063 906 1096 S.
932 1064 1040 1096 Bona-

342 1123 496 1152 venturae
506 1119 649 1161 fratrum
659 1118 822 1150 asinorum
844 1117 905 1151 Con
914 1122 1039 1150 reinua-

345 1172 429 1204 lium
456 1170 635 1213 Praqensis
662 1180 720 1213 per
753 1170 943 1213 Greglorium
978 1170 1042 1204 XV

342 1226 456 1268 factae,
485 1227 609 1256 mutato
636 1228 743 1256 laniem
766 1223 897 1256 ‘nomine
921 1224 951 1256 S.
975 1225 1039 1257 Bo-

344 1281 544 1311 narenturoe
573 1278 609 1309 in
638 1287 753 1310 notum
781 1277 810 1310 S.
839 1277 980 1311 Antonii
1003 1278 1040 1311 (Ie

342 1331 490 1364 Padua'.

507 1402 644 1429 urbanus
661 1402 739 1435 Papa
754 1402 833 1434 vlu,

412 1447 447 1475 ad
463 1450 640 1481 perpetuam
654 1447 701 1474 rei
719 1447 900 1474 memoriam.

344 1511 359 1553 ξ
377 1510 401 1543 1.
417 1509 498 1542 Alias
508 1520 525 1541 a
538 1509 635 1542 selieis
650 1508 875 1542 reeordationis
887 1509 1040 1552 Gregorio

300 1565 383 1608 Papa
398 1564 449 1597 XV
466 1563 709 1607 praedecessore
733 1568 841 1596 nostro
855 1569 1041 1596 emanarunt

300 1618 422 1650 litterae
432 1617 550 1649 tenoris
561 1616 789 1660 subsequentis,
804 1617 956 1651 videlicet:
969 1618 1041 1651 Gre-

299 1671 411 1714 yorius
420 1671 517 1714 Papa
534 1671 565 1703 X
572 1669 649 1703 Vad
661 1674 851 1713 perpetuam
867 1671 916 1703 rei
928 1681 1041 1703 vicmo-

300 1725 397 1757 riam.
418 1724 453 1756 In
470 1723 715 1767 supereminenti
739 1723 826 1756 Sedis
843 1724 1040 1768 Apostolieae

299 1778 436 1822 specula,
461 1782 518 1810 etc.
533 1776 552 1809 ².

345 1831 401 1874 §2
419 1830 495 1864 Cum
513 1835 627 1871 autem,
645 1830 724 1863 sicut
744 1830 923 1874 praedictus
936 1830 1042 1864 Ferdi-

300 1883 420 1917 nandus
440 1894 495 1917 rex
511 1883 543 1916 in
561 1883 783 1927 imperatorem
809 1884 925 1916 electus
948 1885 1041 1917 nobis

299 1947 401 1981 nuper
417 1937 530 1980 exponi
547 1936 629 1977 fecit,
647 1936 712 1980 ipse
737 1937 903 1979 collegium
918 1937 1042 1980 praedi-

300 1995 384 2023 ctum
402 1993 616 2033 competenter
634 1989 802 2029 dotaverit3
822 2000 881 2033 pro
906 1990 1039 2023 firmiori

300 2054 375 2077 vero
384 2043 466 2076 illius
476 2042 643 2076 erectionis
654 2042 855 2076 subsistentia
867 2043 1040 2086 plurimum

300 2097 414 2142 cupiat,
440 2097 633 2130 erectionem
658 2097 757 2140 ipsam
774 2102 899 2130 nostrae
915 2108 1041 2142 quoque

302 2151 549 2185 confirmationis
565 2150 739 2194 patrocinio
757 2150 957 2192 conn‘nuniri,
969 2151 1041 2184 alia—

303 2215 373 2247 que,
396 2208 431 2238 ut
455 2204 545 2245 infra,
570 2204 656 2237 sieri:

349 2257 364 2300 ἓ
383 2257 412 2290 3.
432 2259 508 2299 Nos,
533 2258 673 2291 eiusdem
690 2257 877 2291 Ferdinandi
902 2258 986 2301 regis
1011 2259 1041 2291 in

306 2310 528 2354 imperatorem
551 2312 641 2345 electi
665 2312 744 2345 votis
776 2312 807 2344 in
838 2312 1041 2356 praemissis,

306 2369 457 2407 quantum
474 2376 545 2398 cum
560 2367 694 2400 Domino
709 2377 886 2410 possumus,
904 2377 1043 2400 annuere

306 2418 454 2458 volentes,
467 2417 533 2451 eius
545 2419 603 2451 hae
616 2419 646 2451 in
663 2424 752 2463 parte
765 2420 1043 2463 supplicationibus

306 2470 454 2512 inclinati,
475 2471 512 2504 de
532 2473 757 2506 venerabilium
770 2473 903 2506 fratrum
924 2479 1044 2507 nostro-

306 2534 377 2557 rum
402 2528 526 2557 sanetae
550 2525 707 2560 Romanae
731 2527 886 2560 Ecclesiae
904 2527 1044 2560 cardina-

341 2596 351 2622 1
376 2594 413 2621 Ex
434 2594 541 2630 Regest.
562 2595 589 2622 in
609 2596 712 2625 Secret.
734 2598 811 2626 Brev.

340 2640 356 2667 2
379 2640 521 2676 Reliquum
547 2642 706 2676 omittimus,
727 2645 789 2679 quia
813 2644 865 2671 iam
890 2644 990 2671 editum
1016 2645 1042 2671 in

306 2688 372 2712 tom.
388 2691 433 2720 x11,
450 2693 511 2721 pag.
528 2685 579 2712 68⁴2
594 2687 632 2720 (a.
649 2687 696 2721 T.).

1713 260 1776 294 5367
1824 270 1871 296 An.
1889 269 1916 295 c.
1940 269 2006 295 1395

1071 323 1146 355 lium
1172 322 1298 363 negotio
1315 319 1537 365 Propagandae
1551 318 1634 351 Fidei
1650 318 1810 362 [ii-:tepon-

1072 380 1174 407 torum
1192 374 1568 413 consilio,4⁷·1·-·‹·liou‹·1net
1585 372 1809 404 Institutionum

1071 429 1143 461 ‹lirti
1170 429 1305 469 collegii,
1330 439 1365 459 ae
1390 428 1524 471 desuper
1549 428 1704 459 roul'ectas
1724 436 1812 469 prae-

1072 481 1204 513 insertas
1230 482 1346 513 litteras
1370 480 1561 520 lutiusuioili,
1582 490 1652 511 etun
1667 478 1811 511 on'inilius

1072 540 1102 567 et
1126 535 1256 577 singulis
1282 534 1465 577 privilegiis,
1492 534 1617 565 indultis
1641 537 1670 566 et
1688 544 1812 577 praero-

1072 588 1183 630 gativis
1197 588 1297 619 cidem
1316 587 1459 629 collegio,
1475 592 1535 619 tam
1551 598 1607 630 per
1623 587 1723 630 ipsum
1745 587 1813 619 lfer-

1073 641 1242 673 ‹linandum
1259 652 1364 683 regem
1382 641 1412 672 in
1430 640 1653 683 imperatorem
1667 641 1811 680 electum,

1073 706 1167 738 (ptam
1184 705 1242 738 per
1259 694 1404 727 munden]
1426 693 1613 736 Gregorium
1632 693 1812 736 praedeces-

1073 758 1176 781 sorem
1191 758 1248 791 per
1265 747 1476 791 praeinsertas
1499 746 1618 778 litteras
1633 746 1810 778 huiusmodi

1073 801 1240 841 concessis,
1264 811 1335 833 eum
1360 800 1420 833 hoc
1444 804 1562 841 tamen,
1586 802 1620 833 ut
1644 799 1811 841 collegium

1072 852 1176 898 ipsum
1201 854 1258 887 sub
1277 855 1404 887 nomine.
1429 853 1457 886 S.
1483 852 1607 885 Antonii
1631 852 1669 885 de
1694 853 1812 890 l'adua,
1850 898 1864 903 ..
1893 865 2009 906 [mamm.

1073 918 1135 941 non
1166 913 1271 941 autern
1302 908 1331 940 S.
1364 908 1598 940 Bonaventurae
1632 905 1811 938 huiusmodi

1074 961 1221 1005 deinceps
1245 961 1397 1005 appellari
1422 960 1549 1000 debeat,
1575 959 1705 1003 perinde
1729 970 1764 991 ac
1789 959 1813 991 si
1829 951 1910 970 *¹⁹³⁸*

1075 1016 1158 1048 idem
1168 1015 1336 1058 collegium
1351 1026 1367 1047 a
1382 1014 1543 1058 primaeva
1557 1013 1639 1045 illius
1656 1012 1814 1046 erectione

1074 1069 1132 1102 sub
1158 1069 1297 1102 eiusdem
1323 1069 1351 1101 S.
1378 1067 1502 1101 Antonii
1533 1067 1571 1100 de
1603 1067 1728 1107 Padua,
1752 1077 1815 1099 non

1074 1129 1179 1156 autem
1204 1123 1303 1166 ipsius
1321 1122 1349 1155 S
1371 1122 1606 1155 bonaventurae
1621 1120 1815 1154 invocatione

1074 1178 1250 1210 institutum
1275 1177 1401 1217 suisset,
1426 1175 1597 1219 apostolica
1621 1175 1816 1215 auctoritate,

1076 1236 1182 1265 tenore
1198 1230 1420 1274 praesentium,
1435 1234 1587 1273 perpetuo
1602 1229 1816 1272 approbamus

1075 1289 1104 1316 et
1128 1284 1363 1323 confirmamus,
1388 1283 1510 1326 illisque
1528 1282 1716 1315 inviolabilis
1739 1293 1815 1326 apo-

1075 1338 1201 1371 stolicae
1225 1336 1382 1370 firmitatis
1406 1336 1504 1369 robur
1528 1336 1700 1368 adiicimus.

1119 1392 1134 1434 ξ
1158 1391 1187 1423 li.
1212 1391 1420 1423 Decernentes
1441 1390 1632 1422 erectionem
1650 1394 1679 1422 et
1696 1389 1816 1423 institu-

1075 1445 1191 1478 tionem
1215 1443 1413 1483 buiusmodi,
1439 1453 1560 1475 necnon
1584 1443 1761 1486 praedictas
1786 1448 1815 1475 et

1074 1503 1255 1541 praesentes
1271 1497 1390 1530 litteras
1407 1507 1534 1540 semper
1551 1501 1580 1528 et
1595 1501 1749 1540 perpetuo
1765 1507 1815 1528 va-

1074 1551 1162 1592 lidas,
1180 1552 1287 1583 firmas
1312 1556 1342 1583 et
1366 1551 1507 1583 efficaces
1528 1550 1661 1582 existere
1685 1555 1715 1582 et
1739 1550 1816 1590 sore,

1075 1615 1210 1648 suosque
1226 1604 1384 1648 plenarios
1402 1609 1428 1636 et
1447 1604 1587 1646 integros
1608 1603 1737 1635 effeetus
1755 1614 1818 1635 sor-

1076 1658 1126 1690 tiri
1144 1663 1173 1690 et
1191 1658 1343 1697 obtinere,
1357 1662 1450 1700 atque
1464 1657 1505 1688 ita
1522 1667 1578 1700 per
1599 1667 1817 1700 quoscumque

1075 1711 1193 1744 iudices
1210 1710 1387 1743 ordinarios
1401 1715 1427 1743 et
1450 1710 1620 1753 delegatos,
1638 1710 1730 1742 etiam
1750 1720 1818 1742 eau-

1075 1776 1181 1798 sarum
1198 1764 1303 1809 palatii
1320 1763 1484 1808 apostolici
1504 1763 1673 1805 auditores,
1686 1763 1816 1796 iudicari

1076 1825 1105 1852 et
1130 1819 1254 1851 deliniri
1283 1818 1422 1858 debere,
1455 1828 1490 1850 ac
1522 1817 1648 1849 irritum
1673 1822 1703 1849 et
1727 1817 1817 1850 inane

1075 1872 1227 1916 quidquid
1248 1882 1337 1904 secus
1353 1881 1447 1914 super
1465 1870 1512 1903 liis
1530 1881 1547 1902 a
1563 1881 1733 1913 quoquam,
1746 1881 1819 1914 qua-

1076 1927 1120 1959 vis
1137 1925 1332 1967 auctoritate,
1343 1925 1477 1958 scienter
1488 1925 1534 1957 rel
1545 1922 1737 1967 ignoranter,
1747 1935 1818 1957 eon-

1075 1981 1180 2024 tigerit
1196 1980 1350 2013 attentari.

1119 2036 1134 2079 ξ
1159 2034 1187 2067 5.
1217 2035 1285 2068 Non
1316 2033 1511 2067 obstantibus
1536 2033 1734 2077 praemissis,
1760 2043 1817 2066 nec

1074 2099 1137 2121 non
1158 2088 1304 2121 omnibus
1329 2087 1399 2128 illis,
1424 2098 1503 2130 quae
1528 2087 1559 2119 in
1583 2086 1672 2120 dictis
1705 2087 1816 2120 litteris

1076 2153 1224 2176 concessa
1238 2147 1310 2174 sunt
1326 2151 1389 2174 non
1402 2141 1536 2183 obstare,
1552 2141 1728 2185 ceterisque
1746 2151 1817 2174 con-

1076 2196 1179 2229 trariis
1199 2195 1460 2239 (pnbuscumque.

1120 2249 1232 2281 Datum
1256 2249 1384 2288 Romae,
1407 2247 1488 2291 apud
1517 2247 1545 2280 S.
1572 2247 1699 2280 Mariam
1724 2247 1817 2281 Maio-

1077 2314 1154 2342 rem,
1173 2302 1230 2335 snb
1247 2302 1362 2334 annulo
1379 2301 1563 2340 Piscatoris,
1579 2301 1628 2333 (lie
1646 2311 1667 2333 11
1685 2306 1819 2344 septem-

1077 2357 1142 2389 bris
1162 2366 1301 2397 Moexxv,
1319 2355 1519 2399 pontificatus
1537 2355 1635 2387 nostri
1653 2365 1733 2387 anno
1751 2365 1793 2387 111.

1934 865 1941 910 κ..

1829 921 1929 942 Ῑιι.ι4’σίμι1
1960 924 2012 937 littu-

1857 1401 1975 1421 Clausulam

1882 2041 2016 2060 mutantium

1833 2067 1943 2092 (lvl'ssgalti)

1113 2419 1170 2446 Dat.
1192 2419 1234 2446 die
1255 2418 1270 2444 Ξ)
1290 2418 1453 2454 septembris
1473 2417 1552 2452 1625,
1570 2418 1663 2453 pontif.
1681 2426 1752 2445 anno
1768 2425 1804 2445 ιιι.

1386 2552 1507 2585 omn.
1546 2589 1550 2593 ,

1077 2625 1265 2663 ludunum,
1294 2623 1380 2667 quod
1404 2634 1512 2657 servus
1537 2623 1816 2659 Deianciscus

1120 2679 1253 2722 Boryza,
1282 2678 1361 2711 olim
1386 2678 1453 2711 dux
1479 2678 1625 2712 Gamliae
1650 2683 1678 2711 et
1703 2678 1818 2712 deinde
