2269 3235
245 235 296 263 Λιι.
318 235 347 263 C.
364 235 434 263 1625

269 2262 364 2283 L'rlianus
383 2264 425 2282 sta-

243 2292 288 2310 tuit.
300 2292 318 2309 nt
332 2290 424 2315 quolibet

242 2322 342 2336 sexennio
371 2316 424 2336 ccle-

242 2343 320 2363 hienis.

478 227 542 261 36ίὶ

442 296 519 325 rem,
536 286 593 317 snb
611 287 726 318 annulo
747 286 922 326 l'iscatoris,
939 286 989 318 die
1010 296 1039 319 ix
1056 287 1178 329 augusti

442 348 579 378 nncxxv,
601 338 798 381 pontificatus
820 338 917 371 nostri
943 349 1024 371 anno
1049 349 1090 373 ιιι.

479 400 534 427 nai.
556 400 598 427 die
618 402 634 427 9
654 401 760 435 augusti
785 401 863 435 1025,
885 401 978 436 pontis.
1000 410 1069 429 anno
1090 409 1127 429 ιιι.

761 517 855 550 tlm't

444 585 535 624 Quod
548 586 728 630 capitulum
743 588 893 631 (ycneralc
905 588 1038 623 Ordinis
1047 590 1182 623 Praedi-

485 644 630 673 culorum
648 641 854 684 imposterum
872 643 1013 686 quolibet
1027 644 1180 676 sea-ennio

489 693 646 726 celebrari
662 694 770 728 delicat
780 694 799 728 ¹.

644 767 779 794 Urbanus
800 767 878 800 Papa
897 767 974 800 VIII,

562 812 597 838 ad
617 814 794 845 perpetuam
813 811 857 838 rei
877 810 1058 838 memoriam.

484 872 653 915 Apostolici
669 872 808 905 muneris
822 872 999 905 sollicitudo
1011 871 1113 904 divina
1122 872 1179 904 dis—

440 925 603 968 positione,
617 926 702 958 nullo
720 925 786 957 licet
809 925 995 957 meritorum
1017 925 1178 967 sull'ragio,

439 979 531 1011 nobis
555 979 698 1022 imposita
724 978 870 1021 postulat,
895 984 938 1019 ut,
959 979 1041 1011 circa
1065 982 1178 1010 statum

441 1032 661 1072 religiosorum
680 1032 830 1064 Ordinum
852 1031 883 1064 in
898 1032 1036 1064 Ecclesia
1054 1032 1108 1065 Dei
1126 1032 1181 1064 nii-

441 1084 594 1117 litantium
620 1085 749 1128 proprie
774 1085 974 1127 dirigendum
1000 1085 1108 1118 scdulo
1133 1085 1179 1118 in-

439 1138 615 1180 vigilantes,
642 1138 674 1170 in
698 1138 763 1179 liis,
788 1150 844 1182 per
868 1149 948 1182 quae
970 1139 1050 1171 l'eliei
1068 1150 1177 1172 eorum

440 1191 602 1234 profectui,
616 1191 796 1235 salubrique
813 1192 977 1225 directioni
995 1193 1179 1234 consulitur,

439 1245 577 1277 ciusdem
603 1245 743 1278 muneris
766 1250 871 1289 partes
895 1245 1084 1289 propensius
1114 1245 1177 1278 irn—

439 1298 621 1340 pendamus,
643 1304 738 1342 prout
757 1299 967 1342 conspicimus
992 1299 1022 1331 in
1046 1299 1179 1332 Domino

439 1352 606 1386 salubriter
631 1353 787 1396 expedire.

394 1446 397 1453 Ι
420 1444 422 1447 ἱ
483 1406 498 1448 ἓ
516 1406 544 1437 1.
562 1406 638 1439 Cum
661 1406 775 1450 itaque,
794 1407 873 1441 sicut
892 1407 994 1439 dilecti
1010 1407 1180 1450 liliiquam-

408 1445 544 1509 {plures
567 1459 690 1502 priores
715 1460 924 1503 provinciales
949 1466 976 1493 et
1002 1462 1113 1493 l'ratres
1133 1461 1179 1493 di-

371 1502 423 1538 ffc*
440 1523 601 1545 versarum
625 1513 859 1556 provinciarum
890 1513 1014 1547 Ordinis
1045 1514 1177 1546 Fratrum

440 1565 694 1599 Praedicatormn
719 1567 809 1600 nobis
833 1578 935 1610 nuper
960 1567 1073 1611 exponi
1098 1568 1176 1600 fece-

439 1624 520 1659 runt,
543 1619 625 1652 iuxta
649 1621 806 1663 regularia
827 1621 966 1653 eiusdem
987 1621 1111 1654 Ordinis
1132 1622 1177 1653 in-

438 1673 543 1707 stituta
577 1675 750 1718 apostolica
780 1675 964 1708 auctoritate
994 1676 1179 1708 confirmata

438 1726 609 1769 capitulum
639 1728 785 1770 gencrale
810 1728 847 1760 de
869 1728 1003 1761 triennio
1028 1729 1057 1761 in
1083 1729 1177 1762 trien-

438 1779 535 1820 nium,
555 1791 613 1823 pro
630 1791 692 1813 uno
717 1781 860 1814 videlicet
884 1781 984 1822 citra‘2,
1001 1793 1058 1825 pro
1078 1783 1178 1816 altero

439 1844 513 1866 vero
536 1834 619 1866 ultra
650 1840 772 1867 montes
803 1834 954 1867 celebrari
981 1835 1111 1876 debcat3
1141 1847 1176 1869 ex

440 1887 498 1919 lioc
515 1892 619 1920 autem
637 1887 816 1931 provincias
830 1888 912 1932 ipsas
928 1889 960 1921 in
974 1889 1123 1922 fratribus
1140 1890 1177 1922 ad

438 1940 619 1974 huiusmodi
636 1941 807 1985 capitulum
828 1942 987 1976 mittendis
1013 1943 1120 1986 gravia
1136 1943 1178 1975 in-

439 1994 604 2027 commoda
628 2000 657 2027 ct
681 1995 842 2038 dispendia
871 2007 943 2029 cuin
967 2007 1030 2029 non
1054 1998 1178 2031 modico

439 2047 592 2090 regularis
616 2047 799 2091 disciplinae
831 2049 1047 2083 observantiae
1076 2051 1175 2083 detri-

439 2107 545 2133 mento
569 2101 633 2145 pati
659 2108 856 2145 compertum
881 2103 930 2143 sit,
955 2108 985 2135 et
1010 2110 1177 2147 propterea

439 2166 494 2198 per
504 2166 571 2198 nos,
584 2161 618 2188 nt
631 2156 721 2197 intra,
735 2162 911 2200 opportune
924 2157 1082 2201 provideri
1096 2169 1178 2191 sum-

440 2220 569 2253 mopere
589 2209 780 2242 desiderent:
797 2225 802 2229 -

484 2265 498 2306 ς’
518 2263 547 2295 02.
572 2264 644 2304 Nos,
665 2274 820 2307 prospero
841 2264 987 2308 felicique
1006 2266 1106 2309 ipsius
1126 2266 1178 2299 Or-

440 2316 520 2349 dinis
544 2317 637 2349 statui
662 2322 691 2349 et
715 2317 896 2359 dilcctiOni,
923 2323 1073 2361 quantuni
1105 2330 1177 2353 euni

439 2369 571 2402 Domino
588 2380 769 2413 possumus,
791 2371 971 2411 consulere,
997 2382 1031 2404 ac
1055 2373 1178 2416 priores

439 2423 645 2465 provinciales
663 2429 693 2457 et
709 2424 820 2457 fratres
838 2425 1016 2468 praedictos
1033 2426 1177 2469 speciali-

440 2477 498 2509 bus
518 2478 675 2511 favoribus
693 2484 721 2511 ct
739 2478 848 2521 gratiis
864 2480 1014 2524 prosequi
1028 2481 1176 2523 volentes7

441 2542 613 2574 eorumque
631 2531 805 2575 singulares
822 2543 973 2577 personas
986 2544 1002 2566 a
1016 2534 1178 2578 quibusvis

476 2595 487 2620 '1
507 2593 544 2620 Ex
559 2593 665 2628 Regest.
682 2595 708 2622 in
724 2595 825 2623 Seeret.
841 2595 918 2623 Brev.

475 2638 492 2665 2
507 2638 652 2675 perperam
667 2641 729 2669 edit.
747 2641 826 2669 lllain.
844 2642 907 2679 legit
926 2646 1008 2672 (πεῖνα
1024 2643 1062 2678 (n.
1078 2644 1126 2678 T.).

1013 238 1193 262 BULLARIUM
1217 237 1370 263 ROMANUM

1215 287 1557 328 excommunieationis
1575 288 1790 332 suspensionis
1803 294 1833 323 et
1849 290 1948 323 inter-

1215 339 1298 381 dicti,
1316 340 1446 383 aliisque
1463 340 1680 374 ecclesiasticis
1699 342 1870 384 sententiis,
1884 352 1953 376 een—

1215 393 1296 425 suris
1314 397 1342 427 et
1359 393 1477 436 poenis,
1496 404 1513 425 a
1526 388 1594 427 iure
1611 394 1658 427 vel
1675 394 1713 427 ab
1730 395 1866 438 homine,
1881 406 1953 439 qua-

1216 446 1260 479 vis
1284 447 1447 480 occasione
1471 447 1637 481 veteriusa
1662 448 1751 490 latis,
1783 449 1809 482 si
1839 449 1952 493 quihus

1215 500 1450 542 quomodolibet
1474 500 1638 535 innodatae
1661 500 1807 543 existunt,
1827 501 1866 534 ad
1882 502 1954 535 ess'e-

1215 558 1298 585 ctum
1327 554 1541 597 praesentium
1569 554 1729 588 dumtaxat
1759 565 1952 598 consequen-

1214 606 1300 647 dum,
1312 607 1424 640 haruin
1443 608 1523 641 serie
1536 608 1732 641 absolventes
1749 613 1779 641 et
1795 608 1953 642 absolutas

1215 660 1280 693 sore
1305 666 1488 703 censentes,
1521 661 1801 705 supplicationibus
1826 661 1951 695 illorum

1214 713 1339 746 nomine
1358 714 1448 746 nobis
1466 724 1560 758 super
1578 715 1637 747 hoc
1654 714 1818 747 humiliter
1841 720 1952 758 porre-

1214 766 1270 798 ctis
1294 766 1432 799 inclinati
1442 778 1449 806 ;
1481 767 1564 810 quod
1594 767 1633 800 de
1662 772 1767 801 cetero
1791 767 1953 811 perpetuis

1213 819 1326 852 suturis
1339 821 1534 865 temporibus
1548 822 1718 865 capitulum
1736 822 1882 865 generale
1896 821 1953 854 liu-

1215 871 1347 905 insmodi
1372 873 1410 906 dc
1434 875 1582 908 sexennio
1606 874 1636 907 in
1662 875 1844 908 sexennium
1872 875 1953 908 celc-

1214 925 1333 966 brctur,
1359 926 1422 959 sive
1448 938 1464 959 a
1489 927 1640 970 magistro
1660 928 1799 971 generali
1813 928 1952 961 eiusdem

1213 977 1338 1011 Ordinis
1361 989 1419 1022 pro
1444 984 1587 1023 tempore
1607 981 1757 1014 existente
1781 981 1819 1013 ad
1843 991 1952 1014 sexen-

1214 1030 1300 1063 nium
1333 1031 1737 1077 huiusmodiprorogari,
1767 1038 1862 1077 prout
1895 1034 1953 1066 sibi

1214 1083 1378 1125 videbitur,
1408 1086 1508 1129 possit
1532 1091 1562 1119 et
1586 1086 1695 1127 valeat,
1720 1086 1867 1130 dictoque
1889 1097 1955 1119 sex-

1213 1137 1306 1171 ennio
1330 1138 1453 1182 clapso,
1485 1144 1515 1172 et
1538 1149 1600 1182 non
1624 1145 1735 1182 antea,
1760 1140 1878 1173 dietum
1903 1150 1953 1173 ea—

1212 1190 1347 1233 pitulum
1371 1192 1517 1234 generale
1547 1192 1724 1226 celebretur
1747 1199 1778 1226 et
1800 1193 1954 1226 celebrari

1213 1244 1334 1286 debeat,
1360 1245 1469 1279 ordine
1493 1251 1598 1278 tamen
1622 1246 1654 1279 in
1674 1246 1883 1281 celebratione
1899 1247 1953 1279 liu-

1213 1297 1347 1332 iusmodi
1372 1299 1491 1332 servari
1515 1300 1607 1333 solito
1632 1306 1765 1341 servato,
1786 1300 1818 1333 in
1842 1311 1952 1344 eoque,

1213 1362 1292 1394 quae
1317 1352 1354 1385 de
1378 1363 1466 1386 more
1490 1353 1560 1386 fieri
1583 1354 1696 1401 solent,
1713 1353 1788 1387 siant
1805 1357 1834 1388 et
1850 1353 1954 1387 obser-

1213 1409 1336 1445 ventur,
1353 1405 1436 1439 dieta
1453 1406 1650 1448 auctoritate,
1675 1412 1784 1440 tenore
1808 1417 1951 1457 preasen-

1214 1458 1301 1501 tium,
1326 1459 1492 1493 statuimus
1517 1465 1547 1493 et
1571 1460 1764 1494 ordinamus.

1257 1513 1272 1556 ξ
1295 1511 1325 1545 3.
1350 1512 1557 1547 Deeernentes
1582 1518 1761 1557 praesentes
1784 1515 1904 1548 litteras
1924 1520 1953 1548 ct
1994 1530 2113 1552 ciausuiae.

1213 1565 1243 1597 in
1253 1566 1297 1599 eis
1307 1572 1451 1600 contenta
1467 1578 1684 1611 quaecumque
1703 1579 1828 1612 semper
1841 1574 1872 1602 et
1884 1579 1953 1612 per-

1212 1623 1306 1662 petuo
1323 1620 1434 1660 valida,
1450 1620 1544 1653 firma
1560 1626 1590 1654 et
1606 1620 1745 1654 efficacia
1766 1621 1898 1655 existere
1923 1626 1952 1654 et

1211 1672 1289 1713 fore,
1307 1683 1342 1719 ac
1358 1673 1396 1705 ab
1416 1674 1573 1714 omnibus,
1591 1674 1628 1707 ad
1645 1684 1724 1718 quos
1744 1678 1872 1718 spectat,
1899 1675 1949 1707 in-

1212 1725 1399 1759 violabiliter
1411 1726 1571 1760 observari
1583 1727 1708 1769 debere,
1722 1728 1910 1772 irritumque
1923 1732 1951 1762 et

1212 1779 1302 1813 inane
1315 1780 1466 1824 quidquid
1481 1791 1570 1814 secus
1583 1791 1678 1825 super
1692 1781 1742 1814 his
1755 1792 1773 1814 a
1793 1792 1952 1825 quoquam

1211 1833 1319 1876 quavis
1342 1834 1525 1870 auctoritate
1545 1834 1680 1868 scienter
1697 1835 1746 1868 vel
1770 1835 1953 1878 ignoranter

1212 1887 1379 1930 eontigerit
1403 1888 1556 1920 attentari.

1255 1940 1312 1984 §sia
1334 1942 1403 1974 Non
1420 1941 1616 1975 obstantibus
1635 1942 1909 1976 constitutionibus
1923 1947 1953 1976 ct

1212 1993 1463 2027 ordinationibus
1482 1995 1672 2039 apostolicis,
1687 2006 1722 2028 ae
1737 1995 1811 2030 dicti
1828 1995 1953 2029 Ordinis

1213 2048 1319 2089 (etiam
1344 2048 1531 2089 iuramento,
1556 2049 1795 2082 confirmatione
1824 2054 1951 2093 aposto-

1212 2100 1290 2141 lica,
1316 2102 1363 2134 vel
1389 2103 1498 2146 quavis
1522 2102 1671 2135 firmitate
1695 2102 1755 2136 alia
1779 2102 1950 2146 roboratis)

1211 2154 1334 2187 statutis
1345 2160 1375 2187 et
1388 2155 1679 2197 consuetudinibus,
1692 2155 1864 2199 privilegiis
1879 2166 1952 2199 quo-

1211 2218 1282 2249 quc,
1300 2208 1427 2241 indultis
1452 2213 1482 2241 et
1505 2209 1616 2241 litteris
1636 2209 1825 2252 apostolicis,
1850 2209 1950 2242 eidem

1212 2259 1329 2301 Ordini,
1347 2261 1493 2304 illiusque
1513 2262 1732 2305 superioribus
1749 2267 1778 2295 et
1791 2262 1950 2303 fratribus,

1212 2312 1243 2344 in
1256 2313 1448 2346 contrarium
1459 2314 1705 2357 praemissorum
1716 2315 1951 2358 quomodolibet

1212 2367 1377 2410 concessis,
1399 2368 1592 2401 confirmatis
1609 2374 1637 2401 et
1655 2368 1818 2402 innovatis.
1834 2368 1952 2408 Quibus
1968 2403 1971 2406 ,

1212 2420 1358 2453 omnibus
1383 2426 1413 2454 et
1437 2421 1588 2464 singulis,
1612 2433 1721 2455 corum
1748 2423 1890 2456 omnium
1912 2427 1953 2455 te-

1210 2484 1303 2508 nores
1312 2475 1529 2518 praesentibus
1540 2486 1598 2519 pro
1612 2476 1704 2520 plene
1719 2481 1749 2509 et
1761 2476 1951 2509 sufficienter

1212 2528 1367 2571 expressis
1390 2538 1426 2561 ac
1443 2528 1481 2561 ad
1497 2529 1629 2562 verbum
1650 2529 1774 2562 insertis
1791 2529 1950 2570 babentes,

1211 2581 1389 2624 specialiter
1406 2587 1435 2615 et
1447 2592 1593 2626 expresse
1610 2582 1810 2626 derogamus,
1828 2583 1952 2617 ceteris-

1211 2646 1271 2680 que
1297 2636 1462 2671 contrariis
1486 2637 1747 2683 quilniscuinquc.

1968 1985 2085 2011 derogatio.

1962 242 2016 270 An.
2037 243 2066 271 C.
2083 243 2151 273 ¹625

2019 1959 2151 1979 obstantium
