2269 3235
268 217 318 244 An.
337 217 453 246 01628
499 209 563 243 672

297 706 451 731 Exequutorum

270 733 386 758 deputatio.

344 1878 456 1908 Derogatio

275 1908 436 1927 contrariorum.

466 272 581 299 attente
605 267 825 300 charissimum
845 267 875 299 in
897 267 1019 300 Clu-isto
1037 267 1135 300 silium
1154 278 1207 300 no-

467 324 565 352 strum
584 320 773 352 Ludovieum
790 320 983 353 Francorum
1001 330 1109 363 regem
1127 321 1206 353 cliri-

467 374 711 414 stianissimum,
743 379 895 416 quatenus
928 374 1205 416 congregationem

468 428 598 459 t'ratrum
611 427 872 459 llisealceatorum
887 426 1140 460 Reformatorum
1154 427 1207 460 1111-

468 479 612 516 11151110111,
632 490 689 522 pro
714 481 770 511 51111
795 479 825 511 111
851 479 948 512 Deum
974 479 1097 523 pietate,
1115 491 1151 514 ac
1176 481 1206 513 in

467 543 523 564 nos
547 538 577 564 et
601 532 679 565 1111110
705 538 842 565 sanctam
869 533 979 566 Sedem
998 533 1207 576 observantia,

468 586 584 618 liabens
609 586 798 629 propensius
828 586 1098 629 commendatam,
1123 588 1207 621 illam

468 639 603 682 benigno
628 641 733 673 t'avore
758 646 787 673 et
811 641 911 683 gratia
936 647 1155 685 prosequatur.

511 694 526 735 g
550 692 601 725 ⁴15.
627 693 779 732 Quocirca
800 695 1034 727 venerabilibus
1058 695 1208 728 fratribus

467 746 724 790 archiepiscopis,
742 747 908 791 episeopis,
925 758 961 781 ac
978 748 1046 781 aliis
1065 749 1208 782 locorum

468 799 641 832 Ordinariis
658 800 731 833 dieti
750 801 837 843 regni
855 812 911 844 per
928 808 1109 845 praesentes
1127 812 1210 835 com-

469 853 620 886 mittimus
638 859 667 886 et
692 854 886 895 mandamus,
905 860 1058 898 quatenus
1077 855 1144 899 ipsi,
1162 856 1208 888 vel

468 907 541 948 duo,
566 912 619 940 aut
642 919 723 940 unus
748 919 868 950 eorum⁷
886 920 943 952 per
967 919 1009 949 se,
1028 909 1076 942 vel
1101 910 1208 951 alium,

468 971 522 993 seu
555 961 654 1001 alios,
680 965 859 1004 praesentes
891 962 1010 994 litteras
1042 965 1071 995 et
1104 962 1210 1006 ineis

468 1019 612 1047 contenta
629 1025 855 1058 quaecumque,
874 1015 926 1047 ubi
944 1019 975 1048 ct
991 1015 1116 1058 quando
1133 1012 1211 1059 opus

468 1068 571 1108 suerit,
596 1078 630 1100 ac
655 1068 777 1111 quoties
802 1079 860 1111 pro
884 1072 971 1112 parte
996 1069 1128 1102 fratrum
1148 1070 1212 1102 Dis-

469 1122 695 1154 scaleeatorum
720 1121 900 1154 huiusmodi
920 1122 1037 1155 suerint
1058 1122 1211 1165 requisiti,

469 1174 651 1207 solemniter
668 1174 873 1218 publicantes,
891 1175 998 1218 eisque
1016 1175 1047 1207 in
1064 1175 1213 1218 praeniis-

469 1227 510 1260 sis
535 1227 668 1261 effieaeis
686 1228 874 1261 defensionis
894 1228 1052 1272 praesidio
1069 1229 1212 1262 assisten-

470 1286 536 1322 tes,
561 1281 675 1314 faciant
699 1282 885 1315 auctoritate
908 1283 1015 1316 nostra
1040 1283 1213 1326 praemissa

470 1335 575 1369 onmia
604 1335 642 1367 ab
674 1336 842 1377 omnibus,
867 1336 905 1367 ad
937 1346 1016 1379 quos
1041 1342 1159 1380 spectat
1185 1341 1212 1370 et

470 1389 500 1421 in
526 1390 666 1422 futurum
691 1389 852 1433 spectabit,
877 1390 1011 1424 tirmiter
1035 1391 1212 1431 observari,

469 1453 532 1475 non
556 1443 772 1486 permittentes
792 1443 862 1475 illos
879 1443 1015 1486 desuper
1031 1454 1049 1475 a
1065 1454 1214 1487 quocum-

470 1507 531 1540 que
555 1497 664 1540 quavis
693 1497 878 1529 auctoritate
904 1496 1141 1540 quomodolibet
1164 1497 1212 1529 in-

470 1550 574 1583 debite
594 1551 772 1591 molestari,
791 1551 1039 1584 contradictores
1056 1551 1211 1594 quoslibet

471 1610 501 1637 et
524 1605 660 1637 rebelles
676 1615 732 1648 per
751 1615 898 1637 censuras
924 1609 951 1637 et
977 1615 1094 1648 poenas
1119 1605 1215 1638 00010-

471 1658 620 1700 siastieas,
646 1658 769 1701 aliaque
789 1663 971 1701 opportuna
995 1658 1121 1691 11111501
1142 1658 1212 1691 facti

471 1711 620 1752 remedia,
645 1711 854 1755 appellatione
879 1711 1064 1755 postposita,
1090 1722 1215 1756 compe-

472 1765 597 1807 scendo,
623 1766 766 1810 invocato
787 1765 881 1797 etiam
906 1765 944 1797 ad
969 1765 1049 1807 boc,
1080 1765 1105 1798 si
1134 1776 1213 1810 opus

472 1819 576 1859 fuerit,
601 1819 718 1852 auxilio
742 1818 866 1852 brachii
891 1819 1050 1851 secularis.

517 1874 532 1917 g
556 1872 608 1905 116.
624 1874 692 1906 Non
717 1873 914 1907 obstantibus
935 1872 1214 1906 constitutionibus

473 1932 503 1959 et
528 1926 779 1960 ordinationibus
803 1926 1006 1970 apostolicis,
1031 1937 1066 1959 110
1089 1926 1214 1959 Ordinis

473 1986 500 2013 et
526 1980 781 2023 congregationis
805 1980 995 2021 huiusmodi,
1016 1980 1110 2013 etiam
1136 1981 1216 2013 iura-

474 2040 590 2074 mento,
608 2034 848 2067 confirmatione
873 2034 1055 2078 apostoliea,
1077 2035 1125 2067 vel
1143 2045 1216 2078 qua-

474 2088 521 2120 vis
538 2088 686 2121 firmitate
703 2087 763 2120 alia
778 2088 946 2129 roboratis,
961 2089 1083 2121 statutis
1100 2092 1130 2122 et
1146 2099 1216 2122 eon-

474 2142 702 2182 suetudinibus,
727 2142 900 2185 privilegiis
925 2153 1062 2186 quoque,
1087 2142 1216 2176 indultis

475 2200 501 2227 et
536 2195 649 2228 litteris
678 2196 880 2240 apostolicis,
913 2195 1014 2228 eidem
1046 2195 1154 2229 Ordini
1187 2201 1216 2228 et

475 2249 721 2292 congregationi,
739 2249 927 2293 illorumque
953 2249 1170 2293 superioribus
1187 2255 1217 2282 et

474 2303 625 2347 personis,
646 2303 703 2336 sub
723 2303 975 2347 quibuscumque
1001 2303 1163 2337 sententiis
1187 2309 1217 2336 et

476 2357 595 2399 formis,
620 2367 655 2390 ac
679 2368 750 2390 cum
775 2357 937 2402 quibusvis
962 2357 1056 2390 etiam
1081 2357 1216 2401 deroga-

478 2411 629 2443 toi-iarum
650 2411 867 2454 derogatoriis,
887 2411 1018 2454 aliisque
1039 2411 1218 2444 efficaciori-

477 2464 534 2496 bus
551 2470 576 2495 et
597 2465 729 2498 insolitis
747 2465 904 2508 clausulis,
925 2475 1049 2498 necnon
1070 2465 1219 2498 irritanti-

477 2518 535 2549 bus
568 2523 598 2550 et
628 2518 695 2551 aliis
728 2519 883 2560 decretis,
908 2519 939 2551 in
968 2530 1083 2562 genere
1108 2520 1157 2552 vel
1187 2519 1218 2552 in

478 2572 590 2614 specie,
605 2582 639 2604 ac
657 2572 731 2604 alias
756 2573 787 2605 in
812 2574 1006 2606 contrarium
1030 2573 1218 2617 praemisso-

478 2635 547 2657 rum
572 2625 808 2668 quomodolibet
832 2627 999 2669 concessis,
1021 2626 1217 2661 confirmatis

1047 221 1226 245 BULLARIUM
1246 221 1401 246 Romnum

1992 225 2042 254 An.
2059 226 2087 254 C.
2109 227 2177 256 1628

1239 271 1270 302 et
1293 268 1456 302 innovatis.
1482 269 1600 308 Quibus
1623 270 1780 312 omnibus,
1804 281 1914 306 eorum
1940 278 1980 307 10-

1239 332 1332 355 nores
1348 323 1567 366 praesentibus
1579 335 1638 368 pro
1650 325 1806 369 expressis
1819 325 1980 369 habentes,

1241 375 1300 408 illis
1313 376 1402 410 aliter
1415 376 1445 409 in
1463 387 1520 411 suo
1537 377 1654 412 robore
1675 379 1900 422 permansuris,
1918 380 1978 414 hac

1241 429 1307 463 vice
1332 430 1491 464 dumtaxat
1515 431 1691 474 specialiter
1710 437 1741 465 et
1764 442 1911 476 expresse
1927 433 1977 467 de-

1241 493 1389 526 rogamus
1402 510 1410 525 ,
1442 484 1618 529 ceterisque
1650 485 1817 519 contrariis
1848 486 1981 529 quibus-

1241 547 1385 580 cumque.

1286 591 1301 633 g
1326 590 1376 624 «17.
1402 590 1553 624 Volumus
1578 596 1692 633 autem,
1710 597 1745 625 ut
1769 592 1982 636 praesentium

1243 644 1457 687 transumptis,
1471 645 1565 677 etiam
1590 644 1763 688 impressis,
1782 656 1876 678 manu
1900 652 1985 680 nota-

1243 696 1280 729 rii
1306 697 1426 741 publici
1451 698 1646 742 subscriptis,
1671 703 1702 731 et
1726 698 1829 741 sigillo
1853 699 1985 733 alicuius

1243 760 1396 793 personae
1413 751 1445 784 in
1465 751 1616 794 dignitate
1637 751 1849 785 ecclesiastica
1874 753 1986 786 consti-

1244 807 1327 835 tutae
1352 804 1489 846 munitis,
1505 804 1613 837 eadem
1627 815 1758 848 prorsus
1775 805 1853 839 fides
1869 805 1986 849 ubique

1244 855 1443 898 adhibeatur,
1464 868 1544 900 quae
1568 857 1643 901 ipsis
1666 859 1885 902 praesentibus
1902 859 1987 892 adhi-

1245 908 1383 951 beretur,
1401 909 1427 942 si
1447 910 1550 942 forent
1567 910 1723 944 exhibitae
1739 912 1788 944 vel
1805 916 1957 946 ostensae.

1288 963 1399 995 Datum
1424 964 1560 1005 Romae,
1586 963 1669 1007 apud
1694 964 1722 997 S.
1748 965 1878 997 Mariam
1894 965 1987 999 Maio-

1245 1026 1323 1058 rem,
1343 1016 1401 1048 sub
1426 1017 1542 1050 annulo
1568 1017 1747 1058 piscatoris,
1770 1018 1821 1050 die
1842 1028 1896 1051 xxi
1919 1018 1986 1052 iulii

1246 1079 1420 1110 Mnexxwu,
1439 1070 1640 1114 pontificatus
1663 1071 1763 1104 nostri
1781 1081 1862 1105 anno
1882 1081 1912 1104 v.

1281 1132 1341 1159 Dat.
1359 1131 1401 1159 die
1417 1132 1447 1159 21
1466 1131 1522 1159 iulii
1542 1132 1619 1168 1628,
1635 1133 1731 1168 pontis.
1749 1141 1819 1161 anno
1835 1140 1862 1160 v.

2037 606 2101 627 Fides
2121 608 2169 628 tran

1997 636 2133 661 sumptorum.

1547 1273 1689 1308 ccxcvi.

1249 1352 1481 1387 Ordinationes
1508 1359 1537 1387 et
1563 1355 1645 1398 Ieyes
1666 1354 1843 1388 servandae
1867 1355 1904 1388 in
1928 1355 1989 1388 ele-

1291 1407 1395 1440 ctione
1414 1408 1696 1452 111119111ῗφηα91511ἱ
1718 1408 1891 1452 hospitalis
1913 1419 1989 1443 san-

1291 1460 1335 1494 cti
1351 1461 1488 1494 loannis
1505 1461 1826 1505 Hierosolymssani'.

1455 1542 1592 1569 Urbanus
1608 1542 1687 1576 Papa
1706 1543 1784 1575 vlu,

1390 1587 1426 1614 ad
1446 1587 1579 1614 futuram
1598 1588 1643 1615 rei
1662 1587 1844 1615 memoriam.

1291 1657 1325 1690 In
1351 1658 1478 1701 specula
1502 1658 1664 1692 militantis
1694 1659 1870 1701 Ecclesiae,
1902 1659 1990 1693 nullo

1248 1711 1435 1745 meritorum
1449 1711 1610 1755 suffragio,
1625 1712 1678 1745 sed
1695 1723 1753 1756 per
1769 1712 1991 1762 abundantiam

1247 1766 1371 1798 divinae
1399 1766 1518 1812 gratiae
1550 1766 1732 1807 constituti,
1761 1766 1842 1799 inter
1867 1771 1991 1807 cetera,

1248 1819 1361 1863 quibus
1382 1819 1467 1852 iuxta
1484 1819 1639 1852 creditum
1667 1819 1837 1852 humilitati
1864 1826 1993 1853 nostrae

1248 1873 1441 1917 apostolatus
1459 1873 1598 1905 officium
1618 1872 1734 1916 iugiter
1755 1873 1914 1916 angimur,
1938 1874 1992 1908 illa

1248 1937 1305 1960 nos
1326 1927 1460 1959 maxime
1477 1927 1628 1960 sollicitos
1646 1926 1798 1967 reddunt,
1815 1932 1849 1960 ut
1869 1938 1992 1970 eorum,

1249 1979 1302 2024 qui
1327 1979 1366 2012 ad
1393 1979 1546 2024 primaria
1577 1979 1608 2012 in
1642 1979 1763 2012 militiis
1791 1980 1991 2023 regularibus

1249 2034 1356 2066 munia
1380 2033 1560 2066 assumendi
1586 2039 1675 2075 sunt,
1700 2034 1868 2067 electiones
1897 2035 1991 2069 certis

1249 2088 1373 2131 legibus
1385 2087 1592 2128 celebrentur,
1604 2093 1643 2129 et,
1656 2088 1742 2121 omni
1755 2088 1992 2132 perturbatione

1250 2144 1380 2185 semota,
1405 2142 1537 2175 feliciter
1561 2142 1776 2186 perficiantur.

1294 2197 1309 2240 ἓ
1334 2197 1363 2229 1.
1388 2196 1489 2236 Quare
1514 2202 1630 2229 certam
1664 2197 1768 2240 legem
1800 2200 1829 2231 et
1857 2197 1992 2230 sormam
2061 2203 2194 2252 commp-

1250 2249 1282 2282 in
1297 2249 1449 2283 electione
1466 2250 1571 2293 magni
1585 2250 1728 2293 magistri
1745 2250 1911 2295 hospitans
1925 2261 1993 2284 san·
2007 2237 2194 2280 §gmffissff'sssffi

2030 1670 2153 1692 Exordium.

1288 2366 1297 2392 1
1315 2364 1402 2392 Huius
1417 2364 1558 2401 hospitalis
1573 2364 1713 2392 materiam
1730 2364 1790 2392 vide
1806 2365 1831 2392 in
1844 2365 1936 2393 Const.
1949 2374 1993 2402 xv,

1250 2410 1386 2437 Anastasii
1402 2410 1447 2443 lV,
1466 2411 1659 2444 Christianae,
1676 2414 1741 2437 tom.
1759 2418 1789 2443 11,
1805 2419 1865 2446 pag.
1884 2412 1946 2439 618.
1963 2411 1997 2439 Et

1251 2456 1332 2482 etiam
1354 2455 1433 2482 huius
1455 2454 1552 2482 Pontis.
1574 2456 1687 2482 Constit.
1710 2462 1761 2482 XLV
1780 2455 1818 2489 (in
1834 2455 1860 2482 b.
1882 2455 1925 2484 ed.
1946 2456 1994 2491 Li),

1254 2501 1439 2531 Universatz's,
1455 2509 1515 2536 sup.
1532 2509 1593 2536 pag.
1613 2500 1673 2533 134,
1690 2509 1744 2536 qua
1758 2501 1927 2529 confirmavit
1941 2510 1997 2529 om-

1252 2545 1295 2572 nia
1315 2546 1457 2582 privilegia
1480 2545 1505 2573 ei
1520 2545 1731 2582 ,quomodolibet
1755 2554 1892 2574 concessa.
1914 2546 1948 2573 Et
1969 2547 1996 2574 in

1251 2591 1302 2618 alia
1317 2591 1419 2626 pariter
1435 2591 1631 2619 Constitutione
1647 2592 1776 2627 Exponi,
1793 2591 1837 2619 hie
1851 2600 1934 2628 supra
1946 2599 1996 2628 pa-

1251 2635 1315 2671 gina
1329 2635 1392 2663 642.

2035 2524 2050 2541 a!
