2269 3235
253 228 300 255 Λιι.
319 227 346 254 G.
368 227 436 253 11527

275 290 339 310 (tunm
346 292 385 310 inat
399 289 435 310 Ur·

253 316 325 338 tumus,

291 1300 408 1322 Clausulae.

317 2047 458 2069 Dcmawtatur

289 2076 448 2100 archiepiscopo

285 2103 404 2128 exequutio.

483 216 545 249 538

496 278 511 318 g
527 274 556 307 3.
575 274 646 315 Nos,
664 274 730 307 eius
748 273 826 305 votis
843 270 1022 304 huiusmodi
1040 279 1189 309 amiucrc,

453 330 604 373 illumque
628 328 817 372 specialibus
846 325 1005 359 favoribus
1029 328 1059 357 et.
1083 323 1191 366 gratiis

452 383 600 427 prosequi
627 382 774 422 volentes,
793 384 821 411 et
843 390 859 411 a
883 377 1045 422 quibusvis
1069 387 1192 410 excom-

454 433 693 473 nmnirationis,
719 431 935 476 suspensionis
960 436 990 463 et
1014 430 1191 470 interdicti,

453 489 582 531 aliisque
608 485 825 519 ecclesiasticis
850 484 1020 525 sententiis,
1052 483 1192 517 censuris

455 549 481 574 ct
508 541 626 585 poenis,
652 551 668 572 a
694 540 762 572 iure
786 539 834 571 vel
858 538 897 571 ab
922 537 1060 578 bomine,
1084 536 1193 581 quavis

455 593 619 627 occasione
644 593 691 625 vel
718 593 812 625 eausa
830 591 909 632 latis,
931 590 956 624 si
981 590 1096 634 quibus
1120 600 1194 633 quo-

455 646 625 681 modolibet
651 645 817 679 innodatus
841 643 1027 684 existit,sad
1050 642 1195 677 effectum

456 700 667 744 praesentium
685 699 846 732 dumtaxat
860 697 1127 741 consequendum,
1145 696 1196 729 lia-

456 765 527 787 rum
553 754 633 787 serie
654 753 850 786 absolventes
875 757 905 785 et
929 751 1108 784 absolutum
1130 750 1196 782 sore

457 812 640 849 censentes,
666 804 949 850 supplicationibus
974 803 1040 837 eius
1070 803 1198 836 nomine

458 861 547 894 nobis
573 870 667 904 super
691 860 752 892 hoc
781 857 944 891 humiliter
975 855 1130 900 porrectis
1154 855 1198 888 in-

459 913 573 953 clinati,
587 913 748 945 decretum
762 910 992 955 praeinsertum
1007 908 1198 948 huiusmodi,

458 966 632 1011 apostolica
647 964 841 1003 auctoritate,
855 968 963 996 tenore
976 961 1199 1005 praesentium,

458 1023 610 1063 perpetuo
634 1017 846 1062 approbamus
870 1021 899 1048 ct
916 1015 1151 1054 confirmamus,
1169 1014 1202 1046 il-

460 1074 543 1117 lique
561 1072 748 1105 inviolabilis
768 1070 958 1115 apostolicae
979 1069 1137 1102 firmitatis
1155 1079 1202 1101 ro-

459 1127 519 1159 bur
543 1126 716 1167 adiicimus,
742 1134 912 1157 acaomncs
929 1128 958 1156 et
973 1123 1114 1165 singulos
1139 1127 1200 1154 tam

460 1181 537 1214 iuris
561 1191 655 1224 quam
680 1179 752 1212 sacti
777 1179 925 1217 desectus,
947 1177 971 1210 si
996 1177 1049 1220 qui
1066 1176 1203 1220 desuper

461 1233 695 1278 quomodolibet
722 1231 960 1271 intervenerint,
986 1230 1180 1273 supplemus.

507 1290 521 1332 ξ
541 1288 570 1321 4.
596 1288 816 1325 Decernentes,
833 1285 994 1318 decretum
1011 1282 1202 1325 huiusmodi,

463 1352 583 1376 necnon
605 1343 786 1385 praesentes
811 1339 941 1379 litteras,
966 1337 1087 1377 valida,
1112 1337 1203 1369 firma

464 1402 493 1429 et
518 1394 657 1429 efficacia
680 1404 749 1427 esse
775 1397 804 1427 ct
828 1393 903 1434 sore,
930 1401 1065 1434 suosque
1090 1390 1201 1434 plena-

465 1450 528 1483 rios
546 1455 575 1482 et
592 1449 731 1491 integros
745 1447 875 1480 effectus
888 1444 995 1479 sortiri
1009 1449 1039 1477 et
1051 1444 1205 1484 obtinere,

466 1514 500 1537 ac
525 1504 564 1535 ab
590 1501 753 1542 omnibus,
779 1500 817 1532 ad
842 1509 921 1543 quos
951 1503 1068 1542 spectat
1093 1503 1123 1530 et
1147 1508 1205 1541 pro

466 1562 611 1600 tempore
635 1553 873 1598 quomodolibet
893 1552 1054 1596 spectabit,
1074 1550 1207 1584 firmiter

468 1616 497 1644 et
522 1608 742 1643 inviolabiliter
767 1605 943 1646 observari:
969 1605 1074 1648 sicque
1099 1610 1127 1638 et
1146 1614 1208 1637 non

468 1665 557 1698 aliter
580 1673 636 1706 per
656 1671 871 1706 quoscumque
889 1659 1008 1692 iudices
1032 1658 1209 1692 ordinarios

469 1722 499 1752 et
522 1718 692 1759 delegatos,
715 1715 808 1748 etiam
829 1723 996 1747 causarum
1014 1711 1121 1756 palatii
1138 1722 1211 1756 apo-

469 1771 571 1805 stolici
595 1770 771 1809 auditores,
797 1767 928 1800 iudicari
953 1771 983 1799 et
1007 1765 1131 1799 definiri
1155 1765 1210 1798 de-

469 1826 555 1865 bere,
580 1834 615 1857 ac
640 1823 765 1855 irritum
791 1826 820 1854 et
844 1821 945 1860 inane,
963 1820 988 1853 si
1009 1829 1098 1853 secus
1115 1829 1212 1863 super

470 1879 519 1911 his
544 1888 560 1910 a
585 1887 755 1921 quoquam,
773 1874 881 1918 quavis
902 1873 1096 1914 auctoritate,
1114 1873 1213 1906 scien·

472 1938 519 1965 ter
543 1931 590 1964 vel
621 1930 819 1973 ignoranter,
845 1927 1012 1971 contigerit
1045 1926 1211 1967 attentari,

473 1984 671 2018 decernimus
694 1988 725 2017 et
748 1982 952 2015 declaramus.

518 2038 579 2083 §5
604 2037 758 2077 Quocirca
790 2036 892 2069 eidem
924 2034 1076 2068 moderno
1102 2037 1132 2068 et
1154 2044 1213 2078 pro

476 2099 615 2136 tempore
631 2090 772 2124 existenti
795 2089 1033 2133 archiepiscopo
1053 2088 1213 2121 Manilensi

475 2145 656 2180 huiusmodi
686 2155 743 2188 per
776 2146 957 2188 praesentes
987 2141 1214 2175 committimus

476 2208 504 2235 et
529 2200 731 2239 mandamus,
751 2202 904 2243 quatenus
929 2197 996 2241 ipse
1017 2207 1074 2240 per
1098 2207 1140 2238 se,
1166 2196 1214 2229 rel

475 2256 580 2297 alium,
595 2265 650 2287 seu
674 2254 751 2287 alios
779 2257 960 2296 praesentes
984 2251 1105 2284 litteras
1130 2255 1159 2283 et
1183 2250 1214 2283 in

475 2310 519 2343 cis
552 2313 698 2341 contenta
729 2305 931 2346 huiusmodi,
956 2305 1010 2338 ubi
1034 2309 1068 2337 et-
1089 2304 1215 2349 quando

477 2374 556 2407 opus
580 2361 695 2402 fuerit,
721 2359 902 2393 solemniter
934 2358 1100 2403 publicans
1115 2385 1122 2399 ,
1146 2358 1215 2391 illas

478 2417 515 2449 ab
539 2416 694 2456 omnibus,
717 2414 754 2447 ad
779 2424 857 2458 quos
882 2417 1001 2457 spectat
1025 2417 1053 2445 et
1078 2412 1110 2445 in
1134 2412 1215 2445 futu-

481 2481 548 2502 rum
567 2468 803 2514 quomodolibet
821 2467 980 2511 spectabit,
996 2465 1216 2499 inviolabiliter

481 2522 640 2555 observari
665 2522 769 2561 faeiat,
788 2520 1034 2555 contradictores
1051 2519 1216 2563 quoslibet,

482 2588 503 2607 ιιι
540 2576 571 2607 in
595 2575 775 2619 praemissis
799 2585 862 2608 non
885 2580 1040 2618 parentes,
1061 2584 1118 2617 per
1143 2583 1217 2606 cen-

483 2639 571 2661 suras
596 2634 625 2661 et
648 2638 763 2672 poenas
780 2627 1015 2668 ecclesiasticas,
1028 2627 1150 2671 aliaque
1167 2637 1219 2670 op-

1034 221 1212 245 BULLMUUM
1238 220 1391 245 ROMANUM

1224 273 1359 313 portuna
1380 269 1457 302 iuris
1483 274 1513 302 et
1538 269 1611 303 sacti
1637 269 1797 311 remedia,
1821 269 1961 314 appella-

1226 322 1309 356 tione
1334 322 1528 367 postposita,
1556 321 1795 365 compescendo,
1821 322 1964 355 invocato

1225 375 1319 408 eliam
1345 375 1382 408 ad
1407 375 1477 417 hoe,
1495 375 1519 407 si
1544 385 1624 418 opus
1642 373 1880 415 suerit,'auxilio
1895 374 1965 408 bra-

1226 429 1288 462 chii
1313 428 1473 462 secularis.

1272 482 1327 525 §a
1342 483 1410 516 Non
1425 480 1621 515 obstantibus
1638 479 1806 524 praedictis
1818 479 1863 513 Pii
1879 491 1966 524 prae-

1227 535 1411 575 decessoris,
1427 534 1558 578 aliisque
1575 533 1850 568 constitutionibus
1866 538 1897 567 et
1915 545 1967 568 or-

1228 588 1439 622 dinationibus
1463 587 1662 632 apostolicis,
1687 597 1723 620 ac
1742 586 1904 630 quibusvis
1921 587 1967 630 (e-

1230 642 1304 675 tiam
1328 642 1515 683 iuramento,
1530 641 1769 675 confirmatione
1785 640 1968 684 apostolica,

1230 696 1278 728 vel
1295 695 1404 739 quavis
1422 695 1570 729 firmitate
1583 694 1644 728 alia
1661 693 1831 737 roboratis)
1847 693 1969 727 statutis

1231 754 1260 782 et.
1277 749 1566 791 consuetudinibus,
1583 747 1757 793 privilegiis
1774 758 1911 792 quoque,
1929 747 1971 780 in-

1231 802 1326 835 dultis
1350 807 1380 836 et
1404 802 1517 836 litteris
1544 801 1733 846 apostolicis,
1758 800 1900 845 personis
1925 811 1972 834 re-

1232 856 1395 899 gularibus
1404 856 1583 899 praedictis,
1593 856 1780 899 illarumque
1792 854 1970 896 Ordinibus,

1233 909 1291 941 sub
1304 909 1555 952 quibuscumque
1578 909 1740 942 tenoribus
1758 913 1788 941 et
1804 907 1923 949 formis,
1937 918 1973 940 ac

1234 973 1305 995 cum
1330 962 1501 1005 quibusvis,
1523 961 1616 994 etiam
1634 961 1908 1003 derogatoriarum
1925 961 1974 993 de-

1235 1015 1412 1058 rogatoriis,
1427 1014 1558 1058 aliisque
1578 1013 1809 1047 efficacioribus
1826 1018 1857 1046 et
1871 1013 1975 1047 insoli-

1236 1069 1273 1102 tis
1298 1068 1456 1109 clausulis,
1483 1078 1606 1101 necnon
1634 1067 1830 1100 irritantibus
1858 1072 1888 1100 et
1907 1067 1976 1100 aliis

1236 1122 1380 1162 decretis,
1391 1122 1423 1154 in
1434 1122 1628 1154 eontrarium
1644 1121 1891 1165 praemissorum
1903 1131 1977 1164 quo-

1237 1173 1410 1206 modolibet
1428 1172 1599 1213 concessis,
1617 1171 1810 1205 confirmatis
1836 1177 1865 1205 et
1889 1171 1977 1205 inno—

1237 1227 1323 1259 vatis.
1349 1226 1466 1266 Quibus
1483 1226 1630 1260 omnibus
1647 1231 1677 1259 et
1693 1226 1834 1269 singulis,
1852 1225 1975 1259 etiamsi

1238 1281 1276 1314 de
1294 1280 1354 1313 illis
1376 1280 1531 1324 specialis,
1549 1279 1704 1324 specifica,
1723 1289 1872 1323 expressa
1889 1283 1919 1312 et
1935 1279 1979 1311 in-

1238 1333 1375 1375 dividua,
1399 1344 1435 1366 ac
1452 1333 1490 1366 de
1510 1333 1607 1366 verbo
1625 1333 1663 1365 ad
1686 1332 1829 1373 verbum,
1846 1342 1909 1365 non
1929 1342 1979 1365 au-

1240 1392 1301 1420 tem
1325 1398 1382 1431 per
1407 1387 1563 1420 clausulas
1581 1387 1744 1430 generales
1760 1385 1844 1419 idem
1862 1385 1979 1430 impor-

1240 1446 1350 1482 tantos,
1368 1440 1486 1473 mentio
1505 1440 1648 1473 habenda
1666 1444 1756 1480 esset,
1774 1439 1902 1472 illorum
1916 1449 1981 1472 oin-

1240 1495 1327 1528 nium
1353 1500 1383 1528 et
1405 1494 1603 1537 singulorum
1620 1498 1746 1527 tenores
1763 1492 1982 1537 praesentibus

1241 1560 1299 1594 pro
1323 1549 1415 1593 plene
1440 1554 1470 1581 et
1494 1547 1685 1594 sufficienter
1709 1546 1866 1591 expressis
1890 1551 1920 1580 et
1943 1546 1982 1579 ad

1242 1603 1377 1636 verbum
1411 1602 1537 1635 insertis
1568 1601 1735 1643 habentes,
1768 1601 1829 1633 illis
1853 1600 1928 1633 alias
1951 1600 1983 1633 in

1243 1654 1298 1691 suo
1322 1657 1440 1690 robore
1462 1655 1688 1700 permansuris,
1714 1655 1772 1688 hae
1800 1654 1866 1687 vice
1891 1654 1981 1687 dum-

1244 1714 1326 1744 taxat
1349 1710 1527 1754 specialiter
1550 1714 1581 1742 et
1605 1718 1752 1752 expresse
1781 1708 1982 1751 derogamus

1244 1764 1419 1807 ceterisque
1443 1762 1609 1797 contrariis
1632 1762 1894 1806 quibuscumque.

1289 1818 1401 1851 Datum
1415 1818 1543 1858 Romae,
1557 1815 1641 1861 apud
1658 1815 1686 1849 S.
1705 1816 1844 1855 Petrum,
1858 1815 1915 1848 sub
1934 1824 1986 1848 an-

1244 1872 1319 1905 nulo
1343 1871 1522 1911 piscatoris,
1540 1871 1590 1904 die
1610 1880 1654 1904 vn
1681 1870 1791 1914 aprilis
1813 1879 1984 1911 nncxxvu,

1245 1925 1445 1970 pontificatus
1461 1925 1561 1958 nostri
1586 1934 1667 1957 anno
1688 1934 1729 1957 1v.

1282 1988 1339 2016 Dat.
1361 1988 1404 2016 die
1424 1989 1438 2015 7
1459 1987 1552 2024 aprilis
1571 1987 1651 2022 1627,
1667 1987 1762 2023 pontif.
1779 1995 1850 2015 anno
1865 1993 1901 2014 w.

1551 2105 1683 2139 CCXLII.

1248 2177 1444 2217 Declaratz'o,
1459 2176 1544 2220 quod
1559 2176 1651 2209 beata
1667 2176 1776 2209 Maria
1792 2175 1990 2219 Maydalena

1292 2231 1330 2264 (le
1352 2231 1467 2264 Panis
1491 2230 1522 2263 F
1523 2229 1698 2269 lor-emina,
1717 2229 1797 2262 dum-
1816 2229 1910 2268 vixit,
1935 2227 1991 2261 Or-

1292 2285 1380 2317 dinis
1413 2284 1451 2317 B.
1480 2283 1605 2316 Mariae
1636 2282 1674 2316 cle
1703 2283 1810 2315 Monte
1843 2281 1988 2316 Carmelo

1292 2337 1449 2371 monialis
1475 2337 1592 2370 eflicit.

1451 2409 1587 2436 Urbanus
1608 2408 1686 2442 Papa
1705 2407 1792 2440 VIII,

1392 2453 1428 2481 ad
1447 2453 1582 2480 futuram
1603 2452 1649 2480 rei
1665 2451 1848 2479 memoriam.

1295 2516 1329 2550 ln
1353 2526 1503 2560 supremo
1528 2514 1722 2559 apostolatus
1746 2514 1825 2548 solio
1841 2540 1849 2555 ,
1873 2513 1993 2546 meritis

1250 2571 1324 2604 licet
1346 2568 1616 2609 insufficientibus,
1634 2567 1739 2600 divina
1760 2566 1992 2611 dispensatione

1252 2623 1430 2666 constituti,
1455 2622 1494 2656 ad
1518 2632 1570 2665 ea,
1594 2631 1652 2666 per
1671 2631 1750 2666 quae
1775 2628 1939 2655 servorum
1963 2622 1993 2653 et

1978 221 2027 247 An.
2043 220 2071 248 C.
2091 220 2160 248 1627

2002 493 2116 519 Derogatio
2127 491 2164 514 ob-

1980 521 2087 541 stantium.

2036 2523 2157 2545 Exordium.
