2269 3235
127 251 178 279 An.
198 250 226 278 C.
244 250 310 279 1627

150 1108 270 1130 Exordium.

130 1853 256 1874 franciscus
264 1854 308 1875 Ma-

121 1880 153 1900 ria
174 1881 245 1901 Urbini
265 1882 305 1902 dux

122 1912 244 1933 episcopum
254 1908 305 1928 Cae*

122 1936 252 1954 senatensem
282 1935 303 1955 it-

122 1960 161 1980 lius
170 1960 258 1981 ducatus
269 1967 305 1987 gu-

121 1987 254 2009 bernatorem
267 1988 305 2009 de—

121 2015 189 2040 putat.

941 251 1083 276 UnnANUS
1108 251 1164 275 VIII
1188 251 1236 275 1³1³.

633 297 750 331 CCLVI.

323 368 479 402 Facultas
489 369 631 412 episcopo
643 370 876 410 Caesenateizsi,
887 370 996 403 Status
1008 371 1063 403 Ur-

368 423 454 455 binis
463 423 681 465 ῃιιῐωνιιαίοή,
695 424 922 456 auctoritatae!
936 424 1063 456 nomine

367 481 496 508 sanctae
508 476 596 509 Sedis
607 476 802 519 prohibendi
813 477 981 520 quibusvis
993 477 1063 509 sub-

366 528 445 561 dieis
462 529 553 562 Sedis
569 529 595 563 Α
599 530 774 572 postoli'cae
793 530 1014 562 ecclesiasticis
1035 534 1063 562 et

366 582 580 622 secularibus,
598 583 695 615 etiam
707 583 925 626 principibu&
939 593 986 624 ize,
1002 594 1064 615 ere-

366 637 475 669 111011ιο
491 636 581 669 obitu
598 636 688 668 ducis
716 635 843 676 Urbini,
858 636 995 679 populos
1020 636 1063 669 ad

365 699 460 722 arma
484 700 664 730 convocare,
685 689 832 723 militum
857 691 963 734 copias
977 701 1063 734 coyc-

366 752 409 782 re,
425 746 485 775 etc.
505 742 647 776 audeant
658 740 676 774 ¹.

550 822 720 850 Venerabili
743 822 830 850 fratri

417 867 576 895 Laurentio
597 867 735 902 episcopo
761 867 964 902 Cesenatensi,

525 920 662 947 Urbanus
684 920 763 955 Papa
782 921 858 948 VIII.

532 982 721 1010 Venerabilis
741 983 847 1017 frater,

355 1028 484 1054 salutem
504 1030 536 1054 et,
556 1027 753 1061 apostolicam
772 1027 1024 1055 benedictionem.

365 1098 522 1131 Creditum
542 1099 712 1133 humilitati
732 1104 867 1142 nostrae⁷
885 1100 972 1132 nullo
989 1100 1062 1133 licet

322 1152 506 1185 meritorum
524 1153 685 1196 suffragio,
704 1164 760 1197 per
774 1153 1000 1186 abundantiam
1019 1153 1062 1186 di-

321 1205 409 1238 vinae
433 1206 552 1248 gratiae
576 1207 768 1250 apostolatus
793 1206 930 1239 officium
956 1211 1062 1251 postu-

320 1258 371 1299 lat,
386 1264 428 1300 ut,
447 1259 519 1293 licet
539 1261 699 1292 communi
721 1260 815 1294 totius
837 1260 942 1303 gregis
955 1261 1061 1294 Domi-

318 1312 382 1345 nici
399 1313 490 1346 saluti
504 1314 645 1347 sollicitis
662 1314 772 1347 studiis
790 1314 905 1357 iugiter
922 1314 1061 1358 invigile-

319 1375 399 1405 mus,
416 1366 567 1409 peculiari
584 1372 687 1400 tamen
702 1368 892 1410 populorum
906 1373 1014 1400 nostro
1030 1373 1060 1401 et

320 1418 349 1452 S.
375 1419 409 1451 R.
436 1419 468 1451 E.
494 1420 660 1463 temporali
679 1420 819 1453 dominio
844 1420 1058 1454 subiectorum

320 1471 477 1504 securitati
503 1477 533 1505 et
561 1473 657 1516 quieti
690 1473 793 1506 studio
824 1473 1058 1514 incumbamus3

319 1535 454 1569 aequum
471 1531 654 1570 reputantes
679 1531 709 1559 ct
732 1527 844 1560 rationi
870 1538 1059 1567 consonum,

319 1584 353 1612 ut
386 1579 463 1612 haee
497 1585 602 1612 sancta
634 1580 751 1621 Sedes,
785 1592 865 1624 quae
896 1581 1059 1614 universos

317 1633 426 1666 fideles
451 1633 614 1666 sublevare
638 1634 737 1676 solet,
770 1635 827 1667 hos
859 1635 1058 1678 potissimum

318 1686 350 1719 in
373 1698 460 1720 suam
494 1687 623 1720 tutelam
648 1687 827 1731 specialiter
850 1692 996 1732 receptos
1020 1689 1058 1721 ab

319 1741 404 1774 omni
424 1741 540 1774 iniuria
564 1741 710 1782 vindicet,
728 1742 916 1785 illaesosque
936 1747 1059 1775 tueatur

320 1799 350 1826 et
373 1794 526 1828 defendat.
1010 1789 1015 1794 ¹

365 1848 379 1891 g
401 1847 432 1887 1.
457 1848 533 1881 Cum
561 1847 685 1892 itaque²
708 1849 783 1881 alifis
815 1849 946 1882 dilectus
976 1850 1058 1883 silius

319 1901 434 1934 nobilis
458 1902 505 1934 vir
528 1902 712 1936 Franciseus
736 1903 831 1936 Maria
852 1903 960 1936 Urbini
985 1903 1057 1945 dux,

319 1955 450 1999 provide
467 1956 678 1998 considerans,
693 1957 839 1990 ducatum
856 1957 976 1997 Urbini,
990 1968 1060 1990 nee-

319 2019 382 2042 non
399 2009 539 2042 civitates
563 2009 829 2053 Senog'alliensem
851 2016 880 2043 et
898 2010 1060 2043 Pisauren-

319 2073 384 2095 sem
399 2073 434 2095 ac
455 2063 483 2095 S.
506 2063 618 2096 Leonis
633 2074 703 2095 cum
718 2066 803 2096 terra
817 2068 845 2098 et
860 2075 931 2097 arce
945 2064 1057 2105 Maioli,

318 2121 482 2160 totumque
508 2121 621 2149 statum
646 2117 963 2159 Montisferetranum,
981 2119 1058 2151 alia-

317 2181 378 2214 que
403 2170 560 2214 dominia,
588 2172 748 2212 civitates,
774 2172 910 2216 oppida,
946 2177 1057 2213 eastra,

318 2229 429 2265 terras,
446 2235 544 2265 arces,
561 2226 811 2269 propugnacula,
826 2236 880 2259 seu
900 2226 1057 2267 fortalitia,

320 2282 349 2310 et
374 2278 443 2311 loca
465 2288 694 2322 quaecumque,
720 2279 813 2312 etiam
839 2280 965 2324 speciali
985 2282 1058 2314 110Ιέ1

320 2335 350 2365 et
366 2332 563 2375 expressione
581 2332 685 2375 digua,
704 2333 733 2365 in
754 2337 783 2367 et
804 2333 861 2366 sub
881 2334 968 2367 Statu
984 2334 1057 2366 dicti

319 2386 449 2420 ducatus
466 2386 575 2418 Urbini
595 2386 633 2419 ad
650 2397 800 2431 praesens
821 2387 1059 2431 quomodolibet

320 2438 558 2482 comprehensa,
576 2439 642 2472 eius
661 2440 915 2473 antecessoribus
940 2440 1056 2473 dudum

319 2502 336 2525 a
360 2492 508 2525 Romanis
532 2492 734 2526 Pontificibus
759 2494 1058 2538 praedecessoribus

355 2574 364 2600 1
386 2573 423 2600 Ex
438 2573 546 2608 Regest.
563 2573 590 2600 in
605 2574 705 2602 Secret.
724 2574 860 2602 Brevium.

353 2618 370 2645 2
386 2618 449 2646 Vide
465 2618 530 2645 alias
543 2618 576 2646 de
590 2619 643 2646 hoc
657 2618 755 2646 ducatu
776 2620 994 2655 constitutiones,
1012 2628 1057 2647 su-

319 2672 377 2701 pra,
389 2673 450 2701 pag.
465 2664 523 2700 179,
533 2665 595 2699 268,
606 2668 631 2692 et
642 2665 715 2701 alibi,
727 2665 806 2694 huius
819 2664 1056 2702 voluminis(n.‘r.).

1096 299 1211 332 nostris
1236 299 1266 331 in
1291 298 1417 331 seudum
1444 298 1514 331 data
1539 302 1568 331 et
1593 308 1755 340 conec-ssa,
1783 310 1835 330 seu

1096 353 1171 385 alias
1189 363 1245 396 per
1264 363 1334 385 eum
1350 352 1589 396 quomodolibet
1610 362 1763 396 possessa,
1781 362 1837 394 per

1097 405 1215 438 obitum
1237 417 1327 438 suum
1354 407 1419 438 sine
1443 406 1548 439 liberis
1573 410 1601 439 ct
1626 404 1838 437 descendenti-

1096 457 1154 490 bus
1178 459 1325 491 maseulis
1350 459 1497 501 legitimis
1523 464 1552 491 et
1577 458 1782 498 naturalibus,
1797 458 1837 490 ob

1097 510 1209 542 lineam
1235 511 1365 551 linitam,
1383 524 1453 544 cum
1475 512 1622 545 omnibus
1639 522 1748 543 eorum
1775 515 1837 543 ter-

1096 563 1224 605 ritoriis,
1235 564 1440 606 districtibus,
1452 565 1729 605 iurisdictionibus,
1742 575 1838 596 mem-

1096 616 1170 657 bris,
1201 616 1337 656 iuribus,
1363 617 1456 649 etiam
1482 617 1680 661 prohibendi,
1706 629 1740 649 ac
1766 628 1835 660 lwr-

1097 669 1234 702 tinentiis
1258 670 1416 703 universis
1441 670 1586 713 (excepto
1610 672 1717 703 Castro
1750 670 1835 703 l'odii

1097 723 1309 756 Hibernorum
1327 728 1357 755 et
1380 723 1448 755 aliis
1466 723 1555 755 bonis
1572 734 1633 755 11011
1652 724 1836 764 (eiulatibus,

1095 786 1196 820 neque
1221 776 1538 818 iurisdictionatilms,
1564 777 1708 809 relaxatis
1733 782 1758 808 et
1789 788 1836 808 re-

1741 242 1804 275 589
1852 251 1899 278 in.
1921 252 1950 278 0.
1969 252 2035 282 1627

1096 830 1227 863 servatis
1251 829 1419 862 Francisco
1444 829 1539 862 Maria
1563 829 1634 861 duci
1660 829 1856 876 praedicto,¹

1096 883 1227 926 eiusque
1251 882 1440 915 haeredibus
1463 887 1493 914 et
1521 882 1773 922 successoribus,
1807 882 1836 914 in

1095 936 1306 970 instrumento
1323 935 1510 969 concordiae
1531 935 1588 968 sub
1606 935 1655 968 die
1672 945 1735 968 xxx
1754 936 1836 979 apri-

1095 988 1133 1022 lis
1157 999 1296 1022 Moexxiv
1322 989 1493 1032 celebrato)
1514 993 1636 1032 aperta,
1658 999 1694 1021 ac
1718 988 1757 1021 ad
1780 998 1837 1020 nos

1095 1046 1125 1075 et
1149 1042 1320 1075 Romanam
1341 1042 1522 1084 Ecclesiam,
1541 1041 1717 1085 Sedemque
1737 1046 1767 1073 et.
1786 1041 1838 1073 Ca—

1095 1106 1214 1129 meram
1233 1096 1443 1140 Apostolieam
1463 1107 1629 1129 reversura
1646 1100 1675 1128 et
1692 1095 1837 1128 devoluta

1095 1149 1143 1192 iri⁷
1167 1160 1204 1182 ae
1227 1149 1403 1193 pertinere;
1421 1160 1453 1182 se
1473 1160 1545 1183 vero
1570 1154 1735 1193 provectae
1753 1153 1836 1181 aeta-

1095 1202 1132 1236 tis
1168 1202 1229 1235 iarn
1263 1202 1419 1243 existere,
1451 1213 1574 1236 necnon
1607 1203 1835 1235 mensurabiles

1094 1256 1160 1289 dies
1185 1267 1268 1297 SUOS,
1285 1257 1519 1300 humanamque
1536 1256 1630 1288 vitam
1648 1256 1679 1288 in
1699 1257 1835 1299 imagine

1093 1315 1366 1353 pertranseuntem
1385 1309 1443 1343 sibi
1462 1309 1502 1343 ob
1519 1310 1626 1343 oculos
1643 1320 1834 1353 proponens,

1093 1368 1136 1403 ut,
1157 1363 1252 1404 curis,
1270 1363 1402 1407 aliisque
1428 1363 1661 1407 impedimentis
1687 1363 1834 1396 seculari-

1092 1417 1151 1450 bus
1175 1417 1305 1457 solutus,
1323 1417 1360 1449 de
1385 1417 1557 1449 substantia
1575 1419 1640 1457 sua,
1658 1427 1736 1460 quae
1753 1418 1835 1460 apud

1093 1471 1190 1503 Deum
1204 1476 1260 1511 est,
1276 1470 1372 1503 tutius
1386 1470 1598 1514 adipiscenda,
1616 1470 1756 1503 solidiori
1774 1480 1836 1503 me-

1093 1524 1297 1567 ditationum,
1323 1525 1521 1568 aliorumque
1552 1524 1676 1568 piorum
1703 1535 1834 1568 operum

1093 1578 1243 1611 exercitio
1268 1579 1407 1621 cogitare
1433 1579 1564 1619 valeret,
1591 1583 1619 1610 te
1644 1578 1834 1620 generalem,

1093 1632 1196 1675 quoad
1224 1632 1291 1675 ipse
1321 1632 1454 1672 vixerit,
1480 1631 1612 1664 ducatus
1642 1636 1672 1663 et
1700 1631 1835 1664 aliorum

1093 1685 1304 1718 dominiorum
1330 1684 1564 1728 praedictorum
1590 1684 1856 1728 gubernatorem!

1092 1738 1130 1771 ad
1148 1738 1333 1771 electionem
1351 1743 1491 1771 nostram
1511 1737 1723 1782 deputaverit:

1137 1794 1151 1837 ἓ
1173 1793 1201 1826 02.
1220 1794 1292 1835 Nos,
1310 1793 1374 1833 nc¹‚
1395 1793 1420 1825 si
1441 1792 1515 1836 quid
1536 1791 1718 1825 humanitus
1734 1792 1834 1824 eidem

1092 1846 1259 1880 Francisco
1293 1847 1407 1879 Mariae
1439 1846 1510 1879 duci
1535 1845 1711 1887 contingat,
1737 1845 1833 1885 nihil,

1092 1900 1176 1944 quod
1190 1900 1229 1933 ad
1241 1901 1381 1933 muneris
1398 1901 1497 1933 nostri
1515 1906 1619 1944 partes
1640 1913 1699 1945 pro
1715 1908 1835 1935 nostro-

1092 1965 1163 1986 rum
1174 1957 1203 1988 et
1217 1954 1304 1987 Sedis
1317 1954 1496 1998 praedictae
1510 1954 1636 1987 ditionis
1652 1956 1834 1999 temporalis

1093 2008 1286 2051 populorum
1308 2008 1475 2040 securitate
1512 2014 1538 2040 et
1565 2009 1668 2051 quiete
1694 2014 1834 2053 spectat,

1092 2063 1343 2106 praetermittere
1367 2063 1519 2102 volentes,
1541 2068 1626 2096 motu
1652 2064 1782 2107 proprio
1806 2069 1836 2097 et

1092 2127 1127 2149 ex
1147 2119 1232 2149 certa
1250 2116 1390 2159 scientia,
1412 2128 1447 2149 ae
1469 2119 1590 2149 mauu-a
1609 2117 1835 2150 deliberatione

1091 2170 1218 2210 nostris7
1241 2170 1342 2213 deque
1365 2171 1554 2214 apostolicae
1585 2172 1747 2214 potestatis
1772 2172 1836 2215 ple-

1091 2224 1242 2265 nitudine,
1257 2224 1323 2265 tibi,
1340 2225 1464 2268 tuisque
1487 2230 1516 2258 et
1541 2226 1608 2258 aliis
1629 2226 1834 2270 quibuscum-

1092 2288 1152 2321 que
1165 2288 1363 2322 quacumque
1378 2278 1527 2321 dignitate
1546 2280 1756 2321 ecclesiastic-:⁴1
1770 2280 1834 2313 sive

1092 2332 1183 2364 etiam
1209 2332 1311 2365 laicali
1328 2332 1531 2375 fungentibus
1557 2333 1586 2365 in
1607 2333 1762 2375 gubernio
1780 2344 1835 2367 seu

1092 2385 1360 2419 administratione
1385 2386 1487 2419 Status
1513 2391 1542 2418 et
1574 2386 1704 2419 dominii
1730 2387 1836 2420 huius-

1091 2439 1176 2473 modi
1211 2439 1467 2480 suecessoribus,
1501 2440 1564 2472 sive
1590 2440 1657 2473 aliis
1692 2441 1835 2474 camdem

1091 2494 1203 2527 Scdem
1227 2493 1259 2526 111
1283 2494 1327 2527 015
1352 2494 1672 2538 repraesentantibus,
1693 2506 1730 2528 ex
1750 2506 1834 2528 nunc

1090 2552 1185 2591 prout
1208 2552 1374 2591 postquam
1401 2547 1501 2580 dictus
1526 2548 1712 2580 Franciseus
1737 2548 1833 2581 Maria

1127 2619 1140 2646 7
1158 2618 1254 2646 Partic.
1271 2628 1307 2646 ne
1327 2618 1477 2653 redundat;
1499 2618 1558 2647 vide
1578 2628 1659 2654 supra
1674 2619 1765 2646 locum
1785 2627 1832 2654 pa—

1090 2664 1150 2692 rali.
1166 2673 1227 2701 pag.
1244 2664 1295 2692 268
1312 2665 1326 2691 b
1343 2664 1379 2701 (11.
1396 2664 1445 2700 1.).

1859 1801 1956 1823 Urbanus
1965 1804 2035 1829 prohi-

1850 1828 1896 1849 bet.
1912 1835 2034 1855 ηυυιιιιιιιις,

1851 1857 1960 1876 memento
1976 1858 2035 1878 ducis

1851 1883 1915 1906 obitu,
1923 1884 2035 1910 quisquam

1850 1917 1907 1931 arma
1919 1913 1987 1935 rogat,
1998 1918 2035 1931 1111-

1851 1938 2036 1962 titess‹:r1tv.u,etc.
