2269 3235
228 278 275 303 Λιι.
293 279 322 304 C.
348 277 413 304 1025

279 1457 413 1480 Lamiarum,

228 1490 280 1510 quas
305 1484 413 1504 rutulianus

228 1516 291 1536 snpra
315 1516 362 1535 pag.
388 1510 414 1529 ⁸5

228 1538 266 1557 limi
295 1537 413 1556 carilirialns

229 1563 327 1584 Urbanus
348 1563 412 1588 depu-

229 1592 311 1610 tam-at
322 1596 413 1616 exequu-

229 1619 292 1637 tores.

459 268 522 302 ¹:3OE

425 335 580 367 attentari.
608 335 639 366 ln
663 333 853 366 eontrarium
889 332 1070 364 iacientibus
1101 341 1162 365 non

425 388 619 420 obstantibus
644 387 904 429 quiluisrtunque.

469 442 577 473 llatmn
611 441 746 476 Itomae,
771 439 852 482 apud
877 439 906 472 S.
928 439 1054 471 Mariani
1074 438 1164 471 llIaio-

425 505 501 534 rem,
526 493 583 525 suh
609 493 723 524 :nunilo
749 491 923 533 Piscatoris,
944 492 994 524 (lle
1014 502 1075 524 xxx
1098 492 1164 524 iulii

425 556 564 583 uncxxv,
578 545 777 588 pontificatus
795 545 892 578 nostri
910 556 992 578 anno
1010 556 1040 578 11.

460 603 519 630 ltat.
540 603 584 631 die
604 604 638 631 30
657 603 713 630 iulii
738 603 814 636 1625,
838 603 930 638 pontil'.
950 612 1020 631 aimo
1038 610 1064 630 tt.

753 711 850 745 CLIII.

425 776 613 810 Commissio
630 775 855 811 cardinalibus
873 774 910 807 de
929 774 959 807 Ia
989 774 1162 816 Hoc-hesau-

468 829 556 862 cattlt
569 834 597 862 et
616 829 653 861 de
672 829 702 861 lu
725 828 858 861 I'allctle
875 828 909 859 in
925 828 1020 859 cattsd
1039 826 1164 859 moniu-

470 884 554 915 lium
593 883 845 917 Carmelitmatm
886 880 1164 913 lh‘scalccatmwm

468 937 562 979 requi
586 935 748 968 Franciae
764 937 902 966 vertente
919 933 1004 965 inter
1022 932 1165 965 subdele-

469 993 584 1032 yatum
608 987 821 1031 apostolicum
838 991 866 1019 ct
886 986 1069 1029 episcopum
1089 985 1166 1018 Leo-

468 1052 598 1075 nensem
614 1040 632 1073 ¹.

425 1108 550 1136 Dilectis
569 1108 641 1135 filiis
658 1108 771 1135 nostris
786 1107 941 1134 Francisco
958 1107 1041 1133 tituli
1062 1106 1090 1133 S.
1114 1106 1165 1133 Ca-

460 1152 526 1179 listi
545 1153 718 1186 presbytero
739 1155 773 1180 de
798 1153 827 1179 la
856 1151 1111 1181 Rochefouoault,
1133 1159 1166 1178 ac

459 1197 604 1224 Ludovico
621 1197 647 1224 S.
670 1197 810 1224 Hadriani
826 1197 947 1224 diacono
964 1196 1166 1223 cardinalibus

460 1242 495 1268 de
511 1242 540 1268 la
555 1242 672 1268 Vallete
692 1241 890 1275 nuncupatis,

620 1287 755 1314 Urbanus
783 1287 862 1319 Papa
890 1285 970 1312 vm.

438 1335 545 1362 Dilecti
560 1335 615 1362 filii
635 1335 742 1367 nostri,
764 1335 892 1361 salutem
908 1337 938 1361 et
957 1332 1154 1367 apostolicam

670 1379 921 1407 benedictionem.

475 1444 489 1486 ξ
519 1443 542 1475 l.
567 1443 650 1476 Alias
675 1454 730 1486 per
754 1446 876 1475 nostras
897 1441 931 1473 >in
956 1440 1050 1473 simili
1067 1441 1167 1473 forma

429 1497 553 1537 Brevis,
579 1498 637 1529 sub
662 1496 710 1529 die
741 1507 780 1529 xx
803 1493 980 1527 decembris
1005 1504 1166 1535 nnexxtu,

428 1550 589 1594 expeditas
605 1549 733 1589 litteras,
749 1554 835 1581 motu
848 1547 977 1592 proprio
991 1550 1020 1581 et
1034 1558 1069 1579 ex
1083 1549 1168 1580 certa

427 1603 556 1636 seientia
578 1614 612 1635 ac
639 1605 762 1635 matura
792 1601 1017 1635 deliberatione
1040 1601 1167 1641 nostris,

428 1657 528 1701 deque
552 1657 741 1701 apostolieae
766 1656 927 1700 potestatis
954 1654 1167 1699 plenitudine,

428 1711 546 1743 litteras
570 1710 668 1743 felicis
693 1710 919 1743 reeordationis
944 1709 1088 1751 Gregorii
1114 1708 1168 1740 Pa-

428 1775 485 1807 pae
514 1765 563 1796 XV
589 1764 838 1807 praedecessoris
874 1762 993 1804 nostri,
1019 1762 1111 1794 etiam
1138 1762 1167 1793 in

428 1818 459 1850 in
485 1817 579 1849 simili
608 1818 707 1849 forma
738 1817 865 1856 Brevis,
891 1817 948 1848 sub
973 1816 1023 1848 die
1048 1826 1088 1848 xu
1114 1826 1164 1847 se.-

428 1870 582 1914 ptembris
606 1880 744 1910 iincxxn,
759 1880 854 1913 super
878 1874 959 1902 statu
983 1869 1167 1902 dilectarum

429 1924 461 1956 in
474 1923 596 1957 Christo
624 1924 761 1955 siliarum
791 1923 972 1956 monialium
997 1923 1122 1956 Ordinis
1136 1922 1167 1954 Β.

430 1976 543 2009 Mariae
560 1976 597 2008 de
614 1976 717 2009 Monte
739 1976 881 2009 Carmelo
906 1975 1168 2008 Disealceatarum

413 2033 679 2073 snuncupatarum
706 2029 794 2071 regni
820 2028 979 2068 Franciae,
1000 2028 1168 2072 expeditas,

288 2518 365 2539 Contra
382 2525 417 2539 eas

236 2550 285 2565 vero
302 2547 418 2566 attentant«-

236 2571 339 2592 Leonenffi
374 2572 418 2598 cpi-

235 2604 312 2624 scopo,

430 2093 502 2115 eum
528 2082 674 2115 omnibus
692 2087 721 2115 et
740 2082 870 2124 singulis
891 2082 922 2113 in
942 2081 986 2114 eis
1006 2082 1167 2123 contentis,

429 2136 675 2180 approbavimus
699 2140 729 2168 et
753 2135 1031 2175 confirmavimus,
1053 2146 1168 2178 vosque

429 2191 460 2222 in
485 2194 663 2222 nostrarum
688 2189 864 2222 litterarum
890 2188 1069 2221 huiusmodi
1099 2199 1169 2221 exe-

429 2249 589 2287 quutores,
608 2254 677 2276 cum
699 2243 792 2276 certis
809 2248 883 2275 tune
900 2243 1057 2286 expressis
1073 2242 1170 2275 sacul-

430 2297 554 2337 tatibus,
580 2297 796 2330 constituimus
820 2301 847 2328 et
874 2296 1111 2340 deputavimus,
1141 2301 1171 2329 et

431 2351 515 2394 alias7
540 2356 635 2395 prout
658 2351 690 2383 in
714 2350 829 2383 nostris
851 2350 1029 2383 huiusmodi
1047 2350 1168 2392 litteris,

432 2417 566 2449 quarum
584 2411 708 2439 tenores
729 2405 946 2449 praesentibus
965 2415 1022 2448 pro
1043 2415 1170 2448 expres-

434 2460 475 2491 sis
499 2459 608 2492 haberi
633 2459 787 2500 volumus
808 2458 937 2491 uberius
962 2458 1138 2491 continetur
1151 2458 1169 2491 ¹.

479 2514 492 2552 ,ξ
517 2513 545 2545 ἐξ,
571 2513 646 2545 Cum
671 2517 785 2553 autem,
803 2513 883 2545 sieut
906 2523 969 2545 non
994 2512 1060 2545 sine
1084 2513 1170 2556 gravi

435 2566 528 2598 aiiiini
539 2566 637 2599 nostri
653 2566 794 2599 molestia
808 2567 997 2610 accepimus,
1006 2571 1169 2610 postquam

472 2637 482 2662 1
500 2636 537 2661 Ex
554 2635 660 2669 Regest.
678 2635 704 2662 in
719 2635 820 2663 Seeret.
842 2637 923 2663 Brev.

472 2681 481 2707 1
500 2680 569 2710 Quas
585 2680 645 2707 vide
659 2688 739 2714 supra
753 2689 814 2716 pag.
835 2680 869 2707 85
889 2681 924 2715 (n.
944 2681 993 2716 T.).

1350 175 1374 197 t

1012 274 1190 298 numantini
1215 273 1368 297 nouarum

1196 322 1327 355 ‹lilertus
1345 322 1426 353 lilius
1439 321 1615 364 Stephanus
1638 321 1780 365 Lovytre,
1797 322 1933 355 decanus

1197 375 1345 408 eeclesiae
1360 374 1574 414 Naniiotonsis,
1593 374 1635 406 uti
1652 385 1668 406 a
1687 374 1773 407 vobis
1787 375 1815 407 in
1833 379 1932 407 totum

1196 428 1234 460 ad
1251 428 1424 471 praemissa
1441 427 1671 470 subdelegatus,
1688 428 1857 460 vonerabili
1877 429 1934 460 l'ra-

1198 481 1234 515 tri
1253 482 1401 525 episcopo
1418 480 1579 521 Iieononsi,
1598 480 1748 512 nonnulla
1765 485 1873 513 eontra
1889 481 1934 513 lit-

1198 540 1334 567 trwarum
1354 533 1505 578 praedicti
1522 532 1667 574 Gregorli
1684 532 1934 577 praedecessoris

1196 592 1225 619 et
1243 592 1420 619 nostrarum
1438 586 1618 619 huiusmodi
1636 591 1787 627 tenorem,
1808 585 1846 617 ad
1863 596 1935 629 qua—

1198 641 1340 673 rumdam
1359 640 1498 673 eiusdem
1516 639 1641 673 Ordinis
1656 638 1839 672 monialium
1856 639 1936 671 l'avo-

1198 705 1283 735 rem,
1308 693 1487 735 attentanti,
1514 693 1704 736 monitisque
1728 697 1758 724 et
1782 691 1935 726 mandatis

1196 748 1293 791 ipsius
1317 748 1466 791 Stephani
1491 747 1685 789 subdelegati
1710 756 1822 790 parere
1846 756 1935 778 recu-

1197 801 1286 841 santi,
1311 801 1369 834 sul)
1395 801 1535 834 censuris
1560 799 1778 833 ecelesiasticis
1802 809 1933 843 praece-

1197 859 1296 898 perat,
1310 860 1339 887 et
1356 855 1530 887 successive
1547 854 1663 886 eisdem
1682 853 1822 885 censuris
1842 853 1937 885 ecele-

1198 907 1329 940 siastieis
1354 907 1536 939 innodatum
1567 908 1671 939 forsan
1702 906 1935 945 declaraverat,

1199 959 1426 1002 ecclesiamque
1444 959 1655 991 cathedralem
1676 960 1866 991 Iieonensem
1885 969 1936 991 ec-

1200 1011 1374 1044 clesiastico
1410 1011 1577 1044 interdicto
1613 1016 1838 1054 supposuerat,
1874 1021 1936 1044 non

1200 1066 1301 1098 solum
1327 1070 1495 1110 praecepta
1523 1070 1552 1097 et
1583 1076 1732 1098 censuras
1757 1065 1937 1098 huiusmodi

1202 1119 1437 1162 contempserit,
1455 1118 1570 1157 sedeo
1595 1118 1743 1150 audaciae
1768 1117 1937 1159 devenerit,

1201 1177 1231 1204 ut
1247 1183 1304 1215 per
1319 1172 1486 1204 nonnullos
1504 1171 1759 1214 archiepiscopos
1776 1175 1806 1203 et
1823 1171 1939 1214 episeo-

1201 1236 1257 1269 pos
1280 1236 1314 1258 ae.
1339 1225 1478 1265 abbates,
1503 1225 1643 1268 aliosque
1668 1226 1773 1258 forsan
1798 1225 1939 1257 ecclesia-

1201 1279 1293 1311 sticos
1309 1279 1476 1311 incivitate
1495 1278 1661 1311 I'arisiensi
1688 1278 1822 1311 alioruin
1847 1289 1939 1320 nego-

1202 1332 1317 1365 tiorum
1343 1332 1507 1365 occasione
1532 1336 1750 1375 congregatos,
1771 1331 1939 1364 sententias

1202 1391 1231 1418 et
1255 1396 1402 1418 censuras
1427 1386 1607 1418 huiusmodi
1632 1396 1828 1429 nequaquam
1860 1385 1939 1417 iuste

1202 1440 1278 1471 latas
1297 1438 1390 1471 fuisse
1415 1439 1578 1479 decimari,
1596 1438 1722 1471 nulliter
1747 1443 1776 1471 et
1793 1438 1830 1470 de
1848 1440 1938 1478 sacto,

1201 1503 1263 1525 non
1287 1504 1344 1536 per
1370 1493 1497 1525 modum
1522 1492 1639 1529 iudicii,
1665 1492 1718 1525 sed
1742 1503 1798 1535 per
1822 1492 1939 1525 archie-

1202 1546 1414 1589 piscoporum,
1435 1545 1655 1589 episcoporum
1684 1556 1720 1577 ac
1743 1545 1890 1577 abbatum
1911 1549 1941 1579 et

1201 1599 1485 1632 ecclesiastieorum
1509 1599 1742 1642 praedictorum
1771 1598 1941 1631 sententiae

1201 1653 1454 1693 declarationem,
1473 1663 1535 1685 non
1560 1653 1626 1685 sine
1651 1652 1837 1695 gravissimo
1861 1651 1941 1685 chri—

1201 1707 1380 1740 stifidelium
1398 1706 1545 1739 seandalo
1564 1706 1688 1739 l'eeerit:

1246 1761 1260 1803 ξ
1277 1760 1305 1792 3.
1326 1761 1397 1799 Nos,
1415 1759 1608 1803 praemissis,
1625 1765 1777 1803 quantum
1795 1771 1867 1792 eum
1886 1760 1941 1792 Do-

1202 1814 1287 1846 mino
1312 1824 1487 1857 possumus,
1510 1818 1686 1856 opportune
1709 1813 1874 1856 providere
1892 1825 1941 1845 vo-

1202 1867 1310 1906 lentes,
1325 1877 1360 1898 ac
1377 1866 1415 1898 de
1432 1866 1583 1908 singulari
1601 1867 1704 1899 vestra
1720 1866 1792 1906 tide,
1810 1866 1942 1909 pruden-

1203 1919 1265 1961 tia,
1294 1919 1494 1962 integritate,
1525 1918 1668 1951 doctrina
1705 1923 1735 1950 et
1771 1919 1941 1952 catholicae

1202 1973 1364 2015 religionis
1380 1974 1445 2005 zelo
1470 1972 1642 2016 plurimum
1668 1972 1699 2004 in
1722 1972 1854 2005 Domino
1872 1983 1943 2005 eon-

1203 2026 1271 2066 tisi,
1297 2026 1384 2059 vobis
1410 2037 1465 2069 per
1489 2030 1669 2069 praesentes
1695 2025 1888 2068 iniungimus
1913 2031 1943 2058 et

1203 2080 1409 2119 mandamus,
1434 2084 1465 2111 ut
1491 2089 1617 2112 eausam
1647 2084 1677 2111 et
1701 2090 1809 2114 causas
1834 2080 1942 2123 appel-

1204 2133 1327 2165 lationis
1359 2138 1389 2165 et
1420 2132 1666 2176 appellationum
1691 2142 1707 2163 a
1738 2132 1862 2164 lieentia
1888 2143 1942 2165 seu

1203 2187 1328 2220 decreto
1346 2186 1419 2218 dieti
1444 2185 1601 2229 Stephani,
1620 2185 1658 2217 ad
1679 2185 1823 2217 ell'eetum
1850 2185 1943 2218 devo-

1204 2240 1333 2272 lutivum
1360 2243 1479 2272 tantum
1504 2249 1598 2282 quam
1627 2239 1820 2271 exeessivum
1846 2250 1939 2282 prae-

1203 2294 1370 2334 diCtorum,
1384 2304 1455 2326 cum
1472 2292 1619 2325 omnibus
1637 2298 1667 2325 et
1686 2293 1816 2335 singulis
1834 2304 1942 2326 earum

1204 2347 1421 2387 incidentibus,
1431 2346 1687 2390 dependentilms,
1699 2346 1942 2389 emergentibus,

1204 2401 1331 2434 annexis
1345 2406 1375 2433 et
1390 2400 1549 2440 connexis,
1570 2404 1698 2444 totoque
1715 2400 1841 2443 negotio
1858 2400 1943 2444 prin-

1204 2454 1306 2497 cipali,
1330 2453 1514 2486 auctoritate
1538 2455 1655 2493 nostra,
1681 2463 1739 2496 per
1763 2463 1827 2494 vos,
1854 2454 1900 2486 vel
1915 2464 1943 2486 a-

1205 2508 1290 2548 lium,
1305 2519 1359 2541 seu
1373 2508 1459 2545 alios,
1475 2507 1679 2550 cognoscatis,
1694 2518 1729 2540 ae
1746 2507 1807 2540 fine
1827 2507 1942 2547 debito,

1206 2567 1298 2605 prout
1315 2562 1414 2594 visum
1433 2561 1535 2601 suerit,
1553 2561 1737 2601 terminetis,
1759 2571 1829 2593 cum
1852 2561 1943 2594 sacul-

1206 2620 1265 2647 tate
1280 2620 1306 2647 et
1322 2618 1472 2658 potestate
1485 2625 1711 2658 (ptoseumque,
1725 2614 1818 2646 etiam
1838 2623 1895 2657 per
1914 2623 1943 2646 e.-

1205 2668 1322 2702 dictum
1336 2669 1508 2712 publicum,
1522 2668 1654 2702 eonstito
1667 2667 1759 2700 etiam
1773 2667 1941 2700 summarie

1949 272 1999 299 An.
2019 272 2046 300 C.
2065 272 2133 300 1625

1993 1773 2077 1794 Eisdem
2093 1779 2140 1795 exe-

1955 1801 2142 1825 ‹pmturibusiuan-

1956 1827 2000 1850 dat,
2024 1830 2046 1847 ut
2069 1827 2140 1848 huius-

1956 1854 2012 1874 modi
2054 1860 2140 1875 cansam

1957 1884 2090 1907 cognoscant.
