2269 3235
119 244 170 273 An.
186 245 214 273 C.
236 244 304 273 1625

144 414 293 436 Prooemium:

139 1106 201 1127 Peste
213 1106 233 1127 in
243 1106 298 1128 Sici·

112 1133 141 1154 lia
155 1136 273 1159 grassante.

137 1905 235 1927 Urbanus
258 1907 295 1928 de-

111 1934 240 1958 putationem
266 1935 295 1955 sa·

113 1961 153 1985 cit,
167 1961 193 1982 de
213 1967 254 1988 qua
274 1962 295 1982 in

111 1987 202 2009 rubrica.

924 248 1065 272 {intumus
1090 247 1145 271 Vll!
1170 247 1217 271 1³1¹.

522 293 657 321 urbanus
678 294 755 329 Papa
774 294 853 327 VIII,

461 339 496 365 ad
517 338 650 367 futuram
671 340 716 367 rei
736 339 915 367 memoriam.

362 399 493 433 Paterna
525 400 674 434 dominici
706 401 812 444 gregis
842 410 917 433 cura
931 427 938 440 ,
963 411 1056 444 quam

317 452 608 487 misericordiarum
623 459 712 499 pater
728 455 822 487 totius
836 453 1057 487 consolationis

315 506 397 540 Deus
410 507 580 542 humilitati
596 513 733 547 nostrae,
746 508 833 540 nullo
846 507 918 540 licet
934 507 1058 541 merito-

315 571 387 593 rum
404 560 564 604 suffragio,
583 560 751 601 commisit,
767 571 785 593 a
801 560 892 593 nobis
909 561 1057 604 postulat,

314 617 349 648 ut
372 614 489 657 apertis
506 614 714 647 abundantius
733 614 891 658 praesenti
912 624 993 647 anno
1014 614 1059 647 iu-

313 666 406 700 bilaei
430 666 588 700 Ecclesiae
617 667 789 708 thesauris,
814 667 1057 711 provideamus,

313 731 376 764 quo
400 730 476 763 grex
501 720 566 764 ipse
598 720 762 754 thesauros
795 721 977 754 huiusmodi
1001 732 1058 765 per

313 773 535 808 abundantiam
546 773 668 807 divinae
679 774 798 817 gratiae
810 774 977 808 salubriter
988 785 1058 809 con-

313 831 478 871 sequatur;
497 831 526 860 et
544 826 569 860 si
589 826 669 870 qua¹
688 827 775 871 pium
793 827 933 861 eiusdem
952 820 1058 872 gregis

313 879 344 912 in
358 879 542 924 praemissis
558 880 750 913 desiderium
768 880 922 925 impedire
940 892 994 915 seu
1012 893 1059 914 re-

313 932 437 965 tardare
456 943 548 977 posse
568 932 806 976 dignoscuntur,
824 934 885 976 illa,
903 940 1056 978 quantum

312 985 404 1020 nohis
428 996 465 1019 ex
490 987 553 1020 alto
571 986 765 1028 conceditur,
786 988 936 1031 peculiari
954 988 1057 1022 studio

313 1049 542 1073 removeamus,

358 1093 411 1137 gi.
426 1093 503 1127 Cum
520 1093 634 1138 itaque,
645 1094 724 1127 sieut
735 1104 799 1128 non
817 1094 883 1128 sinc
900 1095 1056 1129 viseerum

314 1150 497 1181 nostrorum
520 1147 733 1181 commotione
756 1148 947 1192 accepimus,
971 1159 1053 1182 non-

312 1200 399 1233 nulla
423 1200 513 1243 regni
547 1201 670 1234 Siciliae
702 1201 862 1243 civitates,
888 1202 1003 1246 oppida
1028 1207 1057 1237 et

312 1259 415 1287 terrae
433 1253 608 1287 innumeris
626 1254 716 1287 malis
736 1259 829 1298 atque
846 1255 1056 1290 incommodis

312 1308 352 1341 ob
369 1308 559 1341 saevientem
577 1308 654 1340 inibi
674 1308 841 1352 pestiferae
859 1310 1055 1354 contagionis

311 1361 460 1394 morbum
471 1360 695 1394 miserabiliter
706 1361 935 1403 conflictentur,
945 1369 974 1396 et
986 1374 1056 1407 pro-

310 1419 428 1458 pterea,
448 1425 506 1458 pro
531 1414 724 1456 avertendis,
752 1419 903 1458 quantum
933 1416 1055 1450 divinae

310 1467 441 1501 bonitati
465 1467 628 1511 placuerit,
655 1468 693 1500 ab
718 1468 776 1502 hac
801 1470 882 1502 alma
904 1470 986 1503 Urbe
1003 1481 1056 1503 no-

311 1523 385 1562 stra,
395 1523 523 1565 totaque
533 1521 649 1555 ditione
660 1522 877 1556 Ecclesiastica
888 1529 918 1556 et
928 1524 1056 1568 reliquis

311 1575 417 1608 Italiae
430 1575 573 1619 partibus
582 1576 676 1609 huius
687 1577 884 1620 pestilentiae
894 1578 1055 1621 periculis,

310 1629 435 1663 evenire
447 1629 557 1673 possit,
566 1633 601 1663 ut
612 1629 869 1663 christifidelibus
880 1636 999 1674 septem
1010 1642 1057 1664 ec—

310 1682 420 1716 clesias
440 1683 541 1716 almae
559 1682 651 1716 Urbis
671 1688 798 1716 nostrae
816 1689 844 1716 et
861 1689 947 1717 extra
972 1685 1056 1718 illius

310 1746 419 1770 muros
432 1735 607 1770 devotionis
620 1738 715 1769 causa
729 1736 856 1770 visitare
868 1737 1055 1781 volentibus,

310 1788 393 1823 circa
418 1799 486 1832 eas,
512 1799 592 1834 quae
622 1794 710 1823 extra
737 1800 846 1824 muros
874 1791 1055 1824 huiusmodi

310 1848 392 1884 sunt,
399 1853 488 1877 mora
498 1848 590 1887 atque
600 1843 861 1887 impedimentum
871 1844 1055 1886 inferantur,

354 1898 370 1941 ἓ
394 1896 423 1930 ⁶2.
449 1897 581 1937 idcirco,
597 1907 657 1941 pro
678 1898 845 1942 pastorali,
862 1908 956 1942 quam
981 1909 1055 1942 pro-

311 1950 469 1984 curandae
483 1950 622 1984 eiusdem
633 1950 759 1994 gregis³
771 1951 949 1985 animarum
963 1953 1055 1985 saluti

310 2004 494 2049 impendere
504 2009 660 2045 tenemur,
670 2004 889 2047 sollicitudine,
900 2006 1056 2050 spirituali

311 2058 565 2092 christifidelium
582 2058 818 2102 praedictorum
836 2059 1054 2101 consolationi,

310 2112 515 2147 benedicente
539 2112 687 2155 Domino,
713 2113 879 2146 consulere
904 2114 1054 2155 volentes,

311 2166 349 2199 de
369 2166 593 2211 omnipotentis
610 2166 665 2199 Dei
682 2166 913 2208 misericordia,
933 2178 969 2200 ac
986 2168 1056 2201 bea-

312 2225 417 2253 torum
448 2219 531 2253 Petri
559 2223 589 2253 et
618 2219 705 2252 Pauli
735 2220 952 2264 apostolorum
989 2221 1055 2254 eius

312 2272 497 2306 auctoritate
531 2272 660 2315 confisi,
683 2273 830 2307 omnibus
863 2278 893 2307 et
923 2274 1055 2318 singulis

312 2325 476 2370 utriusque
489 2337 582 2360 sexus
599 2327 866 2369 christifidelibus,
880 2329 933 2371 qui
951 2329 979 2362 S.
997 2330 1056 2362 Ma-

315 2379 380 2412 riae
397 2379 435 2412 de
459 2379 579 2423 Populo
603 2386 814 2425 nuncupatae,
832 2382 902 2415 loco
918 2382 946 2416 S.
966 2382 1056 2415 Seba-

313 2432 414 2473 stiani,
439 2442 475 2464 ac
499 2433 592 2465 etiam
616 2433 645 2466 S.
670 2434 785 2467 Mariae
809 2435 1054 2479 Transtyberim²

311 2487 382 2520 loco
407 2485 435 2519 S.
457 2486 555 2528 Pauli,
572 2496 695 2521 necnon
717 2488 744 2521 S.
772 2488 931 2521 Laurentii
951 2488 982 2521 in
1000 2489 1056 2522 Lu-

313 2539 382 2573 cina
405 2539 500 2573 etiam
533 2541 713 2584 nuncupati,
739 2542 886 2574 ecclesias
915 2542 1054 2575 eiusdem

349 2612 359 2637 1
379 2611 482 2637 Iterum
498 2610 562 2638 edit.
578 2610 657 2638 Main.
674 2611 758 2639 hahet
772 2613 798 2640 si
813 2621 887 2647 quae
903 2615 941 2647 (n.
958 2620 1005 2645 τ.).

347 2653 364 2680 ⁶2.
378 2653 449 2681 Edit.
465 2654 549 2681 Main.
565 2654 629 2690 legit
646 2656 763 2683 Graecis
777 2659 815 2689 (n.
832 2658 880 2692 T.).

394 2708 473 2736 Ball.
493 2708 577 2737 Rom.
596 2723 629 2729 ·-·
648 2709 707 2737 Vol.
729 2709 811 2738 XIII.
971 2710 1005 2737 36

1736 237 1794 271 281

1092 296 1191 328 almae
1209 294 1310 336 Urbis,
1325 295 1394 329 loco
1409 294 1437 328 S.
1455 294 1614 328 Laurentii
1628 294 1832 329 ecclesiarum

1092 354 1179 381 extra
1210 360 1318 381 muros
1343 349 1542 391 huiusmodi,
1568 348 1771 389 visitaverint,
1805 352 1834 383 ct

1091 402 1283 445 praescripta
1314 407 1407 446 atque
1430 403 1568 436 iniuncta
1592 413 1650 447 pro
1674 402 1835 446 indulgen-

1091 454 1141 486 tiis
1165 459 1195 486 et
1219 455 1287 487 aliis
1319 456 1427 498 gratiis
1457 456 1694 500 spiritualibus,
1718 456 1833 500 quibus

1091 507 1119 540 S.
1138 507 1321 549 Sebastiam,
1342 519 1378 541 ac
1395 510 1422 542 S.
1442 510 1538 550 Pauli,
1555 520 1612 543 nec
1629 520 1692 543 non
1710 510 1738 543 S.
1755 511 1833 543 Lau-

1090 560 1184 592 rentii
1209 560 1359 593 ecclesiae
1394 567 1480 594 extra
1512 573 1619 596 muros
1650 563 1832 596 huiusmodi

1091 612 1257 646 decoratae
1283 619 1365 654 sunt,
1394 615 1621 657 consequendis
1645 615 1832 660 adimpleve-

1091 665 1164 707 rint,
1185 667 1269 710 quod
1287 677 1397 700 omnes
1414 674 1445 700 et
1464 668 1603 711 singulas
1623 668 1833 712 indulgentias

1091 720 1250 764 plenarias
1267 726 1297 754 et
1313 726 1515 765 peccatorum
1532 722 1744 763 remissiones,
1765 733 1834 756 nee-

1091 783 1155 807 non
1171 774 1435 818 poenitentiarum
1460 774 1677 815 relaxationes,
1694 775 1834 819 aliasque

1091 828 1208 870 gratias
1236 827 1431 871 spiritualeS,
1457 827 1550 861 etiam
1582 838 1640 871 pro
1668 828 1833 861 animabus

1091 880 1322 921 defunctorum,
1336 880 1455 914 eisdem
1470 891 1602 925 prorsus
1615 881 1710 914 modo
1727 886 1757 914 et
1774 882 1833 915 sor-

1091 936 1142 966 ma
1162 940 1395 978 consequantur
1416 934 1618 978 (cumulative
1638 940 1752 977 tamen,
1769 945 1833 968 non

1092 993 1196 1020 autem
1220 988 1373 1032 privative
1398 989 1501 1033 quoad
1525 989 1554 1022 S.
1579 988 1771 1029 Sebastiani,
1797 999 1833 1023 ac

1091 1041 1119 1074 S.
1146 1041 1253 1084 Pauli,
1287 1052 1409 1076 necnon
1439 1042 1467 1075 S.
1498 1042 1657 1075 Laurentii
1686 1043 1833 1076 ecclesias

1091 1098 1175 1128 extra
1189 1106 1298 1128 muros
1312 1095 1506 1139 huiusmodi)
1517 1106 1594 1139 quas
1608 1106 1834 1140 consequeren-

1090 1153 1160 1187 tur,
1187 1148 1211 1181 si
1236 1149 1318 1192 ipsas
1343 1149 1371 1181 S.
1398 1149 1590 1190 Sebastiam,
1615 1159 1650 1182 ac
1674 1150 1702 1183 S.
1729 1149 1832 1190 Pauli,

1089 1212 1211 1236 necnon
1228 1202 1256 1235 S.
1275 1203 1434 1237 Laurentii
1448 1203 1596 1236 ecclesias
1621 1208 1709 1236 extra
1724 1214 1833 1237 muros

1090 1255 1261 1297 visitarent,
1279 1256 1385 1300 ibique
1410 1256 1604 1300 praescripta
1630 1262 1660 1289 et
1683 1256 1832 1298 iniuncta,

1090 1315 1123 1342 ut
1146 1310 1344 1353 praefertur,
1371 1310 1597 1354 adimplerent,
1622 1310 1770 1354 quodque
1794 1310 1832 1343 ad

1089 1363 1236 1396 effectum
1262 1363 1443 1397 huiusmodi
1461 1364 1489 1397 S.
1507 1363 1621 1397 Mariae
1639 1363 1676 1396 de
1701 1363 1832 1408 Populo,

1089 1427 1123 1449 ac
1138 1416 1166 1449 S,
1182 1417 1296 1450 Mariae
1313 1417 1559 1462 Transtyberim,
1576 1427 1698 1450 necnon
1713 1417 1742 1450 S.
1756 1418 1832 1450 Lan-

1088 1469 1182 1502 rentii
1198 1469 1230 1502 in
1247 1470 1363 1503 Lucina
1378 1470 1527 1503 ecclesiae
1539 1470 1717 1514 praedictae
1735 1470 1833 1504 omni-

1088 1523 1146 1555 bus
1157 1529 1186 1555 et
1200 1524 1332 1566 singulis
1345 1524 1556 1567 indulgentiis,
1567 1524 1660 1557 etiam
1671 1524 1831 1568 plenariis,

1090 1582 1119 1609 et
1139 1577 1334 1618 stationibus,
1355 1583 1557 1621 peccatorum
1582 1578 1832 1619 remissionibus,

1089 1631 1353 1674 poenitentiarum
1364 1632 1620 1672 relaxationibus,
1629 1632 1761 1675 aliisque
1768 1632 1834 1675 qui-

1088 1684 1195 1716 busvis
1210 1684 1320 1727 gratiis
1339 1685 1566 1728 spiritualibus,
1581 1689 1642 1719 tam
1659 1685 1742 1718 circa
1758 1686 1833 1718 alta-

1090 1737 1173 1770 rium
1197 1748 1472 1782 quorumcumque
1497 1738 1716 1779 visitationem,
1737 1749 1833 1782 quam

1090 1791 1121 1823 in
1145 1791 1207 1824 illis
1232 1792 1401 1824 missarum
1427 1791 1693 1833 celebrationem,
1718 1792 1833 1836 quibus

1089 1845 1118 1878 S.
1144 1844 1318 1878 Sebastiani
1343 1848 1373 1879 et
1397 1845 1425 1878 S.
1451 1845 1548 1886 Pauli,
1569 1855 1693 1879 necnon
1708 1846 1737 1880 S.
1755 1846 1834 1879 Lau-

1089 1898 1182 1931 rentii
1215 1898 1365 1932 ecclesiae
1396 1904 1483 1932 extra
1515 1909 1623 1932 muros
1652 1899 1834 1932 huiusmodi

1089 1957 1230 1993 utuntur,
1249 1953 1414 1996 potiuntur
1431 1958 1461 1986 et
1485 1953 1633 1996 gandent,
1650 1963 1685 1986 ac
1710 1953 1765 1993 uti,
1781 1964 1834 1997 po-

1089 2005 1140 2037 tiri
1154 2010 1184 2038 et
1195 2005 1333 2048 gaudere
1349 2011 1480 2050 possunt
1496 2011 1526 2039 et
1538 2011 1687 2050 poterunt
1699 2017 1833 2050 quomo-

1089 2059 1207 2092 dolibet
1229 2059 1262 2092 in
1285 2059 1442 2100 futurum,
1468 2059 1535 2103 pari
1561 2059 1655 2092 modo
1680 2064 1710 2092 et
1733 2070 1833 2104 aeque

1088 2113 1314 2157 principaliter,
1333 2113 1399 2145 sine
1416 2113 1480 2145 ulla
1497 2123 1629 2156 prorsus
1643 2113 1832 2156 differentia,

1089 2168 1144 2208 uti,
1157 2167 1253 2211 potiri
1265 2173 1294 2200 et
1308 2167 1446 2210 gaudere
1460 2167 1559 2200 libere
1573 2172 1603 2200 et
1615 2167 1699 2201 licite
1712 2168 1834 2212 possint

1089 2227 1118 2254 et
1143 2221 1280 2263 valeant,
1301 2221 1475 2265 apostolica
1501 2221 1705 2263 auctoritate,
1722 2227 1832 2255 tenore

1088 2274 1311 2318 praesentium,
1328 2273 1530 2307 concedimus
1548 2277 1578 2308 et
1598 2274 1808 2318 indulgemus.

1133 2329 1147 2371 ξ
1164 2326 1193 2360 ῑ3
1212 2328 1280 2361 Non
1297 2327 1493 2361 obstantibus
1506 2329 1616 2360 nostra
1633 2327 1670 2360 de
1684 2338 1746 2361 non
1763 2338 1833 2362 con-

1090 2381 1236 2414 cedendis
1266 2381 1469 2424 indulgentiis
1494 2381 1533 2413 ad
1558 2381 1676 2422 instar,
1701 2379 1833 2426 aliisque

1091 2435 1365 2467 constitutionibus
1386 2440 1415 2468 et
1435 2435 1686 2468 ordinationibus
1711 2439 1833 2480 aposto-

1090 2488 1167 2528 licis,
1193 2488 1379 2530 statutisque
1397 2493 1426 2520 et
1447 2488 1737 2530 consuetudinibus,
1754 2495 1833 2523 cete-

1090 2542 1198 2586 risque
1223 2541 1389 2574 contrariis
1415 2541 1676 2586 quibuscumque.

1135 2597 1149 2639 g
1166 2596 1195 2628 li.
1214 2595 1433 2628 Praesentibus
1448 2595 1486 2627 ad
1498 2600 1642 2629 nostrum
1658 2596 1834 2640 beneplaci-

1089 2655 1156 2682 tum
1174 2650 1336 2682 dumtaxat
1352 2648 1502 2683 valituris.

1847 248 1896 276 An.
1913 247 1940 275 C.
1964 249 2032 278 1625

1848 2337 1959 2359 Contraria
1972 2337 2031 2357 toltit.
