2269 3235
109 258 158 286 An.
173 257 201 285 C.
225 255 293 284 1626

137 1225 249 1246 Concessio
266 1225 294 1245 sa-

110 1253 210 1281 cultatum
222 1257 294 1273 neees-

110 1284 222 1300 sanarum.

920 255 1062 279 Ulmanus
1084 254 1141 278 vm
1165 255 1213 278 ΡΙ).

304 304 461 337 Romanae
485 304 641 337 Ecclesiae
664 303 869 337 cardinalium
896 303 1041 344 collegio,

304 357 438 400 ullisque
463 357 531 390 aliis
556 368 693 401 unquam
720 356 904 390 nominatim
933 356 980 387 vel
1014 355 1042 387 in

306 411 408 454 specie
434 411 585 444 rationem
599 416 652 444 aut
669 409 946 443 administrationis
964 420 1046 441 com-

306 470 417 508 putum
443 465 574 498 reddere
600 464 744 505 tenearis,
777 473 834 496 nee
858 462 896 495 ad
921 462 950 495 id
976 463 1044 505 cogi

307 522 359 552 aut
376 519 523 562 compelli
548 518 664 562 possis:
683 520 712 550 et
731 516 945 556 nihilominus,
967 516 991 548 si
1014 521 1045 548 tu

308 571 459 604 rationem
496 576 549 604 aut
584 568 864 602 administrationis
899 573 1047 612 computa

308 630 419 668 sponte
445 624 577 657 reddere
601 622 746 663 volueris,
767 632 919 665 expensas
943 622 1047 654 liuius-

308 677 403 717 modi,
421 687 477 721 per
493 682 531 717 tc,
548 681 582 709 ut
599 676 787 719 praefertur,
801 674 967 715 faciendas,
984 679 1048 707 tan-

308 741 401 773 quam
422 730 460 762 de
484 739 633 773 expresso
658 728 769 761 ordine
786 733 816 761 et
832 728 978 761 mandato
995 738 1048 761 no-

308 789 373 816 stro
397 784 502 823 sactaS,
527 793 562 815 ac
586 782 681 815 veluti
706 782 730 814 si
756 792 773 814 a
796 781 887 814 nobis
911 781 987 825 ipsis
1004 782 1047 814 sa-

308 841 373 868 ctae
397 835 536 877 fuissent,
554 835 619 876 tibi,
634 835 699 868 sine
716 836 780 868 ulla
801 846 932 879 prorsus
953 846 1049 879 oppo-

307 889 432 929 sitione,
454 894 506 922 aut
529 889 717 933 partitarum
739 900 795 934 per
821 894 849 922 te
874 889 1048 922 dandarum

306 941 484 984 reiectione,
504 947 557 975 aut
575 943 605 975 in
625 943 754 976 dubium
770 943 979 985 revocatione,
997 943 1050 976 bo-

306 1005 363 1028 nas
381 995 460 1037 fieri,
486 1001 517 1029 et
539 996 570 1028 in
595 996 734 1029 eiusdem
760 1006 903 1029 camerae
927 1000 1050 1040 aposto-

307 1048 385 1081 lieae
404 1049 492 1081 libris
509 1049 655 1090 describi,
676 1050 819 1082 adnotari
842 1054 872 1083 et
892 1049 1047 1093 acceptari

307 1101 406 1134 libere
432 1103 576 1135 volumus
593 1107 623 1135 et
647 1113 794 1147 expresse
819 1102 1002 1136 ordinamus
1021 1107 1049 1135 et

310 1154 504 1188 mandamus.

353 1208 368 1251 ἓ
392 1208 421 1241 5.
449 1209 487 1242 Ut
504 1220 578 1242 vero
596 1209 701 1242 omnia
718 1214 747 1242 et
765 1210 897 1252 singula,
916 1220 995 1253 quae
1012 1209 1050 1242 ad

308 1261 481 1304 praemissa
496 1262 665 1306 pertinent,
683 1265 817 1303 summa,
832 1267 865 1295 ut
883 1262 982 1302 decet,
1000 1273 1051 1295 au-

310 1315 453 1348 ctoritate
476 1315 720 1359 praecipiantur,
745 1321 775 1348 et
798 1315 867 1359 pari
892 1315 1050 1348 celeritate

310 1367 431 1401 debitae
449 1369 650 1412 exequutioni
675 1369 912 1411 demandentur,
927 1367 935 1386 ¹
953 1369 1051 1402 omni-

309 1421 367 1454 bus
392 1427 421 1454 et
446 1422 577 1464 singulis
599 1423 862 1466 archiepiscopis,
896 1423 1050 1466 episeopis

310 1479 339 1508 et
363 1475 431 1508 aliis
456 1475 598 1509 locorum
617 1476 800 1517 Ordinariis,
825 1487 947 1510 necnon
963 1488 1051 1520 prae-

310 1528 493 1570 sidentibus,
511 1529 787 1572 gubernatoribus,
809 1531 984 1574 praesectis,
1003 1541 1051 1563 eo-

308 1592 380 1615 rum
398 1583 692 1624 locumtenentibus,
718 1584 917 1626 praetoribus
935 1587 965 1617 et
982 1584 1050 1616 aliis

309 1646 508 1680 quocumque
536 1637 663 1669 nomine
693 1637 882 1680 nuncupatis
911 1637 1049 1670 officiali-

308 1688 366 1721 bus
391 1694 421 1722 et
445 1689 606 1729 ministris,
630 1690 739 1733 quavis
764 1693 927 1733 potestate,
948 1694 1051 1724 aueto-

309 1742 400 1775 ritate
414 1748 443 1775 et
456 1742 623 1786 privilegio
641 1743 787 1783 suffultis,
805 1748 832 1775 et
851 1743 1051 1786 quibuscum-

311 1806 381 1838 que,
396 1796 489 1828 etiam
507 1807 525 1828 a
540 1796 631 1829 nobis
648 1801 677 1828 et
694 1796 874 1840 Apostolica
896 1796 974 1829 Sede
996 1807 1050 1829 seu

312 1850 437 1881 camera
467 1850 638 1893 apostolica
668 1850 849 1882 immediate
878 1849 1051 1893 deputatio-

311 1912 382 1935 nem
407 1902 604 1943 habentibus,
631 1914 686 1936 seu
709 1903 968 1947 dependentibus,
993 1913 1050 1936 nec

312 1966 374 1989 non
387 1956 567 1997 baronibus,
581 1956 766 1997 domicellis,
781 1957 957 1997 comitibus,
971 1957 1054 1989 aliis-'

313 2020 383 2053 que,
409 2010 502 2042 etiam
531 2010 650 2052 ducali,
677 2010 894 2051 marchionali,
920 2011 967 2043 vel
991 2010 1051 2042 alia

312 2063 463 2106 dignitate
497 2064 674 2107 insignitis,
708 2065 1050 2109 eommunitatibusquc

312 2123 341 2150 et
354 2117 609 2151 universitatibus
624 2124 653 2151 et
670 2119 852 2152 bominibus
870 2119 1052 2162 quarumvis

312 2171 556 2215 provinciarum,
582 2172 752 2214 civitatum,
771 2178 930 2205 terrarum
955 2178 985 2205 et
1008 2172 1051 2205 lo-

314 2235 422 2257 corum
446 2225 535 2258 nobis
560 2230 590 2258 et
614 2231 737 2258 sanctae
762 2226 920 2259 Romanae
945 2226 1051 2259 Eccle-

314 2276 376 2310 siae
397 2278 529 2313 mediate
546 2279 593 2311 vel
618 2278 799 2312 immediate
825 2279 1049 2319 subiectorum,

314 2330 418 2363 omnia
442 2336 472 2364 et
488 2342 704 2376 quaecumque
720 2333 884 2366 occasione
900 2332 1052 2376 praemis-

314 2394 432 2424 sorum,
453 2395 531 2428 quae
550 2386 603 2419 tibi
627 2387 803 2420 necessaria
821 2392 851 2419 et
874 2391 1052 2430 opportuna

314 2437 379 2470 visa
408 2438 542 2481 suerint,
571 2444 601 2472 et
625 2440 715 2473 toties
748 2440 870 2484 quotics
898 2440 1051 2480 volueris,

314 2491 453 2531 mandes,
468 2491 576 2525 iubeas
590 2498 620 2525 et
632 2493 778 2537 imperes,
792 2504 828 2526 ac
841 2493 934 2526 etiam
948 2493 1051 2526 S.R.E.

315 2545 534 2589 cardinalibus,
560 2546 652 2579 etiam
676 2547 713 2580 de
737 2547 834 2581 latere
859 2547 980 2590 legatis,
1004 2557 1054 2579 ro-

314 2599 416 2642 gando
440 2599 601 2643 iniungas;
627 2611 735 2634 omnes
758 2611 833 2634 vero
858 2605 888 2634 et
913 2600 1053 2643 singulos

352 2664 362 2690 1
380 2662 446 2692 Ileie
462 2663 557 2691 deesse
574 2663 678 2691 videtur
692 2663 825 2700 particula
840 2666 870 2693 ut
886 2665 921 2698 (a.
937 2663 981 2698 τ.).

1724 244 1781 277 501

1078 303 1220 344 barones,
1239 302 1431 342 domicellos,
1445 302 1585 342 comites,
1601 302 1751 345 aliosque,
1765 302 1818 333 (Ιιι-

1080 356 1136 387 eali
1152 361 1181 387 et
1196 356 1401 389 niarcliionali
1420 356 1465 387 vel
1481 355 1539 387 ulia
1560 355 1710 395 dignitate
1735 365 1820 398 prae-

1079 408 1169 450 ditos,
1181 414 1211 441 ct
1224 409 1378 452 quaslibet
1390 409 1465 441 alias
1479 409 1653 451 singulares
1671 418 1820 452 personas

1080 461 1173 493 etiam
1200 462 1438 502 ecclesiasticas,
1458 467 1518 494 tam
1539 463 1706 502 seculares,
1724 472 1818 505 quam

1081 513 1265 556 quorumvis
1279 514 1440 554 Ordinuiu,
1455 526 1508 547 seu
1524 515 1716 553 militiarum,
1727 514 1819 546 etlam

1081 566 1109 599 S,
1128 566 1252 599 loannis
1277 567 1563 610 lliei'osolyinitani,
1584 569 1745 611 regulares
1766 567 1820 609 (ita

1081 625 1202 661 tamen,
1231 625 1266 652 ut
1297 626 1406 653 contra
1437 622 1562 654 cosdem
1594 622 1821 654 ecclesiasticos

1081 673 1204 706 nonnisi
1230 684 1286 717 per
1310 684 1460 717 personas
1487 675 1517 706 in
1547 675 1697 717 dignitate
1722 676 1820 708 ecclc-

1082 726 1208 759 siastica
1232 728 1428 768 constitutas,
1453 738 1509 771 per
1528 731 1556 760 tc
1576 729 1671 760 semel
1690 729 1735 760 vel
1758 729 1822 771 plu-

1083 780 1145 813 ries
1175 780 1268 813 etiam
1306 781 1423 813 iteratis
1458 781 1576 813 vicibus
1611 781 1821 824 deputandas,

1082 834 1295 878 procedatur),
1322 835 1347 867 si
1377 844 1456 878 quae
1480 834 1650 874 mandatis,
1677 834 1768 867 iussis
1793 841 1820 867 et

1084 888 1310 921 monitionibus
1334 889 1395 921 tuis
1421 888 1640 931 obtemperare
1663 899 1824 921 recusave-

1085 941 1155 982 rint,
1173 946 1226 974 aut
1242 941 1303 974 illis
1320 952 1448 985 quoquo
1466 941 1559 974 modo
1577 942 1823 974 contradixerint

1084 995 1131 1027 vel
1155 1005 1224 1027 sese
1247 995 1461 1038 opposuerint,
1488 1000 1634 1038 tanquam
1660 995 1776 1028 nostris
1794 1000 1821 1027 et

1083 1048 1263 1092 apostolicis
1286 1048 1450 1089 mandatis,
1476 1048 1569 1081 iussis
1593 1054 1623 1082 et
1648 1048 1824 1081 monitioni-

1083 1101 1141 1134 bus
1165 1112 1277 1145 parere
1302 1106 1491 1144 recusantes,
1518 1102 1642 1146 illisque
1667 1102 1824 1135 contradi-

1084 1160 1200 1196 centes,
1218 1166 1253 1189 ae
1279 1166 1311 1189 se
1331 1159 1539 1199 opponentes,
1564 1162 1689 1189 nostros
1707 1162 1736 1189 et
1758 1167 1825 1189 san-

1084 1214 1150 1241 ctae
1175 1209 1334 1242 Romanae
1358 1209 1526 1249 Ecclesiae,
1546 1220 1581 1242 ac
1599 1209 1686 1242 Sedis
1704 1215 1825 1253 aposto-

1084 1262 1161 1296 lieae
1175 1263 1307 1295 rebelles
1318 1262 1458 1295 declares
1469 1266 1497 1296 et
1510 1262 1661 1306 publices,
1671 1273 1705 1296 ae
1716 1267 1824 1297 contra

1085 1316 1153 1348 illos
1178 1315 1365 1356 summarie,
1392 1315 1578 1359 simpliciter
1602 1321 1632 1348 et
1656 1316 1693 1349 de
1718 1317 1823 1359 plano,

1084 1368 1150 1401 sine
1166 1368 1298 1411 strepitu
1313 1373 1342 1400 et
1358 1368 1461 1411 figura
1479 1368 1596 1409 iudicii,
1614 1379 1710 1401 manu
1727 1369 1823 1411 regia,

1084 1423 1170 1455 nullo
1188 1422 1266 1455 iuris
1283 1422 1393 1455 ordine
1411 1428 1544 1463 servato,
1565 1433 1622 1455 nec
1640 1423 1744 1466 aliquo
1763 1423 1823 1455 sor-

1085 1481 1168 1509 mato
1194 1487 1363 1519 processu,
1389 1487 1478 1510 more
1503 1477 1652 1519 militari,
1678 1482 1731 1509 aut
1755 1477 1823 1509 iure

1084 1530 1214 1569 belli‚ad
1229 1530 1435 1573 privationem
1453 1530 1639 1572 officiorum,
1658 1531 1822 1563 feudorum

1085 1587 1114 1614 et
1139 1582 1294 1615 bonorum
1328 1594 1603 1627 quorumcumque
1635 1583 1727 1616 etiam
1753 1584 1826 1617 allo-

1084 1635 1213 1668 dialium
1245 1647 1303 1679 per
1328 1647 1381 1669 eos
1407 1637 1438 1668 in
1467 1632 1722 1682 quibuscumque
1747 1638 1824 1670 locis

1084 1697 1319 1730 possessorum,
1345 1698 1401 1720 seu
1426 1688 1536 1730 quovis
1561 1688 1655 1721 modo
1685 1689 1825 1722 obtento-

1084 1751 1155 1773 rum
1181 1741 1364 1785 respective,
1390 1741 1475 1773 omni
1501 1745 1530 1774 et
1554 1752 1751 1785 quacumque
1776 1752 1827 1786 ap-

1085 1795 1253 1837 pellatione
1271 1799 1300 1828 et
1319 1806 1448 1827 recursu
1466 1795 1644 1838 pospositis,
1661 1796 1825 1839 procedaS,

1084 1852 1114 1879 ct
1130 1847 1184 1880 ubi
1208 1848 1325 1880 iustitia
1347 1848 1389 1881 ita
1417 1849 1566 1891 exegerit,
1588 1854 1615 1881 et
1634 1849 1712 1882 ordo
1733 1849 1827 1882 dieta-

1085 1901 1165 1934 verit
1188 1901 1328 1942 rationis,
1346 1912 1401 1934 seu
1427 1913 1498 1934 cum
1517 1902 1558 1934 ita
1584 1903 1732 1946 expedire
1750 1903 1827 1935 iudi—

1086 1955 1214 1997 caveris,
1235 1955 1361 1988 eosdem
1381 1956 1627 1989 contradictores
1645 1962 1674 1989 et
1691 1956 1826 1989 rebelles

1085 2019 1283 2052 quacumque
1308 2009 1502 2052 pecuniaria,
1522 2010 1570 2042 vel
1596 2010 1765 2053 corporali,
1791 2020 1826 2043 ae

1086 2062 1178 2094 ctiam
1203 2062 1305 2095 ultimi
1330 2063 1474 2107 supplicii
1502 2066 1603 2106 poena
1622 2064 1701 2096 affici
1721 2064 1825 2105 saclas,

1086 2122 1115 2148 et
1139 2122 1248 2149 contra
1273 2116 1417 2159 eosdem,
1444 2122 1506 2148 tam
1533 2127 1591 2160 pro
1624 2117 1824 2160 praemissis,

1086 2180 1179 2213 quam
1204 2181 1263 2213 pro
1288 2170 1357 2202 aliis
1381 2170 1631 2213 quibuscumque
1657 2170 1694 2202 ab
1712 2170 1757 2202 eis
1775 2181 1827 2213 pa-

1087 2224 1173 2256 tratIs
1191 2224 1375 2257 criminibus
1403 2228 1432 2257 et
1456 2224 1586 2265 delictis,
1613 2224 1705 2256 simili
1732 2224 1826 2257 modo

1086 2282 1115 2312 et
1139 2278 1239 2311 forma
1265 2277 1419 2321 procedas
1450 2279 1535 2320 (eum
1568 2279 1712 2311 facultate
1737 2289 1828 2321 quos-

1086 2343 1221 2375 cumque
1247 2344 1283 2364 ex
1308 2331 1357 2364 liis
1382 2332 1619 2375 resipiscentes,
1646 2338 1675 2365 et
1703 2332 1826 2364 veniam

1086 2386 1287 2429 postulantes,
1313 2396 1348 2417 ac
1373 2385 1411 2418 de
1433 2391 1538 2419 cetero
1563 2396 1580 2419 a
1606 2386 1759 2418 similibus
1777 2386 1827 2418 ab·

1086 2435 1446 2482 stinere'proponentes,
1468 2441 1561 2471 etiam
1586 2444 1657 2483 post
1682 2440 1826 2472 condem-

1086 2493 1263 2533 nationem,
1289 2496 1318 2526 et
1342 2492 1373 2524 in
1398 2492 1465 2536 ipso
1496 2492 1631 2525 iustitiae
1656 2498 1742 2535 actu,
1773 2504 1828 2526 seu

1087 2556 1208 2590 poenae
1221 2545 1439 2589 exequutione,
1450 2546 1641 2587 absolvendi,
1656 2557 1691 2579 ac
1708 2558 1826 2590 poenas

1087 2609 1303 2644 quascumque
1320 2598 1364 2631 eis
1381 2599 1558 2632 remittendi
1573 2605 1603 2632 et
1619 2600 1827 2641 condonandi,

1087 2665 1213 2698 eosque,
1232 2664 1267 2687 ac
1287 2659 1513 2697 quoscumque·
1527 2653 1614 2696 alios,
1632 2665 1650 2687 a
1666 2654 1827 2698 quibusvis

1834 254 1883 280 Λη.
1904 253 1932 281 C.
1951 253 2018 280 1526
