2269 3235
77 243 126 269 An.
146 241 175 268 C.
194 240 262 268 1623

880 237 1021 261 cacanus

271 297 445 331 somnoque
468 287 656 320 brevissimo
680 286 762 319 vires
785 284 916 318 reticete
941 289 1029 317 cons

272 345 424 381 sueverat,
441 340 542 381 humi,
565 340 613 372 vel
629 339 742 372 lectulo
760 337 918 370 vilissimis
935 342 1011 370 stra-

271 393 354 436 gulis
377 398 520 427 contecto
545 393 658 426 iacens.
682 391 801 434 Corpus
832 401 923 435 suum
948 391 1009 423 fer-

272 446 334 479 reis
357 446 490 490 flagellis
514 445 591 479 adeo
615 444 843 485 diverberabat,
868 449 902 476 ut
918 453 1010 487 saepe

272 500 420 544 copiosus
444 499 570 543 sanguis
593 498 752 531 afflueret:
777 496 944 540 aliquando
960 507 1011 529 au-

273 557 347 594 tem,
362 552 509 586 funiculis
524 552 698 585 arctissime
717 549 894 584 constrictis
916 550 1012 582 lacer-

273 606 313 639 tis
337 611 368 640 et
390 590 633 645 coxendicibus,
658 604 718 637 iter
742 613 910 647 aggressus
927 607 1010 636 erat:

274 670 408 704 cumque
431 660 537 704 plures
559 659 626 692 dies
657 659 688 691 in
712 669 750 691 eo
774 657 915 693 cruciatu
938 667 1011 700 per-

274 718 456 754 severasset,
480 713 603 746 vincula
627 712 704 745 adeo
728 711 854 755 corpori
874 710 942 743 cius
965 710 1012 742 in-

273 767 335 801 fixa
357 772 465 808 erant,
489 772 523 800 ut
555 777 631 811 prae
655 766 773 800 doloris
798 763 1013 808 magnitudine

273 821 394 854 viribus
417 821 584 854 destitutus
608 820 639 853 in
663 820 713 852 via
738 818 937 858 concideret,
963 828 1013 858 ac,

274 874 334 907 nisi
357 874 529 918 praecipuo
552 874 607 907 Dei
631 873 796 913 beneficio,
817 873 934 915 absque
950 871 1014 904 ulla

275 928 411 961 humana
434 938 514 972 ope,
539 927 681 971 disrupta
704 927 855 966 fuissent,
880 926 918 958 de
948 925 1015 957 eius

275 980 338 1014 vita
367 981 495 1014 omnino
527 980 729 1024 desperatum
764 979 882 1012 fuisset.
918 977 1015 1016 Quam

275 1034 437 1078 praeclare
460 1044 536 1067 vero
568 1033 601 1066 in
634 1033 701 1066 eius
736 1033 841 1065 animo
876 1031 1016 1074 reliquae

277 1087 466 1121 christianae
481 1087 612 1120 virtutes
629 1085 834 1125 effulsissen1;
851 1095 946 1128 quam
966 1095 1017 1128 po-

277 1145 380 1174 tenter
398 1145 486 1174 scuto
503 1140 576 1173 fidei
592 1144 752 1183 protectus
769 1138 874 1171 omnia
889 1138 1016 1181 nequis-

278 1193 349 1227 simi
373 1194 465 1236 ignea
489 1193 550 1226 tela
572 1192 769 1235 extinxissetj
795 1196 824 1224 et
847 1202 942 1234 quam
967 1191 1018 1223 fn·-

278 1247 371 1279 miter
389 1247 420 1279 in
440 1247 503 1280 Deo
520 1250 685 1290 sperasset,
701 1250 730 1278 et
747 1250 1015 1278 sacramentorum

278 1299 460 1342 frequentia,
474 1299 588 1342 quihus
604 1308 667 1331 non
683 1299 784 1331 solum
803 1297 1015 1340 semetipsum,

278 1351 332 1384 sed
351 1356 382 1384 et
405 1351 482 1384 alios
503 1351 597 1384 etiam
622 1352 745 1384 summa
764 1361 835 1383 eum
852 1350 1017 1383 devotione

277 1414 313 1437 ac
328 1404 483 1437 indefessa
498 1404 677 1438 assiduitate
693 1404 858 1448 pascebat,
884 1407 914 1437 et
930 1403 1016 1436 verbi

277 1457 331 1491 Dei
355 1457 479 1490 assidua
502 1457 709 1501 praedicatio,
734 1468 796 1500 qua
819 1462 881 1489 tam
906 1456 1016 1499 ingen-

277 1515 338 1545 tem
355 1510 441 1545 orbis
456 1515 613 1544 terrarum
633 1515 755 1554 partem
775 1510 1016 1551 illuminaverat,

278 1564 442 1608 insigniter
457 1564 692 1597 attestabantur.
718 1563 778 1597 Sed
799 1564 880 1596 inter
897 1568 1017 1596 ceteras

278 1618 345 1650 cius
357 1617 498 1658 virtutes,
509 1617 598 1661 quasi
611 1617 705 1662 sydus
717 1616 916 1657 matutinum,
930 1626 1018 1660 prae-

279 1671 371 1715 cipue
385 1671 624 1716 resplenduerat
640 1671 792 1711 cha1·itas;
809 1681 889 1714 quae
906 1670 938 1702 in
955 1680 1019 1703 om-

278 1724 370 1758 nihus
386 1724 513 1769 quidem
538 1725 604 1758 eius
628 1725 814 1764 actionibus,
831 1724 1017 1768 praesertim

280 1782 383 1813 tamen
414 1789 486 1811 curn
511 1778 648 1822 aegrotis
678 1778 863 1819 inserviret,
888 1778 1018 1811 manife-

279 1832 427 1865 stabatur.
464 1832 508 1865 Eo
544 1832 659 1865 etenim
695 1831 870 1865 dilectionis
905 1831 1018 1865 ardore

280 1896 355 1929 erga
377 1886 489 1929 inopes
512 1885 665 1926 infirmos,
681 1885 735 1929 qui
753 1885 785 1918 in
801 1885 947 1918 domibus
971 1886 1019 1918 vel

280 1939 486 1983 hospitalibus
509 1939 732 1979 morabantur,
757 1949 789 1971 se
814 1939 961 1982 gerebat,
986 1944 1020 1971 ut

280 2003 353 2027 raro
369 1993 408 2026 ab
425 1993 470 2026 eis
486 1993 676 2026 discederet:
701 1994 849 2036 tantaque
870 2003 1019 2026 sensuum

281 2046 523 2081 mortificatione
560 2046 760 2090 quantumvis
804 2046 1020 2079 sordidissima

280 2099 453 2132 ministeria
477 2099 663 2143 peragebat,
687 2104 722 2131 ut
745 2109 859 2143 aquam
885 2099 1019 2142 saepius,

282 2163 342 2196 qua
365 2153 530 2186 horribilia
549 2158 579 2185 et
603 2152 789 2186 incurabilia
812 2153 919 2186 ulcera
943 2153 1021 2185 lave-

282 2210 340 2248 rat,
357 2206 513 2240 ebibisset.
534 2207 610 2240 Cum
631 2217 706 2240 vero
723 2206 786 2239 vita
809 2207 1022 2250 periclitaren-

286 2264 345 2300 tur,
368 2265 441 2293 tunc
465 2260 536 2302 cibi,
554 2261 717 2304 somnique
741 2270 871 2304 prorsus
895 2260 1020 2301 oblitus,

286 2315 315 2346 et
337 2319 460 2356 praeter
494 2315 639 2359 proprias
662 2315 744 2348 vires
769 2325 786 2347 a
809 2314 872 2347 Deo
896 2314 1021 2347 consor-

286 2370 377 2406 tatus,
395 2367 489 2400 veluti
512 2378 529 2400 a
553 2369 722 2402 commissa
742 2368 881 2402 custodia
897 2378 955 2401 nec
972 2367 1021 2400 dic

287 2428 343 2451 nec
362 2424 452 2452 nocte
475 2420 667 2454 discedebat:
688 2421 812 2465 illisque
829 2421 1023 2454 sanctissima

286 2472 445 2505 Ecclesiae
458 2479 660 2516 sacramenta,
677 2480 859 2519 ceterasque
879 2475 1025 2518 spiritua·

287 2526 332 2558 les
355 2526 519 2559 alimonias
533 2528 715 2570 praebebat,
733 2538 812 2572 quae
829 2528 907 2562 adeo
927 2528 1026 2560 libeu-

290 2583 335 2613 ter
360 2583 452 2623 atque
474 2579 617 2614 hilariter
641 2582 870 2625 exequebatur,
894 2586 928 2614 ut
952 2581 1027 2613 deli-

290 2632 356 2666 ciae
379 2633 446 2667 eius
470 2633 629 2668 deservire
657 2636 792 2677 aegrotis
823 2646 857 2667 ac
888 2635 1026 2667 morien-

1046 237 1101 260 vm
1126 236 1173 260 rr.

1045 285 1125 317 tibus
1149 293 1217 316 csse
1245 283 1442 322 dicerentur,
1475 284 1505 314 ct
1534 280 1623 324 quasi
1654 280 1780 323 aliquod

1043 338 1193 370 talentum
1217 336 1275 369 sibi
1301 335 1423 368 divinae
1453 333 1654 377 benignitatis
1678 333 1781 365 muni-

1043 390 1168 423 ficentia
1192 389 1346 422 creditum
1365 388 1598 431 negotiaretu1·;
1615 386 1782 419 assiduam-

1043 453 1104 486 que
1127 443 1208 476 hanc
1232 453 1308 486 erga
1331 445 1477 485 aegrotos
1500 451 1620 482 curam,
1645 451 1681 473 ac
1704 440 1782 482 vigi-

1043 496 1171 529 lantiam
1195 501 1260 529 toto
1284 495 1364 529 vitae
1384 506 1458 528 suae
1475 501 1627 539 ternpore,
1644 493 1785 526 ubicum-

1045 560 1106 593 que
1130 552 1331 590 moraretur,
1356 553 1551 581 exercuerat.
1584 546 1644 580 Sed
1669 551 1698 579 et
1727 556 1785 590 per

1045 602 1187 635 eamdem
1214 601 1397 634 charitatem
1413 628 1420 641 ,
1449 611 1529 645 quae
1553 611 1610 644 per
1633 600 1786 644 Spiritum

1045 657 1192 690 Sanctum
1209 655 1321 688 diffusa
1337 660 1405 688 erat
1422 655 1452 687 in
1473 655 1568 688 corde
1584 654 1692 698 ipsius,
1709 654 1786 687 adeo

1047 710 1084 743 ad
1104 710 1202 743 Deum
1219 709 1398 749 accedebat,
1416 713 1565 752 tantoque
1582 708 1711 752 spiritus
1731 708 1787 741 ser-

1048 774 1121 797 vore
1145 764 1177 795 in
1201 763 1344 796 oratione
1368 761 1609 806 perseverabat,
1633 764 1666 794 ut
1682 760 1789 794 huius-

1048 816 1132 850 modi
1157 817 1229 850 cibo
1254 816 1407 857 intentus,
1431 826 1494 859 quo
1523 814 1706 848 interiorem
1731 815 1788 847 ho-

1048 871 1164 903 minem
1189 869 1361 910 reficiebat,
1386 874 1494 902 noctes
1518 869 1656 911 integras
1681 867 1790 901 transi-

1049 929 1152 967 geret:
1179 934 1246 964 nec,
1272 934 1344 957 cum
1368 924 1400 956 in
1424 923 1495 956 navi
1520 926 1614 963 esset,
1639 927 1734 966 atque
1758 922 1790 954 in

1049 983 1158 1021 aperto
1182 977 1262 1010 vitae
1286 977 1468 1010 discrimine
1498 977 1528 1009 in
1554 976 1685 1009 summis
1710 981 1789 1009 tem-

1049 1030 1222 1074 pestatibus
1239 1035 1429 1070 versaretur,
1447 1029 1621 1069 desisteret,
1635 1034 1688 1061 aut
1705 1028 1792 1072 quid-

1050 1094 1144 1128 quam
1161 1084 1267 1117 animo
1284 1087 1553 1117 commoveretur:
1571 1082 1723 1125 fieretque
1739 1081 1792 1114 ali—

1050 1137 1175 1180 quando
1199 1137 1269 1169 talis
1295 1147 1391 1180 super
1411 1147 1483 1168 eum
1504 1135 1617 1168 mentis
1634 1145 1791 1175 excessus,

1050 1195 1083 1222 ut.
1107 1190 1206 1223 oculis
1229 1190 1260 1221 in
1290 1190 1410 1222 caelum
1441 1189 1568 1230 defixis,
1592 1189 1698 1221 divina
1722 1189 1751 1221 vi
1775 1200 1791 1221 a

1051 1246 1133 1277 terra
1157 1244 1335 1277 elevaretur
1359 1244 1447 1275 vultu
1470 1243 1548 1276 adeo
1568 1243 1791 1280 inflammatus,

1050 1302 1084 1330 ut
1107 1297 1281 1339 angelicam
1306 1307 1438 1340 prorsus
1462 1296 1636 1329 claritatem
1664 1306 1793 1339 reprac-

1051 1355 1186 1384 sentaret
1200 1377 1208 1391 ,
1232 1360 1289 1383 nec
1313 1350 1410 1382 divini
1434 1349 1552 1382 amoris
1575 1349 1716 1393 perferre
1740 1360 1793 1381 va-

1050 1404 1117 1436 lens
1137 1404 1316 1437 incendium
1338 1403 1461 1447 saepius
1477 1403 1687 1436 exclamaret:
1705 1403 1793 1436 Satis

1051 1462 1106 1498 est,
1129 1458 1276 1497 Domine,
1304 1457 1385 1490 satis
1409 1462 1464 1489 est.
1488 1456 1564 1490 Cum
1584 1467 1659 1489 vero
1687 1466 1792 1489 sacro-

1052 1514 1193 1544 sanctum
1226 1510 1339 1543 missae
1375 1509 1549 1542 celebraret
1580 1509 1792 1549 sacrificium,

1051 1573 1281 1606 saepenumero
1305 1573 1323 1595 a
1347 1562 1490 1596 sensibus
1515 1573 1614 1606 usque
1638 1563 1716 1596 adeo
1740 1563 1794 1595 ab·

1051 1617 1258 1657 alienabatur,
1282 1622 1316 1649 ut
1339 1627 1397 1650 nec
1421 1617 1558 1650 ministri
1582 1622 1701 1650 vestem
1727 1628 1796 1650 suc-

1052 1670 1224 1711 cutientes,
1248 1671 1310 1703 nisi
1340 1675 1412 1714 post
1442 1670 1624 1703 diuturnam
1648 1680 1770 1704 moram
1787 1698 1794 1712 ‚

1052 1724 1186 1758 excitare
1214 1728 1351 1768 possent.
1388 1724 1469 1763 Quin
1501 1724 1594 1757 etiam
1627 1724 1794 1768 aliquoties

1052 1778 1144 1811 altius
1168 1778 1275 1811 cubito
1299 1788 1317 1810 a
1341 1782 1426 1811 terra
1450 1777 1559 1819 elatus,
1583 1777 1623 1810 ab
1648 1777 1795 1811 universa

1052 1831 1241 1864 adstantium
1266 1831 1476 1872 multitudine,
1501 1831 1646 1864 miraculi
1673 1831 1796 1874 magni-

1052 1885 1194 1918 tudinem
1218 1885 1462 1928 obstupescente
1486 1895 1521 1917 ac
1546 1884 1627 1917 servi
1652 1884 1706 1917 Dei
1730 1895 1797 1917 san-

1053 1939 1191 1972 ctitatem
1228 1939 1438 1982 suspiciente,
1463 1942 1650 1982 conspectus
1684 1938 1794 1971 suerat.

1053 1993 1116 2025 Nec
1140 1993 1243 2026 solum
1268 1991 1401 2034 vigilans
1425 1992 1473 2024 vir
1497 1997 1621 2025 sanctus
1646 1992 1744 2024 Deum
1765 1992 1796 2024 in

1054 2046 1149 2079 corde
1181 2049 1210 2079 et
1242 2056 1296 2079 ore
1327 2045 1477 2086 habebat,
1504 2045 1558 2078 sed
1582 2050 1612 2078 et
1636 2045 1797 2078 dormiens

1053 2099 1085 2132 in
1102 2100 1171 2143 ipso
1195 2099 1421 2142 requiescebat.
1448 2100 1641 2143 Frequenter
1665 2099 1747 2132 enim
1766 2099 1798 2131 in

1054 2153 1172 2187 somnis
1208 2153 1439 2186 sanctissimum
1473 2162 1591 2185 nomen
1625 2153 1695 2186 Iesu
1725 2163 1797 2186 cum

1054 2208 1178 2240 summa
1202 2207 1316 2239 mentis
1341 2206 1506 2239 dulcedine
1529 2206 1673 2250 proferre
1697 2206 1800 2239 audie—

1055 2261 1155 2294 batur.
1180 2261 1321 2304 Cumque
1346 2266 1408 2293 tam
1433 2260 1647 2303 singularibus
1671 2260 1799 2292 floreret

1055 2313 1233 2354 virtutibus,
1251 2318 1343 2356 atque
1360 2313 1392 2346 in
1409 2313 1476 2346 dies
1500 2323 1517 2345 a
1534 2313 1597 2345 Deo
1621 2312 1799 2356 potioribus

1055 2370 1224 2409 augeretur
1248 2366 1443 2407 muneribus,
1459 2376 1522 2399 non
1547 2366 1642 2398 modo
1665 2375 1729 2398 non
1746 2375 1799 2403 ex-

1056 2420 1236 2460 tollebatur,
1250 2419 1304 2452 sed
1321 2419 1482 2452 crescebat
1498 2419 1530 2451 in
1547 2429 1584 2451 eo
1599 2428 1724 2462 semper
1740 2418 1800 2450 vir-

1057 2477 1105 2507 tus
1129 2472 1330 2512 humilitatis,
1354 2472 1432 2505 adeo
1460 2476 1495 2506 ut
1526 2471 1634 2504 infima
1656 2482 1800 2515 quaeque

1058 2527 1169 2560 domus
1194 2526 1298 2559 officia
1322 2536 1457 2569 semper,
1482 2529 1631 2568 tanquam
1657 2525 1798 2558 omnium

1059 2585 1248 2624 postremus,
1261 2579 1373 2613 obiret.
1388 2579 1534 2612 Vestibus
1548 2589 1624 2612 vero
1637 2578 1716 2612 adeo
1728 2588 1800 2622 pan-

1059 2634 1143 2667 nosis
1164 2645 1199 2667 ac
1223 2634 1338 2666 vilibus
1354 2634 1512 2674 utebatur.
1529 2638 1560 2666 ut
1581 2633 1689 2677 pueris
1705 2642 1802 2677 quan-

1707 222 1750 255 35
1796 232 1848 258 An.
1867 232 1895 257 c.
1914 231 1981 258 1623
