2269 3235
219 293 313 321 :inc
338 294 403 321 iezi
450 287 492 316 ³¹⁴5

416 342 574 386 pensatis,
601 341 752 385 conspicit
778 341 806 372 in
834 340 964 373 llomino
989 339 1158 373 salubriter

416 395 572 439 expedire.

460 450 475 491 ,ὃ
499 449 527 481 l.
554 448 636 481 Alias
660 447 815 490 siquidem
841 446 938 479 felicis
964 445 1157 479 recordatio-

306 491 330 509 “”
348 497 400 537 ,if-121
415 502 463 534 nis
488 500 662 543 Gregorius
680 500 763 543 Papa
783 500 843 540 XV,
865 499 1090 543 praedeeessor
1107 509 1159 532 no-

416 559 488 594 ster,
507 553 611 586 omnia
632 558 657 586 et
685 553 808 596 singula
833 552 1008 599 privile-gia,
1028 552 1157 593 indulta,

380 603 399 642 ‘jj
416 608 586 647 fficultates,
611 606 843 650 exemptiones,
869 605 1100 647 immunitates,
1126 606 1159 638 li-

361 656 399 695 ''.',g
415 660 551 692 bertates
568 664 598 691 et
615 659 730 702 gratias
753 664 813 691 tam
842 668 898 702 per
922 668 964 698 se,
982 657 1157 701 Sedemquc

215 710 637 757 .,.....,·1.0.-.„,.1‘.'1Apostolicam,
661 723 756 757 quam
778 712 964 745 recolendae
986 712 1158 746 memoriae

214 757 399 802 ἷ“.’,“,“.ἰ“,“““’“”““’”““
414 766 551 799 Leonem
576 767 611 805 X,
634 767 826 799 Clementem
851 765 918 806 Vll,
945 765 1074 798 Paulum
1100 765 1157 806 III,

414 819 502 852 Pium
528 821 576 861 tv,
602 820 690 853 l‘ium
715 821 754 860 V,
780 819 971 862 Gregorium
995 819 1070 860 XlV,
1091 819 1156 853 Cle-

415 878 552 906 mentem
573 874 634 907 Vlll
653 879 682 907 et
703 873 834 906 Paulum
856 874 877 905 V
902 873 1060 906 Romanos
1082 873 1159 906 Pon-

416 927 523 967 tifices,
538 927 681 960 similiter
695 927 954 971 praedecessores
966 930 1102 966 nostros,
1115 926 1158 958 di-

415 981 501 1014 lectis
526 980 597 1013 siliis
622 990 736 1023 magno
762 979 913 1022 magistro
938 984 965 1011 et
990 978 1156 1011 conventui

415 1033 576 1077 hospitalis
601 1034 629 1066 S.
657 1033 780 1066 loannis
805 1031 1099 1075 Ilierosolymitani,
1124 1031 1158 1064 il-

415 1086 536 1129 liusque
562 1085 732 1129 prioribus,
759 1084 913 1125 baiulivis,
942 1084 1157 1128 praeceptori-

413 1138 480 1174 bus,
507 1138 792 1178 rmumemhtariis,
814 1137 976 1177 fratribus,
994 1137 1156 1178 militibus,

413 1191 560 1229 subditis,
587 1192 742 1232 vassallis,
769 1191 888 1225 colonis
913 1196 943 1224 et
966 1190 1158 1235 presbyteris

413 1256 520 1277 suram
554 1245 729 1277 animarum
760 1245 980 1278 exercentibus
1010 1254 1157 1277 concessa

412 1304 442 1330 et
460 1298 630 1342 respective
654 1299 855 1338 eontirmata,
873 1297 1018 1341 hospitali
1044 1297 1156 1330 domus

414 1352 442 1383 ll.
470 1351 582 1384 Mariae
607 1351 887 1391 Tlieutonieorum,
908 1351 1039 1394 eiusque
1062 1350 1158 1393 magi-

413 1411 497 1446 stro,
529 1406 712 1449 prioribus,
744 1405 909 1445 baiulivis,
942 1404 1156 1448 praecel‘nori-

413 1460 480 1501 bus,
506 1458 793 1499 connnendatariis,
811 1457 971 1498 fratribus,
993 1457 1156 1498 militibus,
1172 1498 1174 1506 Α

1172 1508 1174 1530 '¹
1191 1511 1290 1555 lisque
1308 1517 1477 1555 perpetuae
1494 1516 1524 1543 et
1540 1510 1728 1544 inviolabilis
1744 1511 1934 1555 apostolieae

412 1512 561 1553 subditis,
586 1512 738 1553 vassallis,
764 1512 884 1545 colonis
908 1516 937 1544 et
962 1511 1156 1556 presbyteris

412 1576 519 1598 euram
544 1565 719 1598 animarum
738 1565 958 1598 exercentibus
984 1565 1154 1601 concessit;

412 1619 584 1652 decernens
609 1619 762 1663 hospitale
791 1619 823 1652 B.
852 1618 965 1651 Mariae
990 1618 1157 1652 The-utoni-

413 1683 533 1712 corum,
558 1673 704 1716 illiusque
729 1672 926 1715 magistrum,
953 1672 1088 1716 priores,
1106 1672 1157 1705 ba-

414 1726 535 1767 iulivos,
548 1731 780 1770 praeceptores,
792 1725 1088 1765 commendatarios,
1098 1726 1156 1758 sra-

415 1786 486 1820 tres,
510 1780 634 1820 milites,
660 1779 816 1820 subditos,
841 1780 1001 1820 vassallos,
1026 1779 1156 1812 colonos

413 1839 440 1866 et
465 1834 666 1878 presbyteros
690 1833 784 1866 nullis
801 1833 869 1866 aliis
884 1833 1069 1877 privilegiis,
1087 1844 1157 1876 gra-

415 1887 463 1919 tiis
488 1892 515 1920 et
542 1887 680 1927 indultis,
701 1892 854 1930 quatenus
879 1886 1060 1920 huiusmodi
1086 1897 1157 1920 con-

414 1941 553 1974 cessione
577 1951 640 1974 non
665 1941 1020 1984 comprehenderet]tur,
1045 1941 1156 1984 quovis

413 1999 576 2038 praetextu
594 2000 623 2027 et
640 2005 676 2027 ex
697 2004 895 2038 quacumque
914 1994 1077 2034 causanti,
1094 1994 1154 2026 srui

414 2053 440 2080 et
467 2047 605 2090 gaudere
628 2058 729 2091 posse,
752 2058 809 2080 nec
835 2046 961 2087 debere,
979 2046 1173 2090 quinimmo

414 2102 465 2134 illa
482 2102 587 2134 onmia
603 2112 736 2142 cessare,
759 2111 794 2134 ac
819 2101 907 2134 irrita
925 2106 954 2133 et
977 2101 1072 2141 nulla,
1089 2101 1157 2133 nul·
1172 2108 1174 2114 ’

1173 2147 1251 2187 ¹bus
1279 2154 1506 2198 comprehendi
1531 2164 1640 2197 posse,
1665 2153 1719 2186 sed
1744 2164 1869 2197 semper
1896 2154 1935 2187 ab

414 2155 537 2199 liusque
561 2155 687 2188 roboris
712 2160 741 2188 et
766 2153 918 2188 momenti
939 2164 1007 2187 esse
1031 2159 1061 2187 et
1078 2154 1155 2193 fore,

413 2212 507 2251 prout
538 2208 568 2240 in
601 2208 692 2241 dictis
726 2207 871 2250 Gregorii
903 2207 1156 2251 praedecessoris

414 2262 559 2295 informa
576 2261 681 2294 brevis
698 2261 834 2305 desuper
855 2261 912 2294 suh
930 2261 979 2294 die
1000 2271 1078 2294 xxm
1102 2261 1155 2293 de-

414 2316 550 2348 cembris
576 2325 708 2349 nncxxn
739 2314 892 2359 expeditis
923 2313 1064 2355 litteris¹‚
1085 2325 1157 2358 qua-

415 2380 483 2401 rum
510 2375 635 2402 tenores
669 2368 887 2412 praesentibus
919 2379 978 2412 pro
1006 2379 1156 2412 expresso

414 2423 521 2456 baberi
549 2422 702 2462 volumus,
726 2422 850 2466 plenius
874 2422 1061 2456 continetur.

459 2477 472 2516 ,ξ
488 2476 514 2508 Ξ.
527 2476 629 2515 Quare
646 2475 819 2509 inviolabili
837 2475 994 2508 dictarum
1012 2475 1156 2518 Gregorii

414 2530 664 2574 praedecessoris
689 2530 876 2570 litterarum,
897 2529 1102 2572 omniumque
1127 2534 1155 2562 et

415 2584 612 2627 singulorum
638 2583 668 2616 in
692 2583 737 2616 eis
762 2587 992 2625 contentorum,
1013 2583 1158 2616 observa-

415 2637 490 2671 tioni
506 2665 513 2677 ,
538 2642 688 2681 quantum
713 2648 783 2669 eum
809 2637 942 2670 Domino
965 2647 1155 2681 possumus,

455 2702 462 2728 l
482 2700 553 2731 Quae
569 2699 594 2726 in
611 2700 745 2727 Bullario
762 2707 814 2727 non
830 2699 958 2735 leguntur
974 2705 1010 2733 tn.
1026 2700 1074 2733 Τ.).

250 2486 345 2509 Gregorii
367 2485 398 2505 lit-

215 2513 270 2531 leras
289 2512 396 2532 rontirmat

215 2538 320 2559 crinium„

996 290 1171 314 antirrinum
1197 290 1349 315 ROMANUM

1941 290 1989 316 An.
2007 290 2034 317 C.
2058 290 2125 317 162=t

1192 339 1366 380 consulere,
1391 347 1513 371 necnon
1539 337 1746 380 magistrum,
1771 338 1932 382 priorem,

1191 391 1354 432 hahssivos,
1378 394 1599 435 praeceptores
1594 391 1932 448 &commendatarios

1191 445 1314 486 fratres,
1341 445 1465 485 milites,
1491 444 1642 486 subditos,
1666 445 1830 486 vassallos,
1847 445 1933 479 colo-

1191 508 1249 531 nos
1273 503 1303 531 et
1326 497 1529 542 presbyteros
1552 497 1626 530 dicti
1643 497 1807 540 hospitalis
1825 497 1858 530 B.
1876 498 1934 531 Ma-

1192 551 1256 585 riae
1280 551 1559 591 Tlicutonicorum,
1581 550 1621 584 ob
1641 550 1802 594 egregiam
1823 561 1932 585 eorum

1192 603 1223 636 in
1240 614 1298 637 nos
1314 608 1343 638 et
1362 603 1572 648 Apostolieam
1591 603 1702 637 Sedem
1725 603 1818 636 fidem
1840 608 1870 636 et
1885 603 1935 638 de-

1192 656 1361 697 votionem,
1380 655 1568 700 specialibus
1593 655 1751 689 favoribus
1775 660 1806 689 et
1825 656 1934 699 gratiis

1192 709 1341 754 prosequi
1352 710 1501 750 volentes,
1513 713 1543 742 et
1556 719 1666 742 eorum
1679 709 1855 752 singulares
1867 720 1935 753 per-

1192 774 1283 797 sonas
1300 775 1316 796 a
1333 763 1495 807 quibusvis
1512 763 1854 804 excommunicationis,
1871 774 1935 797 sus-

1191 817 1350 861 pensionis
1375 822 1405 849 ct
1427 816 1595 858 interdicti,
1620 816 1750 861 aliisque
1775 817 1935 850 ccclesias-

1192 870 1261 902 ticis
1285 870 1456 911 sententiis,
1475 869 1616 903 censuris
1636 875 1667 902 et
1690 869 1810 913 poenis,
1832 880 1848 902 a
1865 870 1934 905 iure

1192 924 1239 956 vel
1260 924 1299 956 ab
1317 923 1455 964 bomine,
1469 923 1578 967 quavis
1595 923 1760 956 occasione
1777 923 1825 956 vel
1839 925 1933 957 causa

1191 976 1278 1017 latis,
1303 976 1329 1009 si
1353 976 1467 1019 quibus
1499 976 1735 1020 quomodolibet
1767 977 1935 1011 innodatae

1192 1029 1346 1069 existunt,
1371 1028 1409 1061 ad
1434 1028 1581 1061 effectum
1606 1030 1817 1073 praesentium
1842 1031 1934 1064 dum-

1192 1086 1272 1114 taxat
1298 1081 1566 1125 consequendum,
1591 1081 1705 1115 harum
1729 1083 1811 1116 serie
1836 1083 1935 1117 absol-

1192 1141 1297 1169 ventes
1317 1141 1348 1169 et
1367 1135 1542 1170 absolutas¹
1566 1136 1634 1169 sore
1658 1141 1831 1178 censentes,
1848 1141 1936 1171 motu

1191 1190 1323 1234 proprio
1348 1195 1378 1223 et
1410 1200 1446 1223 ex
1475 1191 1562 1224 certa
1591 1189 1722 1223 scientia
1747 1200 1783 1223 ac
1811 1192 1934 1224 matura

1173 1238 1418 1277 'deliberatione
1447 1243 1582 1284 nostris,
1614 1243 1715 1287 deque
1743 1244 1936 1288 apostolicae

1173 1300 1175 1307 '
1190 1297 1352 1341 potestatis
1369 1296 1575 1340 plenitudine,
1591 1296 1768 1340 praedictas
1788 1297 1934 1340 Gregorii

1191 1350 1443 1394 praedecessoris
1467 1350 1603 1391 litteras,
1630 1350 1798 1393 omniaque
1823 1354 1853 1383 et
1875 1350 1936 1383 sin-

1191 1404 1264 1446 gula
1288 1404 1319 1435 in
1344 1403 1389 1436 eis
1405 1408 1560 1444 contenta,
1582 1408 1690 1437 tenore
1711 1403 1934 1447 praesentium,

1191 1462 1344 1501 perpetuo
1368 1457 1583 1501 approbamus
1600 1462 1630 1489 et
1650 1458 1884 1499 confirmamus,
1903 1457 1935 1489 il-

1191 1564 1347 1597 firmitatis
1371 1564 1470 1597 robur
1487 1563 1660 1597 adiicimus.

1244 1619 1259 1663 ἓ
1290 1618 1320 1652 3.
1357 1619 1568 1651 Decernentes
1600 1623 1783 1662 praesentes
1813 1618 1934 1651 litteras
1976 1629 2133 1654 utut-utsup-

1190 1672 1277 1705 nullo
1307 1682 1447 1715 unquam
1479 1677 1624 1716 tempore
1652 1671 1690 1704 de
1719 1672 1934 1716 subreptionis
1949 1661 1961 1682 ¹*
1978 1658 2015 1676 Μ’

1191 1726 1238 1758 vel
1266 1725 1478 1769 obreptionis,
1503 1730 1556 1758 aut
1584 1725 1735 1758 nullitatis
1761 1725 1854 1766 vitio,
1879 1736 1934 1758 seu

1190 1778 1372 1812 intentionis
1395 1783 1532 1820 nostrae,
1557 1779 1605 1812 vel
1630 1778 1779 1822 quopiam
1800 1778 1861 1812 alio
1886 1778 1936 1812 de-

1191 1833 1293 1873 fectu,
1318 1832 1412 1865 etiam
1437 1842 1472 1865 ex
1497 1843 1534 1865 eo
1566 1832 1650 1876 quod
1684 1832 1829 1865 locorum
1849 1831 1936 1865 Ordi—

1190 1886 1270 1919 narii
1295 1886 1334 1919 ad
1357 1887 1417 1919 hoc
1442 1885 1542 1919 vocati
1567 1896 1631 1919 non
1659 1885 1792 1927 fuerint,
1811 1886 1935 1927 notari,

1192 1940 1388 1984 impugnari,
1409 1939 1458 1972 vel
1483 1939 1649 1972 invalidari
1673 1939 1803 1973 minime
1826 1950 1935 1984 posse,

1191 1994 1359 2038 minusque
1377 1994 1435 2027 sub
1456 1993 1620 2037 quibusvis
1644 1993 1795 2026 similium
1816 1994 1865 2026 vel
1878 1993 1937 2027 dis-

1191 2047 1340 2080 similium
1366 2046 1540 2090 gratiarum
1566 2046 1829 2087 revocationibus,
1853 2047 1935 2079 limi-

1193 2101 1370 2142 tationibus,
1394 2100 1647 2134 restrictionibus
1671 2104 1702 2133 et
1725 2099 1935 2142 derogationi—

1192 2207 1252 2239 illis
1278 2213 1432 2251 exceptas,
1449 2212 1479 2239 et
1498 2207 1621 2249 quoties
1639 2206 1710 2239 illae
1735 2206 1935 2247 emanabant,

1192 2261 1282 2294 toties
1300 2261 1331 2293 in
1347 2260 1514 2304 pristinum
1533 2263 1648 2294 statum
1664 2260 1833 2301 restitutas,
1848 2270 1936 2304 repo-

1192 2314 1265 2347 sitas
1290 2318 1319 2348 et
1343 2313 1485 2358 plenarie
1509 2312 1716 2356 reintegratus
1734 2323 1811 2353 esse,
1829 2313 1937 2357 sieque

1192 2368 1229 2400 ab
1248 2367 1396 2416 ompibus
1417 2366 1549 2407 censeri,
1574 2372 1604 2399 et
1627 2366 1670 2399 ita
1694 2377 1751 2410 per
1771 2378 1937 2411 quoscum-

1192 2432 1252 2465 que
1277 2421 1396 2455 iudices
1425 2425 1456 2454 et
1487 2421 1723 2455 commissarios
1754 2421 1863 2465 quavis
1887 2432 1938 2455 au-

1192 2475 1335 2508 ctoritate
1349 2475 1523 2517 fungentes,
1537 2475 1629 2507 etiam
1643 2485 1812 2508 causarum
1829 2474 1935 2519 palatii

1192 2527 1357 2572 apostolici
1382 2527 1541 2561 auditores
1565 2538 1600 2560 ac
1625 2533 1750 2561 sanctae
1778 2529 1936 2562 Romanae

1193 2581 1350 2614 Ecclesiae
1381 2580 1572 2622 cardinales,
1599 2580 1731 2614 iudicari
1755 2586 1785 2614 et
1809 2580 1935 2614 definiri

1192 2635 1316 2677 debere,
1334 2646 1369 2668 ac
1397 2634 1522 2669 irritum
1543 2639 1573 2668 et
1601 2634 1693 2668 inane
1718 2634 1871 2679 quidquid
1891 2645 1936 2668 se-

1230 2699 1239 2725 t
1258 2696 1328 2724 Edit.
1344 2696 1423 2724 Malu.
1441 2696 1503 2731 tegit
1518 2695 1661 2726 absolutos
1675 2697 1713 2731 (a.
1730 2696 1778 2731 τ.).
