2269 3235
245 238 284 262 Λη
308 236 336 261 (¹1.
362 236 427 262 tuas

316 884 380 904 liat-ilv
392 889 428 907 giis

246 913 348 930 kuhmn
373 911 428 930 iuxta

245 938 297 957 hanc
325 937 428 957 (Inmuni-

245 967 321 983 ti··nc¹u
331 963 389 983 11111111
400 964 427 982 11-

245 993 284 1011 11114,
293 997 316 1009 av'
329 993 428 1009 {crunnus

245 1017 373 1042 praefigatur
401 1016 427 1036 ml

245 1045 292 1066 1100,
308 1047 364 1067 111,51
382 1049 428 1069 :ints

247 1072 341 1091 wluerit.
355 1073 427 1090 coiitra

245 1097 428 1123 .il=qnciuev·ipc-

245 1131 267 1144 11·
290 1126 364 1149 possit.
387 1129 428 1149 quo

246 1152 317 1176 elapsu
334 1156 373 1170 11011
391 1156 428 1170 1111-

245 1178 320 1197 duatus.

282 1899 434 1919 Locumtenens

251 1929 272 1946 et.
310 1925 435 1945 consihum.

252 1952 301 1972 sede
320 1953 434 1977 magistrali

253 1981 349 2000 iat-ante.
361 1984 436 1998 causas

253 2011 365 2025 summarie
400 2011 435 2024 cu-

253 2035 352 2057 gnoscant
368 2034 387 2052 ct
401 2032 436 2051 ile-

254 2060 331 2080 rulant.

337 2643 411 2665 Modus
427 2645 444 2663 e·

474 226 538 259 671
1021 237 1199 260 numinum
1226 237 1379 262 nomnen
1970 242 2020 268 An.
2034 242 2062 268 c.
2083 241 2153 270 1628

444 284 806 324 1101011111110,0111110010
824 283 889 315 silio
909 283 1014 327 priore
1033 283 1182 316 ecclesiae

443 337 657 370 conventualis
681 336 820 369 eiusdem
854 336 1017 379 hospitalis
1047 346 1129 369 nune
1154 340 1183 370 et

444 401 501 434 pro
528 395 669 433 tempore
694 389 908 430 existentibus,
930 400 1051 422 necnon
1073 391 1184 434 quovis

443 445 503 477 alio
528 454 658 485 maguae
684 442 786 475 erucis
810 443 918 483 fratre,
939 454 1028 486 quos,
1050 444 1121 476 licet
1139 454 1185 476 re-

443 502 548 540 ceptos
573 501 659 527 extra
683 495 807 537 limites,
826 495 864 527 ad
884 495 1070 539 suffragium
1088 497 1185 530 seren-

443 549 517 582 dum
543 548 663 580 habiles
689 548 903 590 declaramus,
929 559 1045 594 cosque
1071 549 1101 582 in
1127 549 1184 582 hae

444 601 662 645 prohibitionis
696 607 786 645 parte
820 602 998 635 nullatenus
1034 613 1181 647 compre-

445 655 581 688 hendere
596 654 797 696 intendimus,
812 655 866 688 sed
883 655 1022 689 eiusdem
1034 656 1185 700 episcopi,

444 718 566 741 necnon
591 707 683 741 etiam
715 708 840 751 linguae
871 709 1070 752 germanicae
1095 709 1184 750 iura,

442 761 608 805 privilegia
633 767 662 794 et
685 761 941 806 praerogativas,
971 763 995 795 si
1021 773 1100 806 quae
1125 763 1185 796 illis

443 815 519 848 alias
544 820 735 859 competunt,
761 826 1011 860 praeservamus.

488 870 503 913 ἓ
523 869 552 901 4.
572 869 702 913 Insuper
727 869 902 911 statuimus,
920 874 955 902 ut
979 869 1043 912 ipse
1067 870 1185 902 locum-

445 928 562 964 tenens,
575 925 637 956 una
651 933 722 955 cum
737 922 867 955 consilio
881 922 1070 966 supradicto,
1081 933 1187 966 quam·

443 977 582 1021 primum
598 987 707 1009 eorum
723 976 868 1017 fratrum,
881 976 934 1020 qui
947 976 1032 1009 iuxta
1051 976 1184 1009 sormam

444 1030 616 1074 praesentis
627 1035 751 1063 nostrae
763 1029 993 1063 constitutionis
1001 1030 1184 1073 suffragium

444 1083 536 1116 laturi
561 1088 650 1123 sunt,
674 1088 780 1116 notam
806 1082 869 1115 sive
894 1083 1087 1126 catalogum,
1115 1094 1189 1123 cum

444 1147 554 1170 corum
576 1137 776 1177 nominihus,
801 1137 1057 1180 cognominibus,
1077 1137 1186 1181 patriis

444 1195 471 1223 et
496 1190 814 1231 denominationibus,
830 1200 952 1224 necnon
970 1195 1111 1234 tempore
1135 1201 1187 1223 su-

445 1244 614 1288 sceptionis
640 1243 774 1285 habitus,
793 1254 829 1277 ac
846 1243 1032 1276 residentiae
1050 1249 1079 1277 et
1100 1254 1186 1277 cara-

445 1308 617 1330 vannarum
636 1307 693 1341 per
707 1307 818 1330 eorum
836 1297 1005 1341 quemlibet
1024 1297 1187 1339 saetarum,

448 1351 570 1393 confici,
596 1351 744 1394 illamque
770 1351 800 1383 in
824 1351 901 1384 locis
919 1351 1063 1394 publicis,
1089 1352 1187 1385 solitis

448 1410 477 1437 et
494 1405 661 1445 consuetis,
679 1404 717 1436 ad
733 1404 803 1445 1100,
828 1409 861 1437 ut
887 1404 910 1437 si
937 1404 1007 1448 quis
1024 1415 1056 1438 se
1078 1415 1189 1448 grava-

448 1464 511 1490 tum
538 1458 681 1500 senserit,
699 1462 750 1491 aut
769 1463 878 1491 contra
892 1458 1029 1502 aliquem
1042 1459 1188 1503 excipere

446 1512 590 1553 voluerit,
616 1512 698 1544 intra
714 1512 895 1553 terminum,
911 1512 950 1545 ab
967 1512 1083 1546 eisdem
1102 1524 1189 1557 prae·
1204 1534 1207 1541 -

447 1566 628 1608 figendum,
654 1565 684 1598 in
709 1566 785 1598 actis
818 1566 995 1599 cancellarii
1021 1577 1076 1599 seu
1100 1567 1186 1600 vice-

448 1619 648 1659 cancellarii,
675 1625 727 1652 aut
751 1619 888 1653 cuiusvis
914 1620 1043 1653 alterius
1067 1620 1105 1653 ad
1129 1621 1189 1654 hoc

449 1672 627 1716 deputandi,
649 1673 808 1713 exhibere,
829 1678 857 1705 et
875 1673 943 1705 iura
960 1684 1014 1706 sua
1033 1673 1189 1708 deducere

448 1726 546 1770 possit
559 1726 710 1767 etvaleat,
735 1726 819 1769 affigi
840 1732 960 1767 curent,
979 1738 1040 1771 quo
1054 1728 1190 1761 termino

449 1780 565 1824 elapso,
579 1784 608 1814 et
622 1780 700 1812 nihil
725 1781 881 1824 opposito,
907 1791 1067 1825 opponere
1084 1782 1190 1814 volen-

449 1839 496 1866 tes
520 1833 653 1877 amplius
678 1843 742 1866 non
765 1833 942 1866 audiantur.

495 1886 510 1930 ἓ
526 1886 555 1919 5.
577 1886 638 1930 Ipsi
658 1897 733 1919 vero
750 1887 965 1920 locumtenens
983 1892 1012 1919 et
1026 1888 1191 1921 consilium

451 1940 534 1984 ipsas
560 1945 589 1972 et
613 1950 828 1984 quascumque
852 1941 927 1973 alias
951 1942 1191 1984 controversias,

452 2003 539 2037 quas,
557 1993 630 2026 sede
647 1993 820 2036 magistrali
842 1999 980 2035 vacante,
997 1995 1074 2028 oriri
1098 1996 1193 2029 eonti-

451 2047 543 2090 gerit,
557 2047 657 2081 donec
670 2048 708 2080 ad
722 2048 827 2091 magni
842 2049 983 2091 magistri
997 2060 1193 2083 consumma-

452 2106 514 2133 tam
532 2101 716 2135 electionem
733 2101 900 2136 deventum
920 2102 1024 2145 fuerit,
1040 2104 1193 2147 privative

454 2155 556 2199 quoad
581 2155 658 2188 alios
678 2165 905 2199 quoscumque,
925 2157 1104 2198 summarie,
1123 2157 1193 2190 sim-

453 2209 576 2253 pliciter
604 2215 634 2242 et
658 2209 695 2243 de
719 2210 834 2253 plano,
860 2209 978 2254 absque
1007 2211 1141 2255 strepitu
1165 2216 1193 2247 et

454 2264 556 2306 ligura
582 2263 707 2305 iudicii,
733 2264 825 2298 etiam
850 2275 945 2297 manu
976 2265 1078 2308 regia,
1109 2265 1194 2298 iuxta

453 2324 556 2351 tamen
581 2329 690 2351 eorum
711 2324 833 2359 statuta,
854 2319 1062 2353 stabilimenta
1080 2325 1107 2352 et
1126 2330 1195 2353 0011-

455 2372 632 2405 suetudines
646 2372 838 2413 huiusmodi,
850 2373 935 2406 omni
953 2378 981 2406 et
998 2384 1195 2418 quacumque

456 2425 674 2468 appellatione,
695 2425 726 2457 in
750 2425 908 2469 integrum
933 2427 1141 2468 restitutione,
1167 2433 1195 2460 et

457 2477 525 2509 aliis
549 2478 800 2523 quibuscumque
825 2480 1067 2524 exequutionem
1096 2486 1196 2514 retar-

459 2531 532 2562 dare
550 2531 731 2573 talentibus,
750 2533 889 2576 remotis,
915 2534 1060 2567 decidere
1080 2540 1110 2568 et
1134 2540 1196 2568 ter-

462 2583 580 2616 minare
605 2584 696 2616 etiam
721 2586 840 2629 possint
860 2593 890 2619 et
913 2587 1043 2621 valeant.

507 2638 521 2681 §
546 2637 574 2669 s».
599 2637 774 2672 Conventus
798 2650 872 2674 vero
897 2646 927 2674 et
951 2651 1061 2675 omnes
1084 2641 1197 2675 fratres

1215 283 1264 316 die
1289 289 1319 316 et
1342 284 1420 318 110111
1445 285 1544 319 solitis
1561 285 1592 319 in
1609 286 1741 320 ecclesia
1761 286 1836 321 dicti
1851 287 1956 332 hospi-
1971 302 2035 322 surm
2062 302 2153 329 ongean.

1217 338 1284 370 talis
1309 343 1563 382 congregentur,
1593 344 1624 372 et
1655 339 1749 372 missa
1777 334 2068 384 celebrata‚l¹l?.lf‘l².¹'¹¹
2089 331 2154 355 '⁰³⁸¹'

1217 390 1396 435 hymnoque
1420 391 1499 425 Veni
1525 392 1656 426 Creator
1679 392 1822 436 Spiritus
1846 393 1958 426 decan-

1218 447 1289 485 tato,
1315 445 1430 487 singuli
1461 445 1584 486 11111105,
1609 445 1657 478 ius
1681 445 1824 488 suffragii
1848 445 1958 490 vigore

1218 497 1429 540 praesentium
1454 497 1614 538 habentes,
1631 497 1670 530 ad
1687 498 1861 542 cappellam
1886 499 1956 532 uni-

1218 551 1330 595 cuique
1355 551 1492 594 linguae,
1517 551 1555 584 ad
1580 551 1610 584 id
1635 551 1667 584 in
1692 551 1801 584 eadem
1825 552 1958 585 ecclesia

1218 604 1404 638 destinatam
1428 615 1483 638 seu
1507 604 1734 646 destinandam,
1751 605 1889 649 exeeptis
1911 610 1958 638 ta-

1219 668 1291 691 men
1315 658 1465 692 sratribus
1479 659 1562 692 illius
1578 658 1714 702 linguae,
1729 669 1766 692 ex
1783 668 1845 702 qua
1857 658 1958 692 dictus

1218 711 1433 745 locumtenens
1457 712 1603 753 extiterit,
1628 712 1731 756 quiin
1750 722 1884 756 corpore
1907 721 1959 745 ec-

1219 764 1331 798 clesiae
1355 765 1383 799 S.
1410 766 1534 799 Ioannis
1560 771 1765 807 remaneant,
1789 765 1958 808 accedant,

1219 818 1326 861 ibique
1343 818 1470 862 praevio
1495 819 1682 860 iuramento,
1699 829 1756 863 per
1773 829 1884 852 eorum
1901 819 1960 852 sin-

1219 871 1310 913 gulos
1320 872 1380 904 alta
1390 877 1420 904 et
1432 872 1622 915 intelligibili
1633 883 1719 915 voce,
1729 873 1815 906 iuxta
1824 874 1960 907 sormam

1220 923 1251 956 in
1283 925 1406 957 statutis
1441 935 1497 957 seu
1528 925 1746 958 stabilimentis
1777 926 1959 960 huiusmodi

1219 977 1461 1020 praescriptam,
1486 983 1516 1010 et
1539 977 1577 1010 de
1600 978 1760 1021 praesenti
1791 978 1960 1011 observan-

1219 1029 1302 1071 dam,
1316 1030 1417 1074 deque
1431 1031 1575 1073 eligendo
1589 1041 1661 1064 eum
1681 1041 1775 1074 quem
1789 1031 1961 1065 secundum

1220 1083 1318 1115 Deum
1343 1083 1551 1117 iudicaverint
1581 1084 1750 1128 expedire,
1773 1085 1962 1128 praestando

1221 1137 1317 1180 (quod
1327 1137 1454 1181 quidem
1469 1137 1500 1170 in
1513 1137 1660 1171 omnibus
1668 1137 1737 1171 aliis
1747 1138 1962 1180 electionibus,

1221 1191 1329 1233 vigore
1353 1191 1534 1224 earumdem
1558 1192 1772 1235 praesentium
1797 1192 1962 1235 faciendis,

1220 1255 1278 1288 per
1298 1255 1407 1278 omnes
1428 1250 1457 1277 et
1477 1245 1618 1288 singulos
1638 1246 1823 1289 suffragium
1843 1247 1963 1281 laturos

1220 1299 1374 1342 praestari
1388 1304 1418 1332 et
1430 1299 1576 1332 renovari
1590 1299 1761 1344 volumus),
1773 1310 1837 1333 non
1853 1310 1962 1342 unum,

1222 1356 1254 1384 ut
1278 1356 1370 1386 antea
1393 1358 1641 1394 consueverant,
1674 1353 1728 1386 sed
1761 1358 1825 1387 tres
1848 1354 1963 1388 fratres

1223 1405 1337 1438 milites
1362 1416 1399 1438 ex
1424 1415 1611 1449 unaquaque
1636 1406 1745 1449 lingua
1769 1417 1910 1451 capaces,
1928 1418 1964 1441 ac

1223 1458 1307 1490 iuxta
1326 1459 1541 1502 praesentium
1559 1469 1683 1493 necnon
1699 1463 1888 1494 statutorum
1909 1471 1965 1494 seu

1223 1512 1508 1546 stabilimentorum
1519 1513 1733 1556 praefatorum
1747 1513 1882 1547 sormam
1892 1525 1966 1558 qua-

1223 1566 1366 1607 lificatos,
1384 1567 1415 1598 in
1433 1567 1585 1600 electores
1610 1566 1736 1610 eligant,
1754 1567 1796 1600 ita
1812 1573 1847 1601 ut
1865 1567 1966 1612 impo-

1223 1625 1343 1652 sterum
1366 1630 1431 1653 non
1455 1624 1526 1653 octo
1552 1624 1672 1652 tantum
1695 1620 1809 1654 fratres
1829 1621 1965 1663 milites,

1223 1673 1276 1718 qui
1300 1673 1331 1706 in
1356 1674 1510 1707 electores
1535 1673 1776 1717 deputabantur,
1793 1675 1848 1708 sed
1863 1675 1965 1718 vigin-

1225 1728 1384 1771 tiquatuor
1397 1728 1564 1771 eligantur;
1576 1728 1707 1772 ipsaque
1719 1729 1815 1761 trium
1832 1729 1966 1762 fratrum

1225 1781 1453 1825 cuiuscumque
1476 1781 1602 1825 linguae
1627 1781 1738 1815 electio
1755 1792 1812 1826 per
1829 1788 1966 1816 secretas

1226 1835 1390 1868 schedulas
1415 1835 1510 1869 inodo
1523 1840 1553 1868 et
1569 1835 1670 1869 forma
1687 1836 1890 1879 sequentibus
1903 1836 1967 1878 fiat3

1226 1889 1379 1931 videlicet,
1404 1889 1489 1933 quod
1513 1899 1622 1922 omnes
1646 1889 1824 1931 schedulae,
1844 1891 1893 1923 vel
1913 1890 1969 1924 im-

1226 1952 1364 1986 pressae,
1388 1943 1437 1975 101
1461 1943 1522 1975 una
1548 1948 1578 1975 et
1598 1942 1708 1976 eadem
1733 1953 1829 1976 manu
1848 1949 1968 1978 tantum

1226 1995 1423 2040 conscriptae
1447 1995 1518 2037 sint,
1543 2006 1615 2029 cum
1638 1996 1840 2040 expressione
1856 2007 1968 2031 eorum

1226 2050 1368 2083 omnium
1402 2060 1482 2094 quae
1521 2050 1553 2082 in
1591 2050 1747 2084 similibus
1778 2051 1968 2085 electionum

1227 2104 1385 2138 schedulis
1410 2104 1543 2148 exprimi
1568 2104 1667 2138 solent
1691 2110 1817 2148 praeter
1840 2106 1969 2139 nomina

1227 2162 1256 2190 et
1282 2157 1471 2201 cognomina
1491 2168 1547 2191 seu
1563 2157 1833 2192 denominationes
1849 2159 1968 2202 eligen-

1228 2212 1304 2245 tium
1317 2215 1345 2246 et
1355 2211 1583 2254 eligendorum,
1600 2212 1734 2255 illaeque
1751 2223 1846 2256 super
1859 2215 1969 2246 mensa

1228 2266 1259 2298 in
1283 2266 1433 2310 cappellis
1457 2271 1487 2298 et
1512 2265 1643 2298 ecclesia
1659 2266 1841 2300 huiusmodi
1865 2277 1970 2312 respe-

1228 2319 1308 2352 ctive
1332 2318 1457 2363 apponi,
1473 2319 1652 2363 singulique
1672 2319 1823 2363 eligentes
1836 2320 1970 2354 seorsim

1230 2377 1259 2407 et
1283 2373 1459 2417 separatim,
1478 2373 1546 2406 aliis
1563 2372 1635 2406 inde
1659 2373 1800 2414 remotis,
1813 2374 1852 2406 ad
1868 2374 1970 2418 ipsam

1230 2437 1372 2459 mensam
1397 2426 1558 2468 accedere,
1576 2431 1606 2459 et
1621 2426 1747 2471 ipsimet
1763 2427 1796 2460 in
1812 2429 1875 2460 una
1896 2439 1971 2472 pro-

1229 2482 1335 2525 prium
1358 2491 1475 2514 nomen
1491 2492 1546 2514 seu
1563 2491 1741 2525 cognomen
1757 2486 1811 2515 aut
1828 2481 1970 2516 denomi-

1230 2534 1398 2576 nationem,
1424 2535 1455 2567 in
1478 2535 1575 2569 altera
1596 2545 1671 2569 vero
1688 2535 1856 2569 schedulae
1876 2536 1972 2580 parti-

1231 2589 1300 2629 bus,
1317 2588 1401 2622 illius
1425 2599 1517 2632 quem
1544 2588 1661 2632 eligere
1676 2589 1833 2622 voluerint
1855 2599 1972 2623 nomen

1230 2653 1285 2675 seu
1305 2652 1482 2686 cognomen
1506 2648 1559 2676 aut
1583 2642 1881 2686 denominationem,
1898 2653 1972 2688 pro-
