2269 3235
116 240 164 269 Αῐι,
185 239 214 268 G.
232 239 298 268 1628

117 675 167 696 Eius
183 675 298 695 revocatio.

175 1258 302 1279 Sacerdotes

171 1285 245 1306 officiis
270 1290 302 1305 ai·-

120 1314 200 1334 centur.

175 1524 239 1545 Nemo
256 1527 304 1545 ante

122 1552 195 1572 decem
211 1558 277 1572 annos
292 1557 304 1571 a

122 1578 251 1604 professione
271 1584 304 1599 sa-

122 1605 162 1625 eris
181 1605 302 1625 initiandus.

154 2426 180 2447 Et
191 2427 258 2447 solum
273 2431 310 2452 pro

128 2453 255 2473 necessitate
273 2454 311 2473 ad-

128 2480 260 2500 ministrandi
278 2485 311 2501 sa·

129 2509 243 2529 eramenta.

916 239 1058 264 unnANUS
1082 238 1138 262 vlu
1162 239 1209 263 PF.

313 286 505 330 gregationis
534 287 680 321 sacerdos
705 287 781 320 duas
806 287 916 320 missas
941 287 978 319 ad
1004 287 1050 319 sui

314 338 437 372 libitum
467 339 597 383 singulis
632 340 839 373 hebdomadis
872 340 1049 381 celebrare,

313 393 607 438 eleemosynamque
620 393 678 426 sibi
691 397 857 438 propterea
869 393 970 425 datam
984 404 1052 436 per-

314 446 430 490 cipere,
456 450 486 481 et
509 447 547 480 de
572 449 607 480 ea
633 447 664 480 in
688 457 760 479 suos
784 457 859 479 usus
884 446 1050 489 disponere

315 500 434 544 valeat,
468 500 623 534 ordinatio
659 505 761 533 autem
794 499 953 543 praedicta
989 509 1050 531 non

314 564 423 597 parum
442 554 542 587 eidem
561 553 797 597 congregationi
814 553 925 586 obesse
941 552 1051 595 digno-

314 611 433 640 scatur:

359 660 374 703 §
390 660 419 693 2.
437 661 508 701 Nos,
522 669 685 704 prospero,
704 658 848 702 felicique
866 658 963 702 ipsius
981 668 1052 691 eon·

315 713 506 756 gregationis
530 712 691 755 regimini,
717 717 868 754 quantum
894 722 965 745 cum
991 712 1051 744 Do-

316 767 401 799 mino
424 776 601 810 possumus,
626 765 790 798 consulere
816 766 963 807 volentes,
990 776 1053 798 mo-

315 824 347 852 tu
359 819 491 862 proprio
511 823 542 851 et
561 829 597 851 ex
615 820 700 852 certa
719 818 848 851 scientia
869 830 904 851 ac
929 820 1052 851 matura

313 871 537 904 deliberatione
549 872 676 912 nostris,
689 872 918 905 ordinationem
932 871 1054 916 praedi-

314 929 405 967 ctam,
428 936 473 966 ac,
489 930 586 970 prout
608 926 693 959 illam
719 931 922 967 concernunt,
948 926 1053 959 omnia

314 983 344 1010 et
363 978 485 1021 singula
509 979 541 1012 in
561 979 726 1023 scripturis
750 980 884 1023 desuper
905 979 1054 1013 consectis

315 1037 482 1073 contenta,
507 1033 677 1076 apostolica
708 1033 912 1074 auctoritate,
946 1037 1054 1067 tenore

315 1085 539 1128 praesentium,
556 1080 710 1130 perpetuo
736 1096 930 1128 revocamus,
950 1096 1053 1118 cassa-

317 1148 396 1179 mus,
421 1139 612 1181 abrogamus
637 1144 668 1172 et
691 1140 899 1180 annullamus,
924 1139 1055 1172 viribus-

317 1202 377 1235 que
397 1197 427 1224 et
447 1191 559 1225 effectu
575 1203 707 1236 prorsus
724 1203 921 1226 evacuamus.

361 1245 376 1288 ἓ
395 1244 424 1278 3.
441 1245 572 1289 Insuper
595 1246 750 1287 volumus5
767 1257 803 1279 ac
823 1246 1007 1279 auctoritate
1027 1251 1055 1277 et

318 1303 426 1331 tenore
442 1299 609 1343 praedictis
623 1300 799 1342 statuimus
818 1300 901 1343 quod
915 1299 1055 1332 eiusdem

318 1352 571 1395 congregationis
602 1354 780 1387 sacerdotes
806 1354 1001 1397 praelaturas
1025 1354 1056 1386 in

318 1405 401 1438 dicta
425 1407 670 1450 congregatione
690 1407 777 1440 nullo
797 1407 891 1440 modo
915 1407 1057 1440 obtinere

318 1458 449 1502 possint.

364 1512 379 1556 ἓ
403 1512 432 1545 4.
458 1513 495 1545 Et
519 1513 562 1545 illi
587 1513 650 1546 duo
674 1523 732 1556 pro
756 1513 895 1556 qualibet
918 1513 1057 1556 regulari

319 1566 413 1600 domo
433 1577 469 1599 ex
493 1566 642 1599 fratribus
666 1566 767 1599 dictae
792 1566 1056 1609 congregationis,

319 1619 373 1663 qui
397 1630 455 1663 pro
479 1624 748 1652 sacramentorum
773 1619 1056 1653 ecclesiastieorum

318 1672 587 1705 administratione
611 1672 648 1705 ad
678 1682 784 1705 sacros
809 1672 902 1705 etiam
926 1672 1058 1717 presby-

320 1729 436 1760 teratus
460 1726 602 1768 ordines,
628 1726 737 1769 vigore
760 1725 936 1758 litterarum
962 1726 1059 1759 felicis

320 1779 546 1812 recordationis
570 1780 658 1812 Pauli
678 1779 777 1823 Papae
798 1780 821 1811 V
838 1779 1059 1823 praedecesso-

320 1831 364 1864 ris
387 1833 487 1866 nostri
511 1833 647 1876 desuper
671 1837 887 1865 emanatarum
903 1860 910 1873 ,
935 1844 1060 1877 promo-

321 1886 411 1919 vendi
436 1891 517 1927 sunt,
538 1887 576 1919 ad
596 1887 722 1920 eosdem
743 1887 870 1920 ordines
895 1887 933 1920 de
954 1892 1059 1921 cetero

320 1941 502 1983 promoveri
526 1941 702 1974 nullatenus
734 1941 865 1983 valeant,
890 1941 948 1974 nisi
973 1941 1061 1984 prius

322 1993 429 2026 decem
454 2004 551 2027 annos
574 1994 778 2038 professionis
802 1994 833 2026 in
858 1993 967 2026 cadem
992 2005 1062 2027 con-

322 2047 505 2089 gregatione
529 2047 719 2090 peregerint,
738 2052 767 2080 et
784 2048 822 2079 ab
846 2048 1062 2081 examinatori-

321 2099 380 2132 bus
405 2100 623 2144 synodalibus,
651 2111 714 2134 non
741 2101 841 2134 solum
872 2101 910 2134 ad
935 2101 1062 2134 ordines

321 2154 508 2197 praedictos,
526 2165 635 2187 verum
654 2154 746 2188 etiam
764 2154 802 2187 ad
819 2165 922 2187 sacras
940 2156 1061 2188 conses-

323 2207 427 2240 siones
451 2207 621 2241 audiendas
647 2207 813 2240 examinati
838 2213 868 2240 et
891 2207 995 2241 idonei
1015 2219 1063 2241 re-

323 2261 404 2304 perti
426 2262 552 2304 fuerint‚
569 2265 598 2296 et
616 2262 808 2295 necessarias
825 2272 919 2305 super
935 2262 995 2295 hoc
1011 2273 1064 2306 pa-

324 2318 424 2346 tentes
446 2314 565 2348 litteras
590 2315 628 2348 ab
652 2315 770 2349 eisdem
795 2315 1063 2350 examinatoribus

325 2367 526 2401 obtinuerint.

370 2421 385 2464 g
408 2420 437 2454 5.
454 2422 498 2454 Ac
517 2421 655 2463 demum,
675 2423 760 2467 quod
777 2423 882 2455 nullus
903 2423 941 2456 de
959 2428 1063 2456 cetero

326 2473 365 2506 ad
389 2485 494 2507 sacros
518 2475 643 2509 ordines
660 2476 690 2508 in
713 2476 796 2509 dieta
821 2477 1064 2519 congregatione

326 2533 567 2572 promoveatur,
592 2529 653 2562 nisi
676 2540 734 2574 pro
761 2530 945 2563 necessitate
969 2530 1066 2562 admi-

327 2582 481 2615 nistrandi
498 2589 692 2616 sacramenta
709 2583 918 2617 ecclesiastica
932 2584 1065 2616 infirmis

329 2640 359 2668 et
382 2635 556 2679 religiosis,
580 2646 616 2680 ac
640 2637 677 2671 dc
702 2637 867 2671 confratris
892 2637 1020 2671 maioris
1036 2642 1067 2671 et

1726 229 1789 262 659
1837 239 1884 265 An.
1906 239 1933 266 c.
1952 240 2018 267 1028

1085 287 1283 320 definitorum
1309 286 1408 319 dictae
1427 284 1679 328 congregationis
1697 296 1823 318 consen-

1085 351 1120 372 su
1137 340 1174 371 ad
1192 339 1386 383 praedictum
1401 338 1545 373 est'cctum
1559 338 1719 372 dumtaxat
1735 349 1824 382 prac-

1085 393 1204 426 stando.

1129 448 1143 489 ,ξ
1179 448 1208 479 tj.
1246 447 1453 479 lteeernentes
1490 451 1670 490 praesentes
1705 445 1822 478 litteras

1085 509 1120 531 ac
1145 500 1249 531 omnia
1273 505 1303 531 et
1327 500 1449 542 singula
1477 499 1507 531 in
1535 499 1578 531 cis
1607 503 1751 532 contenta
1776 495 1848 530 γει-Γ

1086 550 1146 583 lida
1164 555 1192 584 et
1214 552 1305 584 firma
1322 556 1351 585 et
1375 552 1512 585 efficacia
1537 552 1669 585 existere
1693 557 1723 585 et
1746 552 1823 591 lere,

1086 615 1221 648 suosque
1239 605 1397 648 plenarios
1415 611 1445 637 ct
1462 605 1601 647 integros
1617 606 1744 638 effectus
1761 616 1825 637 sor-

1087 658 1136 692 tiri
1161 663 1192 690 et
1216 658 1368 700 obtinere,
1385 669 1420 690 ae
1440 658 1478 691 ab
1503 658 1658 701 omnibus,
1677 670 1756 703 quos
1775 659 1824 691 illa

1086 709 1289 753 concernunt7
1316 711 1535 745 inviolabiliter
1559 712 1735 752 observa1·i;

1131 766 1145 808 ξ
1176 765 1204 797 7.
1236 765 1347 808 Sicque
1376 775 1432 808 per
1462 776 1679 808 quoscumque
1708 766 1825 799 iudices
1865 780 1962 800 cim-211⁴
1980 780 2025 799 sui>-

1087 818 1263 852 01·dinarios
1288 822 1317 851 ct
1341 818 1515 861 delegatos,
1541 819 1633 851 ctiam
1659 829 1825 851 causarum
1841 808 1889 827 ‘'⁹⁴'‘

1087 872 1194 915 palatii
1211 872 1373 916 apostolici
1395 872 1563 913 auditores,
1581 872 1711 904 iudicari
1731 877 1760 904 et
1778 873 1829 905 de-

1088 925 1171 958 finiri
1188 925 1314 966 debere,
1330 936 1366 958 ac
1384 925 1507 957 irritum
1527 930 1556 958 ct
1573 925 1674 966 inane,
1693 925 1718 957 si
1739 936 1828 958 secus

1088 979 1247 1023 superbis
1272 990 1289 1011 a
1313 989 1481 1022 quoquam,
1500 978 1607 1022 quavis
1632 979 1827 1021 auctoritate,

1088 1032 1222 1065 scienter
1246 1032 1293 1064 vel
1318 1031 1515 1075 ignoranter,
1541 1032 1708 1075 contigerit
1731 1038 1829 1065 atten—

1089 1086 1156 1118 tari.

1133 1140 1147 1182 §
1161 1139 1189 1171 ὃ.
1203 1139 1272 1172 Non
1286 1139 1480 1172 obstantibus
1496 1139 1687 1183 praemissis,
1708 1151 1743 1173 ae
1760 1151 1831 1173 ‹ten-

1089 1192 1302 1225 stitutionibus
1322 1197 1352 1225 et
1369 1192 1617 1225 ordinationibus
1638 1194 1829 1237 apostolicis,

1089 1256 1211 1278 necnon
1236 1245 1336 1279 dictae
1353 1246 1618 1289 congregationis,
1634 1247 1727 1279 etiam
1746 1246 1830 1279 iura-

1091 1304 1206 1339 mento,
1225 1299 1464 1332 confirmatione
1484 1300 1666 1343 apostolica,
1683 1300 1731 1333 vel
1752 1311 1830 1344 qua-

1091 1355 1136 1386 vis
1152 1353 1299 1385 firmitate
1317 1353 1377 1385 alia
1393 1353 1561 1394 roboratis,
1576 1354 1697 1387 statutis
1711 1359 1741 1386 et
1757 1365 1831 1387 cou-

1091 1405 1318 1448 suetudinibus,
1342 1405 1514 1449 privilegiis
1543 1417 1679 1450 quoque,
1703 1407 1832 1440 indultis

1092 1463 1120 1493 et
1134 1459 1245 1492 litteris
1263 1459 1452 1503 apostolicis,
1467 1459 1567 1493 eidem
1582 1461 1832 1503 congregationi,

1092 1512 1239 1555 illiusque
1257 1513 1475 1556 superioribus
1489 1518 1519 1545 et
1535 1513 1696 1555 fratribus,
1710 1524 1746 1546 ac
1759 1514 1834 1546 alias

1091 1566 1123 1598 in
1147 1566 1341 1599 contrarium
1366 1566 1613 1609 praemissorum
1634 1566 1833 1610 quomodoli-

1091 1619 1145 1652 bet
1177 1619 1356 1659 concessis,
1381 1619 1575 1653 confirmatis
1607 1625 1637 1652 et
1668 1619 1832 1653 innovatis.

1092 1672 1209 1711 Quibus
1234 1672 1380 1706 omnibus
1404 1677 1433 1706 et
1457 1673 1599 1715 singulis,
1619 1673 1746 1707 illorum
1772 1685 1836 1707 om-

1092 1726 1179 1758 nium
1204 1731 1328 1759 tenores
1352 1726 1569 1769 praesentibus
1598 1737 1656 1769 pro
1685 1727 1777 1770 plene
1806 1733 1836 1760 et

1093 1780 1284 1813 sufficienter
1308 1779 1465 1823 expressis
1489 1779 1649 1819 habentes,
1675 1779 1736 1812 illis
1760 1780 1835 1812 alias

1093 1834 1125 1865 in
1141 1844 1198 1866 suo
1215 1833 1331 1865 robore
1348 1832 1574 1876 permansuris,
1589 1833 1648 1866 hac
1661 1832 1726 1866 vice
1744 1833 1836 1865 dum-

1096 1891 1177 1919 taxat
1208 1886 1386 1929 specialiter
1407 1890 1437 1918 et
1461 1896 1610 1929 expresse
1634 1885 1835 1929 derogamus,

1095 1939 1269 1982 ceterisque
1288 1939 1455 1972 contrariis
1472 1939 1737 1983 quibuscumque.

1139 1994 1250 2026 Datum
1268 1993 1396 2032 Romae,
1413 1993 1496 2036 apud
1510 1993 1538 2025 S.
1558 1993 1694 2035 Petrum,
1713 1993 1770 2025 sul)
1786 2004 1838 2025 an-

1095 2047 1171 2080 nulo
1185 2047 1362 2087 Piscatoris,
1377 2047 1426 2079 die
1443 2057 1519 2079 xvm
1536 2047 1644 2090 aprilis
1658 2057 1836 2087 ,uncxxvnn

1095 2101 1297 2145 pontificatus
1321 2101 1419 2134 nostri
1446 2111 1528 2133 anno
1553 2111 1581 2133 v.

1910 462 2021 482 clamatae

1853 491 2016 508 rav-rnatum.

1871 1153 2028 1172 (matranorum

1845 1183 1940 1200 l‘sstnollo.

1132 2164 1190 2192 Dat.
1208 2165 1252 2192 die
1270 2164 1301 2191 18
1316 2164 1407 2200 aprilis
1425 2163 1503 2198 1628,
1519 2164 1614 2200 pontis.
1633 2172 1702 2192 anno
1717 2172 1743 2192 v.

1368 2298 1566 2332 CCLXXXIX.

1097 2371 1143 2404 De
1168 2370 1318 2403 electione
1338 2370 1494 2413 praelecti
1517 2369 1691 2413 yenerali‘S,
1715 2370 1840 2402 consul-

1145 2428 1246 2457 torum
1274 2428 1303 2456 el
1332 2424 1453 2456 arbitri
1479 2423 1746 2467 Congyregyatiom's
1772 2423 1840 2457 Cle-

1144 2478 1287 2511 ricorum
1328 2478 1541 2521 Regale-crium
1573 2477 1837 2511 Ministranlium

1144 2530 1287 2573 infirmis
1298 2530 1315 2563 ¹.

1134 2602 1147 2627 t
1167 2601 1250 2628 Huius
1265 2601 1486 2637 Congregationis
1502 2602 1640 2629 materiam
1657 2601 1716 2637 lege
1732 2602 1765 2629 ad
1776 2602 1842 2629 Con-

1099 2646 1154 2676 stit,
1169 2652 1240 2675 xxxx*
1254 2646 1320 2674 Sixti
1330 2646 1361 2681 Y,
1373 2647 1419 2675 Ea:
1434 2647 1577 2682 omnibus,
1590 2650 1655 2675 tom.
1669 2654 1726 2682 vm,
1738 2655 1764 2682 p.
1777 2647 1840 2680 <5693
