2269 3235
120 241 172 269 An.
189 240 218 270 C.
239 240 306 269 1627

170 2001 255 2023 Erectio
272 2005 292 2023 ct

108 2028 213 2049 institutio
229 2030 292 2049 colle-

110 2055 139 2080 gii
167 2055 292 2076 Viennensis

110 2081 135 2101 de
156 2087 197 2107 quo
217 2088 238 2103 in
258 2088 292 2103 ru—

108 2107 176 2129 brien.

927 241 1071 267 URBANUS
1095 242 1151 266 VIII
1175 243 1223 266 1³1³.

310 288 402 323 tionis
426 288 614 332 Gregorium
637 289 752 334 Papam
778 290 843 323 XIII
869 290 1049 333 praedeces-

312 352 415 375 sorem
440 347 582 375 nostrum
616 343 736 387 optimo
765 343 891 386 quidem
917 343 1048 375 consilio

311 396 478 439 collegium
505 397 536 429 in
561 397 684 429 civitate
708 396 874 429 Viennensi
894 396 1047 435 Austrino,

311 449 518 492 quadraginta
542 449 738 491 alendorum,
757 459 793 482 ac
809 449 911 482 latinis
928 449 1048 489 litteris,

310 502 423 544 logica,
449 503 588 547 physica,
613 503 681 535 aliis
706 502 888 535 liberalibus
911 502 1049 545 discipli-

310 555 376 595 nis,
401 566 436 588 ac
461 558 549 588 sacra
573 556 698 588 demum
722 554 903 598 theologia,
928 565 1049 588 necnon

311 607 370 651 piis
394 612 424 642 et
448 609 617 641 christiano
641 607 768 641 nomine
788 607 891 651 dignis
908 608 1050 642 moribus

311 661 567 695 instruendorum
592 661 796 695 Germanicae
820 661 956 694 nationis
979 671 1052 705 pue-

311 724 418 747 rorum
440 716 542 755 causa,
560 714 661 747 eidem
680 714 813 757 collegio
832 714 917 747 mille
935 720 1051 747 trecen-

310 772 415 800 torum
441 767 599 810 octoginta
623 771 784 802 scutorum
812 771 954 802 monetae
971 779 1052 801 sum-

310 822 360 853 ma
385 821 551 864 assignata,
577 832 670 864 quam
687 821 725 853 de
744 821 901 865 praesenti
926 831 1050 854 camera

309 879 417 906 nostra
441 873 612 917 apostolica
636 873 747 914 solvit,
778 875 853 907 alias
879 874 1050 918 apostolica

309 927 494 960 auctoritate
523 927 660 960 erexisse
691 932 720 960 et
752 927 943 968 instituisse,
971 932 1005 960 ut
1029 927 1049 960 ii

308 989 372 1013 non
396 991 452 1024 per
472 991 505 1013 se
529 981 631 1014 solum
656 980 741 1021 boni,
761 980 907 1024 doctique
933 981 1048 1014 evade-

309 1038 389 1074 rent,
415 1034 468 1067 sed
492 1034 644 1067 habendis
668 1035 872 1068 concionibus
897 1039 926 1068 et
946 1035 1050 1078 dispu-

310 1087 491 1129 tationibus,
507 1088 685 1121 refellendis
704 1088 897 1129 haeresibus,
914 1088 1049 1132 fideique

309 1140 504 1173 orthodoxae
528 1141 650 1174 veritati
668 1141 895 1182 dilucidandae,
909 1151 944 1174 ac
964 1151 1050 1184 prae-

310 1197 394 1226 terea
418 1194 611 1227 exercendae
635 1194 810 1227 animarum
835 1205 944 1235 curae,
969 1194 1050 1227 aliis-

309 1256 369 1289 que
393 1246 454 1290 piis
471 1252 501 1279 et
520 1247 635 1280 sanctis
651 1247 801 1291 operibus
817 1247 881 1291 apti
899 1252 929 1280 et
946 1247 1049 1280 idonei

308 1305 421 1341 essent,
439 1305 468 1333 et
492 1300 759 1344 quammaximum
783 1301 815 1333 in
834 1301 974 1334 Ecclesia
994 1301 1048 1334 Dei

307 1353 446 1386 fructum
471 1364 508 1386 ex
533 1364 565 1387 se
588 1354 777 1398 proferrent,
802 1359 907 1387 tamen
932 1354 962 1387 id
983 1355 1049 1388 eius

308 1409 465 1450 coeptum,
483 1412 576 1450 atque
593 1413 750 1447 conatum,
769 1412 834 1440 tum
854 1418 912 1451 per
928 1407 1047 1440 obitum

308 1459 426 1503 ipsius,
451 1464 518 1494 tum
543 1460 583 1494 ob
607 1461 727 1501 varias,
752 1471 831 1504 quae
861 1465 970 1504 postea
994 1471 1046 1494 se-

308 1519 424 1556 quutae
447 1519 529 1555 sunt,
554 1518 732 1557 temporum
748 1518 778 1547 et
794 1524 902 1547 rerum
920 1514 1049 1547 difficul-

307 1571 395 1607 tates,
409 1577 521 1611 parum
538 1567 737 1610 processisse,
751 1567 848 1600 immo
860 1578 918 1601 nec
930 1567 1049 1600 litteras

306 1620 494 1664 apostolicas
518 1631 611 1664 super
635 1620 814 1653 huiusmodi
840 1621 999 1654 erectione
1019 1626 1049 1654 et.

306 1673 500 1707 institutione
537 1674 697 1717 expeditas
733 1685 801 1707 esse
836 1674 1048 1707 verisimiliter

306 1727 498 1760 credendum
521 1727 569 1768 sit,
594 1738 676 1768 cum,
701 1727 789 1761 sactis
813 1728 959 1772 plurimis
984 1733 1047 1761 tam

306 1780 339 1812 in
362 1781 503 1814 Romana
530 1781 617 1814 curia
641 1791 735 1825 quam
761 1781 793 1814 in
817 1781 899 1814 dicta
925 1782 1047 1816 civitate

307 1833 474 1867 Viennensi
498 1834 686 1877 diligentiis,
711 1834 833 1868 litterae
857 1835 1047 1879 apostolicae

307 1897 402 1930 super
420 1887 601 1921 huiusmodi
618 1888 777 1921 erectione
801 1898 864 1922 non
888 1888 1049 1933 potuerint

307 1940 442 1983 reperiri
467 1940 643 1984 expeditae:

352 1994 366 2037 ξ
382 1993 410 2026 ’2.
428 1995 500 2037 Nos,
515 1994 553 2027 ad
569 2005 648 2038 opus
664 1995 724 2028 hoc
740 1996 958 2039 propagationi
975 1997 1047 2030 fidei

306 2047 518 2088 utilissimum,
534 2049 720 2092 pracsertim
738 2049 798 2082 hoc
816 2053 966 2093 tempore,
985 2061 1047 2094 quo

308 2101 474 2134 Germania
499 2112 623 2134 summa
642 2102 861 2146 operariorum
881 2103 1048 2137 catholico-

307 2166 377 2188 rum
403 2155 509 2199 inopia
532 2155 669 2197 laborat,
696 2156 767 2189 totis
792 2156 927 2198 viribus,
953 2163 1047 2201 prout

307 2219 343 2242 ex
368 2214 529 2252 susceptae
561 2209 719 2242 servitutis
751 2209 854 2243 officio
882 2215 1045 2253 tenemur,

307 2262 557 2306 promovendum
572 2289 580 2303 ,
604 2262 745 2295 animum
768 2268 798 2295 et
822 2268 958 2296 mentem
983 2274 1045 2297 no-

307 2320 404 2348 stram
429 2320 657 2357 convertentes,
682 2326 718 2349 ac
742 2320 889 2360 coeptum
908 2322 937 2350 et
957 2328 1047 2351 cona-

308 2373 374 2403 tum
398 2369 471 2402 dicti
496 2370 640 2412 Gregorii
671 2370 924 2414 praedecessoris
946 2371 1046 2404 nostri

306 2432 460 2455 renovare
472 2423 678 2464 intendentes,
691 2429 816 2457 maturo
830 2424 966 2468 desuper
975 2436 1046 2458 cum

306 2475 540 2509 venerabilibus
573 2477 723 2510 fratribus
754 2478 870 2511 nostris
895 2478 923 2510 S.
950 2478 983 2511 R.
1013 2479 1045 2511 E.

307 2529 518 2563 cardinalibus
528 2530 770 2573 Congregationi
788 2531 826 2564 de
844 2532 1047 2575 Propaganda

306 2583 380 2616 Fide
398 2583 562 2627 praefectis
578 2583 686 2618 habito
707 2585 848 2626 consilio,
873 2590 961 2618 motu
976 2597 1047 2630 pro-

306 2637 385 2681 prio,
409 2647 473 2670 non
496 2636 535 2670 ad
551 2637 683 2671 alicuius
706 2638 796 2673 nobis
813 2639 949 2683 desuper
962 2639 1046 2673 obla·
1080 2650 1210 2674 munere
1238 2640 1410 2684 diligentia,
1439 2641 1527 2684 tides,
1554 2642 1718 2686 integritas
1743 2646 1773 2677 et
1793 2643 1823 2676 in

1730 233 1792 267 5237
1839 242 1888 270 An.
1905 243 1933 270 c.
1956 244 2021 271 1627

1085 296 1132 322 tae
1164 290 1322 334 petitionis
1353 290 1553 331 instantiam,
1587 290 1640 323 scd
1669 301 1704 323 cx
1737 293 1823 323 certa

1084 343 1222 384 scicntia,
1248 345 1398 387 moraque
1424 344 1608 377 liberalitate
1636 344 1761 386 nostris,
1787 354 1823 376 ac

1085 395 1122 428 ile
1147 397 1337 439 apostoncae
1362 397 1523 440 potestatis
1549 397 1759 440 plenitudine,
1785 398 1822 430 ad

1085 448 1138 481 Dei
1163 449 1385 492 omnipotentis
1410 450 1544 492 laudem,
1570 456 1757 494 sanctaeque
1781 451 1824 495 ip-

1085 501 1148 534 sius
1172 502 1329 535 Ecclesiae
1354 503 1593 544 incrementum,
1611 505 1825 548 praecipuam·

1085 566 1145 598 quc
1162 555 1365 589 Germanicae
1385 557 1519 590 nationis
1544 559 1674 591 salutem
1695 564 1725 591 ct
1742 570 1824 592 com-

1085 608 1224 651 modum,
1238 608 1268 641 in
1286 609 1368 642 dicta
1387 610 1510 643 civitate
1529 612 1694 644 viennensi
1714 623 1823 645 rursus

1086 661 1254 704 collegium
1279 661 1383 706 ipsum
1397 663 1571 697 viennense
1593 665 1824 708 appellandum,

1086 714 1117 746 in
1141 725 1203 757 quo
1225 715 1355 758 posthac
1379 726 1441 748 non
1467 716 1571 749 minus
1595 728 1688 760 quam
1715 718 1824 760 viginti

1086 767 1213 809 alumni,
1228 767 1372 801 videlicet
1386 779 1421 801 ex
1437 768 1590 802 ambabus
1603 769 1737 801 Austriis
1754 780 1826 813 qua-

1086 820 1270 861 tuordecim,
1291 826 1410 864 septem
1431 821 1549 855 scilicet
1566 833 1602 855 ex
1621 823 1777 866 superiori
1796 828 1822 855 ct

1086 880 1206 918 septem
1231 885 1269 908 ex
1292 875 1434 909 inferiori
1458 876 1594 916 Austria,
1619 876 1681 909 duo
1703 887 1739 909 ex
1757 877 1825 909 Val-

1085 927 1170 968 lesia,
1191 927 1253 961 duo
1268 939 1304 961 ex
1322 929 1432 962 Rhetia
1450 934 1479 962 et
1494 929 1557 962 duo
1574 929 1747 962 Beruenses
1765 930 1825 962 col-

1086 981 1212 1023 ligendi,
1233 986 1272 1022 et,
1291 981 1316 1013 si
1341 982 1509 1024 eontigerit
1526 993 1562 1015 ex
1580 983 1722 1023 Vallesia,
1748 983 1826 1016 Rhe-

1086 1033 1127 1065 tia
1151 1038 1181 1066 et
1204 1034 1317 1066 Bernia
1341 1035 1486 1068 alumnos
1503 1035 1611 1068 haberi
1636 1046 1699 1068 non
1723 1046 1824 1079 posse,

1085 1092 1159 1119 tunc
1190 1092 1220 1120 et
1251 1097 1288 1120 eo
1321 1098 1415 1130 casu,
1440 1093 1511 1132 post
1542 1089 1636 1121 saetas
1660 1099 1677 1121 a
1702 1094 1825 1122 rectore

1085 1140 1159 1173 dicti
1192 1141 1336 1183 collegii,
1361 1146 1391 1173 et
1422 1141 1549 1174 demum
1575 1152 1592 1174 a
1616 1142 1730 1175 dilecto
1760 1143 1825 1176 filio

1085 1193 1238 1227 moderno
1255 1199 1285 1226 et
1300 1205 1359 1238 pro
1385 1200 1526 1238 tempore
1542 1195 1692 1230 existente
1716 1201 1825 1230 nostro

1085 1252 1114 1279 et
1138 1247 1226 1281 Sedis
1250 1248 1447 1291 Apostolicae
1470 1249 1581 1282 nuntio
1605 1250 1686 1293 apud
1705 1250 1824 1282 charis-

1085 1300 1200 1333 simum
1223 1301 1255 1332 in
1278 1301 1402 1334 Christo
1418 1301 1518 1335 filium
1536 1308 1680 1336 nostrum
1698 1303 1823 1336 moder-

1084 1363 1160 1386 num
1193 1359 1223 1386 et
1253 1365 1312 1398 pro
1344 1360 1487 1398 tempore
1518 1356 1610 1388 etiam
1642 1356 1825 1390 existentem

1084 1408 1299 1441 Romanorum
1324 1419 1432 1451 regem
1457 1409 1488 1442 in
1514 1409 1737 1453 imperatorem
1762 1411 1824 1444 ele-

1084 1465 1167 1495 ctum
1185 1468 1411 1503 commorante,
1428 1463 1616 1506 diligentias,
1633 1465 1750 1497 alumni
1768 1465 1826 1497 Au-

1084 1515 1189 1548 striaci
1209 1516 1241 1548 in
1266 1517 1370 1550 locum
1396 1529 1507 1551 eorum
1534 1519 1650 1551 assumi
1675 1519 1823 1559 debeant,

1083 1569 1254 1612 apostolica
1268 1570 1463 1613 auctoritate,
1478 1577 1587 1605 tenore
1600 1573 1823 1616 praesentium⁷

1083 1621 1121 1653 de
1145 1632 1226 1654 novo
1252 1632 1289 1655 ex
1313 1622 1436 1666 integro
1453 1630 1608 1667 perpetuo
1626 1625 1778 1668 erigimus
1796 1629 1825 1659 et

1084 1673 1284 1708 instituimus.

1127 1728 1142 1771 ἓ
1166 1727 1196 1761 3.
1219 1729 1329 1772 Illique
1350 1729 1394 1762 sic
1414 1734 1518 1764 erecto
1543 1736 1571 1763 et
1596 1731 1748 1772 instituto,
1766 1743 1824 1776 pro

1082 1784 1224 1825 congrua
1249 1783 1315 1815 eius
1335 1783 1417 1826 dote,
1443 1794 1478 1817 ac
1505 1785 1705 1818 alumnorum
1733 1796 1824 1830 prae-

1082 1836 1219 1870 fatorum
1236 1842 1267 1870 et
1283 1837 1344 1870 illis
1360 1838 1598 1881 inservientium
1618 1850 1824 1883 personarum

1083 1890 1325 1932 sustentatione,
1353 1902 1549 1936 onerumque
1574 1893 1635 1926 illis
1656 1893 1822 1927 incumbe-

1082 1942 1159 1975 tium
1180 1944 1427 1988 supportatione,
1447 1945 1587 1979 redditus
1604 1957 1723 1980 annuos
1741 1947 1825 1980 mille

1082 2001 1295 2030 trecentorum
1313 1998 1471 2042 octogiuta
1495 2005 1657 2033 scutorum
1682 2006 1824 2034 monetae

1082 2050 1262 2084 huiusmodi
1277 2062 1313 2084 ex
1327 2063 1469 2085 camerae
1481 2054 1671 2097 apostolicae
1684 2055 1824 2097 pecuniis

1081 2105 1247 2146 quotannis
1260 2106 1429 2139 sumendos
1443 2110 1471 2139 et
1488 2107 1709 2147 numerandos,
1723 2108 1825 2140 distri-

1082 2157 1157 2190 buta
1174 2157 1205 2190 in
1222 2159 1399 2192 trimestres
1419 2160 1559 2203 singulos
1584 2172 1643 2204 pro
1661 2163 1728 2193 rata
1745 2162 1825 2194 solu-

1081 2211 1174 2252 tione,
1183 2212 1291 2254 <quoad
1306 2212 1343 2245 de
1357 2213 1484 2246 totidem
1504 2213 1682 2246 reddituum
1701 2216 1824 2246 summa

1081 2264 1112 2296 in
1136 2264 1226 2297 bonis
1251 2265 1413 2298 stabilibus
1431 2266 1531 2299 eidem
1550 2267 1683 2309 collegio
1700 2277 1717 2299 a
1733 2267 1823 2300 nobis

1081 2318 1129 2350 vel
1146 2319 1381 2352 successoribus
1399 2320 1515 2352 nostris
1532 2321 1680 2353 Romanis
1700 2321 1824 2353 Pontifi-

1081 2371 1168 2404 cibus
1188 2372 1282 2405 fuerit
1307 2373 1478 2416 provisum,
1496 2373 1613 2406 eisdem
1637 2374 1823 2407 auctoritate

1081 2430 1111 2457 et.
1137 2430 1245 2458 tenore
1270 2427 1473 2459 concedimus
1498 2433 1527 2459 et
1552 2427 1762 2460 attribuimus.

1125 2479 1140 2521 ξ
1165 2478 1194 2511 4.
1216 2479 1370 2521 Ceterum,
1390 2491 1460 2512 cum
1479 2480 1665 2513 dilectorum
1683 2481 1821 2514 fitiorum
1864 2496 1964 2526 Ejus-iem
1979 2497 2022 2517 coi.

1080 2532 1337 2576 presbyterorum
1352 2533 1514 2566 Societatis
1532 2534 1601 2567 lesu
1618 2534 1650 2566 in
1669 2534 1729 2567 hoc
1747 2534 1822 2567 edu·
1838 2523 2022 2570 iiiss'iiiiiifiimendssf

1081 2585 1264 2625 candorum,
1279 2585 1606 2630 instituendorumque
1620 2588 1820 2621 alumnorum

1894 1745 1952 1766 Datis
1972 1746 2024 1766 assi-

1841 1773 1976 1796 gnatiodicto
1985 1774 2024 1793 cot·

1839 1800 1894 1825 legii)
1903 1805 1969 1820 mim
1978 1806 2024 1820 scu-

1841 1828 1907 1846 torum
1926 1828 2024 1847 monetae

1840 1858 1964 1874 annuorum.

1838 2577 1948 2596 mandatur
1975 2581 2022 2601 pre-

1838 2603 1927 2629 shyteris
1947 2602 2020 2624 Socie-

1838 2630 1887 2652 tasss
1902 2629 1959 2652 lesu.
