2269 3235
520 206 583 240 68⁶2
1062 208 1241 233 mmmmm
1273 208 1424 233 nomnen

476 269 619 304 Andreas
645 268 686 301 du
704 266 759 300 Val
785 265 892 298 doctor
914 263 1100 296 Parisiensis
1121 263 1273 295 assistens
1292 260 1424 294 Rolandi
1444 260 1679 304 archiepiscopi
1697 259 1904 295 Bituriconsis
1921 269 2008 305 prae-

562 322 638 354 sidis
663 319 791 363 capituli
817 317 974 361 generalis
999 315 1227 349 Tertiariorurn
1250 314 1502 348 Reformatorum
1527 314 1559 346 in
1584 311 1701 354 Gallia,
1727 313 1790 346 512
1815 323 1835 346 a
1859 316 1890 347 et
1912 323 1972 358 seq.

476 375 618 409 Andreas
644 373 748 416 (Ven.)
773 372 813 403 de
838 370 985 403 Avellino
1010 369 1175 402 Beatorum
1201 377 1332 401 numero
1356 367 1545 410 adscriptus,
1572 366 1631 399 3:31
1660 366 1676 399 b
1701 369 1731 400 et
1755 376 1815 410 seq.

476 428 606 471 Angliea
631 426 835 467 congregatio
852 423 1020 465 Nigrorum
1039 426 1289 465 nuncupatorum
1307 420 1436 456 Ordinis
1453 420 1483 453 S.
1501 418 1681 461 Benedicti,
1701 419 1763 453 478
1780 419 1806 452 b.
1824 418 2008 454 Declaratur

564 490 633 513 cam
658 488 727 511 esse
753 486 862 511 veram
886 477 1181 518 congregationem,
1208 474 1287 507 ibid.

476 535 627 573 Annatae,
653 531 849 576 quindenuia
875 533 905 562 et
929 529 989 562 alia
1014 530 1082 561 iura
1107 527 1261 561 solvenda
1286 535 1432 560 camerac
1457 525 1660 570 apostolicae,
1685 525 1746 558 161
1774 524 1791 557 b
1816 528 1846 558 et
1869 534 1930 569 seq.

478 587 630 620 Aunouae
656 586 747 628 copia
773 583 930 628 ‹promodo
956 581 1172 626 procuranda,
1198 581 1260 615 ⁴294
1285 592 1304 613 a
1329 583 1360 614 et
1383 590 1445 624 seq.

476 641 602 674 Antonii
629 640 687 682 (S.)
713 638 752 671 de
778 637 884 670 Padua
902 635 1074 680 collegium
1092 636 1222 668 fratrum
1239 633 1395 667 Minorum
1411 631 1675 667 Conventualiurn
1696 631 1817 675 Pragae
1834 632 2010 666 institutum

566 694 787 733 confirmatur,
813 690 875 723 867
902 689 927 722 b.

478 747 605 781 Antonii
631 745 688 791 (S.)
714 745 753 778 do
778 745 890 777 sancto*
912 743 1048 776 Antonio
1080 740 1237 785 hospitale
1262 740 1462 783 viennense,
1488 740 1550 774 386
1576 739 1606 780 ὸς
1633 740 1784 773 eximitur
1814 737 1853 772 ab
1879 737 2012 772 Ordina-

564 801 682 833 riorum
717 797 951 836 iurisdictione,
979 793 1057 827 ibid.
1082 795 1224 828 Nuncius
1248 793 1448 837 Apostolicus
1480 795 1512 827 in
1543 803 1642 837 regno
1666 792 1816 836 Neapolis
1844 791 2014 835 (leputatur

566 856 739 897 perpetuus
768 849 1006 895 praccepto1·Iac
1034 848 1128 881 huius
1153 846 1284 882 Ordims
1310 851 1400 881 extra
1424 850 1546 892 portam
1570 847 1752 891 Capuanam
1780 847 1860 880 sitae
1885 854 2012 879 conscr-

564 906 662 946 vatOr,
689 905 751 937 503
777 903 803 936 h.

477 961 632 995 Antonius
657 957 827 991 cardinalis
854 954 1082 996 AtrebatensiS,
1110 954 1172 987 438
1197 964 1227 986 α.

478 1014 631 1047 Antonius
656 1010 828 1044 cardinalis
853 1008 1059 1049 Barbertnus,
1086 1006 1205 1040 Urbani
1228 1006 1297 1040 VIII
1322 1006 1420 1040 frater
1444 1013 1625 1048 gemmam,
1651 1008 1768 1039 statuta
1793 1014 1850 1049 pro
1872 1005 2014 1039 archivio

565 1066 691 1099 Urbano
718 1066 869 1104 efforman
889 1063 950 1095 389
972 1073 1001 1094 a.
1023 1061 1196 1104 Delegatur
1219 1060 1258 1093 ad
1284 1059 1395 1094 Urbini
1420 1059 1553 1092 ducatus
1573 1059 1762 1102 capiendam
1783 1059 2015 1102 possessionem

567 1130 638 1153 eum
664 1118 863 1152 facultatibus
889 1116 1084 1160 opportunis,
1105 1115 1166 1147 499
1184 1113 1200 1145 ὁ
1217 1117 1323 1157 etseq.
1342 1113 1432 1147 Aliae
1458 1112 1623 1146 facultates
1647 1113 1730 1145 hanc
1754 1111 1794 1145 ad
1818 1122 1890 1145 rem
1909 1112 2013 1146 eidem

565 1183 745 1213 concessae,
772 1173 834 1205 564
860 1182 888 1203 a.
913 1171 939 1203 A
965 1171 1084 1203 ratione
1110 1168 1275 1202 reddenda
1301 1168 1467 1208 eximitur,
1493 1167 1557 1200 500
1582 1167 1609 1199 b.

478 1229 633 1263 Antonius
653 1228 692 1260 dc
717 1227 821 1260 Monte
846 1225 1016 1259 cardiiiulis
1044 1224 1207 1267 Papiensis
1233 1224 1262 1255 in
1283 1221 1413 1255 Umbria
1433 1221 1473 1254 de
1495 1221 1594 1255 latere
1616 1219 1750 1264 legatus,
1768 1220 1831 1254 375
1850 1220 1877 1253 b.
1895 1220 2017 1255 Statuta

567 1281 717 1315 nonnulla
743 1281 809 1313 edit
834 1290 889 1323 pro
915 1279 1121 1312 universitate
1148 1277 1309 1317 Perusina,
1338 1275 1417 1308 ibid.

478 1337 634 1371 Antonius
659 1336 697 1368 dc
723 1333 819 1367 Paula
844 1343 977 1376 magnus
1009 1333 1160 1374 magister
1184 1329 1348 1372 hospitalis
1373 1329 1404 1362 S.
1430 1328 1556 1362 Ioannis
1580 1327 1876 1372 HIcrosolymitani,
1902 1328 1965 1362 642
1990 1328 2016 1361 b.

479 1388 634 1423 Antonius
651 1387 872 1422 Mascarenhas
889 1386 1127 1419 commissarius
1144 1383 1302 1427 generalis
1319 1383 1485 1416 Cruciatae
1503 1384 1535 1415 in
1552 1392 1652 1424 regno
1668 1381 1891 1425 Portugalliae,
1911 1382 1972 1415 462
1989 1381 2016 1415 b.

567 1442 716 1476 Nonnihil
750 1444 879 1475 attentat
911 1444 1020 1473 contra
1053 1440 1273 1472 auctoritatem
1304 1437 1333 1469 S.
1359 1436 1467 1478 Sedis,
1495 1435 1573 1468 ibici.
1599 1436 1772 1479 Suspectus
1804 1436 1843 1468 de
1875 1437 2017 1469 erroneis

568 1495 836 1540 propositionibus
863 1495 892 1527 in
919 1492 1151 1537 praeiudicium
1177 1491 1372 1525 auctoritatis
1398 1489 1489 1523 Sedis
1514 1489 1734 1533 Apostolicae,
1761 1489 1823 1522 464
1848 1499 1877 1521 a.

481 1552 651 1594 Apostatae
677 1553 708 1583 et
733 1550 826 1582 eiecti
851 1547 890 1581 ab
916 1545 1092 1581 Ordinibus
1122 1545 1331 1588 regularibus,
1359 1543 1516 1589 quomodo
1542 1543 1714 1585 tractandi,
1741 1542 1803 1576 202
1828 1542 1891 1576 bet
1913 1553 1973 1587 seq.

482 1602 673 1638 Arborensis
699 1605 868 1645 episcopus
893 1600 1080 1633 admonetur
1104 1609 1121 1632 a
1146 1599 1299 1632 Pontifice
1325 1602 1358 1632 ut
1381 1599 1587 1632 seminarIum
1613 1599 1644 1630 in
1678 1606 1735 1630 sua
1763 1597 1905 1631 dioecesi
1933 1598 2019 1631 insti-

571 1661 646 1699 tuat,
673 1657 735 1690 199
761 1667 780 1689 a
805 1660 835 1689 ct
859 1655 885 1687 b.

483 1711 734 1746 Archidiaconus
760 1711 893 1743 visitans
919 1708 1093 1741 dioecesim
1117 1708 1245 1741 nomine
1271 1707 1414 1750 episcopi
1431 1715 1493 1738 non
1518 1705 1658 1739 lucratur
1680 1703 1919 1738 distributiones
1944 1714 2020 1749 quo-

573 1766 719 1806 tidiauas⁷
746 1764 802 1797 sed
828 1763 1024 1796 solummodo
1049 1762 1171 1795 fructus
1196 1760 1411 1805 praebendae,
1441 1759 1503 1792 420
1520 1769 1551 1792 a.

481 1819 667 1853 Archivimn
698 1817 848 1861 generale
882 1817 1000 1850 Romae
1034 1816 1233 1856 institutum,
1260 1814 1322 1847 387
1355 1813 1371 1845 b
1405 1815 1435 1846 et
1466 1823 1527 1855 seq.
1557 1810 1784 1855 Urbanumque
1814 1810 2018 1855 appellatum,

571 1872 633 1905 388
651 1871 676 1904 ὁ.
701 1871 777 1904 Eius
802 1869 1035 1903 conservatoris
1059 1877 1175 1901 munus
1200 1870 1230 1901 et
1254 1866 1435 1911 privilegia,
1461 1865 1524 1899 390
1549 1875 1578 1897 a.

484 1926 671 1960 Archivium
696 1926 776 1957 sacri
803 1924 930 1966 collegii
956 1922 1167 1955 cardinalium
1191 1922 1223 1954 in
1244 1919 1327 1953 Urbe
1354 1920 1538 1960 instituitur,
1565 1917 1628 1951 402
1652 1927 1671 1950 a
1696 1920 1728 1951 et
1751 1928 1811 1962 seq.

486 1979 728 2023 ArgentinensIs
755 1981 785 2011 et
809 1977 1027 2010 passaviensis
1053 1975 1208 2009 ecclesiae
1234 1973 1481 2007 administratori
1505 1971 1706 2005 interdicitur
1731 1971 1901 2016 quominus
1929 1970 2023 2005 feuda

572 2031 780 2065 ecclesiarum
805 2030 886 2064 locet
911 2030 1092 2071 haereticis,
1118 2029 1158 2062 79
1186 2028 1212 2060 b.

482 2085 626 2120 Asconae
652 2085 859 2118 seminarium
884 2083 1048 2116 Comensis
1072 2082 1231 2115 dioecesis
1262 2079 1502 2124 archiepiscopo
1526 2078 1756 2114 Mediolanensi
1781 2082 1942 2124 tamquam
1966 2079 2022 2113 ad-

570 2139 775 2172 ministratori
800 2136 989 2178 subiectum,
1017 2136 1079 2169 123
1105 2136 1131 2178 b,
1160 2136 1221 2169 124
1247 2145 1276 2168 a.

484 2192 684 2227 Atrebatensi
709 2194 860 2235 episcopo
886 2190 1062 2224 iurisdictio
1098 2199 1196 2233 super
1232 2189 1407 2233 capitulum
1438 2188 1478 2223 ad
1513 2189 1646 2222 sormam
1680 2186 1813 2222 Concilii
1844 2188 2021 2223 Tridentini

575 2245 734 2287 tribuitur,
756 2246 797 2278 75
823 2244 839 2277 b
848 2256 859 2284 ,·
885 2254 1009 2277 necnon
1035 2244 1174 2287 cognitio
1187 2252 1354 2278 causarum
1379 2241 1591 2276 criminalIum
1616 2241 1806 2275 clericorum
1829 2251 1906 2275 suae
1932 2243 2021 2277 dioo-
2065 2273 2073 2276 ,

574 2301 665 2340 cesis,
694 2299 753 2331 108
779 2309 808 2331 (ι.

484 2352 700 2387 Atrebatcnsis
725 2352 869 2393 ecclesia,
889 2352 929 2386 715
955 2352 981 2385 b.
1006 2351 1165 2395 Episcopo
1190 2349 1340 2385 attributa
1364 2349 1542 2384 iurisdictio
1563 2350 1596 2383 in
1620 2348 1795 2393 capitulum
1825 2349 1864 2383 ad
1888 2350 2021 2384 formam

573 2405 706 2439 Concilii
730 2406 922 2447 TridentIni,
949 2404 1029 2438 ibid.
1059 2405 1189 2439 Necnon
1221 2406 1360 2448 cognitio
1393 2412 1561 2438 causarum
1594 2402 1807 2436 criminalium
1832 2403 2021 2438 clericorum

574 2469 648 2492 suae
675 2460 843 2499 dioecesis,
862 2460 934 2500 108,
953 2469 981 2491 a.
1010 2458 1109 2492 Plura
1137 2457 1399 2502 Conyreqali'om's
1427 2456 1565 2492 Concilii
1590 2456 1715 2490 decreta
1739 2467 1835 2502 super
1859 2456 1937 2490 aliis
1956 2468 2022 2491 ma-

575 2512 665 2544 teriis
690 2512 1012 2545 inrisdz'etz'onatibus.
1046 2511 1123 2546 tide
1147 2512 1224 2546 ibid.
1281 2510 1283 2512 ’

490 2567 686 2608 Augustinus
711 2566 879 2599 cardinalis
906 2567 1097 2601 Veronensis
1128 2566 1193 2600 edit
1221 2563 1364 2600 libellum
1389 2565 1428 2599 de
1455 2564 1582 2598 laetitia
1615 2563 1794 2598 christiana
1824 2574 1920 2610 quem
1945 2563 2021 2598 Phi-

579 2618 702 2662 lippum
726 2619 885 2659 inscribit,
912 2620 951 2652 18
976 2620 1001 2653 h.
