2269 3235
112 247 163 275 An.
177 245 208 275 C.
229 245 299 276 1624

137 682 176 706 Qui
185 681 235 703 illud
244 687 295 708 pon-

111 709 177 730 tificia
203 710 294 730 auctori-

110 737 154 765 tate
165 736 217 762 petit
231 736 295 757 roho-

111 768 161 784 rari.

136 999 248 1022 Confirmat
257 1000 292 1022 Ur-

109 1027 183 1049 banus.

94 2107 241 2177 'poffipusulas
252 2128 288 2150 ap-

915 245 1058 270 URBANUS
1082 245 1139 270 vm
1163 245 1211 270 PP-

311 293 492 335 iudicatam,
510 294 621 339 iusque
645 292 923 340 praetendentibus
948 293 1052 337 acqui-

311 353 421 389 ratur,
446 347 611 393 eidemque
635 348 681 382 rei
710 347 863 381 iudicatae
888 350 997 386 stetur,
1022 351 1052 378 et

311 402 359 436 ius
377 402 460 436 illius
477 402 585 446 vigore
601 401 787 446 acquisitum
806 400 914 439 valeat,
928 399 1049 432 etiamsi

311 455 467 497 desectus,
492 456 545 501 qui
570 454 831 499 impedimentum
856 452 969 485 afferre
993 463 1049 496 po-

312 509 431 550 tuisset,
456 509 481 541 si
505 509 592 553 prius
616 507 812 546 innotuisset,
838 509 947 549 postea
970 505 1050 538 dete-

312 567 414 605 gatur,
432 567 461 595 et
472 562 547 595 alias
560 565 654 605 prout
667 560 697 592 in
711 559 848 601 decreto,
863 569 918 591 seu
935 563 1049 592 statuto

311 615 446 660 desuper
463 615 543 648 sacto
559 613 681 658 plenius
698 612 813 645 dicitur
830 612 992 646 contineri.

356 670 371 713 ξ
394 669 424 703 2.
449 669 525 703 Cum
549 672 663 707 autem,
689 666 769 699 sieut
793 665 902 699 eadem
927 666 1049 709 exposi-

311 723 353 757 tio
378 721 595 764 subiungebat,
612 719 713 754 dictus
730 719 892 763 Philippus
912 730 967 753 rex
984 720 1050 763 plu-

311 776 426 809 rimum
440 774 553 818 cupiat,
571 777 732 813 statutum,
749 783 804 806 seu
815 773 977 806 decretum
994 774 1049 806 liu-

309 829 445 863 iusmodi
469 838 528 872 pro
552 827 686 861 firmiori
715 827 798 860 illius
830 827 1047 861 observatione

308 882 497 926 apostolicae
521 885 647 916 nostrae
665 881 914 916 confirmationis
931 882 1048 916 robore

309 935 515 976 communiri3

353 989 368 1033 ἓ
391 988 420 1021 3.
442 989 514 1029 Nos,
532 988 671 1021 eiusdem
697 988 833 1033 Philippi
858 989 942 1031 regis
959 989 1047 1030 votis,

308 1047 460 1086 quantum
477 1053 549 1075 cum
566 1042 699 1075 Domino
716 1053 895 1086 possumus,
910 1053 1048 1075 annuere

307 1097 456 1137 volentes,
469 1096 750 1141 supplicationibus
764 1096 904 1129 eiusdem
921 1097 1048 1130 nomine

306 1150 397 1184 nobis
422 1161 517 1194 super
533 1151 594 1184 hoc
610 1151 773 1183 humiliter
789 1151 944 1194 porrectis
964 1151 1048 1184 incli-

306 1258 474 1301 omniaque
499 1263 529 1290 et
546 1257 669 1300 singula
686 1257 718 1290 in
734 1257 788 1290 illo
804 1262 959 1297 contenta,
976 1268 1048 1301 apo-

306 1311 416 1345 stolica
452 1311 654 1351 auctoritate,
681 1316 789 1344 tenore
818 1312 1046 1355 praesentium,

306 1364 521 1409 approbamus
546 1369 576 1397 et
600 1364 842 1405 confirmamus,
868 1365 975 1408 illique
1000 1365 1047 1397 in-

306 1417 460 1451 violabilis
478 1418 669 1462 apostolicae
684 1418 842 1450 firmitatis
858 1418 957 1451 robur
973 1419 1049 1451 adii-

305 1471 407 1505 cimus
422 1498 430 1512 ,
454 1482 490 1504 ac
521 1482 630 1505 omnes
663 1471 858 1515 et'singulos
882 1477 944 1504 tam
969 1472 1047 1506 iuris

305 1536 400 1569 quam
424 1525 496 1559 sacti
521 1517 670 1566 desectus,
689 1525 714 1558 si
738 1526 791 1569 qui
816 1526 953 1570 desuper
973 1538 1064 1570 quo-¹

306 1579 479 1613 modolibet
495 1579 730 1619 intervenerint,
746 1580 946 1623 supplemus,
963 1580 1047 1613 insu-

304 1644 371 1678 per,
396 1634 581 1668 auctoritate
605 1639 635 1666 et
659 1637 766 1668 tenore
790 1634 969 1678 praedictis,
990 1640 1046 1668 sta-

304 1687 444 1728 tuimus,
474 1692 508 1720 ut
539 1687 564 1721 is
595 1687 691 1720 etiam
720 1698 778 1731 pro
809 1692 879 1720 actu
911 1689 1046 1732 positivo

304 1741 474 1782 habeatur,
499 1741 552 1785 qui
577 1752 634 1785 per
659 1741 896 1774 informationes
920 1743 1045 1786 collegii

304 1795 500 1839 Hispalensis
522 1795 586 1836 fiet,
603 1805 667 1828 non
692 1806 782 1828 secus
804 1806 839 1828 ac
864 1795 888 1828 si
913 1806 969 1839 per
986 1797 1047 1830 col-

304 1849 460 1892 legiorum
484 1849 719 1893 praedictorum
746 1849 986 1884 informationes
1006 1851 1063 1883 saw

304 1907 372 1935 ctus
396 1902 514 1942 fuisset,
539 1902 686 1946 quodque
711 1907 774 1936 tres
799 1907 885 1936 actus
910 1903 1044 1947 positivi,

303 1955 357 1999 qui
383 1966 442 1999 pro
466 1955 674 1998 qualificanda
690 1956 852 1990 nobilitate
877 1957 1063 2000 requirun·-;

304 2012 364 2049 tur,
374 2019 455 2042 unus
468 2009 645 2042 necessario
660 2019 697 2042 ex
714 2010 875 2053 praedicto
892 2010 1044 2044 Ordinum

304 2062 488 2096 militarium
506 2063 636 2097 consilio
654 2063 692 2097 sit
710 2069 739 2096 et
760 2074 827 2097 esse
844 2064 964 2097 debeat.

354 2117 369 2161 g
397 2116 427 2149 4.
457 2117 667 2150 Decernentes
695 2123 876 2162 praesentes
904 2119 1042 2160 litteras,

305 2170 473 2214 omniaque
486 2175 516 2203 et
529 2170 651 2213 singula
665 2171 695 2203 in
709 2171 753 2204 eis
766 2176 920 2214 contenta,
934 2173 1043 2216 valida,
1060 2189 1062 2213 ,κ

305 2224 398 2256 firma
422 2228 452 2257 et
477 2224 615 2257 efficacia
639 2235 706 2257 esse
740 2230 769 2257 et
799 2226 883 2265 sore,
909 2236 1045 2270 suosque

304 2277 462 2321 plenarios
493 2282 524 2310 et
553 2277 693 2321 integros
726 2278 855 2312 effeetus
884 2280 990 2312 sortiri
1015 2286 1045 2313 et

305 2331 457 2371 obtinere,
474 2336 504 2363 et
527 2331 566 2364 ab
590 2332 748 2372 omnibus,
766 2333 804 2365 ad
822 2344 901 2377 quos
925 2339 1045 2377 spectat

304 2388 334 2417 et
356 2394 415 2427 pro
445 2388 588 2428 tempore
613 2386 850 2429 quomodolibet
874 2388 1043 2430 spectabit,

1060 2220 1062 2237 l

1083 303 1100 326 a
1125 304 1298 338 quoquam,
1324 293 1433 337 quavis
1458 291 1662 331 auctoritate,
1687 292 1822 325 scienter

1083 347 1130 379 vel
1156 347 1348 389 ignoranter,
1374 346 1541 389 contigerit
1564 344 1717 378 attentari.

1127 401 1142 443 g
1166 400 1195 433 5.
1220 401 1288 433 Non
1320 400 1516 433 obstantibus
1548 398 1822 433 constitutionibus

1083 456 1113 486 et
1136 453 1386 485 ordinationibus
1411 452 1599 497 apostolicis,
1617 463 1651 485 ac
1676 463 1823 496 quarum-

1084 506 1128 538 ris
1159 506 1364 539 ecclesiarum
1400 507 1493 539 etiam
1529 506 1755 541 cathedralium
1792 511 1823 538 et

1084 559 1413 603 metropolitanarum,
1439 570 1559 593 necnon
1585 561 1766 593 militiarum
1793 565 1823 592 et

1083 613 1230 646 ordinum
1246 624 1520 658 quorumcumque
1535 614 1639 646 (etiam
1666 614 1823 646 iuramen-

1084 672 1132 708 to,
1165 667 1405 700 confirmatione
1429 667 1616 710 apostolica,
1642 668 1688 699 rel
1714 667 1822 711 quavis

1082 720 1231 754 firmitate
1255 721 1315 754 alia
1340 721 1510 764 roboratis)
1536 721 1658 754 statutis
1688 726 1718 753 et
1742 731 1820 754 eon-

1083 774 1310 815 suetudinibus,
1334 774 1509 818 privilegiis
1533 784 1670 817 quoque,
1695 774 1822 807 indultis

1082 834 1112 861 et
1136 828 1247 861 litteris
1272 829 1453 872 apostolicis
1470 829 1501 861 in
1518 828 1712 861 eontrarium
1736 839 1824 871 prae-

1082 883 1253 915 missorum
1270 883 1508 926 quomodolibet
1525 882 1692 923 concessis,
1713 882 1823 915 confir-

1082 936 1183 977 matis,
1209 942 1238 969 et
1270 936 1434 969 innovatis.
1459 936 1580 975 Quibus
1612 936 1758 969 omnibus
1793 941 1823 969 et

1083 980 1236 1032 singulis,
1264 1000 1375 1023 eorum
1408 990 1548 1023 omnium
1580 994 1704 1022 tenores
1734 999 1822 1033 prae-

1082 1044 1222 1077 sentibus
1238 1055 1296 1088 pro
1310 1045 1402 1088 plene
1415 1049 1445 1076 et
1459 1040 1649 1077 sufficienter
1665 1043 1822 1087 expressis

1082 1097 1249 1138 habentes,
1274 1097 1335 1130 illis
1368 1098 1443 1131 alias
1473 1098 1505 1130 in
1528 1109 1585 1131 suo
1609 1098 1724 1131 robore
1749 1108 1821 1142 per—

1064 1151 1264 1191 =mansuris,.
1281 1151 1338 1183 hae
1362 1151 1429 1184 vice
1459 1151 1619 1184 dumtaxat
1644 1151 1822 1195 specialiter

306 1204 380 1245 nati,
405 1208 554 1239 statutum
580 1215 635 1237 seu
659 1204 822 1236 decretum
846 1204 1064 1245 huiusmodi„

1063 1282 1064 1286 ,
1081 1258 1136 1290 riis
1160 1258 1422 1303 (piibuscumcpie.

1081 1210 1111 1237 et
1128 1215 1273 1248 expresse
1290 1205 1490 1248 derogamus,
1508 1206 1683 1249 ceterisque
1703 1211 1823 1239 contra-

1124 1312 1236 1344 Datum
1261 1313 1389 1353 Romae,
1416 1312 1498 1356 apud
1523 1312 1551 1345 S.
1578 1313 1705 1345 Mariam
1732 1313 1823 1346 Maio-

1081 1376 1159 1406 rem,
1189 1365 1245 1398 sub
1271 1367 1387 1399 annulo
1407 1366 1595 1406 piscatoris,
1621 1366 1671 1398 die
1704 1376 1722 1398 v
1754 1366 1821 1399 iulii

1081 1429 1223 1453 tunexxw
1248 1419 1449 1463 pontificatus
1467 1419 1565 1452 nostri
1591 1430 1672 1452 anno
1693 1429 1712 1452 1.

1116 1483 1175 1510 Dat.
1193 1483 1235 1510 die
1251 1483 1267 1510 5
1282 1482 1339 1510 iulii
1357 1483 1434 1517 1624,
1452 1482 1545 1518 pontif.
1564 1491 1633 1510 anno
1649 1489 1666 1509 1.

1390 1626 1515 1659 LXXIV.

1079 1707 1245 1741 Revocatz's
1265 1707 1368 1741 Pauli·
1403 1707 1425 1739 l*
1448 1707 1577 1747 litteris,
1606 1707 1725 1750 quibus
1746 1718 1822 1751 pro-

1123 1761 1247 1793 vmcz‘as
1272 1760 1309 1793 de
1334 1761 1483 1801 Perctiba,
1511 1761 1715 1801 Itae‘tmaraca,
1747 1763 1821 1795 Rio-

1123 1814 1267 1858 gyrande,
1293 1818 1321 1847 et
1350 1814 1550 1848 illaranlmm
1573 1815 1760 1858 provinciae
1785 1815 1822 1848 cle

1123 1868 1346 1901 Permtmbuco
1366 1869 1527 1908 univerae,
1548 1869 1672 1902 eaedem
1694 1870 1823 1912 provin-

1123 1923 1192 1955 ciae
1216 1923 1364 1955 eeclesiae
1385 1923 1416 1956 S.
1439 1923 1620 1956 Salvatoris
1645 1923 1822 1956 restituun-

1126 1975 1207 2008 tur&

1284 2055 1419 2083 Urbanus
1440 2056 1519 2090 Papa
1538 2057 1617 2090 VIII,

1210 2101 1246 2128 ad
1262 2104 1437 2135 perpetuam
1456 2101 1500 2128 rei
1521 2101 1702 2129 memoriam.

1124 2173 1282 2205 Romanus
1308 2171 1447 2205 Pontifex
1471 2182 1488 2204 a
1515 2172 1674 2206 Salvatore
1699 2178 1728 2206 et
1753 2174 1817 2207 Do-

1079 2227 1164 2260 mino
1177 2232 1295 2266 nostro,
1306 2227 1359 2269 qui
1376 2226 1512 2259 ebaritas
1526 2232 1572 2259 est
1586 2232 1615 2259 et
1628 2228 1708 2260 Deus
1724 2228 1819 2271 pacis,

1079 2292 1174 2324 super
1191 2280 1353 2313 universas
1379 2280 1464 2313 orbis
1486 2280 1633 2323 eeclesias
1651 2286 1680 2313 et
1697 2282 1821 2325 provin-

1078 2335 1141 2367 cias
1166 2332 1363 2374 constitutus,
1381 2339 1414 2366 ut
1430 2334 1514 2366 iuxta
1532 2335 1662 2367 verbum
1680 2336 1819 2379 proplie-

1078 2389 1173 2421 ticum
1198 2390 1290 2420 noxia
1312 2388 1423 2420 evellat
1439 2393 1469 2420 et
1496 2388 1651 2427 destituat,
1670 2389 1820 2433 utiliaque

303 2437 526 2470 inviolabiliter
546 2438 721 2479 observari;
742 2439 849 2483 sicque
873 2451 930 2484 per
954 2435 1107 2484 quos-let
1132 2442 1270 2474 salubria
1295 2442 1413 2484 plantet
1429 2447 1459 2473 et
1483 2441 1641 2482 aediticet,
1667 2452 1700 2474 ea
1728 2442 1820 2476 inter-

303 2500 439 2534 cumque
463 2490 581 2523 iudices
605 2491 782 2525 ordinarios
812 2498 842 2525 et
866 2494 1042 2536 delegatos,
1059 2478 1061 2502 ¹
1077 2496 1162 2535 dum,
1184 2506 1263 2538 quae
1289 2495 1382 2527 certis
1408 2495 1499 2527 etiam
1527 2496 1763 2529 rationabilibus
1781 2507 1817 2530 ex

303 2544 397 2578 etiam
422 2555 587 2577 causarum
611 2546 717 2589 palatii
737 2548 901 2590 apostolici
925 2548 1044 2581 audito·
1058 2539 1060 2573 ι’
1076 2550 1178 2583 causis
1194 2560 1211 2582 a
1228 2549 1306 2582 Sede
1321 2549 1500 2592 Apostoliea
1518 2550 1635 2583 sancita
1651 2555 1732 2591 sunt,
1750 2551 1817 2594 ipsa

302 2608 371 2638 res,
395 2598 512 2642 ubique
542 2598 673 2632 iudicari
705 2604 735 2634 et
758 2600 882 2633 definiri
908 2602 1040 2642 debere,

302 2661 339 2684 ac
362 2651 486 2684 irritum
511 2657 541 2685 et
564 2652 676 2693 inane,
701 2652 727 2686 si
751 2664 841 2687 secus
871 2665 967 2699 super
991 2655 1040 2689 his

1112 2665 1123 2692 1
1141 2663 1178 2690 Ex
1194 2663 1300 2699 Regest.
1318 2664 1345 2690 in
1360 2663 1461 2691 secret.
1484 2664 1616 2691 Brevium.

1723 232 1788 268 483
1834 243 1881 272 An.
1900 242 1928 271 c.
1948 242 2020 272 1624

1890 412 1913 432 Et
1932 412 2020 438 dangu

1837 438 1976 459 obtutuum.

1864 2184 2003 2205 Prooemium.
