2269 3235
147 267 194 293 An.
213 265 242 292 C.
264 264 332 292 1624

179 1389 207 1410 Te
211 1388 321 1415 [upon-ales,

953 262 1095 287 URBANUS
1119 262 1175 286 VIII
1198 262 1247 287 ΡΡ.

342 312 582 355 animarumque
595 311 686 344 saluti
702 311 832 356 paterna
847 309 999 344 charitate
1012 321 1082 354 pro-

343 365 486 409 spicere,
519 365 710 408 eosdemque
740 364 859 398 aulicos
893 363 1082 407 specialibus

344 419 503 452 favoribus
529 423 559 451 et
582 418 690 461 gratiis
714 417 862 461 prosequi
887 416 1037 458 volentes,
1055 422 1083 449 et

344 482 454 505 eorum
480 472 656 515 singulares
686 480 837 514 personas
869 479 886 502 a
919 470 1084 513 quibusvis

345 524 687 566 excommunicationis,
708 523 922 566 suspensionis
940 527 970 555 et
994 523 1086 557 inter-

346 578 430 621 dicti,
444 579 574 621 aliisque
591 576 810 610 ecclesiasticis
826 576 997 617 sententiis,
1018 587 1087 609 cen-

347 632 429 665 suris
442 636 472 665 et
482 630 599 675 poenis,
611 640 628 662 a
639 629 708 663 iure
717 630 765 662 vel
777 629 815 662 ab
829 629 968 671 homine,
978 631 1086 674 quavis

347 685 511 719 occasione
536 683 582 716 vel
607 683 702 716 causa
725 682 806 724 latis,
824 683 849 716 si
874 683 988 727 quibus
1013 694 1087 727 quo-

348 738 519 772 modolibet
536 736 701 770 innodatae
722 737 867 777 existunt,
884 736 923 769 ad
940 736 1086 771 effectum

347 790 558 835 praesentium
574 789 736 823 dumtaxat
752 790 1018 834 consequendum,
1035 790 1088 823 ha-

347 854 417 877 rum
443 843 524 876 serie
548 843 745 877 absolventes
777 849 807 877 et
837 843 996 877 absolutas
1020 844 1087 877 fore

347 901 518 938 censentes,
537 897 817 941 supplicationibus
834 897 1019 930 eorumdem
1036 908 1089 931 no-

345 949 431 982 mine
454 950 545 983 nobis
562 960 659 994 super
679 950 739 983 hoc
755 950 918 983 humiliter
934 951 1089 994 porrectis

346 1002 497 1044 inclinati,
511 1003 543 1036 in
559 1003 721 1048 praedicta
738 1004 869 1037 ecclesia
892 1014 987 1037 unam
1005 1004 1089 1037 cbri-

348 1056 529 1090 stifidelium
548 1057 723 1091 aulicorum
740 1057 841 1091 dictae
858 1057 950 1091 Urbis
970 1058 1091 1091 confra-

348 1110 542 1153 ternitatem,
570 1110 727 1144 Urbanam
753 1116 986 1155 nuncupatam,
1011 1122 1091 1155 quac

348 1173 410 1197 non
444 1164 483 1197 sit.
514 1174 573 1208 pro
609 1164 790 1197 hominibus
821 1165 914 1197 unius
948 1164 1091 1208 specialis

349 1217 434 1258 artis,
460 1217 526 1250 sine
550 1217 682 1250 alicuius
707 1217 913 1260 praeiudicio,
934 1218 1087 1261 apostoli-

349 1281 417 1303 cam
441 1271 626 1304 auctoritate
650 1275 804 1314 perpetuo
829 1271 982 1314 erigimus
1003 1275 1034 1305 et
1050 1271 1092 1303 in-

350 1323 517 1356 stituimus.

394 1377 409 1420 g
433 1376 462 1410 3.
487 1378 616 1411 Necnon
645 1377 857 1411 confratribus
886 1378 985 1412 dictae
1011 1389 1092 1412 con-

349 1429 553 1463 fraternitatis
576 1441 635 1474 pro
660 1436 803 1475 tempore
829 1431 1042 1472 existentibus,
1060 1438 1090 1465 ut

350 1484 625 1528 processionaliter
649 1484 805 1525 incedere,
821 1485 926 1517 divina
943 1485 1045 1518 officia
1062 1486 1093 1517 in

351 1547 408 1570 suo
433 1537 572 1570 oratorio
597 1537 739 1579 recitare,
765 1542 795 1570 et
818 1548 877 1581 pro
902 1538 1000 1581 ipsius
1024 1548 1095 1571 con-

350 1590 554 1623 fraternitatis
585 1590 719 1633 negotiis
748 1601 780 1624 se
812 1601 1029 1634 congregare,
1059 1602 1093 1624 ac

352 1654 570 1687 quaecumque
595 1648 719 1685 statuta,
744 1644 890 1687 capitula,
916 1644 1091 1678 ordinatio-

352 1707 407 1730 nes
431 1703 462 1730 et
485 1698 610 1730 decreta
634 1708 693 1741 pro
718 1697 836 1731 salubri
862 1708 973 1731 eorum
998 1704 1028 1731 et
1052 1698 1095 1730 di-

353 1755 420 1784 ctae
444 1750 709 1784 confraternitatis
732 1750 887 1794 regimine
912 1756 942 1783 et
965 1751 1112 1784 admini-x

353 1805 505 1838 stratione
532 1804 710 1838 necessaria
735 1808 765 1838 et
788 1809 967 1848 opportuna
981 1832 988 1845 ‚
1011 1805 1095 1839 licita

354 1863 458 1892 tamen
475 1863 505 1892 et
524 1858 664 1899 honesta,
681 1858 841 1902 sacrisque
865 1858 1048 1899 canonibus,
1066 1864 1096 1892 et

355 1911 485 1945 Concilii
508 1912 682 1945 Tridentini
707 1912 863 1954 decretis,
888 1923 924 1945 ac
948 1912 1096 1945 constitu-

355 1965 493 1999 tionibus
524 1966 705 2010 apostolicis
735 1976 799 1999 non
830 1966 1010 2007 contraria,
1039 1977 1096 2010 per

333 2018 505 2052 'dilectum
533 2019 634 2052 filium
662 2024 805 2052 nostrum
841 2019 873 2051 in
903 2019 985 2052 dicta
1014 2019 1097 2053 Urbe

355 2072 510 2105 vicarium
534 2072 567 2105 in
592 2072 808 2116 spiritualibus
825 2073 1005 2115 generalem
1030 2083 1098 2105 exa-

355 2125 504 2159 minanda
528 2130 558 2159 et
582 2125 793 2170 approbanda,
816 2126 919 2160 facere
939 2131 970 2160 et
988 2126 1096 2167 edere,

356 2179 472 2224 illaque
496 2190 555 2224 pro
579 2185 733 2224 tempore,
757 2184 852 2225 prout
874 2181 918 2214 eis
941 2180 1098 2214 videbitur

358 2237 388 2265 et
411 2233 579 2277 expediens
595 2233 698 2275 fuerit,
715 2234 844 2277 praevia
867 2233 961 2266 simili
986 2234 1099 2267 exami-

357 2286 482 2320 natione
500 2292 530 2319 et
545 2287 781 2331 approbatione,
799 2293 933 2330 mutare,
952 2288 1098 2329 alterare,

359 2339 519 2382 corrigere
539 2345 570 2373 et
593 2340 625 2372 in
649 2340 761 2373 melius
784 2341 976 2381 reformare;

404 2393 419 2436 ξ
443 2392 472 2425 4.
497 2393 541 2426 Ac
564 2392 694 2438 insuper
723 2394 830 2427 omnia
855 2398 884 2428 et
908 2394 1031 2437 singula
1055 2394 1099 2427 le-

360 2451 452 2488 gata,
476 2446 605 2488 relicta,
630 2457 681 2480 res
705 2453 735 2481 et
758 2447 840 2482 bona
864 2448 1100 2492 quomodolibet

359 2499 546 2543 qualismata,
562 2500 689 2533 mobilia
703 2507 732 2534 et
745 2500 928 2542 immobilia,
941 2512 998 2545 per
1011 2512 1101 2545 quos-

360 2563 497 2597 cumque
521 2553 740 2587 christifideles
763 2555 865 2587 dictae
894 2555 1101 2588 confraterni-

360 2607 415 2640 tati
439 2617 497 2650 per
519 2607 601 2639 viam
624 2608 812 2649 testamenti,
836 2607 1024 2649 donationis,
1048 2614 1100 2641 aut

360 2660 436 2693 alias
459 2660 696 2704 quomodolibet
715 2671 773 2705 pro
793 2666 937 2704 tempore
962 2661 1100 2704 legitime

1118 311 1248 354 elargita
1277 315 1306 343 et
1336 308 1443 343 relicta
1475 308 1636 353 recipere,
1662 308 1776 352 illaque
1801 319 1857 352 per

1118 373 1228 396 corum
1254 363 1403 396 officiales
1427 367 1458 396 et
1482 362 1646 407 deputatos
1665 372 1787 405 regere,
1805 371 1859 405 gu-

1118 415 1251 449 bernare
1271 421 1301 449 et
1317 416 1549 458 administrare,
1570 426 1606 448 ac
1623 416 1654 448 in
1672 414 1770 459 ipsius
1787 425 1860 448 con-

1118 469 1331 509 fraternitatis,
1349 474 1379 501 et
1396 469 1462 502 eius
1486 469 1612 513 piorum
1635 478 1768 512 operum
1785 478 1861 501 usus

1119 526 1303 554 convertere
1321 522 1420 555 libere
1434 522 1578 555 similiter
1596 527 1625 555 et
1640 522 1723 555 licite
1740 521 1862 555 valeant

1120 574 1180 618 (ita
1196 580 1301 608 tamen
1325 580 1359 607 ut
1379 575 1417 608 de
1438 576 1572 619 receptis
1590 581 1619 608 et
1636 574 1861 608 administratis

1120 638 1176 671 per
1200 628 1327 661 eosdem
1353 627 1455 661 eidem
1481 628 1597 661 vicario
1622 629 1706 661 iuxta
1736 628 1861 661 decreta

1120 680 1249 714 Concilii
1282 680 1455 713 Tridentini
1490 680 1671 714 huiusmodi
1707 681 1861 714 rationem

1121 734 1254 767 reddere
1275 735 1469 778 teneantur),
1489 735 1674 768 auctoritate
1699 740 1729 767 et
1752 740 1861 769 tenore

1121 787 1299 832 praedictis,
1325 787 1527 821 concedimus
1551 792 1581 822 et
1605 788 1816 831 indulgemus.

1166 842 1181 885 ξ
1205 841 1234 874 5.
1260 841 1433 883 Postremo,
1458 846 1492 874 ut
1516 841 1598 874 dicta
1622 841 1862 875 confraternitas

1123 895 1243 929 maiora
1267 895 1299 927 in
1323 895 1389 928 dies
1414 895 1564 939 suscipiat
1588 896 1799 936 incrementa,
1825 895 1863 928 de

1123 950 1349 994 omnipotentis
1372 949 1427 983 Dei
1452 950 1672 983 misericordia
1697 961 1732 983 ac
1755 950 1863 984 beato-

1123 1014 1195 1036 rum
1220 1003 1303 1036 Petri
1329 1008 1359 1036 et
1384 1003 1471 1036 Pauli
1495 1003 1710 1047 apostolorum
1731 1003 1799 1036 eius
1815 1013 1865 1036 au-

1124 1056 1267 1090 ctoritate
1308 1056 1418 1090 confisi
1437 1084 1444 1098 ,
1480 1057 1627 1090 omnibus
1662 1061 1692 1089 et
1732 1056 1866 1099 singulis

1124 1107 1394 1148 christifidelibus,
1414 1107 1467 1151 qui
1492 1107 1606 1141 dictam
1632 1107 1867 1141 confraternita-

1125 1166 1188 1193 tem
1212 1161 1419 1205 imposterum
1445 1161 1672 1205 ingredientur,
1690 1161 1739 1195 die
1763 1161 1867 1205 primo

1125 1226 1235 1248 corum
1261 1215 1442 1258 ingressus,
1468 1215 1492 1247 si
1522 1225 1595 1248 vere
1618 1215 1814 1259 poenitentes
1838 1221 1868 1247 et

1126 1268 1259 1302 confessi
1277 1269 1507 1302 sanctissimum
1529 1268 1743 1302 Eucharistiae
1768 1279 1868 1301 sacra-

1127 1327 1267 1354 mentum
1293 1322 1495 1365 sumpserint,
1519 1322 1711 1365 plenariam;

1171 1376 1186 1418 ἓ
1210 1375 1239 1408 6.
1261 1375 1390 1408 Necnon
1407 1385 1466 1419 pro
1484 1380 1629 1419 tempore
1653 1375 1868 1408 describendis

1127 1429 1157 1461 in
1182 1428 1263 1461 dieta
1294 1428 1550 1462 confraternitate
1583 1428 1812 1470 confratribus,
1837 1429 1870 1461 in

1127 1481 1293 1515 cuiuslibet
1318 1492 1427 1515 eorum
1444 1480 1574 1516 mortis¹
1595 1482 1738 1522 articulo,
1756 1482 1780 1515 si
1797 1492 1869 1515 vere

1127 1535 1323 1578 poenitentes
1347 1540 1377 1568 et
1401 1535 1534 1568 confessi
1555 1545 1590 1568 ac
1614 1537 1704 1569 sacra
1727 1546 1870 1569 commu-

1127 1588 1221 1621 nione
1244 1588 1364 1628 refecti,
1381 1588 1440 1628 vel,
1461 1591 1615 1631 quatenus
1640 1588 1671 1621 id
1695 1588 1797 1621 facere
1820 1599 1871 1621 ne-

1128 1640 1277 1685 quierint,
1296 1641 1405 1673 saltem
1427 1640 1553 1673 contriti
1578 1651 1694 1674 nomen
1719 1641 1788 1674 Iesu
1804 1651 1870 1682 ore,

1129 1694 1153 1727 si
1178 1694 1349 1738 potuerint,
1375 1694 1422 1727 sin
1447 1699 1551 1727 autem
1577 1694 1672 1728 corde
1697 1695 1807 1729 devote
1828 1695 1871 1727 in-

1129 1748 1320 1789 vocaverint,
1345 1748 1439 1781 etiam
1463 1748 1647 1792 plenariam.

1174 1802 1188 1846 g
1214 1802 1242 1835 7.
1260 1802 1303 1835 Ac
1320 1801 1438 1835 eisdem
1463 1812 1522 1846 pro
1547 1807 1691 1846 tempore
1716 1801 1874 1835 existenti-

1128 1855 1188 1889 bus
1205 1855 1427 1896 confratribus,
1441 1856 1535 1889 etiam
1549 1866 1623 1889 vere
1638 1856 1872 1900 poenitentibus

1129 1913 1159 1943 ct
1176 1909 1336 1950 confessis,
1354 1919 1389 1943 ac
1406 1909 1517 1943 eadem
1541 1911 1631 1943 sacra
1651 1910 1872 1943 communione

1130 1963 1264 2005 refectis,
1278 1963 1331 2007 qui
1349 1963 1530 2007 praedictae
1543 1963 1809 1997 confraternitatis
1825 1974 1874 1996 ec-

1131 2016 1258 2050 clesiam
1274 2044 1281 2058 ‚
1306 2017 1355 2050 vel
1387 2017 1561 2061 cappellam
1578 2044 1585 2058 ‚
1610 2027 1666 2050 seu
1697 2016 1872 2050 oratorium

1131 2069 1181 2103 die
1218 2070 1296 2104 festo
1337 2070 1533 2104 exaltationis
1566 2075 1689 2103 sanctae
1719 2070 1827 2104 Crucis
1856 2081 1873 2102 a

1130 2124 1242 2167 primis
1267 2124 1408 2167 vesperis
1432 2134 1533 2167 usque
1564 2123 1602 2156 ad
1627 2133 1773 2157 occasum
1798 2123 1873 2156 solis

1132 2177 1200 2211 festi
1225 2177 1406 2210 huiusmodi
1431 2177 1562 2220 singulis
1585 2177 1675 2210 annis
1699 2176 1809 2210 devote
1833 2177 1875 2209 vi·

1132 2230 1304 2271 sitaverint,
1322 2234 1352 2264 et
1376 2230 1418 2263 ibi
1442 2241 1501 2274 pro
1522 2230 1766 2264 christianorum
1786 2231 1873 2274 prin—

1132 2285 1238 2329 cipum
1264 2284 1445 2325 concordia,
1469 2284 1637 2317 haeresum
1657 2283 1873 2328 extirpatione,

1132 2349 1168 2371 ac
1181 2343 1305 2371 sanctae
1318 2337 1423 2371 Matris
1437 2338 1593 2370 Ecclesiae
1605 2337 1791 2370 exaltatione
1807 2337 1874 2380 pias

1133 2391 1170 2424 ad
1194 2392 1293 2424 Deum
1318 2401 1428 2435 preces
1453 2391 1629 2432 effuderint,
1650 2391 1823 2435 plenariam
1838 2391 1877 2423 si—

1132 2445 1250 2478 militer
1274 2444 1415 2478 omnium
1440 2450 1644 2488 peccatorum
1669 2455 1799 2479 suorum
1827 2445 1875 2477 in-

1133 2498 1327 2542 dulgentiam
1345 2503 1375 2531 et
1388 2498 1607 2532 remissionem
1627 2497 1876 2532 misericorditer

1134 2554 1164 2586 in
1187 2553 1321 2586 Domino
1346 2552 1548 2585 concedimus
1573 2557 1603 2585 et
1627 2552 1808 2595 elargimur.

1178 2607 1193 2649 ἓ
1216 2605 1245 2638 8.
1271 2606 1403 2649 Insuper
1427 2606 1517 2639 dictis
1542 2605 1765 2649 confratribus,
1781 2606 1876 2640 etiam

1171 2671 1180 2696 1
1200 2669 1297 2696 Vocem
1312 2669 1411 2697 mortis
1427 2677 1475 2697 nos
1491 2668 1614 2697 addimus
1631 2670 1669 2706 (R.
1686 2670 1735 2703 Τ.).

1760 250 1824 285 237
1870 261 1919 288 An.
1936 260 1964 288 C.
1986 261 2055 289 ¹624

1892 857 2062 886 spiritualesque

1878 887 1957 914 gratias
1972 885 1992 906 oi
2007 885 2063 907 elar-

1879 914 1940 937 gitur.
