2269 3235
492 242 552 276 084
1038 247 1132 271 mim
1138 246 1212 270 nium
1237 244 1388 269 nomnen

1204 378 1226 413 C

449 513 683 550 Caeremoniale
717 515 747 546 in
782 512 935 545 electione
969 513 1097 545 Romani
1125 511 1284 545 pontilicis
1308 509 1510 551 servandum,
1536 511 1685 542 statutum
1709 516 1727 541 a
1751 506 1905 551 Gregorio
1928 505 1980 540 XV

538 569 741 600 confirmatur
766 565 804 598 ab
830 565 955 598 Uibano
982 565 1047 598 Vlll
1073 566 1135 598 429
1153 576 1182 597 α.

450 621 563 654 Caesar
588 621 661 652 card
681 621 758 651 natis
785 619 944 659 uti-omns,
971 620 1010 652 15
1036 630 1078 658 a‚·
1103 620 1132 652 S.
1162 619 1305 662 Philippo
1330 621 1458 651 auctore
1484 616 1623 650 Annales
1651 614 1876 649 ecclesiasticos
1905 614 1981 648 seri-
2024 633 2027 635 >

539 673 658 706 bendos
682 674 814 715 suu-ipit
839 672 932 709 i‘!›ict.;
959 672 997 705 ab
1025 675 1093 715 ipso
1118 672 1156 705 ab
1182 673 1362 705 infirmitate
1383 674 1521 712 sanatur,
1548 671 1588 704 18
1613 681 1643 703 a.

450 726 584 765 Calabri,
612 737 666 769 pro
691 727 768 768 ipsis
793 725 959 767 collegium
986 727 1015 758 in
1044 725 1124 758 Urbe
1151 727 1333 765 instituitur,
1360 725 1400 758 54
1426 736 1454 757 a.

450 779 690 821 Calaguritanus
723 781 892 823 epi2copus
926 783 1055 812 revocet
1085 788 1121 811 ea
1154 788 1236 823 quae
1267 780 1364 822 gessit
1395 781 1504 811 contra
1537 777 1657 811 elerum
1690 778 1791 821 ipsius
1817 775 1983 816 dioecesis,

541 832 602 865 966
629 843 657 864 (ι.

450 886 645 920 Calaritauae
671 889 701 918 et
725 885 921 924 Turi-uanae,
947 894 1003 917 sen
1028 884 1235 923 Sassarcnsis‚
1260 886 1424 917 civitatum
1450 883 1583 917 dissidia
1609 887 1640 917 et
1663 883 1733 917 odia
1760 883 1822 916 Q85
1840 892 1875 921 a;
1893 881 1931 915 ad
1950 889 1986 914 ea

540 938 676 971 tollenda
704 937 816 970 Paulus
842 936 865 969 V
891 939 974 970 eavit
998 946 1037 969 ne
1064 937 1218 970 benetieia
1237 938 1331 970 nnius
1352 939 1489 970 civitatis
1510 937 1662 970 darentur
1677 937 1819 970 oriundis
1837 945 1875 968 ex
1891 934 1989 967 altera

541 992 603 1025 285
629 991 661 1028 l›;
688 990 865 1023 discordiae
890 992 1025 1024 maiores
1051 990 1124 1023 inde
1149 994 1278 1024 exortae
1304 991 1366 1024 ⁶288
1392 1001 1428 1031 ‹13
1456 989 1600 1024 Urbanus
1627 989 1693 1023 VIII
1718 989 1838 1023 litteras
1855 987 1944 1021 Pauli
1963 985 1987 1019 V

540 1048 668 1077 revocat
693 1045 754 1077 ⁶289
779 1054 808 1077 a.

454 1097 617 1132 Calatrava
645 1098 711 1140 (dc)
738 1097 846 1130 militia
872 1097 934 1130 434
961 1098 994 1134 b;
1019 1097 1161 1130 venditio
1187 1097 1349 1131 cuiusdam
1365 1096 1458 1130 villae
1485 1099 1738 1141 praeceptoriam
1755 1106 1811 1131 seu
1825 1106 1991 1130 commen-

541 1151 612 1183 dam
638 1150 730 1183 liuius
757 1151 887 1183 militiae
912 1152 1084 1194 spectantis
1111 1151 1311 1192 rescinditur,
1338 1151 1400 1184 435
1427 1161 1456 1184 α.

453 1204 741 1239 Camaldulensium
779 1205 1001 1248 Congregetio,
1027 1205 1090 1237 508
1117 1204 1144 1237 b.
1170 1205 1288 1238 Statuta
1316 1214 1372 1247 pro
1393 1204 1605 1237 satisfaetIOne
1622 1213 1754 1237 onerum
1768 1205 1935 1237 missarum
1959 1203 1991 1236 in

540 1259 675 1292 ecclesia
700 1260 799 1291 sancti
826 1259 971 1299 Gregorii
997 1258 1036 1290 de
1062 1257 1157 1299 Urbe,
1185 1258 1264 1291 ibid.
1290 1257 1378 1291 Prior
1407 1258 1539 1291 liuiusee
1555 1258 1738 1291 monasterii
1756 1260 1904 1290 censetur
1921 1267 1993 1300 pro-

541 1316 666 1346 curator
691 1312 852 1355 generalis
878 1313 971 1345 totius
996 1311 1269 1355 Congregationis,
1297 1311 1359 1344 510
1384 1321 1415 1343 α.

452 1367 582 1401 Cainera
607 1367 790 1410 apostoliea,
810 1366 872 1399 992
890 1366 915 1399 b.
942 1366 1068 1399 Gratiae
1085 1376 1204 1406 omnes,
1226 1366 1509 1409 exemptionesque
1530 1366 1562 1398 in
1583 1365 1651 1398 eius
1668 1364 1903 1409 praeiudictum
1919 1373 1992 1398 con—

542 1430 648 1453 ce-sas
674 1422 836 1453 revocavit
862 1418 1006 1453 Urbanus
1032 1419 1111 1459 Vlll,
1138 1420 1200 1453 2⁵23
1225 1429 1244 1452 α
1270 1422 1300 1452 et
1324 1429 1385 1462 seq.

453 1474 602 1508 Camillus
629 1475 761 1507 Perinus
788 1475 907 1517 primus
932 1474 1067 1507 archivii
1093 1472 1210 1506 Urbani
1235 1475 1449 1513 conservator,
1476 1471 1538 1505 390
1564 1482 1592 1504 a.

455 1526 668 1561 CancellarIae
695 1526 896 1570 Apostolicae
922 1526 1064 1569 regulae,
1090 1526 1153 1559 152
1179 1526 1194 1559 b
1219 1530 1250 1560 et
1273 1537 1333 1570 seq.

458 1579 609 1613 Canonici
636 1582 799 1623 regulares
824 1580 853 1613 S.
879 1579 989 1613 eruti.-
1014 1582 1044 1613 in
1071 1589 1169 1623 regno
1195 1579 1405 1622 Portugalliae
1429 1579 1502 1612 vide
1526 1579 1747 1623 Congregatio.

457 1632 606 1666 Canonici
634 1633 795 1676 regulares
820 1633 839 1666 S
875 1633 1046 1666 Salvatoris
1072 1634 1103 1665 in
1129 1632 1328 1675 Letharingia
1353 1632 1425 1665 vide
1449 1632 1671 1675 Congregatm.

456 1684 635 1719 Canonieus
666 1686 908 1719 archidiaconus
925 1685 964 1719 ab
997 1687 1148 1729 episcopo
1181 1695 1236 1728 pro
1268 1686 1426 1719 visitanda
1451 1686 1608 1719 dioecesis
1632 1685 1753 1719 electus
1778 1685 1898 1719 fruetus
1917 1693 1993 1719 suae

547 1740 711 1781 percipere
739 1738 939 1782 praebendae
958 1743 1074 1782 potest,
1093 1740 1218 1772 amiss1s
1239 1743 1344 1772 tamen
1361 1739 1640 1773 distributionibus
1657 1739 1859 1785 quotidianis,
1877 1739 1940 1773 420
1965 1749 1994 1772 α.

459 1790 602 1835 Capitula
628 1793 834 1825 eeclesiarum
862 1791 977 1836 quibus
998 1796 1149 1835 praesunt
1166 1792 1344 1825 cardinales
1369 1803 1430 1826 non
1457 1798 1587 1837 possunt
1602 1793 1812 1837 praetendere
1830 1792 1926 1826 ullum
1947 1793 1997 1826 ius

546 1845 584 1877 ad
612 1845 766 1878 indultum
793 1847 869 1888 ipsis
893 1844 1109 1878 cardinalibus
1135 1855 1322 1880 eoncessum
1346 1847 1530 1881 conserendi
1549 1847 1704 1881 beneficia
1718 1847 1934 1881 ecclesiastiea
1950 1855 1997 1880 re-

547 1903 682 1937 servata,
710 1899 772 1931 490
797 1910 826 1931 α.

458 1950 652 1991 Cardinales,
671 1952 732 1985 40⁶.)
748 1951 773 1984 b.
792 1951 876 1985 Duos
894 1951 1026 1985 elericos
1041 1962 1097 1995 pro
1114 1953 1332 1987 custodiendis
1349 1953 1583 1997 pertinentibus
1600 1955 1638 1988 ad
1655 1965 1709 1988 eos
1721 1955 1885 1998 seripturis
1902 1963 1996 1998 prae-

546 2005 664 2044 ficiunt,
692 2004 782 2043 ibid„
809 2005 924 2038 deinde
949 2005 1057 2038 elerici
1083 2006 1148 2039 itali
1167 2007 1306 2040 officium
1325 2009 1538 2047 instituerunt,
1565 2008 1628 2041 404
1650 2009 1677 2041 b.
1704 2008 1888 2041 Archivium
1913 2009 1996 2041 sacri

548 2057 673 2100 collegii
700 2057 909 2091 cardinalium
934 2060 1112 2093 institutum
1124 2059 1163 2092 ab
1174 2060 1298 2094 Urbano
1316 2060 1384 2094 Vlll
1410 2063 1439 2094 in
1466 2061 1581 2104 palatio
1600 2061 1761 2100 Vaticano,
1776 2061 1838 2094 405
1854 2061 1870 2093 b
1888 2064 1996 2105 etseq.

460 2110 643 2144 Cardinales
664 2111 809 2145 fruuntur
833 2112 954 2145 Indulto
980 2113 1164 2146 conserendi
1190 2112 1346 2146 beneficia
1376 2114 1406 2147 S.
1439 2114 1514 2147 Sedi
1547 2115 1659 2148 affecta
1694 2114 1817 2147 illarum
1850 2114 1998 2147 ecclesia-

549 2174 627 2203 rum,
653 2165 768 2208 quibus
793 2170 952 2208 praesunt,
980 2166 1041 2199 489
1068 2167 1085 2198 b
1111 2171 1218 2211 etseq.
1243 2167 1432 2200 Huiusmodi
1458 2167 1579 2201 indulto
1604 2170 1647 2202 uti
1674 2171 1804 2211 possunt
1828 2167 1930 2201 solum
1954 2177 1999 2201 ra-

547 2218 632 2250 tione
658 2218 864 2252 eeclesiarum
890 2219 1006 2263 quibus
1032 2224 1192 2263 praesunt,
1219 2221 1266 2254 vel
1294 2231 1427 2266 quarum
1446 2223 1594 2265 regimini
1611 2222 1721 2255 ultimo
1738 2222 1806 2255 loco
1823 2224 1998 2263 cesserunt,

548 2271 609 2303 490
643 2272 660 2302 Ι)
697 2276 727 2305 et
750 2283 822 2316 seq„
848 2276 993 2316 exeeptis
1019 2274 1165 2307 ecelesiis
1191 2274 1384 2318 qulbusdam
1410 2285 1544 2320 quarum
1571 2277 1619 2309 ius
1646 2277 1784 2309 retinent
1808 2274 1999 2308 cumulative

550 2333 621 2356 eum
648 2324 718 2357 aliis
752 2325 868 2369 quibus
894 2331 1045 2369 praesunt
1070 2327 1119 2360 vet
1146 2337 1225 2372 quas
1251 2328 1360 2361 ultimo
1385 2329 1575 2369 dimiserint,
1594 2329 1652 2362 491
1677 2340 1707 2362 α.
1732 2328 1876 2372 Capitula
1899 2327 2002 2361 ecele-

550 2379 667 2410 siarum
694 2377 810 2422 quibus
836 2384 987 2421 praesunt
1011 2380 1188 2414 cardinales
1212 2391 1274 2415 non
1300 2387 1433 2426 possunt
1457 2383 1533 2417 sede
1558 2386 1691 2417 vacante
1716 2384 1765 2417 ius
1789 2381 2000 2426 praetendere

550 2429 587 2462 ad
615 2431 771 2464 indultum
796 2431 987 2473 huiusmodi,
1015 2434 1076 2467 490
1103 2446 1133 2469 a.

462 2482 644 2517 Cat-intense
669 2487 875 2519 seminarium
901 2491 1052 2529 ereetum,
1080 2488 1141 2522 ⁶233
1168 2488 1194 2521 b.

467 2536 654 2570 Carmelitae
680 2539 833 2572 moniales
858 2539 1075 2575 Discaleeatae
1101 2543 1191 2585 regni
1216 2541 1379 2584 Franciae,
1405 2543 1445 2576 85
1471 2542 1652 2577 b.Litterae
1678 2543 1824 2586 Gregorii
1848 2541 1902 2576 XV
1918 2542 2002 2576 ctrca

553 2590 638 2633 ipsas
663 2593 888 2626 confirmantur
918 2593 957 2627 ad
991 2594 1115 2628 Urbano
1141 2595 1231 2637 vin,
1258 2595 1338 2629 ibid.
1370 2597 1513 2641 Ipsarum
1548 2607 1643 2632 eausa
1675 2602 1784 2633 contra
1817 2598 2003 2640 episcopum

553 2642 749 2679 Leonensem
773 2646 963 2690 defenditur,
989 2649 1053 2682 362
1079 2650 1108 2682 b.
