2269 3235
127 242 147 270 A
156 251 183 272 n.
201 241 231 270 C.
250 242 316 270 1625

155 1154 234 1175 caucae
262 1160 310 1175 cui.-

128 1181 216 1202 eedendi
227 1182 309 1203 indulti.

168 2057 270 2078 ludunum
285 2057 310 2078 de

130 2089 171 2110 quo
186 2084 206 2104 iu
219 2084 310 2105 rubrica.

945 242 1085 268 unntnus

305 298 400 330 orem,
415 288 472 322 suh
490 290 604 323 annulo
618 289 795 331 l'iscatoris,
817 291 866 323 die
889 300 966 324 xxm
988 291 1063 325 iunii

322 352 461 383 MDCXXV,
486 343 685 387 pontificatus
705 344 803 390 nostri
825 354 910 389 ,anno
929 355 958 377 u.

358 404 416 432 Dat.
433 404 476 432 die
491 405 525 433 23
540 405 606 433 iunii
624 405 706 440 1625,
729 407 821 441 pontif.
839 414 883 433 an.
900 413 927 433 n.

627 519 761 554 CXLVII.

323 593 497 627 Inclultam
519 603 579 636 pro
603 591 762 635 fratribus
786 591 817 624 S.
839 591 1009 624 Francisci
1029 591 1066 624 de

370 646 579 680 Observantiti
599 645 635 677 in
657 644 806 688 partibus
823 644 999 678 Indz'arum
1014 644 1067 678 Oc-

370 699 584 732 cidentalium
600 698 818 739 eoet'stetttz'btth,
837 698 923 741 quod
941 697 978 731 cle
995 709 1066 731 suo-

369 763 444 786 rum
456 752 661 795 superiorum
680 751 811 783 licenti&
828 761 848 783 a
865 762 1066 795 quocumque

370 804 527 838 catholico
544 804 701 844 antistite,
718 803 755 836 de
773 814 927 837 consensu
942 805 1066 838 Dioece-

368 859 462 898 sani,
489 857 532 891 ad
556 868 664 891 omnes
689 858 789 891 etiam
823 859 1066 901 presbyteratus

368 911 497 944 ordines
521 915 613 944 emo-a
639 915 782 955 tempora
800 915 827 944 et
844 922 907 944 non
931 913 1065 945 serratis

370 965 554 998 interstitiis
575 965 760 1009 promovere·
780 963 931 1008 possint¹.

533 1037 669 1064 Urbanus
686 1036 765 1070 Papa
784 1036 858 1063 VIII.

449 1081 485 1109 ad
504 1084 681 1115 perpetuam
700 1081 745 1108 rei
761 1081 942 1109 memoriam.

370 1145 385 1187 ἓ
408 1144 438 1176 ’1.
463 1143 549 1185 Cum,
575 1143 654 1176 sicut
675 1142 806 1175 dilectus
822 1142 905 1175 filius
923 1143 1066 1176 commis-

325 1197 426 1229 sarius
443 1196 475 1229 in
496 1197 636 1229 Romana
655 1196 743 1228 curia
761 1196 916 1238 generalis
931 1197 1064 1230 fratrum

324 1249 449 1283 Ordinis
473 1248 629 1282 Minorum
654 1248 683 1281 S.
709 1249 867 1282 Francisci
893 1249 931 1281 de
956 1249 1065 1283 Obser-

324 1302 426 1336 vantia
450 1307 704 1346 nuncupatorum
729 1302 821 1334 nobis
845 1303 958 1346 exponi
983 1303 1064 1343 fecit,

323 1355 463 1388 eiusdem
487 1355 611 1388 Ordinis
632 1355 660 1388 S.
679 1355 836 1388 Francisci
859 1356 1064 1399 professores,

324 1409 356 1441 in
379 1408 538 1441 Indiarum
563 1408 802 1441 occidentalium
822 1409 963 1452 partibus
984 1421 1066 1442 com-

324 1466 494 1502 moranteS,
519 1461 643 1494 assidua
668 1461 699 1493 in
724 1467 995 1495 sacramentorum
1016 1473 1065 1496 ec-

325 1514 571 1548 clesiasticorum
597 1515 876 1557 administratione,
894 1516 1065 1549 continuis-

324 1579 386 1612 que
415 1568 503 1601 verbi
532 1568 586 1601 Dei
616 1568 904 1612 praedicationibus
935 1573 964 1603 et
996 1570 1065 1602 aliis

323 1621 538 1666 spiritualibus
570 1622 748 1662 exercitiis,
778 1622 892 1655 uberes
917 1623 948 1655 in
974 1623 1064 1656 vinea

322 1675 446 1709 Domini
458 1676 579 1708 fructus
594 1675 669 1708 inibi
685 1675 826 1716 afferant3
841 1680 871 1708 et
888 1681 1064 1719 propterea,

322 1740 384 1773 quo
404 1729 462 1772 ipsi
486 1729 598 1762 fratres
618 1729 691 1761 dieti
710 1728 834 1762 Ordinis
857 1729 886 1762 S.
908 1729 1064 1763 Francisci

323 1782 354 1815 in
370 1781 462 1815 dictis
477 1781 620 1826 partibus
637 1787 871 1816 commorantes
889 1782 920 1814 in
938 1783 1063 1826 piorum

324 1845 456 1879 operum
470 1835 651 1869 huiusmodi
670 1836 818 1869 exercitio
833 1835 939 1869 utilius
953 1842 983 1869 et
999 1847 1064 1870 me-

324 1889 384 1922 lius
408 1889 591 1922 continuare
615 1889 747 1931 valeant,
773 1889 890 1922 eisdem
914 1890 1064 1923 fratribus

324 1952 382 1986 per
412 1952 470 1975 nos
501 1942 636 1986 desuper
672 1942 828 1985 indulgeri
864 1954 1064 1987 summopere

325 1995 498 2028 desideret:

370 2050 385 2093 ἓ
409 2049 437 2082 2.
463 2049 542 2091 Nos,
569 2049 709 2082 eiusdem
736 2049 945 2083 commissarii
970 2061 1064 2093 gene-

326 2102 400 2136 ralis
424 2102 513 2143 votis,
538 2107 689 2146 quantum
715 2114 786 2136 cum
806 2104 940 2137 Domino
957 2115 1064 2148 possu-

327 2165 406 2196 mus,
422 2155 556 2198 benigne
576 2165 730 2196 annuere,
755 2156 921 2200 ipsumque
945 2157 1062 2200 specia-

327 2207 408 2240 libus
420 2208 579 2242 favoribus
589 2214 618 2241 et
631 2209 739 2252 gratiis
752 2210 901 2253 prosequi
915 2210 1063 2251 volentes,

329 2269 364 2292 ac
383 2259 547 2294 domorum
565 2272 620 2295 seu
640 2268 850 2296 conventuum
865 2263 989 2296 Ordinis
1006 2264 1064 2297 sra-

330 2315 411 2346 trum
435 2312 464 2346 S.
488 2313 645 2348 Francisci
669 2315 701 2348 in
725 2315 843 2349 eisdem
867 2317 1011 2360 partibus
1032 2328 1063 2350 e—

329 2365 507 2398 xistentium
532 2367 704 2410 singulares
721 2378 872 2413 personas
892 2380 909 2402 a
934 2370 1063 2413 quibus-

328 2418 374 2451 vis
407 2421 754 2463 excommunicationis,
786 2424 1001 2467 suspensionis
1034 2429 1063 2457 et

328 2471 494 2513 interdicti,
511 2472 640 2517 aliisque
656 2476 872 2510 ecclesiasticis
890 2477 1062 2517 sententiis,

328 2525 468 2559 censuris
492 2530 521 2558 et
544 2527 661 2570 poenis,
678 2539 695 2561 a
714 2529 782 2563 iure
798 2530 846 2562 vel
866 2530 905 2562 ab
926 2530 1062 2571 homine,

364 2597 374 2623 1
403 2595 440 2624 De
464 2596 505 2624 his
528 2596 657 2625 fratribus
680 2598 740 2626 vide
763 2599 854 2628 Const.
880 2607 941 2627 xxw
967 2601 1011 2635 (in
1033 2610 1062 2629 n.

328 2639 371 2669 ed.
387 2641 469 2678 xxvn)
485 2641 583 2670 Leonis
596 2642 626 2677 X,
641 2643 683 2672 Ite
699 2646 725 2673 et
739 2651 794 2680 vos,
810 2648 873 2673 tom.
885 2651 911 2679 v,
928 2653 988 2681 pag.
1001 2645 1060 2673 69⁶2.
1076 2658 1082 2677 ι

1110 243 1165 267 vm
1190 243 1237 267 rr.
1748 235 1806 268 5351

1098 291 1206 335 quavis
1227 291 1391 325 occasione
1409 292 1455 324 vel
1474 293 1566 324 causa
1585 292 1664 333 latis,
1684 293 1706 324 si
1726 293 1841 335 quibus

1098 345 1335 388 quomodolibet.
1361 346 1525 379 innodatae
1549 346 1692 388 existunt,
1712 348 1748 379 ad
1767 347 1840 379 etse-

1099 403 1183 431 ctum
1208 400 1420 442 praesentium
1454 400 1614 433 dumtaxat
1639 410 1837 444 consequen-

1099 451 1183 493 dum,
1203 452 1313 484 harum
1328 453 1409 485 serie
1426 454 1624 487 absolventes
1638 457 1668 488 ct
1684 454 1841 487 absolutas

1100 504 1164 536 t'ore
1190 508 1362 545 censentes,
1387 507 1669 549 supplicationibus
1699 507 1839 540 eiusdem

1100 557 1307 589 commissarii
1333 559 1489 600 generalis
1513 560 1639 593 nomine
1665 571 1759 604 super
1779 561 1840 593 hoe

1099 610 1189 643 nobis
1213 610 1376 644 humiliter
1400 613 1555 654 porrectis
1572 613 1721 654 inclinati,
1739 615 1839 647 omni-

1099 663 1159 696 bus
1176 668 1206 695 et
1219 663 1350 706 singulis
1367 664 1507 697 ciusdem
1526 666 1651 698 Ordinis
1670 667 1698 699 S.
1718 667 1841 700 Franci-

1092 715 1142 762 ⁸sci
1158 715 1188 747 in
1202 716 1343 759 partibus
1357 716 1516 749 indiarum
1531 718 1772 752 occidentalium
1787 721 1840 752 hu-

1100 769 1234 802 iusmodi
1253 773 1371 803 tantum
1389 771 1593 804 existentibus
1606 782 1753 816 expresse
1770 784 1841 817 pro-

1099 823 1197 863 fessis,
1222 829 1255 856 ut
1279 823 1317 856 de
1342 825 1542 868 superiorum
1567 836 1697 859 suorum
1714 826 1839 859 licentia

1099 887 1116 908 a
1140 887 1349 920 quocumque,
1375 888 1469 921 quem
1490 878 1667 920 maluerint,
1685 880 1840 912 catholico

1099 930 1235 962 antistite
1249 930 1382 972 gratiam
1399 936 1429 964 et
1445 931 1680 964 concessionem
1691 931 1698 948 ¹
1711 933 1840 976 Aposto—

1099 983 1176 1016 licae
1201 983 1290 1016 Sedis
1315 984 1449 1017 habente
1473 984 1505 1016 in
1529 985 1660 1028 propria
1688 984 1840 1019 dioecesis

1098 1037 1264 1078 residente,
1285 1038 1333 1070 vel
1358 1038 1389 1070 in
1406 1037 1507 1070 aliena
1525 1038 1563 1070 de
1580 1038 1761 1072 Dioeccsani
1779 1040 1839 1073 loci

1099 1100 1253 1123 consensu
1282 1090 1472 1134 pontificalia
1501 1095 1684 1132 exercente,
1705 1103 1762 1136 per
1786 1103 1839 1126 eos

1098 1143 1258 1185 eligendo,
1284 1144 1322 1175 ad
1347 1154 1456 1177 omnes
1474 1144 1567 1177 etiam
1584 1155 1690 1178 sacros
1715 1150 1745 1179 et
1767 1157 1839 1189 prc-

1099 1196 1273 1240 sbyteratus
1298 1197 1424 1230 ordines
1441 1203 1529 1230 extra
1545 1202 1687 1241 tempora
1711 1198 1750 1231 ad
1775 1199 1805 1232 id
1823 1211 1839 1231 a

1098 1250 1166 1282 iure
1191 1255 1319 1291 statuta,
1344 1261 1379 1284 ac
1405 1251 1580 1284 interstitiis
1605 1262 1622 1283 a
1646 1262 1736 1285 sacro
1760 1253 1838 1286 Con-

1099 1303 1170 1335 cilio
1196 1303 1376 1336 Tridentino
1401 1304 1570 1346 designatis
1588 1304 1715 1337 minime
1740 1316 1840 1338 serva-

1100 1357 1147 1397 tis,
1166 1357 1300 1400 annique
1324 1357 1443 1390 circulo
1465 1368 1527 1391 non
1545 1364 1719 1401 expectato,
1736 1360 1840 1392 etiam-

1099 1410 1123 1442 si
1141 1410 1171 1442 in
1189 1420 1382 1454 unoquoque
1400 1421 1436 1443 ex
1455 1410 1544 1443 dictis
1562 1411 1659 1444 sacris
1676 1411 1839 1445 ordinibus

1099 1464 1260 1507 susceptis,
1286 1470 1451 1508 antequam
1471 1465 1508 1497 ad
1526 1465 1621 1498 alium
1636 1476 1840 1510 promovean-

1099 1521 1167 1557 tur,
1200 1527 1231 1550 se
1263 1517 1392 1550 minime
1425 1518 1641 1560 exercuerint,
1668 1519 1840 1552 dummodo

1100 1575 1203 1602 tamen
1222 1570 1260 1602 ad
1274 1570 1304 1602 id
1321 1570 1425 1604 idonei
1442 1571 1650 1614 reperiantur,
1665 1577 1695 1604 et.
1711 1573 1840 1607 servatis

1099 1623 1174 1656 alias
1199 1623 1368 1665 servandis,
1390 1624 1582 1667 promoveri,
1603 1628 1632 1657 et
1652 1625 1790 1667 promoti
1810 1626 1840 1658 in

1100 1677 1130 1708 in
1156 1676 1216 1709 illis
1236 1676 1331 1709 etiam
1356 1677 1387 1708 in
1411 1677 1518 1709 altaris
1550 1677 1724 1711 ministerio
1752 1678 1842 1711 mini<

1099 1734 1199 1763 strare
1224 1729 1322 1762 libere
1353 1735 1382 1763 et
1407 1730 1490 1763 licite
1514 1731 1636 1774 possint
1660 1736 1690 1763 et
1710 1732 1841 1773 valeant,

1099 1783 1272 1827 apostolica
1286 1783 1482 1823 auctoritate,
1494 1789 1603 1817 tenore
1616 1786 1840 1828 praesentium,

1099 1837 1301 1870 concedimus
1326 1842 1356 1870 et
1381 1837 1581 1880 indulgemus
1601 1848 1636 1870 ac
1661 1838 1840 1872 facultatem

1098 1891 1309 1935 impartimur.

1143 1945 1157 1988 ξ
1181 1944 1211 1977 3.
1237 1945 1305 1978 Non
1325 1945 1520 1979 obstantibus
1538 1946 1635 1979 felicis
1652 1947 1841 1981 recordatio-

1098 1997 1145 2030 nis
1170 1997 1315 2041 Gregorii
1340 1998 1406 2031 XllI
1432 2004 1462 2032 et
1482 1999 1626 2042 Gregorii
1648 2000 1712 2032 XIV
1731 2000 1841 2033 Roma-

1098 2062 1211 2085 norum
1225 2052 1412 2085 Pontificum
1427 2053 1706 2097 praedecessorum
1721 2059 1841 2087 nostro-

1098 2115 1179 2145 rum,
1204 2105 1335 2148 aliisque
1360 2106 1636 2139 constitutionibus
1661 2110 1691 2140 et
1715 2106 1840 2139 ordina-

1099 2157 1234 2190 tionibus
1258 2158 1447 2201 apostolicis,
1474 2159 1648 2202 ceterisque
1674 2159 1839 2192 contrariis

1097 2211 1360 2254 quibuscumque.

1141 2264 1156 2307 g
1180 2264 1209 2296 4.
1228 2264 1379 2298 Volumus
1393 2270 1509 2305 autem,
1523 2265 1607 2308 quod
1625 2266 1838 2309 praesentium

1098 2319 1312 2362 transumptis,
1337 2319 1431 2352 etiam
1457 2319 1641 2363 impressis,
1664 2330 1758 2353 manu
1783 2321 1838 2353 ali-

1098 2371 1186 2404 cuius
1210 2372 1323 2405 notarii
1344 2372 1461 2416 publici
1480 2373 1675 2416 subscriptis,
1690 2377 1719 2407 et
1735 2374 1838 2417 sigillo

1096 2424 1228 2457 alicuius
1251 2435 1406 2468 personae
1420 2426 1451 2457 in
1464 2425 1614 2468 dignitate
1628 2426 1837 2460 ecclesiastica

1097 2477 1284 2510 constitutae
1309 2478 1447 2518 munitis,
1473 2478 1583 2510 eadem
1608 2489 1739 2522 prorsus
1758 2479 1836 2512 fides

1096 2531 1291 2571 adhibeatur,
1309 2541 1389 2575 qnae
1414 2531 1530 2564 eisdem
1548 2532 1768 2576 praesentibus
1785 2533 1838 2566 ad-

1096 2584 1269 2625 hiberetur,
1287 2584 1312 2617 si
1329 2584 1429 2617 forent
1447 2585 1602 2619 exhibitae
1616 2586 1663 2619 vel
1681 2591 1833 2620 ostensae.

1134 2648 1143 2674 1
1164 2646 1264 2674 Forsan
1279 2646 1423 2682 legendum
1438 2648 1673 2676 communionem
1688 2648 1726 2683 (n.
1744 2649 1792 2683 T.).

1860 245 1905 270 An.
1925 244 1951 271 C.
1973 245 2038 272 1625

1877 1966 1990 1990 Derouatio
2003 1966 2038 1987 ob-

1855 1993 1961 2014 stantium.
1996 2010 2038 2019 „a

1891 2286 2038 2311 Traii-mmptis

1854 2313 1923 2333 danda
1940 2313 1998 2333 tides.
