2269 3235
133 269 182 297 An.
203 268 230 296 C.
249 267 316 295 1596

161 702 280 723 Clausulae.

203 1172 317 1205 deputatio

134 1208 276 1233 exequutnris.

208 1925 321 1951 Derogatio

139 1953 298 1973 contrariorum.

933 264 1073 288 Ulmanus

329 314 447 348 dentini
472 313 678 357 interpretum
699 313 841 353 consilio,
862 311 1069 355 archiepisco-

330 378 405 412 pum
426 378 640 401 successorem
666 377 758 411 posse
779 364 985 399 confessarios
1008 369 1069 395 tam

331 421 487 453 seculares
509 430 605 465 quam
628 419 790 462 regulares
815 418 928 450 iterum
954 415 1071 448 exami-

330 483 406 506 nare
416 485 424 514 ;
446 473 602 506 seculares
619 483 693 505 vcro
709 481 771 504 non
790 470 968 503 satisfacere
985 478 1072 511 prac-

331 533 421 571 cepto
446 526 602 560 Ecclesiae
627 524 770 558 sumendi
791 533 910 557 sacram
929 532 1070 555 eommu-

330 581 456 614 nionem
485 581 517 613 in
541 579 590 612 die
615 577 784 618 Paschatis,
801 576 861 610 nisi
889 579 1011 609 sumant
1042 574 1071 606 in

330 634 468 678 propriis
491 632 647 677 parochiis
660 643 667 672 ;

376 688 390 731 ἓ
406 687 436 721 3.
458 687 577 730 Sicque,
596 690 626 718 et
641 695 703 718 non
718 684 817 725 aliter,
832 694 888 728 per
907 692 1071 726 quoscum-

332 752 391 785 que
409 741 526 773 iudices
542 739 720 773 ordinarios
740 744 770 771 et
789 738 959 780 delegatos,
978 736 1070 769 etiam

332 805 496 828 causarum
516 792 623 837 palatii
646 792 809 836 apostolici
830 791 989 824 auditores
1006 789 1072 822 ubi-

332 858 391 890 que
409 847 541 880 iudicari
559 851 589 879 et
605 846 730 879 definiri
751 846 875 888 debere,
894 856 929 878 ac
946 845 1070 878 irritum

331 905 360 932 et
383 900 485 942 inane,
511 900 537 932 si
562 910 651 932 secus
676 909 772 943 super
796 899 844 931 his
865 909 882 930 a
902 908 1070 941 quoquam,

331 954 440 997 quavis
454 954 649 995 auctoritate,
665 954 799 987 scienter
812 953 861 985 vel
879 952 1070 995 ignoranter,

332 1007 500 1051 contigerit
513 1008 670 1047 attentari,
686 1006 860 1051 apostolica
877 1006 1071 1046 auctoritate,

332 1067 441 1095 tenore
460 1062 684 1107 praesentium,
710 1061 910 1095 decernimus
927 1066 957 1094 et
973 1060 1072 1093 decla-

332 1126 448 1149 ramus.

377 1169 392 1212 §
415 1169 445 1202 4.
470 1169 623 1209 Quocirca
639 1169 693 1203 tibi
714 1179 771 1213 per
787 1173 968 1213 praesentes
986 1178 1072 1201 com-

333 1222 486 1255 mittimus
504 1228 534 1256 et
554 1223 749 1263 mandamus,
774 1228 927 1266 quatenus
952 1226 995 1260 tu,
1015 1231 1073 1264 per

333 1281 372 1317 te,
390 1277 437 1309 vel
454 1277 560 1318 alium,
579 1287 634 1310 seu
650 1277 737 1317 alios,
747 1281 929 1320 praesentes
942 1275 1072 1316 litteras,

333 1335 363 1362 et
392 1329 425 1362 in
448 1330 493 1363 eis
521 1334 681 1372 contenta,
708 1329 763 1362 ubi
791 1335 819 1362 et
844 1328 971 1373 quando
995 1339 1074 1372 opus

332 1383 436 1424 suerit,
457 1384 639 1416 solemniter
655 1383 830 1427 publicans,
853 1383 947 1415 facias
971 1387 1075 1415 aucto-

333 1436 424 1469 ritate
448 1438 556 1470 nostra
580 1437 632 1469 illa
652 1437 690 1469 ab
715 1437 862 1469 omnibus
879 1441 909 1469 et
932 1435 1073 1479 singulis,

333 1488 370 1522 ad
395 1500 473 1533 quos
497 1495 615 1534 spectat
637 1494 667 1522 et
692 1500 751 1534 pro
776 1495 919 1533 ternpore
945 1499 1075 1533 quomo-

333 1542 450 1577 dolibet
473 1543 634 1587 spectabit,
656 1543 878 1576 inviolabiliter
902 1542 1074 1582 observari,

333 1597 579 1630 contradictores
604 1596 760 1640 quoslibet
785 1601 814 1629 et
840 1596 991 1637 rebelles,
1018 1607 1074 1639 per

333 1651 510 1691 sententias,
536 1660 684 1683 censuras
702 1655 731 1683 et
747 1660 866 1694 poenas
883 1649 1073 1682 ecclesiasti-

333 1713 396 1742 cas,
422 1703 544 1746 aliaque
569 1709 748 1747 opportuna
773 1703 849 1735 iuris
874 1708 904 1735 et
928 1703 999 1735 sacti
1025 1713 1074 1735 re-

333 1756 445 1798 media,
458 1756 665 1800 appellatione
682 1756 863 1800 postposita,
877 1765 1076 1800 compescen-

335 1810 384 1851 do,
409 1811 552 1844 invocato
574 1811 667 1844 etiam
685 1811 723 1843 ad
742 1811 813 1852 hoc,
831 1810 855 1843 si
873 1821 952 1854 opus
972 1810 1073 1852 suerit,

336 1863 450 1897 auxilio
474 1864 595 1897 brachii
615 1865 774 1898 secularis.

381 1917 395 1960 g
420 1917 448 1950 5.
473 1918 541 1951 Non
561 1918 757 1951 obstantibus
782 1918 945 1961 quibusvis
964 1917 1076 1950 consti-

336 1971 508 2004 tutionibus
535 1976 565 2004 et
594 1971 844 2004 ordinationibus
877 1971 1074 2015 apostolicis,

336 2034 371 2056 ac
388 2025 571 2068 quorumvis
588 2025 739 2058 Ordinum
763 2025 868 2068 (etiam
890 2025 1074 2067 iuramento7

335 2078 574 2111 confirmatione
591 2079 773 2122 apostolica,
790 2079 839 2111 vel
855 2079 964 2122 quavis
981 2078 1077 2110 firmi-

335 2131 443 2164 mitate
459 2132 520 2164 alia
533 2132 706 2175 roboratis)
725 2133 846 2165 statutis
864 2138 894 2165 et
912 2137 1077 2165 eonsuetu-

336 2184 469 2226 dinihus,
494 2186 668 2229 privilegiis
685 2197 821 2230 quoque,
837 2186 964 2219 indultis
981 2190 1011 2218 et
1032 2186 1077 2218 lit-

337 2239 410 2271 teris
441 2239 622 2283 apostolicis
646 2240 678 2272 in
703 2240 896 2273 contrarium
925 2240 1077 2283 praemis-

337 2302 444 2325 sorum
458 2294 693 2336 quomodolibet
707 2293 873 2334 concessis,
883 2293 1074 2337 approbatis7

337 2345 529 2380 confirmatis
550 2352 580 2379 et
603 2347 772 2388 innovatis3
798 2347 912 2390 quibus
930 2347 1075 2380 omnibus

336 2401 366 2430 et
395 2398 547 2441 singulis,
573 2410 683 2433 eorum
708 2405 834 2434 tenores
858 2400 1076 2443 praesentibus

335 2462 393 2495 pro
419 2452 510 2495 plene
534 2458 564 2485 et
588 2454 778 2487 sufficienter
803 2454 959 2497 expressis
981 2464 1016 2487 ac
1036 2453 1073 2486 ad

336 2505 468 2538 verbum
484 2505 608 2540 insertis
623 2507 782 2549 habentes,
800 2508 861 2540 illis
879 2508 955 2539 alias
975 2507 1005 2540 in
1019 2518 1076 2541 suo

336 2559 451 2592 robore
474 2561 709 2603 permansuris,
735 2562 795 2595 hac
819 2562 886 2594 vice
915 2561 1076 2595 dumtaxat

337 2613 514 2657 specialiter
538 2619 568 2647 et
592 2624 738 2658 expresse
762 2615 970 2658 derogamus,
995 2620 1076 2648 cete-

338 2667 444 2711 risque
468 2668 634 2703 contrariis
659 2669 917 2714 quibuscumque.

1107 262 1162 286 vm
1186 262 1234 286 1⁷1³.
1750 250 1811 282 lists)

1148 311 1258 342 Datum
1284 309 1411 348 Romae,
1437 307 1518 351 apud
1543 307 1571 340 S.
1599 306 1726 339 Mariam
1751 307 1845 339 Maio-

1093 373 1182 403 ,rem‚
1203 363 1260 396 sub
1289 363 1403 395 annulo
1429 361 1606 398 Piscator-is,
1627 360 1676 392 die
1706 371 1735 393 ix
1765 365 1846 391 octo-

1105 416 1169 448 bris
1195 426 1344 456 mncxxw,
1365 415 1564 459 pontificatus
1588 413 1686 446 nostri
1705 424 1785 445 anno
1805 423 1844 444 iv.

1141 478 1199 505 Dat.
1218 478 1260 505 die
1276 478 1292 504 9
1308 478 1427 506 octobris
1446 478 1523 510 1620,
1544 477 1637 513 pontis.
1659 486 1729 504 anno
1750 484 1785 503 tv.

1421 593 1527 626 CCXX.

1105 663 1262 698 Familias
1275 663 1442 695 cardinali
1452 663 1481 695 S.
1495 663 1688 706 Ilonuplzriz'
1697 662 1847 706 capiendi

1148 717 1379 761 possessionem
1405 717 1541 749 ducatus
1569 716 1686 748 Urbini
1711 717 1746 748 in
1771 727 1844 749 casu

1150 770 1367 803 devotationis
1392 768 1533 802 eiusdem
1547 767 1566 800 ¹.

1230 841 1344 868 Dilecto
1364 840 1426 867 filio
1450 843 1552 867 nostro
1577 840 1722 874 Antonio,

1123 886 1208 914 tituli
1229 887 1256 914 S.
1279 886 1446 920 Honuphrii
1466 885 1644 919 presbytero
1665 884 1828 917 cardinali,

1301 936 1437 963 Urbanus
1465 935 1544 968 Papa
1573 934 1652 961 VIII.

1120 994 1233 1022 Dilecto
1250 994 1293 1022 fili
1308 997 1422 1027 noster,
1444 994 1573 1021 salutem
1589 996 1619 1021 et.
1638 993 1835 1027 apostolicam

1351 1039 1602 1067 benedictionem.

1150 1111 1342 1154 Singulares,
1363 1116 1454 1154 atque
1476 1110 1608 1142 eximiae
1628 1110 1769 1149 virtutes,
1783 1109 1848 1152 qui-

1107 1165 1166 1198 hus
1183 1165 1309 1197 illarum
1329 1165 1461 1208 largitor
1485 1164 1664 1197 Altissimus
1680 1174 1846 1207 persona-n

1107 1223 1192 1251 tuam
1207 1218 1422 1262 multipliciter
1434 1217 1603 1259 insignivit,
1618 1217 1648 1249 in
1662 1219 1753 1249 causa
1767 1222 1846 1257 sunt,

1108 1278 1141 1305 ut
1166 1278 1195 1305 te
1226 1272 1350 1305 muneri
1382 1271 1569 1314 gravissimo
1595 1276 1624 1302 et
1648 1271 1693 1302 rei
1723 1269 1848 1303 maximi

1109 1326 1258 1359 momenti
1278 1324 1544 1358 administrandae
1568 1324 1704 1356 libenter
1728 1325 1846 1367 praeli<

1108 1380 1238 1420 ciamus,
1259 1379 1350 1411 firma
1368 1389 1422 1422 spe
1438 1388 1474 1411 ac
1496 1378 1610 1410 fiducia
1633 1377 1714 1419 freti,
1732 1383 1772 1418 te,
1792 1378 1850 1409 sra-

1108 1439 1198 1468 terno
1233 1433 1406 1466 secundum
1439 1442 1565 1465 earnem
1601 1432 1726 1465 vinculo
1761 1432 1851 1464 nobis

1108 1487 1320 1527 coniunctum,
1344 1497 1379 1518 ae
1403 1486 1490 1518 filiali
1518 1486 1694 1518 reverentia
1711 1491 1740 1518 et
1760 1486 1851 1518 devo-

1108 1540 1191 1574 tione
1215 1551 1273 1573 nos
1297 1545 1553 1584 prosequentem,
1575 1539 1606 1570 in
1631 1541 1667 1571 ea
1692 1539 1850 1572 functione

1107 1594 1252 1634 fideliter,
1267 1593 1388 1636 riteque
1408 1592 1553 1625 obeunda
1567 1592 1724 1625 desiderio
1742 1598 1849 1625 nostro

1108 1647 1266 1679 cumulate
1290 1646 1533 1678 satisfacturum.

1153 1700 1168 1743 ἓ
1193 1700 1221 1732 1.
1247 1700 1332 1732 Motu
1357 1699 1461 1742 itaque
1485 1699 1627 1742 proprio,
1654 1704 1683 1733 et
1703 1710 1739 1731 ex
1765 1702 1850 1731 certa

1858 260 1909 285 An.
1930 259 1957 286 C.
1979 259 2043 286 tta-20

1891 1122 2010 1142 Exordium.

1109 1753 1241 1786 scienti-<⁴1
1265 1764 1300 1786 ac
1325 1754 1449 1785 matura
1475 1752 1699 1786 deliberatione
1724 1753 1848 1794 nostris,
1866 1743 1929 1782 ΞΕΜ

1109 1808 1210 1852 deque
1239 1807 1430 1851 apostolicae
1455 1807 1617 1850 potestatis
1641 1807 1849 1849 plenitudine,

1110 1862 1179 1902 tibi,
1204 1866 1248 1902 ut,
1273 1871 1347 1894 casu
1372 1861 1554 1904 aperitionis
1580 1872 1615 1893 ac
1643 1860 1851 1893 devolutionis

1110 1916 1148 1948 ad
1164 1926 1222 1949 nos
1239 1919 1268 1949 et
1285 1916 1457 1948 Romanam
1479 1915 1658 1955 Ecclesiam,
1677 1914 1851 1957 Sedemque

1110 1973 1139 2003 et
1164 1980 1321 2002 cameram
1355 1969 1580 2013 apostolicam,
1607 1969 1689 2001 feudi
1722 1969 1851 2001 ducatus

1112 2023 1230 2063 Urbini,
1244 2033 1367 2056 necnon
1384 2023 1544 2055 civitatum
1563 2022 1804 2064 Senogalliensis
1822 2027 1851 2053 et

1111 2077 1320 2117 pisaurensis,
1349 2088 1383 2109 ae
1416 2078 1519 2109 Status
1545 2076 1654 2108 Montis
1679 2076 1851 2114 Feietrani,

1110 2131 1308 2174 aliorumque
1329 2130 1555 2169 dominiorum,
1574 2130 1744 2170 civitatum,
1764 2129 1851 2172 oppi-

1110 2184 1242 2225 dorum,
1268 2189 1435 2225 terrarum,
1462 2183 1684 2216 fortalitiorum
1711 2188 1739 2215 et
1771 2184 1852 2215 loeo-

1111 2249 1183 2271 rum
1209 2248 1492 2281 quorumcumque,
1515 2236 1608 2269 etiam
1634 2235 1759 2279 speciali
1777 2237 1850 2267 nota

1111 2297 1140 2324 et
1165 2292 1368 2335 expressione
1393 2291 1573 2333 dignorum,
1592 2290 1623 2321 in
1642 2295 1671 2322 et
1688 2289 1745 2322 sub
1766 2289 1853 2321 Statu

1111 2345 1185 2378 dicti
1209 2345 1340 2378 ducatus
1366 2344 1474 2377 Urbini
1493 2344 1530 2376 ad
1555 2354 1703 2387 praesens
1724 2353 1853 2386 quomo-

1111 2398 1229 2431 dolibet
1255 2398 1571 2441 comprehensorum,
1598 2408 1652 2429 seu
1675 2407 1731 2439 per
1750 2396 1852 2439 ipsum

1111 2452 1223 2485 ducem
1246 2452 1486 2495 quomodolibet
1511 2461 1740 2494 possessorum,
1758 2460 1854 2493 quan-

1111 2506 1288 2549 documque
1306 2511 1336 2538 et
1360 2505 1657 2549 quomodocumque
1681 2504 1852 2544 eveniente,

1111 2561 1174 2593 sive
1191 2560 1387 2602 succedente,
1406 2564 1448 2601 tu,
1466 2570 1523 2603 per
1540 2564 1581 2599 te,
1597 2559 1643 2592 vel
1669 2558 1775 2601 alium,
1798 2569 1851 2591 seu

1146 2634 1157 2658 1
1176 2632 1213 2658 Ex
1229 2631 1336 2666 Regest.
1353 2631 1379 2657 in
1394 2630 1495 2657 Secret.
1513 2630 1591 2658 Brev.
1604 2646 1634 2650 --
1652 2630 1772 2657 Similem
1789 2638 1852 2657 con-

1110 2677 1276 2705 stitutionem
1292 2676 1376 2703 habes
1400 2683 1483 2711 supra
1497 2683 1558 2711 pag.
1574 2675 1626 2703 258
1641 2679 1668 2703 et
1683 2675 1734 2703 356
1749 2677 1786 2710 (n.
1802 2674 1850 2709 T.).
