2269 3235
109 275 158 300 An.
178 273 206 300 C.
224 272 291 301 1624

141 706 166 726 Et
181 705 290 727 fidelitatis

106 733 245 753 iuramentum
263 732 289 752 ab

106 760 162 780 intus
199 759 290 780 subditis

105 787 208 811 recipiat;
234 788 290 806 cete-

105 817 172 838 raque
182 812 217 833 hic
226 818 290 833 enun-

105 839 163 859 ciata
198 844 291 866 exequa-

105 866 152 891 Iun

926 275 1068 300 URBANUS
1093 275 1149 299 vm
1173 276 1220 299 PP.

306 319 418 353 amotis
442 326 471 353 et
497 320 635 365 expulsis
665 321 776 356 exinde
808 322 968 366 quibusvis
993 323 1046 355 de-

307 373 482 406 tentoribus
502 374 565 407 sive
583 375 835 418 occupatoribus,
860 385 917 419 per
934 380 973 415 te,
991 385 1044 407 seu

305 425 410 467 alium,
422 427 469 459 vel
481 427 558 460 alios
568 427 622 460 tibi
634 427 806 469 benevisos,
817 428 1044 472 apprehendas,

305 479 368 512 sive
393 490 410 512 a
433 480 594 523 quibusvis
625 481 694 514 aliis
721 481 751 513 in
776 481 838 513 vim
863 481 1043 515 facultatum

304 531 392 566 tibia
408 533 498 567 nobis
514 534 648 578 desuper
665 534 739 566 alias
764 534 821 567 sub
839 535 933 567 certis
950 534 1044 568 modo

305 591 335 618 et
360 587 461 621 forma
486 592 560 620 tunc
576 587 732 631 expressis
753 597 975 621 concessarum
995 599 1045 632 ap-

304 640 502 683 prehensam,
527 641 660 684 recipias
684 645 714 674 et
738 641 888 681 retineas;

349 693 364 736 §
387 692 416 726 3.
451 694 578 727 Necnon
602 704 619 727 a
644 694 940 735 communitatibus,
969 694 1041 728 uni-

305 747 516 788 versitatibus,
537 747 814 790 gubernatoribus,
834 748 1044 791 praetoribus,

304 800 563 842 locatenentibus,
589 801 836 844 magistratibus,
864 801 1044 846 capitaneis,

306 853 499 894 colonnellis‚
513 854 700 894 castellanis,
714 859 744 887 et
756 855 824 887 aliis
844 865 1044 899 quocumque

305 906 432 940 nomine
455 907 652 951 nuncupatis,
677 918 877 953 quacumque
895 908 1045 951 dignitate

304 959 508 1003 fungentibus
521 961 708 994 officialibus
720 961 860 1004 ducatus,
874 962 1043 1005 civitatum,

305 1013 528 1057 dominiorum,
550 1015 749 1059 oppidorum,
775 1021 933 1049 terrarum
956 1021 985 1050 et
1003 1017 1046 1049 lo-

305 1077 425 1110 corum,
450 1067 648 1112 aliorumque
671 1069 916 1113 praedictorum,
937 1069 1045 1103 homa-

306 1120 356 1163 gia
369 1125 400 1154 et
413 1120 572 1155 fidelitatis
588 1122 764 1155 iuramenta
776 1123 928 1167 recipias;
947 1123 1044 1166 signa,

306 1174 354 1207 vel
371 1175 570 1218 contrasigna
594 1176 721 1219 antiqua
740 1176 885 1210 similiter
901 1177 1044 1220 recipias,

306 1233 417 1270 mutes,
432 1233 463 1261 et
478 1239 558 1262 nova
575 1230 755 1271 constituas,
773 1238 916 1271 renoveS,
935 1235 965 1264 et
981 1231 1046 1274 qui-

306 1281 365 1314 bus
388 1292 469 1326 opus
493 1282 596 1324 suerit,
614 1283 662 1316 vel
684 1289 716 1316 tu
740 1284 910 1327 expediens
932 1283 1046 1317 iudica-

306 1334 397 1377 veris,
418 1335 522 1369 tradas
545 1341 576 1369 et
601 1336 776 1380 consignes,
795 1348 830 1370 ac
854 1338 932 1371 alios
956 1348 1047 1381 quos-

306 1398 442 1432 cumque
458 1393 546 1422 actus
563 1390 784 1433 possessor-ios,
802 1400 924 1424 necnon
942 1391 972 1423 in
993 1391 1046 1423 du-

306 1446 385 1483 catu,
411 1442 598 1485 civitatibus‚
619 1443 776 1485 dominiis,
798 1444 930 1487 oppidis,
953 1445 1046 1478 terris

307 1499 337 1527 et
355 1494 443 1537 locis,
459 1496 592 1540 aliisque
616 1497 793 1540 praedictis,
811 1508 1045 1542 quamcumque

306 1547 555 1582 iurisdictionem
575 1549 708 1591 civilem,
721 1550 917 1583 criminalem
929 1556 958 1583 et
972 1552 1046 1584 mix-

306 1605 370 1634 tam
395 1612 559 1642 exerceas,
585 1603 712 1636 modum
735 1608 764 1636 et
788 1609 901 1636 statum
926 1605 1046 1638 officio-

307 1710 426 1754 populi,
451 1715 481 1743 et
505 1710 651 1754 guber-nii
676 1712 876 1755 temporalis,
902 1722 960 1745 nec
984 1723 1045 1745 non

307 1763 476 1805 custodiae,
491 1769 521 1796 et.
540 1764 735 1806 militiarum,
752 1764 1046 1810 praesidiorumque

307 1816 448 1858 ducatus,
472 1827 508 1850 ac
532 1817 704 1858 civitatum,
721 1818 933 1852 dominiorum
960 1820 1047 1863 oppi-

307 1871 440 1916 dorum,
463 1875 642 1912 terrarum,
667 1871 833 1912 locorum,
859 1878 888 1904 et
912 1872 1045 1905 aliorum

307 1924 553 1967 praedictorum,
567 1922 663 1968 prout
680 1924 735 1956 tibi
756 1924 921 1966 videbitur,
936 1925 1048 1958 immu-

307 1982 364 2019 tes,
381 1988 417 2010 ac
434 1977 528 2010 etiam
553 1980 696 2018 renoves,
711 1982 741 2010 et
753 1977 791 2010 de
806 1987 888 2011 novo
906 1978 1046 2037 derint-es,

307 2030 346 2063 ad
358 2030 566 2074 formamque,
584 2035 614 2063 et
628 2031 811 2064 methodum
831 2031 1004 2074 regiminis,
1019 2037 1048 2064 et

308 2083 454 2126 gubernii
472 2083 606 2116 aliarum
623 2084 869 2128 provinciarum,
891 2089 1047 2118 terrarum

308 2142 338 2170 et
352 2138 497 2171 locorum
519 2137 622 2171 Status
645 2138 744 2171 nostri
768 2138 979 2172 Ecclesiastiei
999 2149 1048 2171 re-

309 2189 410 2234 digas,
435 2201 653 2235 quaecumque
676 2196 799 2233 statuta,
825 2191 1048 2233 ordinationes,

310 2248 341 2276 et
364 2244 601 2278 constitutiones
625 2244 708 2278 circa
732 2246 914 2289 praemissa,
937 2251 967 2278 et
991 2245 1050 2278 alia

311 2307 542 2342 quaecumque,
567 2309 646 2342 quae
671 2299 771 2342 magis
795 2300 945 2343 expedire
970 2300 1050 2333 iudi-

312 2351 440 2392 caveris,
461 2352 587 2395 condas,
604 2353 756 2396 publices,
775 2357 804 2387 et
823 2354 986 2387 observari
1010 2355 1051 2388 fa-

312 2403 390 2444 cias;
414 2414 546 2447 necnon,
563 2406 588 2438 si
606 2417 686 2450 opus
710 2406 815 2447 fuerit,
833 2418 1049 2452 quoscumque

312 2457 426 2491 milites
440 2459 629 2501 conscribas,
644 2465 674 2493 et
699 2471 778 2503 quae
796 2471 854 2504 pro
872 2466 1050 2494 commeatu

312 2517 342 2544 et
366 2516 518 2555 apparatu
548 2513 725 2546 necessaria
754 2514 887 2555 suerint,
911 2514 1050 2557 undique

312 2565 479 2609 perquiras
504 2571 534 2599 et
550 2577 725 2610 compares,
742 2578 778 2600 ac
794 2578 831 2600 ex
851 2568 1052 2611 quibusciun-

313 2629 374 2661 que
397 2619 474 2652 locis
499 2618 603 2652 Status
626 2620 727 2652 nostri
752 2620 960 2654 Ecclesiastici
982 2632 1052 2654 con-

314 2672 384 2704 vehi
409 2677 439 2704 et
469 2673 661 2717 comportari
692 2673 805 2716 facias,
836 2685 1052 2719 quaecumque

1081 333 1242 356 armorum
1268 327 1297 356 et
1322 322 1395 355 belli
1421 322 1551 365 negocia
1576 326 1711 362 tractes,
1736 332 1814 354 con-

1080 386 1207 418 gressus
1232 376 1365 408 militum
1397 376 1558 418 generales
1582 375 1628 407 vel
1654 374 1818 418 particula—

1079 439 1138 471 res,
1156 435 1250 473 prout
1267 440 1316 462 res
1334 435 1363 463 et
1380 430 1503 463 occasio
1521 429 1664 462 similiter
1682 428 1817 472 postula-

1079 483 1167 524 verit,
1182 483 1352 515 constituas
1370 486 1399 516 et
1417 483 1554 526 imperes
1567 481 1587 522 ¹,
1603 490 1817 525 quascumque

1079 545 1251 579 expensas,
1276 546 1354 579 quae
1380 536 1411 568 in
1435 536 1628 579 praemissis,
1654 541 1683 568 et
1707 544 1816 568 eorum

1078 589 1243 622 occasione
1258 589 1455 622 necessariae
1471 593 1571 630 crunt,
1593 589 1708 621 nostris
1727 593 1757 621 ct
1773 598 1819 621 ca-

1079 653 1185 675 merae
1217 643 1407 686 apostolicae
1439 642 1617 685 praedictae
1642 642 1819 685 sumptibus

1079 696 1189 735 facias,
1208 701 1247 736 et,
1270 700 1303 729 ut
1320 695 1501 728 huiusmodi
1526 706 1678 739 expensas
1699 695 1819 728 facilius

1080 750 1181 782 facere
1216 750 1319 793 possis
1332 778 1339 791 ,
1365 760 1580 793 quascumque
1615 749 1819 792 pecuniarum

1079 813 1217 835 summas
1235 802 1273 835 ad
1289 813 1347 835 nos
1372 807 1402 835 et
1419 802 1561 835 camdem
1577 812 1735 835 cameram
1753 811 1822 845 spe-

1078 859 1197 889 ctantes
1221 866 1237 888 a
1262 855 1515 899 quibuscumque
1539 855 1751 896 thesaurariis,
1769 854 1822 886 da-

1078 908 1186 950 tiariis‚
1206 909 1414 951 exactoribus,
1434 908 1665 951 collectoribus,
1684 907 1821 952 appalta-

1078 962 1211 1005 toribus,
1236 962 1432 1003 officialibus,
1461 967 1491 995 et
1523 962 1675 995 ministris
1695 961 1822 1006 quihus-

1079 1026 1215 1061 cumque
1242 1022 1443 1060 quocumque
1475 1016 1602 1049 nomine
1633 1015 1821 1059 nuncupatis

1078 1069 1208 1110 debitas,
1221 1079 1343 1102 necnon
1356 1069 1450 1102 etiam
1464 1078 1481 1101 a
1495 1068 1759 1112 gubernatoribus
1775 1078 1821 1101 re-

1079 1123 1229 1164 ctoribus,
1246 1128 1276 1156 et
1303 1122 1551 1156 locatenentibus
1575 1122 1819 1166 provinciarum,

1079 1176 1248 1217 civitatum,
1263 1177 1406 1209 locorum
1426 1186 1700 1219 quorumcumque
1718 1175 1821 1209 Status

1079 1230 1178 1263 nostri
1196 1229 1414 1270 Ecclesiastici,
1432 1240 1468 1262 ac
1486 1229 1695 1272 depositariis,
1712 1234 1740 1261 et
1755 1239 1823 1261 exa-

1078 1283 1218 1316 ctoribus
1245 1293 1421 1327 poenarum
1446 1287 1476 1315 et
1504 1282 1744 1322 maleficiorum,
1770 1292 1822 1315 no-

1079 1343 1144 1374 stro
1161 1341 1191 1369 et
1206 1336 1307 1369 dictae
1323 1346 1466 1369 camerae
1484 1336 1674 1379 apostolicae
1694 1335 1821 1368 nomine

1080 1391 1186 1433 exigas
1206 1394 1235 1424 et
1261 1390 1405 1433 recipias,
1431 1395 1462 1422 et
1488 1389 1574 1433 ipsos
1599 1389 1755 1422 solventes
1783 1389 1821 1421 de

1079 1444 1194 1476 exactis
1211 1443 1341 1487 quietes,
1360 1454 1394 1475 ac
1412 1443 1504 1475 etiam
1526 1442 1666 1475 redditus
1683 1453 1822 1475 commu-

1079 1497 1211 1529 nitatum
1226 1502 1255 1529 et
1268 1496 1517 1535 universitatum,
1529 1507 1564 1528 ac
1578 1496 1748 1537 civitatum,
1764 1501 1821 1528 ter-

1081 1561 1198 1590 rarum,
1213 1555 1242 1582 et
1254 1551 1396 1583 locorum
1414 1549 1553 1582 eiusdem
1568 1549 1698 1582 ducatus
1712 1549 1821 1582 Urbini

1061 1601 1224 1647 {recipias
1251 1607 1280 1636 et
1304 1614 1340 1635 ex
1366 1603 1440 1646 ipsis
1466 1613 1619 1643 camerae,
1645 1603 1822 1636 communi-

306 1665 388 1697 rum,
403 1656 644 1699 magistratuum
662 1662 724 1689 tam
739 1658 937 1700 optimatum,
952 1669 1045 1702 quam

1081 1662 1252 1700 latumque,
1263 1662 1293 1689 et
1305 1657 1544 1689 universitatum
1560 1657 1733 1689 redditibus
1743 1667 1823 1689 sum-

1080 1717 1152 1754 ptus
1176 1710 1357 1743 huiusmodi
1382 1710 1475 1742 facias
1501 1710 1551 1751 (de
1577 1710 1691 1753 quibus
1715 1715 1820 1741 tamen

1081 1764 1198 1796 nullam
1227 1763 1334 1805 nobis,
1360 1768 1412 1795 aut
1438 1763 1587 1795 Romanis
1619 1762 1822 1795 Pontificibus

1081 1816 1318 1850 successoribus
1341 1816 1475 1856 nostris,
1502 1821 1563 1857 aut,
1589 1827 1647 1859 pro
1672 1816 1762 1848 nobis
1793 1820 1823 1847 et

1081 1872 1134 1912 eis,
1149 1871 1250 1904 dictae
1264 1880 1417 1912 camerae,
1432 1873 1483 1903 aut
1497 1870 1526 1903 S.
1542 1870 1574 1902 R.
1590 1870 1622 1902 E.
1637 1869 1822 1909 camerario,

1081 1924 1333 1968 praesidentibus
1357 1924 1491 1964 clericis,
1516 1924 1564 1956 vel
1589 1923 1657 1955 aliis
1686 1923 1820 1967 quibus-

1082 1989 1216 2023 cumque
1239 1978 1326 2011 Sedis
1344 1983 1374 2010 et
1389 1977 1535 2011 Gamerae
1551 1977 1749 2021 Apostolicae
1767 1976 1823 2009 rni-

1081 2032 1197 2073 nistris,
1222 2036 1275 2064 aut
1299 2031 1328 2064 S.
1346 2032 1380 2064 R.
1396 2031 1427 2063 E.
1443 2030 1649 2063 cardinalium
1675 2030 1820 2072 collegio,

1081 2086 1216 2129 ullisque
1241 2085 1309 2118 aliis
1343 2095 1483 2128 unquam
1508 2084 1694 2117 nominatim
1720 2083 1765 2116 vel
1791 2083 1823 2116 in

1081 2140 1184 2183 specie
1198 2139 1361 2181 rationem,
1375 2144 1428 2171 aut
1441 2138 1722 2171 administrationis
1740 2148 1823 2171 com-

1081 2196 1192 2236 putum
1216 2192 1349 2225 reddere
1374 2191 1525 2231 tenearis,
1549 2201 1607 2224 nec
1624 2191 1670 2232 *ad
1694 2191 1725 2223 id
1750 2190 1820 2233 cogi

1083 2251 1136 2278 aut
1152 2245 1298 2289 compelli
1316 2245 1433 2289 possis;
1459 2249 1486 2277 et
1511 2244 1726 2285 nihilominus,
1745 2244 1769 2277 si
1790 2249 1823 2277 tu

1084 2300 1237 2332 rationem
1273 2304 1325 2331 aut
1361 2298 1640 2331 administrationis
1675 2302 1826 2342 computa

1083 2358 1194 2397 sponte
1219 2353 1351 2385 reddere
1376 2352 1523 2394 volueris,
1544 2362 1698 2395 expensas
1718 2352 1823 2384 huius-

1084 2407 1178 2448 modi,
1194 2412 1302 2450 perte,
1316 2411 1347 2439 ut
1366 2406 1552 2450 praefertur,
1566 2405 1732 2447 faciendas,
1747 2411 1824 2438 tam-

1084 2471 1175 2503 quam
1194 2460 1232 2492 de
1256 2470 1404 2503 expresso
1428 2459 1537 2492 ordine
1555 2464 1583 2491 et
1601 2459 1748 2492 mandato
1765 2469 1822 2492 no-

1073 2519 1149 2560 stro
1164 2514 1268 2554 factas,
1284 2524 1319 2545 ac
1336 2513 1472 2554 velutiysi
1487 2524 1503 2545 a
1518 2513 1609 2546 nobis
1632 2513 1707 2556 ipsis
1725 2513 1823 2545 sactae

1084 2568 1225 2606 fuissent,
1239 2566 1295 2599 tibi
1314 2567 1379 2598 sine
1392 2567 1456 2598 ulla
1471 2576 1602 2610 prorsus
1616 2566 1824 2609 oppositione,

1085 2625 1137 2652 aut
1149 2620 1337 2663 part‘itarum
1346 2630 1402 2663 per
1413 2624 1443 2651 te
1456 2619 1629 2652 dandarum
1644 2619 1824 2659 reiectione,

1110 2684 1131 2709 ’1
1152 2682 1272 2710 Erronee
1288 2682 1351 2709 edit.
1369 2682 1447 2709 Main'.
1466 2682 1529 2718 legit
1548 2683 1676 2717 impares
1690 2682 1725 2718 (a.
1740 2684 1787 2716 T.).

1722 263 1786 298 269
1832 274 1880 300 An.
1901 272 1930 299 c.
1949 272 2016 300 1624
