2269 3235
120 251 169 279 An.
191 250 219 279 C.
237 250 305 278 1625

923 250 1063 275 tinnANUs
1088 250 1143 273 vm
1168 250 1214 274 I‘I'.

309 298 400 342 legia,
418 298 531 343 quibus
552 299 742 344 indulgetur,
755 304 789 334 ut
806 304 962 332 certarum
980 298 1051 332 mis-

310 363 415 385 sarum
447 353 495 386 vel
515 354 803 387 anniversariorum
828 351 1049 392 celebratione,

310 411 363 438 aut
391 406 546 450 aliquibus
578 407 716 440 collectis
748 417 802 440 seu
834 404 1050 444 orationibus,

311 459 451 502 plurium
480 459 647 493 missarum
678 459 827 493 oneribus
853 457 885 490 in
908 457 1050 491 futurum

311 512 516 556 suscipiendis
540 513 686 553 satisfiat3

399 566 574 608 Quaeritur,
591 575 629 598 an
645 565 740 598 verba
764 565 801 597 in
824 564 975 608 ficturum
1003 573 1053 596 su-

312 620 487 664 scipiendis
522 618 721 661 intelligenda
752 617 813 651 sint
841 617 879 650 de
903 616 1052 651 oneribus

313 673 518 717 suscipiendis
535 677 605 716 post
621 671 846 716 privilegium?

358 726 418 759 Vll.
444 726 544 769 Super
567 730 680 768 quarto
708 724 849 757 eiusdem
873 724 1052 766 (longi-ega-

314 779 407 812 tionis
430 779 566 819 decreto,
591 788 653 822 quo
678 777 864 821 prohibetur
887 776 1053 816 sacerdoti,

314 833 367 876 qui
398 832 534 875 suscepit
562 831 690 864 missam
726 830 946 864 celebrandam
982 840 1052 863 cum

315 886 400 919 certa
421 885 629 929 eleemosyna,
646 895 685 918 ne
699 884 842 918 eamdem
866 884 995 917 missam
1013 883 1055 916 al-

315 938 384 979 teri,
407 942 497 982 parte
522 938 661 971 eiusdem
687 938 903 982 eleemosynae
927 937 986 970 sibi
1010 947 1056 970 re-

315 993 410 1033 tenta,
428 992 647 1025 celebrandam
666 992 856 1031 committat;

404 1046 588 1087 Quaeritur,
613 1056 653 1078 an
676 1044 921 1090 permittendum
943 1044 982 1077 sit
1005 1043 1057 1076 ad-

317 1098 582 1132 ministratoribus
606 1098 829 1138 ecelesiarum,
849 1102 883 1130 ut
902 1098 1057 1131 retineant

317 1153 454 1196 aliquam
484 1153 753 1197 eleemosynarum
787 1152 967 1196 portionem
999 1161 1057 1194 pro

318 1207 462 1250 expensis
473 1206 717 1239 manutentionis
731 1206 890 1248 ecclesiae,
901 1205 1057 1247 altarium,

318 1259 566 1299 inservientium,
589 1264 868 1303 paramentorum,
892 1258 1058 1299 luminum,

320 1312 392 1352 vini,
406 1312 524 1345 hostiae
542 1318 572 1345 et
588 1311 760 1345 similium?

364 1365 439 1398 ml.
465 1366 511 1397 An
541 1365 602 1399 hoc
626 1365 787 1399 decretum
812 1365 926 1399 habeat
954 1365 1058 1397 locum

320 1419 352 1450 in
367 1418 539 1459 beneficiis,
556 1429 636 1462 quae
653 1419 858 1452 conseruntur
875 1419 906 1451 in
923 1417 1059 1457 titulum;

321 1472 410 1513 idest,
434 1482 474 1504 an
497 1477 602 1506 rector
626 1472 779 1513 beneficii,
800 1472 853 1516 qui
878 1476 982 1515 potest
1004 1482 1062 1515 per

321 1525 418 1558 alium
442 1525 611 1568 celebrare,
635 1531 780 1559 teneatur
803 1525 957 1558 sacerdoti
981 1525 1062 1558 cete-

321 1579 425 1611 branti
449 1579 522 1612 dare
547 1579 738 1624 stipendium
762 1579 801 1612 ad
825 1579 979 1613 rationem
996 1578 1064 1612 red—

322 1632 444 1666 dituum
468 1633 613 1666 beneficii
623 1633 638 1665 ⁴?

367 1685 420 1719 X&
445 1686 492 1719 An
523 1685 721 1727 sacerdotes,
751 1685 866 1730 quibus
895 1685 1063 1730 aliquando

323 1739 455 1773 offertur
471 1739 668 1784 eleemosyna
685 1740 786 1773 maior
804 1740 895 1773 solita
912 1750 970 1783 pro
986 1740 1064 1772 cele-

323 1793 465 1826 bratione
482 1793 607 1834 missae,
620 1793 754 1826 debeant
770 1793 845 1826 dare
862 1792 1003 1825 eamdem
1020 1792 1064 1824 in-

324 1851 446 1889 tegram
470 1846 701 1890 eleemosynam
725 1846 780 1887 iis,
805 1846 919 1889 quibus
953 1845 1065 1878 missas

325 1899 528 1932 celebrandas
545 1899 759 1932 committunt:
778 1909 816 1932 an
830 1909 904 1932 vero
922 1898 997 1932 satis
1016 1898 1064 1940 sit,

325 1958 360 1985 ut
384 1952 458 1987 dent
482 1953 712 1987 celebrantibus
736 1953 966 1998 eleemosynam
992 1962 1065 1986 con-

326 2011 456 2039 suetam.

369 2060 418 2093 XI.
445 2060 545 2104 Super
561 2060 669 2104 quinto
690 2060 830 2094 eiusdem
847 2059 1067 2103 Congregatio-

326 2113 375 2146 nis
399 2113 535 2155 decreto,
553 2125 616 2157 quo
640 2114 722 2147 inter
746 2118 849 2148 cetera
867 2113 1012 2147 statuitur
1036 2113 1067 2145 in

327 2168 405 2201 haec
431 2168 527 2201 verba
552 2168 768 2212 eleemosynas
795 2178 867 2201 vero
896 2167 1068 2200 manuales

329 2227 358 2255 et
374 2223 584 2266 quotidianas
598 2233 658 2266 pro
676 2223 784 2255 missis
804 2221 1003 2255 celebrandis
1021 2221 1069 2254 ita

330 2275 460 2308 demum
471 2275 572 2309 iidem
584 2276 726 2319 accipere
735 2276 870 2319 possint,
882 2275 911 2308 si
920 2274 1069 2308 oneribus

331 2334 426 2362 cmtea
443 2329 604 2373 impositis
624 2330 672 2362 ita
687 2329 913 2372 satisfecerint,
933 2332 969 2361 ut
989 2338 1071 2361 nora

331 2393 458 2426 quoque
474 2393 570 2415 onera
583 2382 667 2415 obire
682 2382 829 2423 raleant;
845 2382 996 2426 alioquin
1009 2392 1072 2414 om-

331 2436 411 2468 nino
428 2436 611 2469 abstineant
628 2436 667 2468 ab
689 2436 879 2469 huiusmodi
900 2436 1071 2479 eleemosy-

332 2490 396 2530 πίε,
417 2490 515 2523 etiam
531 2494 642 2534 sponte
658 2490 783 2531 oblatis,
804 2491 837 2523 in
856 2491 1005 2533 futuram
1024 2500 1073 2523 re-

334 2543 498 2587 cipiendis,
519 2547 547 2576 et
564 2544 713 2588 capsulas
733 2545 896 2587 auferant,
917 2548 974 2577 etc.

371 2617 382 2643 1
400 2615 549 2643 Numerum
563 2615 722 2649 retinemus,
739 2614 788 2642 etsi
811 2617 919 2650 praeter
938 2613 1073 2647 ordinem,

335 2661 398 2696 quia
407 2661 434 2689 in
446 2660 505 2689 aliis
515 2668 623 2696 quoque
632 2660 795 2690 editionibus
804 2660 878 2689 idem
887 2658 1065 2695 legiturms)

1726 236 1783 268 :Mt

1172 297 1349 338 Quaeritur,
1363 306 1401 330 an
1411 296 1471 330 hoc
1482 295 1643 328 decretum
1660 293 1824 338 prohibeat

1083 350 1234 392 absolute,
1259 351 1429 395 quominus
1449 349 1602 394 accipiant
1628 358 1723 382 novas
1748 348 1826 380 elee-

1085 414 1229 448 mosynas
1250 404 1281 445 ii,
1300 404 1353 448 qui
1370 404 1505 448 acceptis
1522 413 1583 435 non
1599 401 1824 439 satisfecerunt,

1085 462 1114 489 et
1138 457 1213 501 quid
1237 457 1261 490 si
1287 468 1428 500 congruo
1454 462 1593 501 tempore
1617 455 1738 500 possint
1762 465 1826 488 om-

1085 510 1177 543 nibus
1197 510 1398 543 satisfacere?

1131 563 1193 595 XII.
1218 563 1297 601 Quid
1323 563 1348 596 si
1373 563 1509 596 offerens
1533 563 1756 606 eleemosynas
1777 571 1827 594 au-

1086 615 1150 649 dito
1168 615 1404 660 impedimento,
1423 616 1606 656 consentiat,
1624 621 1657 648 ut
1681 615 1827 648 sacerdos

1087 669 1215 702 missam
1232 669 1370 703 celebret
1386 680 1459 702 cum
1479 669 1616 712 primum
1634 668 1772 711 poterit?

1132 723 1207 755 xlll.
1233 723 1279 755 An
1303 732 1405 766 poena
1430 722 1585 755 interdicti
1610 727 1640 753 et
1664 722 1742 753 aliae
1767 732 1825 764 ali-

1087 776 1206 819 positae
1220 776 1251 808 in
1274 776 1385 809 eodem
1404 775 1530 808 decreto
1547 774 1682 807 afficiant
1696 780 1758 806 tam
1775 785 1829 807 eos

1088 830 1141 873 qui
1162 829 1320 873 accipiunt
1339 829 1552 873 eleemosynas
1569 831 1679 861 contra
1695 828 1829 860 sormam

1089 883 1132 917 ibi
1150 883 1388 927 praescriptam,
1404 893 1498 927 quam
1517 893 1571 916 eos
1588 882 1641 925 qui
1668 891 1731 914 non
1750 881 1831 913 ause-

1089 941 1162 971 runt
1179 937 1321 981 capsulas
1337 937 1376 970 ab
1393 936 1544 977 ecclesiis,
1560 940 1594 968 ut
1611 935 1726 968 ibidem
1745 944 1831 978 prae-

1090 990 1230 1034 cipitur?
1440 1033 1442 1035 ‚

1133 1043 1208 1076 XIV.
1226 1044 1272 1076 An
1290 1043 1321 1076 in
1341 1043 1401 1076 hoc
1420 1042 1546 1076 decreto
1565 1039 1833 1085 comprehendan-

1091 1102 1142 1129 tur
1165 1097 1236 1129 illae
1261 1097 1417 1140 capsulae,
1443 1106 1522 1140 quae
1546 1095 1659 1139 apponi
1684 1095 1784 1127 solent
1801 1094 1831 1126 iu

1091 1150 1232 1183 ecclesiis
1249 1150 1280 1183 in
1297 1150 1346 1183 die
1360 1148 1670 1183 commemorationis
1687 1148 1831 1181 Omnium

1092 1202 1295 1237 Sanctorum¹
1313 1208 1343 1236 et
1362 1203 1457 1247 vulgo
1477 1202 1624 1236 dicuntur
1647 1202 1754 1246 (Casse
1785 1201 1832 1233 ἄρ’

1092 1257 1207 1301 morti)
1220 1257 1235 1289 ἵ)

1136 1311 1195 1343 XV.
1222 1311 1268 1342 An
1292 1309 1563 1343 administratores
1592 1308 1743 1342 ecclesiae
1768 1318 1832 1340 ma-

1094 1373 1172 1406 gnae
1193 1363 1368 1396 devotionis
1385 1367 1415 1396 et
1432 1373 1604 1396 concursus
1620 1362 1741 1406 possint
1758 1362 1835 1394 elee-

1095 1427 1240 1461 mosynas
1264 1427 1323 1461 pro
1342 1416 1445 1449 missis
1462 1415 1659 1449 celebrandis
1680 1415 1834 1459 accipere,

1094 1471 1120 1504 si
1137 1471 1247 1504 iisdem
1265 1470 1369 1503 missis
1384 1470 1508 1503 nonnisi
1526 1475 1597 1514 post
1613 1470 1744 1512 longum
1763 1474 1837 1501 tem-

1095 1535 1154 1568 pus
1185 1523 1363 1556 satisfacere
1395 1523 1533 1563 valeant,
1561 1532 1600 1555 ne
1631 1522 1706 1554 alias
1735 1521 1837 1554 cultus

1096 1577 1245 1611 ecclesiae
1262 1582 1292 1610 et
1309 1576 1433 1610 devotio
1455 1587 1491 1610 ac
1505 1586 1677 1609 concursus
1687 1575 1837 1615 fidelium,

1097 1634 1129 1664 ut
1145 1630 1241 1670 aiunt,
1264 1630 1468 1662 minuantur?

1140 1683 1214 1717 XVI.
1226 1683 1302 1722 Quia
1315 1682 1487 1726 prohibitio
1497 1682 1572 1714 dicti
1585 1682 1703 1715 decreti
1717 1682 1838 1714 videtur

1097 1736 1254 1780 aliquibus
1274 1735 1392 1769 directa
1412 1735 1487 1769 solis
1505 1735 1663 1779 capitulis,
1688 1735 1838 1778 collegiis,

1098 1790 1300 1825 societatibus
1314 1816 1322 1831 ,
1359 1789 1681 1833 congregationibus,
1717 1798 1839 1822 necnon

1098 1844 1243 1877 omnibus
1257 1848 1287 1876 et
1304 1843 1437 1886 singulis
1451 1843 1655 1876 ecclesiarum
1669 1847 1698 1875 et
1714 1842 1839 1886 piorum

1098 1899 1243 1932 locorum
1274 1902 1338 1930 tam
1374 1896 1563 1931 secularium
1593 1906 1687 1940 quam
1715 1895 1840 1938 regula-

1100 1951 1181 1984 rium
1203 1951 1431 1995 superioribus,
1452 1950 1490 1983 de
1507 1950 1621 1994 quibus
1641 1949 1676 1982 fit
1695 1959 1840 1993 expressa

1100 2004 1227 2046 mentio,
1252 2015 1315 2038 non
1332 2009 1436 2037 autem
1460 2003 1591 2047 privatis
1616 2002 1840 2043 sacerdotibus,

1100 2058 1154 2102 qui
1170 2063 1275 2091 tamen
1288 2057 1513 2102 comprehendi
1529 2056 1672 2089 videntur
1689 2056 1747 2089 sub
1761 2056 1843 2088 clau-

1101 2112 1169 2144 suta
1194 2110 1333 2154 generali
1361 2114 1390 2143 et
1411 2110 1489 2143 aliis
1516 2109 1559 2142 acl
1587 2119 1666 2153 quos
1690 2109 1838 2152 pertinet,

1102 2164 1295 2209 supplicatur
1318 2174 1378 2208 pro
1402 2163 1582 2207 opportuna
1606 2161 1841 2195 declaratione?

1146 2218 1234 2251 XVII.
1267 2217 1369 2261 Super
1401 2216 1533 2260 septimo
1565 2215 1706 2248 eiusdem
1737 2225 1842 2248 sacrae

1102 2270 1361 2315 Congregationis
1386 2270 1529 2310 decreto,
1554 2280 1616 2313 quo
1641 2274 1784 2311 cavetur,
1810 2274 1842 2301 ut

1104 2326 1135 2359 in
1151 2325 1283 2368 singulis
1300 2324 1500 2358 monasteriis
1516 2323 1739 2366 religiosorum
1756 2332 1844 2366 prae-

1104 2380 1219 2423 figatur
1242 2389 1410 2418 numerus,
1441 2377 1494 2420 qui
1524 2388 1561 2410 ex
1592 2376 1749 2410 consuetis
1772 2376 1844 2409 red-

1105 2433 1220 2466 ditibus
1244 2436 1297 2465 aut
1320 2430 1525 2474 eleemosynis
1553 2429 1717 2463 commode
1739 2429 1846 2474 {possit

1105 2486 1288 2526 sustentari;
1500 2478 1502 2481 ’

1194 2539 1376 2579 Quaeram-3
1391 2548 1429 2571 an
1442 2537 1495 2571 ubi
1512 2537 1588 2571 haec
1604 2537 1755 2582 praefixio
1769 2537 1846 2571 sacta

1144 2612 1156 2639 1
1173 2611 1216 2638 Sic
1228 2609 1275 2638 οέε
1286 2610 1350 2638 edit.
1363 2609 1458 2637 Nescio
1469 2617 1503 2636 an
1517 2608 1608 2645 legere
1618 2609 1687 2638 foret
1697 2609 1847 2637 Fidelium

1109 2657 1309 2692 defunctorum
1325 2655 1365 2691 (n.
1380 2655 1429 2690 T.).

1838 245 1887 272 An.
1909 245 1936 271 C.
1956 245 2023 272 1025
