2269 3235
137 242 186 269 An.
203 240 232 269 C.
254 240 320 268 1626

170 1584 291 1605 Mandatum
302 1584 327 1604 do

144 1611 245 1637 parendo.

198 2598 337 2619 luramentum

157 2623 184 2644 ab
195 2630 220 2645 eo
229 2628 337 2651 praestan-

158 2650 213 2671 dum.

939 238 1081 263 URBANUS
1106 237 1162 261 vm
1186 237 1232 261 1³1².

334 297 471 331 cumque
494 288 622 321 nomine
645 287 844 331 nuncupatis,
861 291 891 319 et
915 286 1071 330 praesidio

333 351 370 374 ea
393 340 551 382 ordinare,
568 342 751 385 praecipere
769 346 799 373 et
816 340 975 379 mandare,
993 350 1071 383 quae

320 404 393 438 ⁴pro
417 394 502 427 fideli
527 395 711 429 eorumdem
740 393 1071 438 propugnaculorum,

334 448 399 481 sive
423 448 654 490 fortalitiorum,
676 447 864 492 oppidorum
883 450 913 480 et
929 447 1071 479 locorum

335 502 477 535 custodia
501 502 677 536 necessaria
708 506 800 534 erunt
832 506 861 533 et
885 505 1072 544 opportuna,

334 557 421 590 omni
446 556 606 600 vigilantia
630 560 661 588 et
684 554 851 599 prudentia
872 553 1014 593 militari,
1033 558 1072 594 et,

334 610 360 643 si
383 621 461 654 opus
485 610 589 650 fuerit,
614 609 691 642 alios
715 608 829 641 milites
850 618 884 641 ex
911 607 998 640 Statu
1022 617 1074 640 no-

334 669 399 697 stro
424 662 642 697 Ecclesiastico
666 673 724 706 pro
749 661 978 706 praesidiorum
1005 671 1073 703 sup-

335 717 510 760 plemento,
535 716 598 749 sive
622 725 681 759 pro
701 715 851 757 subsidio,
872 713 1072 747 conscribere

335 774 365 802 et
382 778 567 809 convocare,
585 773 751 812 ceteraque
772 767 877 801 omnia
893 773 923 800 et
940 767 1072 810 singula,

334 834 415 867 quae
439 833 499 867 pro
522 821 705 866 disciplinae
729 821 883 862 militaris,
901 832 936 854 ac
960 832 1074 865 propu-

335 876 544 918 gnaculorum
564 886 619 908 seu
636 875 869 915 fortalitiorum,
883 874 1073 919 oppidorum

336 929 383 962 vel
407 929 551 962 locorum
575 928 756 962 huiusmodi
785 928 1022 962 conservatione
1046 933 1076 961 et

337 983 491 1023 custodia,
516 993 552 1016 ac
576 983 651 1016 alias
676 984 708 1015 in
731 982 923 1026 praemissis,
941 987 971 1015 et
993 981 1076 1015 circa

338 1047 384 1077 ea,
407 1037 584 1069 necessaria
600 1041 630 1069 et
646 1036 880 1080 quomodolibet
900 1041 1077 1080 opportuna

339 1090 394 1122 tibi
420 1090 620 1131 videbuntur,
639 1090 760 1123 etiamsi
784 1090 857 1122 talia
874 1090 935 1123 sint
952 1090 999 1122 vel
1016 1090 1078 1121 sue-

338 1144 411 1185 rint,
428 1154 508 1187 quae
527 1144 628 1186 magis
648 1144 827 1187 specialem,
852 1143 1032 1188 specificam
1049 1146 1079 1176 et

339 1207 519 1240 expressam
531 1197 729 1240 requirerent
742 1196 945 1237 mentionem,
955 1202 984 1229 et
999 1206 1079 1239 qnae

340 1257 373 1284 tu
396 1252 499 1284 faeere
522 1256 627 1295 potes,
652 1251 797 1284 similiter
820 1251 932 1293 facere,
958 1261 1078 1294 gerere,

341 1309 370 1337 et
394 1305 505 1348 exequi
530 1304 628 1338 libere
653 1309 683 1338 et
705 1304 788 1338 licite
812 1305 925 1345 valeas,
943 1303 1077 1337 auctori·

342 1362 402 1392 tate
419 1363 449 1390 et
465 1361 573 1392 tenore
593 1358 919 1411 p1·aedictis,plenam‚
936 1358 1080 1395 liberam,

340 1411 477 1455 amplam
503 1416 533 1444 et
557 1412 733 1444 absolutam
762 1412 960 1452 facultatem,
986 1416 1077 1455 pote-

342 1470 451 1500 statem
470 1472 500 1499 et
515 1467 733 1501 anctoritatem
759 1466 959 1500 concedimus
976 1471 1005 1499 et.
1023 1466 1081 1498 im-

342 1519 506 1563 partimur.

387 1573 402 1616 ξ]
426 1573 455 1606 4.
482 1574 662 1608 Mandantes
690 1580 859 1618 propterea
883 1574 1029 1607 omnibus
1054 1576 1084 1606 et

343 1627 486 1669 singulis,
507 1633 569 1660 tam
596 1628 841 1671 particularibus
866 1627 1035 1671 capitaneis
1055 1638 1083 1659 e-

343 1682 466 1724 quitnm
491 1687 520 1715 et
543 1681 682 1726 peditum
709 1682 843 1714 militum
866 1685 895 1715 et
919 1681 1081 1725 copiarum

343 1735 533 1778 huiusmodi,
559 1745 653 1779 quam
678 1735 755 1778 ipsis
780 1734 938 1778 equitibus
954 1739 982 1767 et
1000 1733 1084 1778 pedi—

343 1789 436 1830 tibus,
454 1789 629 1832 ceterisque
653 1788 692 1821 ad
717 1799 795 1832 quos
812 1793 939 1832 spectat,
956 1793 988 1820 ut
1009 1792 1035 1822 te
1054 1788 1083 1820 in

344 1848 471 1876 eventus
494 1842 672 1886 praedictos
697 1843 728 1875 in
753 1843 1016 1875 locumtenentem
1035 1853 1085 1885 ge—

345 1896 483 1928 neralem
515 1895 695 1929 huiusmodi
720 1896 825 1929 debito
850 1907 920 1929 cum
946 1897 1083 1938 honore,

346 1949 431 1982 iuxta
455 1954 596 1983 tenorem
619 1950 851 1993 praesentium,
876 1950 1031 1993 recipiant
1056 1955 1085 1983 et

346 2007 525 2045 agnoscant,
546 2014 582 2036 ac
606 2003 637 2036 in
662 2004 809 2036 omnibus
833 2003 905 2044 illis,
922 2014 1002 2048 quae
1027 2015 1085 2048 pro

348 2062 489 2100 tempore
506 2057 682 2090 mandanda
698 2057 834 2100 duxeris,
852 2058 1020 2091 efficaciter
1036 2069 1086 2102 pa-

348 2116 436 2144 reant
460 2116 489 2144 et
513 2111 673 2152 obediant,
694 2112 816 2145 dilectis
841 2123 915 2145 vero
941 2112 1013 2145 filiis
1033 2123 1087 2145 no-

347 2169 413 2198 stro
445 2168 474 2199 et
505 2169 629 2199 sanctae
657 2167 816 2199 Romanae
844 2166 1000 2199 Ecclesiae
1029 2176 1082 2198 ea-

348 2219 485 2252 merario
524 2230 560 2253 ae
596 2219 792 2253 thesaurario
829 2224 859 2253 et
894 2220 1085 2264 depositario

349 2273 558 2314 generalibus,
583 2278 617 2306 ut
634 2273 689 2307 tibi
707 2273 744 2306 de
770 2274 1014 2317 provisionibus,
1033 2275 1086 2307 sti-

347 2325 470 2368 pendiis
506 2331 536 2359 et
570 2327 791 2360 emolumentis
826 2327 996 2371 praedictis
1030 2338 1086 2360 suo

348 2382 492 2422 tempore
516 2390 588 2413 cum
613 2380 726 2423 effectu
750 2381 971 2425 respondeant,
989 2391 1025 2414 ae
1049 2381 1087 2414 ab

351 2431 498 2465 omnibus
519 2433 705 2477 responderi
730 2440 841 2467 curent
860 2439 890 2467 et
907 2434 1028 2467 faciant.
1055 2435 1088 2467 In

350 2486 545 2519 contrarium
578 2487 762 2521 facientibus
794 2498 858 2521 non
891 2488 1089 2521 obstantibus

350 2539 612 2585 quibuscumque.

396 2594 411 2637 ἓ
431 2593 460 2626 5.
478 2594 630 2628 Volumus
646 2600 760 2638 autem,
776 2600 820 2637 ut,
834 2596 872 2629 de
894 2596 954 2629 hoe
968 2596 1088 2630 locum-

352 2648 485 2683 tenentis
502 2649 657 2691 generalis
673 2650 776 2684 officio
794 2650 926 2684 fideliter
944 2661 1090 2685 exercen-

1749 224 1811 257 [127

1106 286 1156 325 do,
1171 284 1357 318 inmanibus
1374 283 1501 324 nostris,
1519 287 1571 315 ant.
1588 282 1684 314 nostri
1706 286 1735 313 et
1755 282 1841 313 Sedis

1106 339 1304 382 Apostolicae
1329 338 1359 370 in
1379 337 1502 370 civitate
1526 337 1633 370 nostra
1652 334 1842 367 Ferrariensi

1106 391 1143 423 de
1170 391 1266 423 latere
1287 391 1392 433 legati,
1410 390 1548 423 debitum
1575 393 1714 433 praestes
1739 387 1768 419 in
1787 387 1845 420 for-

1107 445 1156 476 ma
1182 444 1272 476 solita
1299 444 1520 476 iuramentum.

1152 496 1259 530 Datum
1275 497 1401 536 Romae,
1416 497 1496 540 apud
1518 497 1545 529 S.
1565 495 1702 535 Petrum,
1719 494 1775 527 snb
1792 503 1846 525 an—

1107 550 1181 582 nulo
1202 550 1378 590 piscatoris,
1396 550 1445 582 die
1465 560 1516 583 xiv
1544 549 1673 582 ianuarii
1695 558 1846 587 inncxxvt,

1109 603 1308 647 pontificatus
1332 603 1430 636 nostri
1456 613 1536 635 anno
1561 613 1605 636 ιιι.

1859 232 1907 258 An.
1925 232 1952 257 C.
1973 232 2020 259 ¹62

1143 667 1204 694 Dat.
1226 666 1269 694 die
1292 667 1323 693 tl»
1343 666 1460 694 ianuarii
1479 666 1558 697 1026,
1574 666 1664 701 pontis.
1687 674 1729 693 an.
1747 673 1785 693 ιιι.

1423 783 1530 817 CXCII.

1112 855 1203 895 Quod
1229 855 1347 898 fratres
1370 854 1551 898 Reformati
1575 850 1769 887 Disculccati
1797 853 1850 887 Or-

1154 908 1243 941 dinis
1264 908 1496 941 Sanctissimae
1520 907 1693 940 Trinitatis
1718 906 1851 939 Redem-

1152 963 1275 1006 ptionis
1288 963 1489 1006 captivorum
1503 961 1694 1004 Jltspam'cw,
1715 961 1748 992 in
1764 960 1787 993 A
1796 960 1852 1002 fri-

1156 1027 1191 1049 ca
1216 1020 1244 1049 et
1265 1015 1343 1048 aliis
1365 1020 1533 1048 turcarmn
1558 1014 1705 1058 partibus
1727 1014 1851 1057 possint

1157 1069 1317 1103 celebrare
1333 1079 1429 1112 super
1445 1068 1551 1101 altare
1573 1067 1736 1111 portatili,
1753 1071 1781 1099 et
1798 1076 1853 1100 cm-

1159 1127 1288 1167 tequam
1306 1123 1472 1155 illucescat
1488 1122 1566 1159 (lies,
1587 1133 1621 1154 ae
1640 1122 1738 1154 etiam
1756 1120 1854 1153 absol-

1157 1187 1227 1209 vere
1250 1176 1359 1219 fideles
1383 1188 1401 1208 α
1428 1176 1555 1208 casibus
1575 1175 1756 1211 reservatis,
1776 1184 1850 1207 itec-

1157 1240 1223 1263 iton
1240 1230 1358 1263 eisdem
1378 1230 1603 1273 indutgyente'as
1620 1227 1816 1272 i'mparti'i·i¹.

1318 1302 1455 1329 Urbanus
1476 1302 1554 1335 Papa
1575 1301 1654 1334 VIII,

1245 1347 1281 1374 ad
1296 1350 1472 1381 perpetuam
1487 1346 1532 1373 rei
1547 1345 1728 1373 memoriam.

1159 1409 1253 1447 Cum,
1279 1409 1359 1441 sieut
1390 1409 1520 1442 dilectus
1554 1408 1636 1440 lilius
1667 1412 1856 1451 procurator
1898 1417 2056 1447 (ῑιιιιςηριιιιιης

1115 1462 1270 1505 generalis
1295 1463 1429 1495 fratrum
1451 1462 1716 1495 Discaleeatoruin
1740 1471 1857 1493 nuncu-
1872 1447 2035 1465 “⁴¹¹'‘¹¹¹¹¹¹¹''‘¹¹⁵'

1116 1521 1263 1559 patorum
1289 1516 1413 1549 Ordinis
1448 1515 1668 1548 Sanctissimae
1699 1515 1857 1548 Trinitatis

1116 1569 1351 1613 Redemptionis
1374 1569 1572 1612 captivorum
1604 1568 1858 1611 congregationis

1117 1623 1336 1665 Hispaniarum
1374 1622 1465 1655 nobis
1494 1633 1595 1665 nuper
1627 1622 1740 1665 exponi
1769 1622 1857 1661 fecit,

1117 1675 1221 1719 quod‘2
1235 1676 1439 1719 congregatio
1464 1675 1633 1719 praedicta,
1652 1676 1737 1707 iuxta
1756 1675 1859 1707 lauda-

1117 1730 1178 1763 bile
1204 1730 1302 1773 ipsius
1327 1730 1522 1769 institutum,
1548 1730 1614 1762 eius
1639 1729 1803 1771 religiosos
1828 1729 1858 1761 in

1118 1784 1266 1824 Africam,
1278 1789 1308 1816 ut
1324 1782 1543 1816 christifideles
1557 1782 1631 1814 inibi
1642 1782 1652 1798 ³
1669 1782 1727 1815 sub
1744 1782 1858 1815 misera

1119 1842 1279 1871 turcarum
1306 1838 1455 1870 serritnte
1479 1837 1675 1875 constitutos,
1697 1847 1776 1879 quos
1794 1847 1861 1879 pos-

1119 1896 1191 1924 sunt
1207 1891 1245 1923 ab
1271 1891 1323 1923 itta
1342 1891 1490 1931 eximere,
1509 1894 1670 1934 quaerant,
1688 1901 1803 1934 eosque
1830 1890 1860 1922 in

1120 1945 1253 1978 Domino
1278 1945 1490 1985 consolentur,
1516 1944 1725 1977 ecclesiastiea
1750 1954 1857 1976 saera-

1120 2003 1225 2031 menta
1241 1998 1283 2030 illi
1302 1998 1531 2036 administrent,
1547 2009 1582 2031 ac
1600 2009 1709 2031 eorum
1727 1997 1860 2041 denique

1119 2051 1295 2084 animarum
1321 2051 1423 2091 saluti,
1441 2051 1555 2094 quibus
1580 2056 1720 2095 possunt,
1738 2051 1862 2084 rationi-

1120 2105 1177 2137 bus
1194 2106 1377 2139 incumbere
1395 2106 1526 2146 x'aleant,
1545 2105 1667 2138 mittere
1685 2105 1825 2137 intendat
1837 2105 1860 2136 ⁴:

1164 2160 1179 2202 ἓ
1203 2159 1232 2202 ¹1.
1258 2160 1338 2201 Nos,
1364 2164 1398 2191 ut
1426 2159 1519 2191 iidem
1555 2158 1694 2200 religiosi
1721 2158 1751 2190 in
1777 2169 1862 2192 eom-
1904 2178 2017 2199 Cfflgsio
2033 2180 2062 2199 m.

1120 2213 1216 2246 misso
1242 2213 1300 2245 sibi
1321 2223 1451 2245 munere
1477 2213 1657 2246 huiusmodi
1675 2213 1712 2245 ad
1739 2224 1862 2245 eorum·
1878 2206 1989 2229 P¹¹¹¹³¹⁰⁰H

1120 2266 1192 2299 dem
1220 2266 1473 2299 christifidelium
1504 2266 1698 2310 spiritualem
1725 2267 1862 2299 fructum

1121 2320 1229 2353 utilius
1249 2330 1315 2352 sese
1341 2330 1488 2352 exercere
1514 2320 1645 2357 valeant,
1663 2319 1864 2363 supplicatio-

1156 2437 1169 2463 ‘l
1188 2437 1228 2463 De
1244 2435 1284 2463 bis
1299 2435 1428 2463 fratribus
1442 2435 1502 2463 vide
1518 2436 1543 2462 in
1559 2436 1649 2463 Const.
1667 2443 1726 2463 cem
1744 2436 1780 2472 gin
1796 2437 1824 2465 h.
1838 2445 1862 2464 e.

1121 2481 1211 2515 ccxin)
1231 2475 1375 2508 Clementis
1396 2480 1466 2516 Vlll,
1485 2481 1531 2507 Ad
1551 2481 1723 2515 militantis,
1745 2484 1809 2508 tom.
1832 2490 1863 2515 x,

1122 2533 1184 2561 pag.
1200 2525 1262 2552 529.

1157 2570 1174 2597 2
1190 2570 1321 2597 Partieula
1337 2571 1413 2605 quod
1426 2570 1557 2597 redundat
1575 2572 1612 2607 (n.
1630 2572 1677 2607 T.).

1158 2615 1173 2642 3
1190 2614 1258 2641 Edit.
1274 2615 1355 2642 Main.
1372 2615 1457 2642 habet.
1471 2617 1567 2644 inlaz'bt
1581 2618 1621 2651 (n.
1638 2618 1686 2649 T.).

1159 2661 1173 2685 li
1190 2660 1259 2686 Edit.
1278 2659 1356 2688 Main.
1374 2660 1439 2696 legit
1454 2661 1609 2690 intendant
1623 2663 1660 2697 (n.
1679 2663 1725 2697 T.).
