2269 3235
232 261 278 287 Λη.
297 259 410 288 (21623

266 483 364 503 Extensio
387 488 419 502 ra-

235 510 362 530 servationis
383 509 419 529 be-

235 536 358 556 nunciorum
383 542 420 561 per

236 562 345 588 pacificam
362 568 421 582 asse-

237 589 360 614 quutioneni
386 594 420 609 va-

237 617 363 635 naturarum.

457 250 498 281 58

430 307 556 341 soribus
579 304 740 350 pacificam
765 303 892 337 illorum
917 300 1149 346 possessionem
1163 326 1170 340 ‚

432 359 727 405 quomodocumque
751 355 929 390 vacaverint
960 359 990 388 et
1018 353 1173 387 vacabunt

433 414 465 447 in
485 413 636 446 futurum.

477 466 507 500 3.
530 466 616 506 ltem,
633 465 686 509 qui
703 464 741 497 de
759 462 920 496 beneficiis
944 460 1173 502 ecclesiasticis,

435 519 621 565 praesertim
646 527 755 551 curam
780 516 956 549 animarum
976 514 1173 555 habentibus,

436 585 491 607 seu
514 572 589 606 alias
613 570 813 616 personalem
844 568 1044 604 residentiam
1068 567 1174 612 requi-

437 625 587 665 rentibus,
612 624 686 657 dum
710 634 768 668 pro
799 626 937 667 tempore
962 627 1080 661 vacant,
1105 631 1177 664 apo-

438 678 547 712 stolica
564 677 747 710 auctoritate
763 675 892 720 provisi,
910 686 965 709 seu
981 673 1176 719 providendi,

439 737 509 765 ante
534 731 660 764 illorum
684 729 937 774 assequutionem
955 728 1013 761 alia
1030 738 1102 761 cum
1123 728 1179 760 eis-

440 786 511 819 dem
531 783 777 828 incompatibilia
796 782 948 815 beneficia
970 781 1179 815 ecclesiastiea

440 850 498 884 per
522 849 575 871 eos
599 842 673 870 tunc
697 837 824 870 obtenta
848 835 879 868 in
903 834 1044 868 fraudem
1076 845 1178 867 reser-

441 891 572 926 vationis
589 901 662 924 suae
683 890 889 933 resignarent,
907 899 961 921 seu
979 887 1179 928 dimitterent,

442 946 559 986 voluit,
585 944 721 978 decrevit
751 947 782 977 et
809 941 999 981 declaravit,
1024 940 1129 984 quod,
1155 940 1180 972 si

442 1001 648 1044 imposterum
665 996 826 1040 quibusvis
845 994 988 1039 personis
1012 993 1049 1026 de
1074 993 1182 1036 aliqui-

442 1056 502 1087 bus
524 1051 685 1086 beneficiis
709 1048 927 1083 ecclesiasticis
952 1053 1026 1081 tune
1050 1046 1182 1080 vacanti-

442 1109 511 1148 bus,
532 1117 588 1140 seu
608 1104 772 1144 vacaturis,
793 1113 850 1146 per
867 1101 1068 1135 Sanctitatem
1086 1101 1181 1134 Suam

443 1164 495 1194 aut
525 1160 590 1193 eius
621 1157 806 1192 auctoritate
830 1155 1009 1201 provideri,
1034 1155 1182 1199 ipsosque

443 1212 610 1258 provisos),
620 1222 675 1245 seu
688 1210 908 1256 providendos,
920 1209 1001 1242 intra
1015 1208 1183 1242 vacationis

445 1272 475 1300 et
504 1265 694 1311 provisionis
725 1275 781 1297 seu
811 1262 1041 1307 assequutionis
1073 1272 1182 1295 eorum

444 1320 673 1354 beneficiorum
697 1324 860 1362 tempora,
885 1326 1102 1360 quaecumque
1125 1315 1185 1347 alia

447 1385 519 1408 eum
542 1374 603 1406 illis
627 1370 873 1416 incompatibilia
900 1369 1052 1403 beneficia
1079 1369 1181 1401 eccle-

448 1427 570 1460 siastica
588 1425 741 1459 secularia
761 1425 808 1457 vel
829 1422 1013 1468 quorumvis
1033 1421 1185 1455 Ordinum

448 1492 482 1513 ac
507 1479 600 1513 etiam
629 1477 830 1522 hospitalium
860 1476 1017 1519 regularia
1046 1485 1103 1519 per
1134 1485 1187 1508 eos

450 1539 521 1566 tunc
539 1533 674 1574 obtenta,
692 1532 777 1564 nulla
794 1530 921 1574 speciali
937 1534 967 1562 et
982 1530 1130 1573 expressa
1150 1528 1188 1561 de

449 1586 566 1620 eisdem
595 1586 626 1619 in
654 1584 887 1629 provisionibus
915 1582 1081 1627 praedictis
1107 1583 1187 1615 facta

450 1639 618 1679 mentione,
644 1637 844 1682 simpliciter,
870 1637 917 1669 vel
942 1638 1036 1669 causa
1060 1646 1188 1679 permu-

452 1692 596 1731 tationis,
621 1702 656 1724 ac
685 1691 759 1723 alias
787 1689 1041 1733 quomodolibet,
1067 1689 1130 1721 sive
1158 1688 1190 1721 in

452 1744 628 1779 Sanctitatis
645 1744 734 1783 Suae,
752 1744 799 1776 vel
817 1742 944 1775 alterius
961 1741 1094 1776 Romani
1114 1741 1191 1774 Pon-

453 1798 544 1832 tificis
567 1808 625 1842 pro
650 1802 793 1840 tempore
817 1796 986 1837 existentis,
1006 1801 1058 1828 aut
1076 1796 1191 1838 legato-

453 1862 546 1892 rum,
571 1851 619 1884 vel
650 1850 832 1883 ntmtioruni
864 1849 964 1882 dictae
993 1848 1101 1889 Sedis,
1128 1848 1191 1880 sive

453 1903 685 1938 ordinariorum
701 1903 748 1936 vel
765 1903 899 1936 aliorum
916 1903 1101 1936 collatorum
1118 1912 1192 1946 quo-

455 1968 663 2003 rumcumque
691 1956 835 1990 manibus
862 1956 1042 1999 resignare,
1067 1966 1122 1988 seu
1146 1955 1191 1988 di-

455 2013 589 2052 mittere,
606 2016 659 2044 aut
675 2010 796 2044 iuribus
813 2010 871 2043 sibi
891 2010 923 2042 in
942 2010 1002 2042 illis
1019 2010 1066 2042 vel
1084 2009 1121 2041 ad
1142 2009 1192 2041 illa

455 2065 706 2110 competentibus
731 2064 842 2097 cedere
871 2063 1059 2106 contigerit,
1084 2073 1193 2095 omnes

456 2126 485 2153 et
510 2120 651 2163 singulae
666 2118 894 2158 concessiones,
912 2117 1103 2157 collationes,
1124 2126 1194 2160 pro-

457 2171 599 2211 visiones,
625 2176 654 2204 et
677 2170 804 2214 quaevis
820 2169 898 2202 aliae
918 2168 1139 2213 dispositiones
1156 2168 1194 2201 de

456 2224 617 2258 beneficiis
652 2235 706 2257 seu
744 2223 865 2256 iuribus
899 2223 943 2255 sic
978 2222 1194 2266 resignandis,

457 2278 647 2312 dimittendis
672 2284 701 2311 et
725 2277 872 2311 cedendis
900 2287 958 2320 pro
983 2282 1123 2320 tempore
1151 2276 1195 2309 fa-

458 2333 603 2374 ciendae,
628 2343 700 2365 cuni
732 2331 803 2364 inde
831 2331 970 2374 scquutis
995 2330 1196 2374 quibuscum-

459 2399 527 2429 que,
554 2396 657 2420 cassae
682 2391 712 2419 et
736 2386 852 2426 irritae,
874 2385 1051 2428 nulliusque
1072 2385 1196 2418 roboris

463 2442 506 2473 »el
531 2440 679 2474 momenti
704 2439 857 2482 existant,
881 2449 937 2472 nee
962 2439 1107 2483 cuiquam
1133 2440 1196 2472 suf-

460 2496 637 2537 l'ragentur;
655 2493 709 2527 sed
732 2493 883 2526 beneficia
908 2497 935 2526 et
962 2493 1039 2533 iura,
1058 2498 1090 2526 ut
1107 2503 1197 2537 prae-

460 2549 568 2587 fertur,
585 2547 752 2590 resignata,
769 2546 896 2579 dimissa
914 2551 943 2579 et
960 2557 1056 2587 cessa,
1074 2557 1110 2579 eo
1128 2546 1197 2590 ipso

462 2605 580 2641 vacent,
593 2605 623 2633 et
636 2610 755 2640 vacare,
769 2610 804 2633 ac
817 2600 874 2633 sub
888 2600 1098 2633 reservatione
1112 2610 1198 2643 prae-

1013 252 1190 277 nummatum
1213 249 1365 274 ftOMANUM

1204 299 1264 333 hoc
1288 296 1426 332 extendit
1454 300 1483 329 et
1511 293 1693 338 ampliavit,
1718 292 1947 337 comprehensa

1206 356 1408 391 censeantur3
1436 349 1477 384 ita
1501 346 1586 392 quod
1610 346 1649 379 de
1672 345 1733 379 illis
1758 355 1816 389 per
1840 344 1946 384 alium,

1206 415 1300 449 quam
1321 403 1462 437 eamdem
1481 400 1682 436 Sanctitatem
1698 397 1794 432 Suam
1818 397 1866 431 vel
1889 408 1947 442 pro

1207 462 1348 502 tempore
1368 457 1551 490 existentem
1566 454 1740 487 Romanum
1753 450 1947 490 Pontificem,

1207 511 1384 545 nullatenus
1408 508 1531 553 disponi
1560 506 1669 552 possit,
1694 505 1725 539 in
1749 503 1895 538 omnibus
1919 509 1946 536 et

1207 576 1264 610 per
1288 563 1414 604 omnia,
1438 561 1568 607 perinde
1594 572 1630 595 ac
1654 560 1678 593 si
1702 569 1759 603 per
1785 556 1947 602 pacificam

1209 617 1463 662 assequutionem
1487 614 1715 649 beneficiorum
1738 611 1872 646 aliorum
1893 610 1951 643 hu-

1211 671 1345 706 iusmodi
1370 681 1442 705 vere
1467 674 1497 703 et
1520 669 1646 703 realiter
1671 665 1871 701 vacavissent.
1896 664 1951 698 De-

1211 735 1343 759 cernens
1368 724 1503 764 irritum,
1528 727 1598 763 etc,
1622 719 1775 755 attentari.

1255 779 1284 812 4.
1311 779 1386 811 Item
1412 777 1582 810 reservavit
1609 774 1797 819 generaliter
1821 772 1952 817 disposi⁴
1990 787 2152 807 Eusori-aliudi-

1968 816 2084 839 gnitatum.
2103 819 2151 834 nec·

1212 833 1288 866 tioni
1313 842 1387 865 suae
1411 841 1522 864 omnes
1546 829 1713 873 dignitates
1732 828 1868 861 maiores
1883 830 2007 871 postam,
2029 846 2114 861 suorum
2132 842 2153 860 ει

1968 870 2055 888 sanctae
2074 868 2151 887 Ruma-

1213 885 1407 930 pontificales
1431 885 1463 917 in
1487 882 1740 925 cathedralibus,
1765 881 1859 915 etiam
1887 890 1952 913 me-
1968 900 2008 914 „aa
2043 894 2152 915 aucit—siin

1969 920 2106 941 cardinalium
2123 921 2152 940 sa-

1215 938 1409 982 tropolitanis
1427 942 1456 969 et
1472 935 1747 980 patriarchalibus,
1764 944 1886 968 necnon
1905 944 2154 970 va-m1112m1m,i‚ene-

1947 987 1952 992 .
1971 974 2072 994 liciorum.

1214 993 1314 1024 lorem
1340 990 1448 1023 decem
1474 989 1669 1022 florenorum
1693 988 1763 1021 auri
1794 997 1954 1022 communi

1215 1043 1430 1078 aestimatione
1444 1042 1628 1075 excedentes
1644 1041 1833 1085 principales
1850 1041 1882 1074 in
1896 1040 1957 1074 col-

1216 1097 1339 1141 legiatis
1364 1095 1512 1129 ecclesiis.
1531 1094 1711 1128 Reservavit
1727 1094 1820 1127 etiarn
1839 1093 1958 1138 priora-

1218 1156 1276 1191 tus,
1293 1149 1538 1195 praeposituras,
1558 1148 1799 1193 praepositatus‚
1823 1158 1859 1181 ac
1882 1148 1958 1182 alias

1217 1205 1383 1249 dignitates
1415 1203 1636 1237 conventuales
1667 1206 1697 1237 et
1726 1202 1959 1247 praeceptorias

1218 1258 1380 1301 generales
1405 1256 1558 1291 Ordinum
1593 1266 1867 1299 quorumcumque
1891 1255 1959 1299 (sed

1218 1322 1281 1345 non
1298 1311 1495 1353 militiarum)
1513 1320 1547 1342 ae
1565 1319 1781 1353 quaecumque
1796 1309 1959 1349 beneficia,

1219 1376 1299 1410 quae
1324 1365 1382 1405 sui,
1400 1364 1494 1397 etiam
1518 1364 1593 1396 dum
1616 1362 1826 1396 cardinalatus
1848 1362 1960 1405 funge-

1219 1420 1312 1452 batur
1337 1419 1468 1459 honore,
1493 1417 1668 1457 existentes,
1693 1427 1729 1450 ac
1753 1416 1781 1449 S.
1805 1416 1839 1449 R.
1861 1416 1893 1449 E.
1921 1415 1961 1448 vi-

1220 1472 1358 1505 ventium
1383 1482 1465 1504 nunc
1490 1476 1519 1503 et
1543 1470 1597 1514 qui
1621 1475 1713 1503 erunt
1737 1480 1793 1503 suo
1819 1475 1959 1514 tempore

1221 1525 1426 1559 cardinalium
1449 1524 1618 1557 familiares
1643 1523 1781 1556 continui
1806 1533 1963 1556 commen-

1222 1580 1300 1613 sales
1325 1578 1467 1612 obtinent
1490 1583 1520 1611 et
1544 1578 1749 1621 imposterum
1766 1576 1962 1616 obtinebunt,

1222 1643 1332 1666 eorum
1348 1631 1558 1665 familiaritate
1579 1630 1722 1670 durante,
1737 1640 1773 1662 ac
1789 1629 1821 1662 in
1838 1629 1962 1673 quibus,

1223 1697 1278 1719 seu
1302 1686 1340 1719 ad
1364 1696 1443 1729 quac
1468 1685 1515 1717 ius
1540 1684 1606 1717 eius
1630 1683 1792 1727 competit,
1812 1688 1866 1716 aut
1882 1693 1965 1717 coni-

1222 1739 1357 1783 petierit,
1379 1737 1499 1771 etiamsi
1524 1737 1562 1769 ab
1582 1737 1650 1781 ipsa
1675 1736 1884 1771 familiaritate
1906 1747 1965 1781 per

1223 1793 1343 1827 obitum
1368 1791 1573 1825 cardinalium
1598 1790 1792 1832 eorumdem,
1817 1790 1866 1824 vel
1889 1790 1965 1824 alias

1225 1845 1420 1879 recesserint.
1452 1845 1620 1878 Deelarans
1635 1871 1642 1884 ,
1671 1843 1860 1886 dignitates,
1885 1855 1966 1888 quae

1226 1900 1256 1933 in
1274 1898 1505 1933 cathedralibus
1519 1898 1613 1931 etiam
1629 1897 1879 1942 metropolitanis
1895 1903 1967 1942 post

1225 1953 1420 1997 pontificales
1444 1951 1580 1985 maiores
1605 1951 1751 1992 existunt,
1772 1956 1802 1984 et
1825 1961 1904 1995 quae
1929 1962 1965 1985 ex

1226 2007 1421 2051 Apostolicac
1431 2006 1518 2040 Sedis
1531 2005 1735 2048 indulgentia,
1746 2006 1794 2039 vel
1805 2005 1966 2039 ordinaria

1226 2061 1419 2100 auctoritate,
1440 2065 1493 2092 aut
1510 2059 1735 2093 consuetudine
1760 2059 1965 2103 praescripta,

1227 2115 1273 2148 vel
1299 2114 1373 2147 alias
1390 2113 1501 2158 quovis
1525 2113 1618 2147 niodo
1636 2113 1667 2146 in
1682 2113 1855 2156 collegiatis
1872 2113 1967 2147 eccle-

1228 2169 1280 2202 siis
1305 2168 1509 2212 principalem
1538 2167 1818 2212 praeeminentiam
1849 2168 1966 2201 habere

1228 2228 1410 2262 noscuntur,
1421 2222 1477 2255 sub
1491 2222 1703 2256 reservatione
1718 2222 1875 2267 praedicta
1885 2232 1967 2256 com-

1227 2276 1380 2321 prehendi
1398 2275 1524 2309 debere.

1273 2330 1300 2363 5.
1320 2330 1396 2363 Item
1412 2330 1581 2364 reservavit
1600 2330 1789 2373 generaliter
1814 2330 1920 2364 omnia
1939 2336 1968 2364 et
1999 2338 2167 2376 neferyauotw-

1230 2383 1353 2427 singula
1387 2383 1539 2417 beneficia
1571 2383 1782 2418 ecclesiastica
1816 2395 1969 2429 quorum-
1984 2365 2168 2439 Ξεὲἷξξῖιὲἑέἶιιῃεῗὶίἶῖ

1231 2448 1366 2482 cumque
1383 2438 1587 2471 collectorum
1613 2443 1643 2471 ct
1667 2439 1834 2472 unicorum
1852 2439 1883 2472 in
1899 2450 1971 2483 qua-

1231 2502 1364 2535 cumque
1400 2491 1522 2525 civitato
1556 2493 1604 2525 vel
1640 2492 1798 2532 dioecesi,
1829 2491 1883 2536 qui
1914 2502 1971 2525 suo

1232 2551 1373 2589 tempore
1398 2545 1500 2579 officia
1524 2546 1740 2587 exercuerint,
1765 2545 1970 2579 subcollecto-

1232 2611 1303 2632 rum
1336 2600 1495 2632 fructuum
1526 2604 1555 2631 et
1586 2604 1796 2643 proventuum
1828 2609 1971 2632 camerae

461 2654 564 2695 dicta,
589 2664 682 2698 quam
708 2653 858 2686 Sanctitas
885 2654 945 2687 Sua
974 2653 1066 2686 etiam
1095 2653 1195 2696 quoad
1232 2653 1420 2697 apostolieae
1451 2652 1647 2694 debitorum,
1674 2653 1725 2686 illa
1749 2652 1893 2687 videlicet
1918 2652 1972 2685 bc*

1960 244 2006 270 Αη.
2024 244 2051 270 (3.
2073 243 2139 272 1623
