2269 3235
239 252 287 277 Au.
310 250 336 276 (Σ.
364 251 428 277 16ἳό

473 243 537 274 asu

437 300 519 332 rium
533 300 578 332 eis
592 300 829 343 quomodolibet
846 301 1090 344 competentium
1105 311 1176 335 con-

437 353 616 390 servationi,
630 358 781 395 (plantum
799 353 889 385 nobis
907 363 942 386 ex
960 354 1022 387 alto
1035 354 1176 387 concedi-

437 411 494 445 tur,
522 406 688 449 providere
709 406 856 447 volentes,
883 411 970 441 motu
994 408 1126 451 proprio
1146 413 1176 441 et

435 471 470 491 ex
492 461 576 492 certa
595 459 724 491 scientia
742 462 860 501 nostra,
879 471 914 493 ac
931 460 969 493 de
986 462 1175 504 apostolicae

436 511 595 553 potestatis
612 511 814 554 plenitudine,
832 512 889 546 hac
902 516 1009 547 nostra
1023 519 1175 558 perpetuo

435 564 565 596 valitura
585 564 815 606 constitutione,
830 566 978 600 omnibus
998 571 1029 600 et
1044 567 1175 611 singulis

433 616 641 658 patriarchis,
668 617 875 661 primatibus,
907 619 1174 666 archiepiscopis,

432 669 610 712 episcopis,
636 670 800 704 abbatibus
825 677 855 704 ct
883 674 1104 715 generalibus,
1129 686 1176 708 ce·

434 722 570 765 terisque
593 723 797 757 ecclesiarum
823 731 853 757 et
876 726 1019 760 locorum
1048 727 1173 771 piorum

433 775 596 819 utriusque
629 787 720 809 sexus
752 778 971 821 praesulibus,
1005 781 1174 823 praelatis,

432 828 692 870 praesidentibus,
703 831 889 874 rectoribus,
904 834 1174 876 praeceptoribus,

432 883 708 915 commendatariis
730 889 759 915 et
781 884 1099 928 administratoribus,
1125 897 1176 920 cu-

430 934 616 979 iuscumque
640 940 756 977 status,
789 937 924 979 gradus,
957 937 1118 980 dignitatis
1145 943 1175 973 ct

430 988 695 1030 praeeminentiae
713 989 855 1029 existant,
871 990 993 1026 etiamsi
1003 991 1175 1024 cardinala-

431 1045 479 1072 tus
496 1041 616 1073 honore
634 1042 862 1084 praefulgeant,
878 1053 1000 1076 necnon
1018 1044 1173 1088 capitulis,

430 1093 523 1125 etiam
548 1094 748 1136 generalibus
773 1100 803 1128 et
824 1096 1081 1139 provincialibus,
1102 1109 1174 1132 con-

430 1146 572 1179 ventibus
585 1173 593 1188 ,
628 1148 767 1191 collegiis
781 1176 788 1190 ,
815 1149 1032 1183 sodalitatibus
1045 1178 1053 1192 ,
1079 1152 1172 1184 etiam

430 1199 594 1241 laicorum,
610 1206 639 1233 et
659 1201 911 1246 quibuscumque
925 1203 992 1236 aliis
1006 1204 1174 1248 superiori-

428 1251 487 1284 bus
505 1252 641 1285 cuiusvis
655 1253 784 1297 ordinis,
799 1255 955 1290 societatis
970 1257 1017 1289 vel
1030 1257 1172 1299 instituti,

429 1307 521 1339 ctiam
543 1307 580 1340 de
597 1308 782 1342 necessitate
803 1310 1012 1353 exprimendi,
1026 1317 1077 1345 aut
1094 1313 1173 1346 mili-

430 1360 543 1393 tiarum
568 1361 661 1394 etiam
686 1362 714 1395 S.
740 1363 864 1396 Ioannis
896 1364 1171 1410 llierosolymitani

428 1414 459 1446 in
484 1414 630 1448 universa
662 1416 768 1457 ltalia,
799 1417 892 1450 etiam
923 1417 956 1450 in
987 1420 1172 1462 quorumvis

428 1467 608 1511 principum
633 1470 822 1503 secularium
839 1471 1076 1514 quomodolibet
1096 1484 1173 1517 qua-

429 1520 628 1564 liticatorum,
652 1523 746 1555 etiam
764 1523 877 1565 ducali,
898 1525 997 1568 regia,
1016 1526 1171 1570 imperiali

428 1574 477 1606 vel
503 1575 611 1617 quavis
636 1576 696 1608 alia
723 1576 885 1619 dignitate,
910 1578 1031 1612 honore
1052 1579 1099 1612 vel
1124 1590 1172 1612 ex-

429 1627 572 1659 cellentia
597 1630 834 1671 praestantium,
861 1631 979 1664 ditione
1005 1633 1171 1676 temporali

429 1679 652 1721 existentibus,
684 1682 708 1714 si
743 1683 917 1725 pontificali
944 1684 992 1717 vel
1023 1685 1171 1719 abbatiali

429 1733 586 1766 emineant
599 1734 760 1777 dignitate,
770 1736 827 1768 sub
841 1736 997 1770 interdicti
1010 1739 1171 1781 ingressus

429 1786 600 1827 eeclesiae,
626 1798 679 1830 ae,
705 1788 730 1820 si
754 1799 811 1832 per
835 1800 888 1822 sex
912 1801 1035 1824 menses
1060 1791 1170 1825 imme-

428 1839 511 1872 diate
536 1840 761 1884 subsequentes
786 1842 843 1874 sub
868 1842 1035 1876 interdicto
1060 1845 1170 1878 huius-

429 1892 515 1925 modi
535 1894 774 1936 permanserint,
800 1895 894 1938 lapsis
918 1897 1079 1930 mensibus
1104 1897 1167 1931 eis-

429 1946 520 1988 dem,
546 1947 603 1980 sub
634 1949 797 1991 regiminis
828 1955 859 1982 et
890 1950 1170 1985 administrationis

428 2001 632 2034 ecclesiarum
663 2003 711 2035 vel
742 2004 1025 2047 monasteriorum,
1054 2006 1170 2049 quibus

428 2054 616 2097 praesident,
627 2055 659 2088 in
673 2055 889 2099 spiritualibus
899 2062 929 2090 et
942 2058 1170 2101 temporalibus

429 2109 659 2151 suspensionis,
685 2110 830 2153 capitulis
848 2121 933 2152 vero,
954 2112 1168 2153 conventibus,

429 2162 569 2204 collegiis
584 2189 591 2203 ,
621 2163 836 2197 sodalitatibus
861 2169 891 2196 et
914 2165 1170 2199 universitatibus

429 2215 604 2257 praedictis,
623 2217 681 2249 sub
701 2217 859 2250 interdicti
873 2229 890 2251 a
904 2218 1027 2259 divinis,
1047 2229 1170 2252 eorum-

429 2278 489 2310 que
514 2268 726 2311 singularibus
746 2271 889 2313 personis
909 2281 944 2304 ac
968 2271 1170 2305 inferioribus

428 2321 586 2363 praelatis,
600 2323 875 2357 commendatariis
889 2329 919 2357 et
932 2324 999 2357 aliis
1011 2326 1169 2369 praefatis,

429 2374 486 2406 sub
511 2376 844 2410 excommunicationis
876 2378 955 2411 latae
980 2379 1169 2420 sententiae,

429 2438 463 2458 ac
485 2429 626 2461 omnium
651 2430 859 2473 dignitatum,
890 2431 1117 2466 beneficiorum
1141 2438 1171 2466 et

430 2481 605 2515 otticiorum
627 2485 913 2519 ecclesiasticorum
928 2513 935 2527 ,
967 2486 1005 2519 de
1034 2497 1169 2530 quorum

431 2534 523 2567 rel-us
549 2541 578 2568 et
603 2536 693 2570 bonis
718 2545 828 2571 contra
852 2540 1027 2583 praesentis
1055 2540 1171 2574 consti-

432 2588 558 2621 tutionis
576 2594 717 2623 tenorem
734 2603 787 2625 eos
805 2592 974 2637 disponere
994 2594 1169 2637 contigerit,

431 2641 576 2686 vocisque
593 2644 709 2679 activae
726 2651 755 2680 et
768 2646 912 2690 passivae
928 2647 1123 2693 privationis
1140 2652 1171 2682 et

1019 253 1198 278 BULLARIUM
1224 254 1377 278 ROMANUM

1210 306 1378 345 perpetuae
1392 301 1595 335 inhabilitatis
1606 302 1644 335 ad
1658 302 1710 336 illa
1723 313 1778 337 seu
1790 303 1948 348 quaelibet

1210 355 1269 388 alia
1298 355 1505 398 imposterum
1537 355 1726 396 obtinenda,
1751 355 1818 400 ipso
1845 357 1948 398 facto,

1210 409 1301 441 etiam
1327 409 1444 451 absque
1469 407 1579 441 iudicis
1610 408 1784 442 ministerio
1808 410 1857 443 vel
1880 421 1949 444 sen-

1210 461 1324 502 tentia,
1350 461 1546 494 incurrendis
1571 461 1696 505 poenis,
1720 471 1759 495 ne
1783 462 1822 495 de
1845 468 1949 497 cetero

1210 515 1365 555 civitates,
1391 521 1511 557 terras,
1537 521 1656 556 castra,
1681 515 1816 560 oppida,
1842 516 1949 557 villas,

1209 578 1308 608 arces,
1326 569 1482 609 fortalitia,
1501 568 1701 610 munitiones,
1722 569 1892 610 territoria,
1907 569 1951 602 di-

1209 621 1356 661 strictus,
1389 621 1621 654 iurisdictiones
1655 626 1709 654 aut
1740 621 1867 664 quaevis
1890 621 1950 654 alia

1210 674 1277 707 loca
1300 675 1347 707 vel
1372 673 1455 708 bona
1479 674 1749 714 iurisdictionalia,
1766 684 1822 707 seu
1839 674 1950 717 quovis

1209 728 1303 760 modo
1327 727 1575 761 iurisdictionem
1603 728 1831 771 temporalem,
1856 728 1948 760 etiam

1209 792 1281 813 eum
1299 781 1360 814 alio
1375 781 1422 813 vel
1439 780 1517 821 aliis,
1535 780 1726 814 coniunctim
1744 791 1799 813 seu
1815 780 1949 821 divisim,

1209 839 1261 866 aut
1274 833 1349 866 alias
1365 833 1603 877 quomodolibet
1619 844 1772 867 annexam
1791 833 1950 875 habentia,

1209 892 1261 918 aut
1278 896 1389 919 eorum
1403 897 1459 919 seu
1475 887 1700 921 iurisdictionis
1716 892 1838 931 partem
1856 887 1950 920 etiam

1209 938 1382 979 minimam,
1407 939 1445 971 ad
1469 940 1705 983 patriarchales,
1733 940 1949 984 primatiales,

1208 991 1484 1034 metropolitanas,
1514 992 1708 1036 episcopales
1741 998 1770 1026 et
1799 993 1874 1026 alias
1899 1003 1949 1027 ec-

1208 1044 1328 1084 clesias,
1354 1045 1555 1087 monasteria,
1580 1045 1713 1088 collegia
1738 1046 1786 1078 vel
1804 1046 1874 1079 loca
1898 1046 1949 1090 pia

1207 1097 1386 1141 supradicta
1416 1108 1500 1131 nunc
1529 1103 1560 1131 et
1590 1109 1650 1142 pro
1673 1103 1818 1143 tempore
1841 1100 1951 1143 quovis

1207 1150 1301 1184 modo
1319 1151 1489 1195 spectantia
1507 1157 1536 1185 et
1552 1152 1758 1196 pertinentia,
1784 1158 1846 1186 tam
1870 1164 1950 1197 quae

1207 1203 1245 1236 ad
1268 1215 1417 1247 praesens
1440 1215 1497 1249 per
1522 1205 1679 1247 ecclesias,
1704 1206 1896 1239 monasteria
1919 1211 1950 1240 et

1207 1258 1275 1291 loca
1299 1258 1479 1292 huiusmodi
1504 1259 1598 1303 pleno
1627 1260 1696 1293 iure
1727 1260 1948 1304 possidentur,

1206 1321 1301 1353 quam
1326 1321 1372 1352 ea,
1393 1322 1472 1355 quae
1496 1312 1529 1344 in
1552 1312 1680 1346 feudum
1697 1314 1746 1346 vel
1764 1314 1948 1358 emphyteu—

1206 1364 1265 1397 sim
1290 1375 1439 1398 concessa
1463 1366 1511 1398 vel
1535 1366 1618 1399 ultra
1646 1367 1817 1400 triennium
1848 1368 1949 1400 locata

1205 1427 1262 1460 per
1275 1428 1492 1462 quoscumque
1506 1419 1744 1462 quomodolibet
1760 1425 1790 1453 et
1807 1420 1864 1453 sub
1880 1420 1950 1464 qui-

1206 1471 1312 1504 busvis
1329 1472 1541 1515 praetextibus
1558 1478 1710 1517 occupata
1727 1483 1782 1506 seu
1798 1479 1949 1518 usurpata

1206 1524 1419 1567 reperiuntur,
1444 1530 1497 1558 aut
1520 1525 1559 1558 ad
1583 1526 1740 1569 ecclesias,
1758 1527 1949 1560 monasteria

1207 1582 1237 1610 et
1256 1578 1325 1611 loca
1350 1578 1511 1622 praedicta
1535 1579 1597 1612 iam
1615 1579 1653 1612 de
1668 1580 1826 1623 praesenti
1843 1581 1948 1613 forsan

1206 1630 1244 1663 de
1268 1631 1337 1664 iure
1362 1632 1410 1664 vel
1427 1632 1466 1665 de
1482 1632 1564 1666 facto
1588 1644 1715 1666 reversa
1731 1644 1787 1667 seu
1803 1633 1948 1667 devoluta

1206 1689 1287 1726 sunt,
1312 1684 1434 1718 etiamsi
1459 1686 1609 1727 ecelesiis,
1630 1687 1839 1728 monasteriis,
1859 1687 1949 1721 locis-

1205 1749 1265 1781 que
1300 1738 1359 1782 piis
1395 1738 1576 1772 huiusmodi
1611 1739 1713 1773 adhuc
1746 1740 1948 1784 incorporata

1205 1797 1235 1824 et
1259 1791 1297 1824 de
1321 1792 1433 1825 eor'um
1457 1795 1566 1826 mensa
1586 1793 1696 1826 effecta
1719 1804 1783 1827 non
1807 1794 1877 1837 sint,
1895 1799 1949 1827 aut

1204 1844 1467 1888 quandocumque
1491 1846 1652 1889 perpetuis
1668 1847 1781 1879 futuris
1801 1847 1950 1891 tempori—

1203 1897 1262 1931 bus
1285 1908 1342 1942 per
1366 1898 1481 1931 lineam
1500 1899 1632 1941 finitam,
1653 1910 1805 1934 canonem
1822 1911 1886 1934 non
1902 1911 1949 1935 so-

1204 1951 1327 1992 lutum,
1359 1951 1508 1986 delictum
1532 1957 1770 1997 perpetratum,
1802 1954 1850 1987 vel
1887 1954 1948 1988 alio

1204 2015 1405 2049 quocumque
1429 2006 1524 2039 modo
1549 2012 1747 2040 revertentur
1771 2017 1826 2040 seu
1845 2008 1949 2042 devol-

1204 2062 1315 2092 ventur
1328 2058 1525 2101 infuturum,
1545 2059 1668 2093 etiamsi
1686 2071 1723 2094 ex
1747 2061 1875 2104 antiqua
1892 2071 1947 2094 seu

1204 2111 1447 2144 immemorabili
1457 2113 1692 2154 consuetudine,
1707 2119 1760 2146 aut
1773 2113 1866 2146 etiam
1879 2114 1946 2157 pri-

1203 2164 1318 2207 vilegio
1328 2165 1509 2208 apostolico,
1519 2176 1750 2210 quamcumque
1763 2166 1803 2199 ob
1817 2173 1944 2200 eausam

1204 2228 1364 2258 concesso,
1382 2224 1411 2250 et
1427 2218 1546 2252 iteratis
1570 2219 1689 2252 vicibus
1712 2219 1897 2263 approbato,
1915 2220 1947 2252 in

1203 2270 1330 2303 feudum
1346 2271 1393 2304 vel
1406 2271 1636 2316 emphyteusim
1657 2273 1786 2306 concedi
1799 2273 1847 2306 vel
1863 2273 1946 2306 ultra

1204 2323 1375 2357 triennium
1399 2324 1513 2367 locari,
1540 2329 1606 2365 aut,
1630 2325 1716 2358 finita
1745 2326 1947 2360 concessione

1204 2378 1252 2410 vel
1265 2377 1418 2411 locatione
1432 2378 1622 2421 huiusmodi,
1634 2379 1734 2419 feuda,
1744 2379 1946 2414 investiturae

1204 2425 1252 2464 vel
1276 2431 1354 2464 aliae
1379 2432 1597 2465 concessiones
1614 2433 1760 2466 renovari
1780 2443 1947 2466 consueve-

1204 2484 1276 2528 rint,
1301 2485 1464 2529 quibusvis
1487 2487 1641 2530 personis,
1668 2486 1778 2531 quavis
1797 2487 1945 2521 ecclesia-

1204 2539 1281 2573 stica
1293 2551 1348 2573 seu
1359 2541 1516 2574 mundana
1531 2541 1682 2584 dignitate
1699 2542 1747 2575 vel
1762 2542 1946 2575 excellentia

1204 2593 1407 2636 fulgentibus,
1430 2590 1466 2628 ac
1490 2595 1620 2639 speciali
1643 2597 1716 2629 nota
1733 2595 1846 2638 dignis,
1864 2595 1948 2639 capi-

1203 2647 1286 2689 tulis,
1300 2648 1450 2693 collegiis,
1465 2649 1616 2692 ecclesiis,
1636 2649 1946 2694 congregationibus,

1959 256 2010 284 λιι.
2031 256 2059 285 C.
2075 257 2146 286 1625
