2269 3235
249 297 296 323 An.
313 296 341 323 C.
363 295 432 323 1025

299 1743 443 1763 Praeseutmm

267 1770 356 1790 asc-ienda
372 1770 444 1795 publi-

260 1799 324 1817 calin.

293 2224 445 2248 Transumptis*

266 2249 448 2296 Hggsadlnbcnda

477 286 540 319 aaa

446 355 516 378 rum
528 342 662 376 auditori
677 339 815 383 generali
829 341 859 373 et
870 337 1068 383 procuratori
1078 336 1185 378 fiscali,

447 397 579 441 aliisque
604 396 694 428 ctiam
719 392 878 438 personis,
906 391 963 424 sub
988 391 1187 435 quibuscum-

447 460 508 494 que
526 448 689 481 tenoribus
707 451 736 480 ct
749 445 868 486 formis,
882 455 918 478 ac
935 454 1006 478 cum
1027 443 1187 488 quibusvis

449 502 595 536 clausulis
620 507 647 533 ct
674 500 824 542 decretis,
853 499 944 532 etiam
970 502 1057 531 motu
1082 496 1186 538 simili,

448 557 540 589 etiam
568 554 837 594 consistorialiter,
853 563 889 586 ac
909 552 993 595 alias,
1012 551 1043 584 in
1068 556 1188 585 contra-

451 610 530 642 rium
556 607 795 652 quomodolibet
815 606 982 647 concessis,
1008 604 1188 649 approbatis

450 673 485 695 ae
510 661 673 703 innovatis,
691 666 721 693 ct
745 661 776 694 in
800 660 940 693 futurum
970 658 1187 700 concedendis,

449 714 671 759 approbandis,
692 713 914 747 confirmandis
939 716 969 746 et
988 710 1187 745 innovandis:

449 769 563 813 quibus
582 768 737 810 omnihus,
763 766 884 800 etiamsi
909 766 947 798 de
971 765 1042 806 illis,
1068 775 1191 798 corum-

449 833 509 866 que
542 822 613 855 totis
644 821 806 854 tenoribus
835 819 1000 863 specialiS,
1025 818 1189 862 specifica,

451 886 597 920 expressa
611 880 641 907 ct
658 874 826 915 individua,
843 882 905 905 non
923 876 1027 904 autem
1042 881 1098 915 per
1112 871 1192 903 clau-

451 931 534 962 sulas
551 928 714 971 generales
733 927 816 959 idem
833 926 1056 969 imponantes,
1073 923 1191 956 mentio

451 982 603 1023 habenda,
627 985 679 1013 aut
703 979 806 1023 aliqua
831 978 891 1011 alia
915 976 1068 1020 exquisita
1092 976 1192 1009 forma

451 1037 489 1068 ad
515 1035 545 1067 id
570 1033 720 1067 servanda
745 1033 834 1072 soret,
864 1035 988 1065 tenores
1012 1029 1192 1063 huiusmodi

452 1087 672 1133 praesentibus
688 1097 746 1130 pro
764 1084 953 1118 sufficienter
967 1082 1122 1128 expressis
1138 1082 1194 1115 lia-

451 1142 569 1181 bentes,
589 1140 649 1172 illis
669 1139 744 1171 alias
769 1138 801 1170 in
826 1148 882 1171 suo
907 1137 1023 1171 robore
1048 1145 1195 1180 perman-

452 1194 544 1235 suris,
561 1194 620 1226 hac
640 1193 707 1225 vice
731 1192 891 1225 dumtaxat
915 1190 1007 1224 etiam
1032 1194 1120 1223 motu
1139 1189 1196 1222 lni-

455 1248 588 1282 iusmodi
606 1246 782 1291 specialiter
793 1250 822 1278 et
836 1254 982 1288 expresse
994 1244 1194 1287 derogamus,

453 1314 487 1335 ac
513 1302 699 1344 derogatum
731 1309 800 1332 csse
831 1298 977 1331 volumus
1007 1302 1038 1330 et
1061 1296 1192 1329 manda-

455 1366 535 1396 mus,
553 1353 718 1388 contrariis
735 1352 1006 1396 quibuscumque:
1024 1355 1076 1383 aut
1093 1350 1116 1383 si
1131 1349 1197 1394 qui-

454 1410 569 1451 busvis,
593 1407 803 1441 communiter
831 1410 883 1438 aut
911 1405 1044 1445 divisim,
1076 1404 1114 1437 ab
1139 1406 1192 1437 eii-

455 1464 526 1496 dem
552 1463 591 1495 sit
614 1461 693 1495 Sede
718 1460 883 1499 indultum,
912 1458 996 1502 quod
1030 1457 1196 1498 interdici,

456 1516 613 1561 suspendi,
634 1515 681 1547 vel
702 1512 970 1547 excommunicari
994 1521 1057 1544 non
1076 1511 1198 1556 possint

457 1582 512 1615 per
536 1571 655 1603 litteras
681 1568 868 1612 apostolicas
891 1576 955 1599 non
972 1565 1119 1598 facientes
1136 1565 1199 1609 ple-

456 1634 528 1657 nam
554 1629 583 1656 ct
607 1632 786 1666 expressam
816 1631 851 1653 ac
888 1620 926 1652 de
949 1619 1047 1652 verbo
1071 1618 1109 1651 ad
1133 1628 1200 1650 ver-

456 1678 532 1711 bum
561 1677 599 1710 de
631 1676 751 1708 indulto
782 1673 963 1707 huiusmodi
996 1672 1197 1705 mentionem.

503 1732 517 1774 g
545 1730 593 1763 11.
620 1729 768 1762 Volumus
803 1731 928 1768 autem,
954 1726 1038 1770 quod
1071 1725 1198 1758 eaedem

459 1789 648 1829 praesentes,
669 1783 730 1815 una
748 1791 819 1814 cum
842 1780 996 1824 capitulis,
1014 1783 1048 1812 ut
1065 1778 1201 1822 praeser-

460 1845 520 1879 tur,
537 1836 696 1877 faciendis,
713 1840 747 1869 ut
767 1834 912 1868 omnibus
937 1833 1142 1874 innotescant,
1161 1833 1200 1865 ad

460 1892 563 1924 valvas
582 1890 729 1923 basilicae
753 1887 906 1932 Principis
930 1887 1145 1930 apostolorum
1163 1885 1201 1919 de

461 1945 572 1978 eadem
601 1943 684 1977 Urbe
715 1948 745 1975 et
776 1941 981 1975 cancellariae
1013 1939 1201 1984 apostolicae

461 1998 619 2043 predictae
639 2007 674 2029 ac
692 1996 723 2029 in
743 1995 809 2029 acie
833 1994 942 2038 Campi
967 1994 1078 2026 Florae
1102 1992 1202 2037 publi-

462 2058 572 2086 centur
592 2057 622 2085 et
644 2051 821 2093 affigantur,
840 2049 976 2082 dimissis
996 2048 1072 2081 inibi
1093 2058 1200 2080 earum

463 2106 570 2151 copiis,
590 2115 670 2149 quae
693 2103 824 2148 perinde
843 2112 952 2136 omnes
972 2105 1101 2143 areteut,
1120 2111 1156 2133 ac
1177 2100 1202 2133 si

462 2159 631 2202 unicuique
649 2157 857 2203 personaliter
877 2155 1038 2189 intimatae
1055 2154 1202 2193 fuissent;

508 2213 522 2256 ξ
543 2212 593 2245 12,
614 2211 765 2254 Quodque
789 2208 971 2242 earumdem
990 2206 1202 2252 praesentium

464 2271 493 2299 et
513 2266 733 2310 capitulorum,
750 2269 785 2297 ut
796 2263 984 2308 praefertur,
998 2260 1205 2295 conficiendo-

463 2330 533 2353 rum
559 2318 766 2362 transumptis
790 2321 820 2352 et
843 2315 1086 2360 exemplaribus,
1111 2314 1204 2348 etiam

464 2373 635 2418 impressis,
650 2383 686 2406 ac
697 2382 793 2405 manu
809 2371 941 2404 alicuius
957 2369 1072 2404 notarii
1087 2367 1204 2413 publici

465 2427 659 2472 subscriptis,
677 2431 707 2460 et
726 2426 830 2469 sigillo
854 2424 986 2458 alicuius
1005 2433 1161 2468 personae
1174 2422 1204 2455 in

466 2481 616 2524 dignitate
630 2479 842 2514 ecclesiastica
859 2478 1046 2512 constitutae
1066 2475 1204 2518 munitis,

467 2546 499 2565 vei
526 2544 655 2577 prorsus
678 2533 756 2566 fides
780 2532 987 2574 adhibeatur,
1006 2535 1080 2565 ‚tam
1104 2529 1136 2562 in
1159 2529 1206 2562 iu-

467 2587 548 2620 dicio
576 2598 668 2631 quam
694 2592 789 2628 extra,
810 2597 889 2631 quae
918 2586 1037 2619 eisdem
1060 2593 1206 2629 praesen-

468 2641 551 2673 tibus
576 2640 787 2684 adhiberetur,
806 2641 830 2673 si
851 2640 953 2674 forent
972 2638 1129 2673 exhibitae
1157 2637 1205 2670 vel

468 2699 619 2728 ostensae.

1027 288 1206 313 numanum
1230 287 1384 313 ROMANUM

1263 338 1278 380 ᾗ
1302 335 1354 369 13.
1379 334 1461 369 Nulli
1486 343 1563 378 ergo
1587 333 1715 368 omnino
1737 333 1903 368 hominum
1922 332 1956 367 li-

1219 395 1286 423 ceat
1305 389 1386 422 hane
1410 387 1557 433 paginam
1576 392 1702 421 nostrae
1723 387 1900 428 erectionis,
1914 387 1957 420 in-

1219 442 1399 484 stitutionis,
1424 441 1659 486 applicationis,
1683 440 1956 485 appropriatioffis,

1219 496 1389 541 praecepti,
1410 495 1652 536 constitutionis,
1669 494 1888 539 deputationis,
1903 494 1959 528 im-

1219 550 1406 595 partitionis,
1420 549 1630 590 decretorum,
1643 547 1866 591 derogationis,
1875 557 1961 580 man-

1221 605 1367 638 datorum
1392 609 1422 637 et
1446 604 1640 637 voluntatum
1666 601 1847 645 infringere,
1864 601 1912 634 vel
1932 601 1959 634 ei

1221 668 1300 691 ausu
1323 656 1491 690 temerario
1516 655 1682 690 contraire.
1708 655 1739 688 Si
1763 654 1833 698 quis
1856 658 1960 688 autem

1221 711 1283 744 hoc
1306 715 1458 744 attentare
1481 708 1750 754 praesumpserit,
1778 706 1962 750 indignatio-

1222 774 1294 798 nem
1320 763 1543 808 omnipotentis
1562 763 1627 804 Dei,
1645 773 1680 796 ac
1696 762 1860 795 beatorum
1878 760 1962 794 Petri

1224 823 1254 851 et
1278 817 1365 850 Pauli
1390 817 1605 862 apostolorum
1623 816 1700 859 eius,
1722 825 1755 849 se
1778 814 1901 848 noverit
1920 814 1964 847 in-

1225 880 1402 904 cursurum.

1259 923 1380 968 Ratum
1404 923 1533 964 Rornae,
1559 921 1642 966 apud
1665 926 1804 956 sanctam
1835 920 1962 954 Mariam

1225 975 1396 1017 Maiorem,
1423 985 1505 1008 anno
1531 975 1757 1008 Incarnationis
1784 974 1965 1008 Dominicae

1227 1039 1363 1070 nncxxv,
1383 1038 1438 1062 xvl
1461 1028 1609 1061 kalendas
1631 1027 1818 1069 decembris,
1842 1027 1965 1071 pontifi-

1227 1088 1314 1117 catus
1338 1082 1437 1116 nostri
1463 1092 1544 1116 anno
1568 1092 1612 1116 111.

1263 1145 1324 1174 Dat.
1340 1145 1383 1173 die
1401 1145 1432 1172 16
1446 1144 1603 1172 novembris
1621 1143 1698 1178 1625,
1719 1142 1813 1180 pontif.
1831 1148 1953 1170 annom.

1272 1235 1370 1269 Anno
1387 1245 1407 1268 a
1423 1233 1605 1268 Natirilale
1620 1233 1756 1267 Domini
1774 1232 1878 1266 nostri
1894 1232 1969 1267 Iesu

1231 1289 1355 1324 Christi
1378 1298 1530 1328 nncxxvi,
1548 1287 1727 1321 indictione
1751 1297 1795 1328 ix,
1823 1286 1875 1319 die
1897 1296 1970 1320 vero

1229 1352 1296 1376 xvn
1324 1342 1443 1376 mensis
1467 1341 1544 1374 iulii
1558 1368 1566 1382 ‚
1590 1340 1800 1385 pontificatus
1824 1340 1969 1374 Sanctis-

1229 1396 1307 1429 simi
1330 1396 1368 1429 in
1393 1395 1519 1430 Christo
1544 1394 1657 1428 Patris
1682 1398 1711 1427 et
1737 1394 1776 1427 D.
1796 1393 1837 1427 N.
1857 1394 1896 1427 D.
1921 1393 1971 1426 cli-

1230 1450 1306 1482 vino
1336 1448 1542 1493 providentia
1579 1448 1704 1481 Urbani
1742 1447 1846 1488 VIII,
1884 1456 1971 1480 anno

1231 1504 1299 1536 eius
1316 1512 1360 1543 111,
1380 1502 1587 1546 supradictae
1605 1501 1731 1534 litterae
1747 1501 1815 1534 unci
1832 1511 1905 1534 cum
1924 1511 1972 1533 ca-

1228 1556 1348 1600 pitulis
1372 1556 1480 1596 lectae,
1504 1555 1624 1598 affixae
1648 1559 1676 1588 el
1697 1554 1885 1598 publicatae
1903 1554 1971 1597 fue-

1232 1615 1311 1643 runt
1335 1609 1378 1643 ad
1401 1609 1512 1642 valvas
1537 1608 1689 1642 basilicae
1713 1608 1742 1642 S.
1759 1608 1853 1642 Petri
1871 1608 1973 1641 Prin-

1233 1663 1314 1707 cipis
1338 1661 1559 1707 apostolorum
1582 1661 1620 1694 de
1642 1661 1734 1702 Urbe,
1758 1660 1973 1694 cancellariae

1233 1716 1436 1761 apostolicae,
1475 1720 1504 1749 el
1527 1716 1564 1749 in
1588 1716 1655 1749 acie
1681 1715 1797 1759 Campi
1829 1714 1970 1755 Florae,

1233 1771 1379 1804 dimissis
1402 1769 1523 1804 ibidem
1552 1768 1775 1814 praesentibus
1801 1768 1918 1802 litteris
1938 1768 1975 1801 'el

1234 1824 1389 1868 capitulis
1399 1834 1458 1868 per
1475 1822 1726 1867 aliquantulum
1740 1822 1891 1866 temporis
1906 1832 1976 1866 spa-

1236 1879 1341 1919 tium,
1368 1882 1405 1911 ut
1429 1877 1529 1910 moris
1553 1880 1620 1917 est,
1647 1876 1757 1920 affixis
1772 1902 1779 1916 ,
1808 1879 1837 1908 et
1861 1874 1977 1908 deinde

1234 1932 1362 1973 amotis,
1388 1935 1499 1976 postea
1529 1930 1641 1974 affixis
1665 1929 1764 1973 copiis
1789 1928 1978 1962 earumdem

1237 1986 1424 2019 litterarum
1448 1995 1522 2018 cum
1546 1984 1665 2017 eisdem
1689 1983 1845 2027 capitulis
1864 1982 1902 2015 in
1918 1982 1978 2015 eis-

1236 2039 1308 2072 clem
1326 2039 1401 2072 locis
1412 2049 1470 2082 per
1486 2048 1544 2071 nos
1568 2037 1790 2081 Tarquinium
1805 2035 1977 2069 Maionum

1236 2093 1422 2127 Romanum
1449 2096 1478 2125 el
1508 2091 1666 2125 Ioannem
1686 2089 1872 2133 Baptistam
1897 2087 1978 2132 Spa-

1237 2146 1314 2179 dam
1338 2145 1376 2179 de
1402 2145 1487 2180 Cesis
1511 2143 1701 2188 apostolicos
1726 2151 1881 2175 cursores.

1566 2207 1766 2240 Aecnsrmus
1790 2215 1829 2238 DE
1853 2204 1948 2238 Boms

1524 2271 1583 2305 pro
1608 2270 1690 2303 mag.
1715 2259 1775 2294 DD.
1800 2268 1977 2293 cursorum.

1539 2391 1560 2423 Γ.
1570 2393 1670 2427 LXXI.

1241 2475 1450 2520 Confirmatio
1472 2474 1657 2508 litterarum
1675 2472 1733 2507 Pii
1746 2473 1859 2518 Papae
1880 2473 1908 2507 V
1921 2483 1982 2518 pro

1283 2529 1377 2563 sacret
1390 2529 1478 2562 clomo
1496 2528 1682 2561 Laui-erana
1699 2537 1795 2572 super
1811 2527 1982 2570 notifican-

1284 2583 1334 2617 dis
1361 2582 1475 2627 leyatis
1500 2582 1535 2614 in
1559 2582 1702 2624 savorem
1733 2581 1837 2625 ipsius
1869 2579 1983 2614 domus

1282 2636 1377 2680 sactis
1390 2634 1410 2669 ¹.

1276 2700 1287 2727 1
1310 2698 1348 2726 Ex
1367 2697 1475 2735 Regest.
1496 2696 1524 2725 in
1543 2697 1645 2725 Secret.
1666 2695 1744 2724 Brev.

1970 284 2020 312 An.
2036 284 2067 313 C.
2087 283 2154 313 1625

2043 346 2155 367 clausulae

1970 373 2077 400 poenales.
