2269 3235
201 260 249 285 An.
271 258 298 284 (Σ.
320 255 385 283 1693

231 480 352 500 ttrnttnncm
363 484 387 499 xi.

204 508 302 528 hut-arunt
359 506 388 525 t'c-

204 541 240 554 l'ttx
255 539 273 553 ir
289 535 309 553 vt
329 538 347 552 rt
363 537 387 552 ac

205 560 295 580 ‹abtum›
310 559 329 579 in
345 564 389 578 ‹wr-

207 589 232 605 tt<
247 585 308 606 [irtus
320 584 387 605 0101·-

206 614 236 633 lti-
248 613 343 632 ‹ww-tosus
352 612 387 631 lia-

206 640 250 660 huri
266 639 367 659 itm-cnut.

258 1808 365 1829 Eri-testas
381 1807 403 1827 il-

219 1836 250 1855 tas
270 1834 403 1855 tisitantibus

220 1861 271 1886 quul
301 1861 403 1880 orandum

220 1888 247 1909 sit.
261 1887 396 1914 praescribit.

259 2658 370 2682 Contessis‚
390 2662 416 2678 ac

433 246 475 279 72

400 314 468 337 rem
487 302 712 347 spiritualibus,
725 301 839 345 quibus
857 309 1019 343 urgemur,
1036 309 1141 332 neces-

402 357 544 391 sitatibus
561 354 744 389 consulendi
762 353 916 387 rationem
939 352 1019 385 inire
1035 351 1142 385 decre-

402 411 513 444 vimus.

447 465 462 508 5
487 464 516 497 2.
543 463 627 496 Piam
658 462 754 504 igitur
783 471 822 494 xL
846 460 998 493 horarum
1029 459 1143 492 oratio-

403 528 476 555 nem
502 517 532 549 in
557 516 689 549 ecclesia
710 514 921 555 Lateranensi,
938 525 973 547 ac
991 513 1143 557 Principis

404 571 636 615 apostolorum,
662 574 692 601 ct
716 569 745 601 S.
771 568 885 600 Mariae
912 566 1037 600 Maioris
1061 566 1143 599 basi·

404 624 489 664 licis,
519 632 640 656 necnon
670 622 701 654 in
731 623 792 653 una
823 621 955 654 seculari
988 625 1018 653 et
1046 620 1143 652 altera

404 676 543 720 regulari
557 674 697 709 ecclesiis
710 674 876 708 cuiuslibet
892 673 1030 716 regionis
1044 673 1144 705 almae

406 730 498 765 Urbis
528 734 675 769 nostrae,
704 739 760 772 per
784 728 933 760 dilectum
964 727 1062 759 filium
1088 736 1145 759 no-

406 789 506 817 strum
540 783 570 816 in
603 782 713 816 eadem
741 782 823 815 Urbe
850 781 1001 814 vic-arium
1028 781 1059 813 in
1083 780 1146 823 spi-

406 837 574 871 ritualibus
599 836 798 879 generalem,
823 840 910 867 cxtra
932 844 1007 867 vero
1032 833 1146 866 dictam

407 891 524 924 Urbem
550 890 580 923 in
604 889 797 933 quibuslibet
820 888 962 921 virorum
978 892 1043 919 tam
1062 897 1149 919 secu-

406 944 520 978 larium
546 953 641 987 quam
655 941 851 984 regularium
865 940 1005 973 ecclesiis
1017 938 1149 972 ubilibet

408 996 623 1035 existentibus,
639 1006 696 1039 per
716 993 898 1028 Ordinarios
914 993 1058 1026 locorum
1078 1002 1150 1036 pro-

408 1051 492 1084 xima
516 1049 565 1082 vel
589 1049 687 1081 altera
720 1046 924 1091 subsequenti
951 1045 1150 1079 hebdomada

408 1106 479 1147 post
502 1100 715 1146 praesentium
739 1099 882 1134 notitiam
908 1098 1082 1143 respective
1101 1097 1151 1131 de-

409 1154 580 1199 signandis,
597 1157 627 1188 et
652 1152 756 1197 quoad
780 1152 928 1186 ecclesias
953 1156 983 1185 et
1006 1151 1151 1185 basilicas

409 1209 501 1243 Urbis
528 1207 718 1252 praedictae,
744 1216 774 1239 iv
800 1212 830 1239 et
855 1216 886 1239 vt
912 1205 998 1239 seriis
1026 1216 1062 1239 ac
1086 1205 1153 1238 sab·

409 1262 483 1295 bato
499 1260 672 1305 praesentis
696 1263 726 1294 et
749 1259 909 1303 sequentis
925 1257 1151 1300 hebdomadae,

411 1326 473 1359 quo
491 1325 565 1347 vero
583 1313 621 1346 ad
638 1312 785 1346 ecclesias
799 1317 886 1345 extra
898 1311 1025 1352 Urbem,
1042 1311 1154 1344 diebus

412 1369 450 1401 ab
472 1367 590 1401 eisdem
611 1366 785 1400 Ordinariis
803 1376 861 1410 pro
878 1367 1014 1408 utraque
1033 1364 1152 1397 hebdo-

412 1421 504 1455 mada
528 1419 793 1464 praescribendis,
818 1418 1039 1459 inchoandam,
1057 1423 1088 1451 et
1111 1428 1155 1450 se-

414 1475 475 1507 mel
504 1484 563 1518 pro
593 1473 731 1517 qualibet
762 1472 893 1506 ecelesia
925 1471 1155 1515 peragendam,

413 1534 524 1561 tenore
548 1526 761 1571 praesentium
785 1525 954 1558 indicimus
972 1530 1002 1558 et
1025 1524 1156 1557 institui-

415 1591 500 1621 mus;
525 1580 564 1612 ad
587 1590 665 1623 quas
689 1578 817 1622 quidem
843 1578 1007 1611 ecclesiam
1032 1577 1157 1610 Latera-

415 1644 544 1668 nensem
569 1644 604 1667 ac
628 1633 773 1666 basilicas
801 1642 859 1665 nos
884 1631 943 1676 ipsi
967 1631 1087 1675 private
1111 1641 1158 1664 ac-

417 1688 547 1728 cedere,
571 1686 736 1730 eidemque
760 1685 894 1719 orationi
919 1685 1070 1717 interesse
1095 1689 1157 1716 sta-

417 1741 545 1774 tuimus.

463 1794 478 1837 g
501 1792 531 1826 3.
549 1793 586 1827 Et
603 1797 781 1837 propterea,
798 1797 831 1824 ut
849 1791 986 1824 divinam
1007 1801 1100 1835 opem
1121 1791 1160 1824 es-

419 1846 548 1880 ficacius
565 1846 782 1889 imploremus,
801 1850 830 1877 et
847 1844 939 1877 simul
960 1843 1067 1876 effusis
1083 1845 1161 1876 mul-

419 1905 524 1933 torum
549 1898 708 1943 precibus,
731 1897 925 1930 fructuosius
946 1897 1159 1937 exaudiamur,

420 1963 530 1987 omnes
547 1957 577 1985 et
596 1951 737 1994 singulos
753 1951 917 1994 utriusque
931 1960 1022 1983 sexus
1039 1949 1162 1983 christi-

420 2007 529 2040 fideles
545 2006 661 2050 ubique
682 2005 850 2038 existentes
867 2004 957 2037 enixe
977 2004 1009 2036 in
1028 2004 1161 2036 Domino

419 2061 596 2100 hortamur,
617 2065 647 2093 et
666 2060 796 2103 paterna
814 2058 964 2091 charitate
985 2067 1161 2097 monemus,

421 2121 465 2155 ut,
490 2114 624 2147 durante
657 2113 800 2146 oratione
822 2111 1002 2156 praedicta,
1033 2111 1100 2154 pias
1124 2111 1162 2144 ad

422 2169 521 2202 Deum
533 2178 642 2212 preces
657 2167 826 2207 effundant,
843 2171 875 2199 ut
893 2165 1057 2199 ecelesiam
1075 2176 1163 2198 suam

424 2228 563 2256 sanctam
581 2226 704 2254 tueatur
722 2226 751 2253 et
770 2225 925 2264 protegat,
943 2219 1091 2252 haereses
1111 2229 1165 2251 un-

425 2276 519 2320 dique
536 2275 669 2309 evellere
687 2279 715 2307 et
734 2274 901 2318 extirpare,
917 2273 1011 2306 tidem
1026 2277 1164 2307 sanctam

426 2330 613 2363 catholicam
637 2338 754 2371 augere
779 2333 807 2360 et
831 2337 1018 2371 propagare,
1043 2336 1165 2370 pacem-

426 2395 486 2429 que
503 2389 534 2417 et
558 2382 760 2417 concordiam
776 2380 886 2424 largiri
904 2381 1059 2424 dignetur3
1072 2379 1165 2414 nohis

427 2449 502 2471 vero
522 2437 601 2470 »ires
616 2436 744 2476 tribuat,
760 2435 875 2479 quibus
891 2439 1070 2478 susceptum
1087 2444 1166 2467 onus

427 2491 464 2524 ad
486 2491 552 2523 vius
575 2489 712 2523 nominis
736 2488 881 2532 gloriam,
904 2487 1109 2531 fideliumque
1136 2492 1166 2520 et

429 2546 550 2578 animae
569 2548 694 2578 nostrae
718 2543 862 2582 salutem,
882 2541 1103 2575 administrare
1119 2551 1168 2574 va-

430 2599 558 2632 ieamus.

476 2652 491 2694 ξ
515 2650 544 2684 4.
569 2650 670 2690 Quae,
698 2653 733 2683 ut
761 2659 798 2683 co
829 2648 977 2682 libentius
1007 2652 1168 2692 praestare

979 251 1156 275 namnum
1182 250 1335 274 nottittx'mt

1926 245 1975 274 An.
1996 246 2023 274 C.
2043 244 2112 274 ¹62³

1173 298 1334 340 studeant,
1358 306 1421 341 quo
1445 295 1576 334 uberius
1605 293 1819 339 spiritualibus
1843 305 1912 328 mu·
1927 313 1990 330 „am
2021 313 2113 329 commu-

1927 335 1990 356 utone
2020 334 2113 358 resectis.

1173 351 1303 385 neribus
1322 354 1352 385 et
1376 349 1486 393 gratiis
1501 359 1519 381 a
1537 347 1628 381 nobis
1647 357 1681 380 se
1697 348 1830 381 resectos
1845 357 1913 381 esse
1929 364 1949 382 et.
1979 360 2114 382 assumimus

1175 405 1390 449 cognoverint,
1415 403 1453 437 dc
1478 401 1702 446 omnipotentis
1718 400 1773 433 Dei
1794 401 1915 434 miseri·
1929 388 1996 444 ῗῖῗιῗῗ
2006 387 2114 443 (ἷῗῖἓῖῗὲῗξ

1176 458 1294 498 cordia,
1319 468 1353 490 ac
1378 458 1544 490 beatorum
1570 454 1653 487 Petri
1678 457 1709 486 et
1732 453 1818 486 Pauli
1839 464 1910 497 apo·
1929 440 2114 497 'Z'c‘ifissiii'smprss

1177 511 1330 544 stolorum
1348 510 1415 543 eius
1431 508 1615 542 auctoritate
1631 505 1752 546 confisi,
1769 504 1916 540 omnibus
1931 494 1992 549 iiim)
2006 494 2116 543 inti’tiffg'ss'til

1178 570 1207 597 et
1231 563 1363 607 singulis
1394 561 1561 607 praedictis
1587 570 1660 593 vere
1682 558 1916 603 poenitentibus
1932 545 2115 600 }}.‘‚¹{‚¹Lf't'it⁰1}²13{'¹³²¹¹

1178 621 1208 651 et
1224 617 1383 657 confessis,
1393 626 1429 649 ac
1442 616 1531 649 sacra
1546 612 1768 648 communione
1782 611 1916 652 resectis,

1179 670 1231 714 qui
1259 679 1491 714 quamcumque
1523 666 1702 706 ecclesiam,
1730 665 1784 698 ubi
1817 663 1918 698 oratio

1180 723 1332 757 eiusmodi
1358 722 1473 756 indicta
1487 726 1517 754 et
1534 720 1674 754 instituta
1687 718 1792 758 suerit,
1805 718 1916 751 devote

1181 776 1396 816 visitaverint,
1420 780 1450 809 et
1469 775 1512 808 ibi
1537 784 1593 819 per
1617 772 1744 817 aliquod
1770 770 1920 816 temporis

1181 829 1328 873 spatium,
1352 833 1447 872 prout
1469 827 1639 870 unicuique
1663 829 1812 869 suggeret
1830 824 1921 858 devo-

1183 883 1234 923 tio,
1257 882 1326 927 pias
1349 882 1388 915 ad
1411 882 1520 921 Deum,
1545 884 1579 915 ut
1597 880 1785 925 praefertur,
1809 887 1921 923 preces

1182 935 1368 975 effuderint,
1384 933 1576 968 monialibus
1596 943 1673 967 vero
1688 930 1923 977 poenitentibus

1183 993 1213 1021 et
1236 987 1396 1028 confessis,
1420 997 1456 1020 ac
1480 989 1570 1021 sacra
1595 985 1818 1019 communione
1842 984 1924 1018 rese-

1183 1041 1250 1083 ctis,
1265 1050 1356 1084 quae,
1374 1043 1518 1084 tempore
1536 1038 1688 1072 orationis
1706 1038 1876 1083 pradictae,
1894 1038 1925 1071 in

1184 1104 1315 1128 suorum
1330 1092 1595 1128 monasteriorum
1613 1091 1755 1125 eeclesiis
1770 1090 1925 1132 similiter,

1184 1153 1219 1182 ut
1242 1157 1354 1192 supra,
1378 1146 1561 1187 oraverint,
1585 1144 1760 1190 plenariam
1783 1144 1926 1178 omnium

1184 1206 1387 1246 peccatorum
1411 1209 1541 1233 suorum
1568 1197 1794 1241 indulgentiam
1822 1201 1854 1230 et
1882 1206 1928 1230 re·

1186 1254 1368 1288 missionem
1394 1251 1642 1286 misericorditer
1658 1251 1690 1285 in
1707 1250 1841 1285 Domino
1857 1259 1927 1284 eon-

1187 1308 1336 1342 eedimus.
1922 1298 1925 1302 ⁴

1232 1362 1247 1405 ἓ
1271 1360 1300 1394 5.
1314 1361 1442 1394 Necnon
1459 1359 1576 1393 eisdem
1593 1358 1739 1392 fidelibus
1759 1357 1853 1392 etiam
1873 1368 1929 1391 cu·
1964 1371 2085 1401 ‘Omnibus
2105 1376 2129 1392 n·

1189 1414 1375 1458 iuscumque
1395 1413 1526 1455 ordinis,
1551 1412 1817 1457 congregationis,
1836 1416 1867 1445 et
1886 1411 1929 1444 in·
1943 1400 2039 1454 ξὲῗῖἕὲῖξ
2063 1403 2128 1446 ἕῗῑέᾞ

1188 1468 1287 1501 stituti
1305 1467 1505 1511 regularibus
1522 1467 1688 1511 utriusque
1701 1476 1793 1499 sexus
1805 1465 1931 1499 faculta-
1943 1451 2130 1507 ῗὲέὲῗὲἷῖῗῗξῗῧῖ

1190 1527 1251 1555 tem
1267 1521 1469 1565 impertimur
1481 1520 1617 1564 eligendi
1633 1519 1693 1553 sibi
1709 1519 1930 1564 presbyterum
1944 1503 2130 1556 ffissssanfmgifi

1191 1575 1418 1609 confessarium
1435 1580 1499 1607 tam
1513 1574 1699 1620 secularem,
1723 1583 1817 1617 quam
1831 1571 1931 1606 cuius·
1945 1557 2017 1613 ἶὲιῗῖξ
2033 1557 2130 1605 iffi&

1191 1629 1239 1661 vis
1259 1628 1384 1662 Ordinis
1404 1633 1434 1661 et
1459 1627 1591 1661 instituti
1615 1627 1807 1670 regularem,
1824 1636 1861 1659 ex
1881 1635 1932 1670 ap-
1946 1610 2131 1667 ἓῗῗέωἷοηῗῖιῗιῗέ

1191 1682 1332 1726 probatis
1357 1682 1398 1724 ab
1421 1681 1595 1715 Ordinariis
1618 1681 1779 1721 locorum,
1799 1679 1852 1724 qui
1876 1689 1932 1713 eos
1946 1663 2038 1714 &0323ss
2047 1661 2131 1711 etsiei'iig

1333 1736 1338 1740 .
1498 1735 1503 1741 .
1588 1734 1594 1740 .
1751 1733 1757 1739 .
1861 1732 1868 1738 .
1907 1732 1912 1738 .
1947 1717 2065 1743 expressis.
2092 1721 2132 1742 pro

1192 1737 1230 1769 ab
1256 1735 1402 1769 omnibus
1426 1740 1457 1768 et
1480 1735 1613 1778 singulis
1637 1737 1794 1778 peccatis,
1823 1743 1931 1766 crimi-
1946 1743 1988 1764 hac
2011 1744 2059 1765 vico
2086 1744 2133 1764 tan-

1192 1789 1294 1830 nibus,
1320 1789 1500 1823 excessibus
1525 1793 1555 1822 et
1577 1787 1715 1828 delictis,
1739 1796 1803 1820 non
1827 1790 1932 1819 tamen
1942 1772 1997 1808 ω’

1193 1853 1210 1875 a
1235 1842 1358 1876 casibus
1387 1841 1541 1876 contentis
1565 1841 1597 1874 in
1620 1840 1750 1881 litteris,
1775 1843 1855 1884 q'uae
1883 1839 1938 1873 diev

1193 1897 1313 1930 Coenae
1336 1896 1460 1930 Domini
1474 1896 1536 1939 legi
1554 1899 1796 1934 consueverunt,
1813 1904 1935 1927 necnon

1194 1950 1371 1984 violationis
1388 1949 1605 1990 immunitatis,
1622 1948 1776 1982 libertatis
1793 1947 1936 1981 ecclesia-

1195 2004 1305 2045 sticae,
1330 2014 1365 2037 ac
1390 2005 1554 2037 clausurae
1578 2002 1845 2037 monasteriorum
1867 2011 1935 2035 mo-

1195 2057 1347 2098 nialium,
1377 2057 1401 2089 si
1434 2057 1579 2090 videlicet
1607 2056 1674 2089 sine
1702 2054 1883 2089 necessaria
1906 2059 1937 2087 et

1196 2111 1321 2155 urgenti
1335 2113 1440 2151 causa,
1454 2122 1490 2143 ac
1503 2111 1569 2144 sine
1586 2110 1787 2154 superiorum
1799 2108 1936 2149 licentia,

1197 2165 1244 2198 vel
1272 2165 1366 2197 etiam
1390 2164 1415 2197 si
1445 2166 1539 2197 causa
1564 2169 1594 2196 et
1617 2163 1743 2196 licentia
1773 2162 1937 2196 abutentes

1197 2217 1357 2262 praedicta
1374 2216 1564 2251 monasteria
1582 2216 1716 2259 ingressi
1733 2215 1860 2256 suerint,
1879 2225 1938 2248 nec

1197 2281 1260 2305 non
1284 2271 1438 2305 violentae
1463 2280 1574 2303 manus
1597 2269 1774 2302 iniectionis
1799 2269 1830 2301 in
1851 2269 1939 2302 cleri-

1198 2336 1281 2367 cum,
1298 2335 1333 2358 ac
1350 2324 1517 2368 singularis
1540 2323 1732 2363 certaminis,
1750 2322 1814 2356 sive
1830 2322 1938 2363 duelli,

1198 2389 1234 2412 ac
1246 2379 1285 2411 ab
1299 2378 1367 2411 aliis
1380 2377 1474 2411 etiam
1486 2376 1621 2416 casibus,
1630 2380 1693 2411 tam
1705 2386 1723 2409 a
1734 2375 1835 2416 nobis,
1843 2386 1939 2420 quam

1198 2442 1216 2464 a
1239 2431 1379 2475 praefato
1403 2435 1513 2465 nostro
1537 2430 1570 2463 in
1593 2430 1676 2463 dicta
1700 2429 1786 2463 Urbe
1809 2429 1938 2472 vicario,

1200 2490 1230 2518 et
1244 2485 1388 2518 locorum
1405 2483 1580 2518 Ordinariis
1600 2482 1776 2528 respective
1799 2492 1939 2516 reserva-

1200 2539 1249 2580 tis,
1261 2537 1329 2572 nec'
1347 2537 1440 2571 etiam
1457 2548 1475 2570 a
1490 2537 1600 2581 quavis
1614 2535 1939 2570 excommunicatione

1953 526 1977 543 is,

1237 2656 1248 2682 t
1271 2653 1369 2682 Nescio
1389 2661 1424 2682 an
1444 2652 1592 2688 legendum
1611 2660 1723 2680 necnon
1740 2651 1779 2686 (n.
1795 2651 1843 2680 aa).
