2269 3235
283 257 334 284 An.
352 257 380 283 C.
397 255 465 283 1693

319 423 416 444 Facutias
439 424 468 442 te-

285 451 354 470 standi
378 450 403 469 d·
433 449 468 468 bo>

286 483 317 496 nis
336 483 360 496 ex
383 476 468 496 redditi-

286 504 325 523 bun
342 503 468 523 ecclesiasti-

287 535 317 550 cis
332 531 448 555 acquisitis.

310 1851 429 1872 Mandatum
438 1856 485 1876 spo-

303 1880 376 1899 liorum
388 1879 485 1897 collecto-

304 1906 361 1925 ri'tius
374 1905 398 1923 ile
411 1910 436 1923 iis
447 1910 485 1923 non

304 1930 447 1951 iiwlestaudis.

510 245 530 279 6

483 304 610 336 trahere
634 302 808 342 voluerint,
834 311 906 334 cum
936 300 1028 333 unica
1057 304 1163 332 tamen
1192 304 1222 332 et

483 357 614 399 virgine,
639 355 780 399 recipere
805 359 834 388 et
858 354 956 386 libere
981 353 1132 392 retinere,

528 409 606 453 §15
622 409 794 448 Postremo,
805 407 889 451 quod
905 407 986 440 bona
1004 416 1221 450 quaecumque

484 463 521 495 ad
546 463 645 495 dictos
670 461 892 501 conclavistas,
916 464 946 494 et
974 470 1085 493 eorum
1110 469 1220 502 quem-

483 515 559 548 libet
583 514 763 559 spectantia,
777 519 805 547 et
830 524 887 557 per
911 524 974 555 eos,
992 513 1085 546 etiam
1101 513 1222 545 ratione

484 578 755 612 quorumcumque
764 567 990 600 beneficiorum
1001 566 1224 599 ecclesiastico-

484 632 566 661 rum,
594 621 688 653 etiam
715 620 955 656 canonicatuum
980 625 1009 652 et
1033 619 1223 663 praebenda-

484 685 576 715 rum,
601 685 637 707 ac
661 674 867 717 dignitatum,
893 674 987 706 etiam
1012 673 1169 705 maiorum
1194 677 1224 704 et

486 727 720 771 principalium,
746 727 838 759 etiam
864 726 991 770 speciali
1019 727 1093 759 nota
1119 730 1148 758 et
1172 736 1223 758 ex-

485 780 647 824 pressione
672 780 838 823 dignarum
863 789 1144 823 quarumcumque,
1168 788 1224 821 per

487 843 540 866 eos
564 834 640 865 alias
671 833 872 866 obtentorum
903 838 932 865 et
964 831 1224 871 obtinendorum,

487 892 540 919 aut
564 886 639 919 alias
656 886 893 929 quomodolibet
910 890 939 917 et
957 885 1067 928 quovis
1084 883 1225 927 quaesito

489 940 594 972 colore
618 940 666 971 vel
688 939 824 981 ingenio,
850 949 906 971 seu
926 949 1035 970 corum
1062 936 1225 976 industria,

489 992 573 1024 licita
598 996 718 1032 tamen,
743 1002 778 1024 ac
802 991 877 1023 alias
910 990 992 1023 licite
1022 989 1173 1032 acquisita
1198 993 1227 1020 et

489 1045 698 1089 acquirenda,
723 1045 817 1077 etiam
844 1045 876 1076 in
901 1044 1001 1084 Urbe,
1027 1043 1156 1086 eiusque
1180 1042 1227 1074 di-

490 1098 609 1138 strictu,
622 1108 657 1131 ac
674 1098 791 1141 ubique
805 1097 968 1130 existentia
978 1097 997 1137 ¹,
1015 1096 1124 1140 spoliis
1141 1095 1229 1128 mini-

490 1163 540 1185 me
557 1152 747 1191 subiaceant,
769 1146 822 1184 sed
843 1150 1050 1184 conclavistae
1066 1149 1227 1193 praedicti,

491 1205 612 1237 etiamsi
636 1204 782 1247 religioni
806 1203 938 1236 alicuius
963 1203 1111 1243 militiae,
1136 1202 1228 1235 etiam

491 1258 519 1292 S.
546 1258 669 1291 Ioannis
694 1256 967 1301 Hierosolvmitani
991 1255 1139 1299 adscripti
1164 1255 1229 1287 fue-

493 1312 570 1351 rint,
595 1311 632 1343 dc
657 1311 718 1343 illis
742 1310 773 1342 in
796 1311 934 1343 savorem
959 1318 1230 1352 quarumcumque

492 1375 715 1408 personarum,
740 1364 861 1396 etiamsi
888 1363 1021 1396 curiales
1045 1373 1112 1395 esse
1137 1361 1232 1394 desie-

494 1418 574 1457 rint,
599 1423 628 1450 et
653 1418 684 1450 in
709 1428 909 1461 quocumque
938 1417 1008 1449 loco
1034 1416 1232 1460 quantumvis

494 1477 634 1512 remoto,
659 1471 751 1504 etiam
784 1476 872 1503 extra
903 1481 1013 1503 eorum
1044 1475 1074 1502 et
1105 1469 1233 1502 cuilibet

496 1524 638 1568 ipsorum
663 1524 825 1568 propriam
850 1523 1051 1556 residentiam
1069 1532 1122 1555 eos
1146 1522 1234 1554 dece-

496 1577 570 1609 dere
587 1577 763 1618 contigerit,
780 1576 897 1615 testari,
915 1579 944 1609 et
960 1575 1035 1607 alias
1057 1575 1233 1618 disponere,

497 1629 597 1672 iisque
620 1629 658 1661 ab
681 1629 826 1661 intestato
850 1628 1072 1661 decedentibus
1102 1627 1233 1670 legitimi

498 1693 608 1715 eorum
628 1682 781 1715 haeredes
797 1682 988 1725 quicumque
1007 1681 1185 1722 succedere,
1203 1681 1235 1712 li-

498 1736 573 1769 bere
591 1741 621 1769 et
637 1736 720 1769 licite
745 1737 875 1776 valeant,
895 1735 989 1767 simili
1007 1735 1102 1768 modo
1127 1745 1236 1768 conce-

500 1789 602 1822 dimus
619 1795 648 1822 ct
666 1789 872 1831 indulgemus.

545 1844 559 1886 ἓ
584 1843 634 1876 16.
660 1843 890 1886 praecipientes
918 1853 953 1875 ac
978 1842 1170 1881 mandantes,
1195 1841 1237 1873 di-

500 1896 588 1928 lectis
605 1896 677 1928 siliis
696 1906 778 1928 nunc
798 1901 827 1928 et
846 1906 904 1939 pro
925 1901 1066 1938 tempore
1083 1895 1237 1927 existenti-

500 1949 559 1981 bus
570 1954 700 1981 ,sanctae
717 1950 874 1982 Romanae
892 1949 1048 1982 Ecclesiae
1063 1948 1237 1981 camerario

501 2007 531 2034 et
556 2001 767 2042 thesaurario,
785 2002 1034 2045 praesidentibus
1054 2001 1175 2034 clericis
1192 2012 1238 2034 ca-

503 2066 606 2088 merae
637 2060 761 2088 nostrae
790 2056 998 2099 apostolicae,
1025 2060 1054 2087 et
1078 2055 1239 2098 quibusvis

502 2108 570 2140 aliis
587 2109 760 2151 spoliorum
778 2108 957 2141 huiusmodi
971 2108 1193 2140 collectoribus
1210 2113 1239 2140 ct

504 2161 801 2201 subcolleetoribus,
818 2172 853 2193 ac
871 2161 1053 2194 militiarum
1070 2161 1240 2204 praedicta-

505 2225 574 2246 rum
601 2214 785 2247 officialibus
810 2220 839 2247 et
864 2214 1023 2258 prioribus
1038 2242 1045 2255 ,
1069 2225 1107 2247 ne
1132 2215 1163 2246 in
1187 2214 1240 2246 liu-

506 2267 639 2300 {asmodi
669 2267 759 2300 bonis
790 2277 899 2300 manus
931 2272 1108 2311 apponant,
1140 2277 1240 2310 neque

505 2321 655 2353 haeredes
668 2320 900 2364 praedictorum
914 2320 1174 2353 conclavistarum
1191 2320 1241 2352 de-

506 2385 599 2417 :uper
616 2375 783 2407 molestare
804 2374 938 2407 audeant
954 2384 1007 2406 seu
1024 2379 1240 2417 praesumant,

506 2441 540 2460 ac
554 2428 647 2460 etiam
662 2428 865 2461 decernentes
878 2427 1070 2467 donationes,
1081 2427 1172 2460 etiam
1185 2437 1243 2471 per

507 2481 587 2513 viam
602 2482 777 2514 testamenti
794 2486 823 2516 et
838 2481 1066 2522 codicillorum,
1084 2492 1141 2525 per
1159 2481 1242 2525 ipsos

508 2535 711 2568 conclavistas
743 2535 781 2568 de
810 2545 920 2568 eorum
947 2535 1038 2568 bonis
1062 2534 1242 2567 huiusmodi

545 2606 555 2632 1
575 2605 693 2634 Erronee
705 2610 733 2633 ut
744 2609 808 2641 puto
820 2605 883 2633 edit.
895 2605 973 2633 Main.
986 2605 1049 2641 legit
1059 2606 1243 2635 existentium

510 2650 547 2687 (n.
563 2650 612 2686 r).

1058 250 1236 276 BULLARIUM
1259 250 1414 275 ROMANUM

1254 298 1419 338 faciendam,
1440 306 1564 340 semper
1589 299 1619 328 et
1642 298 1796 339 perpetuo
1819 293 1936 326 validas
1960 297 1991 326 et

1255 352 1395 384 efficaces
1419 350 1506 390 sore;

1298 405 1314 448 g
1330 404 1380 437 17.
1399 405 1462 438 Nec
1479 403 1605 436 eosdem
1622 400 1825 435 conclavistas
1842 409 1991 433 eorumve

1255 459 1391 502 aliquem
1408 457 1446 490 ad
1466 461 1645 501 praesentes
1661 455 1780 489 litteras
1799 453 1830 485 in
1847 453 1929 486 dicta
1946 463 1993 486 ca-

2005 244 2055 271 An.
2072 242 2100 270 C.
2119 242 2188 271 1623

2032 410 2119 431 Etiamsi
2131 415 2191 436 prae·

2005 440 2076 458 sentes
2109 437 2191 457 litterae

2007 470 2026 484 ιιι
2042 469 2126 484 camera
2142 468 2191 489 apo-

1958 506 1963 512 .
2008 491 2082 510 stolica
2093 491 2191 515 registi-a-

1256 513 1343 544 mera
1369 510 1603 551 insinuandum,
1623 515 1675 542 aut
1699 507 1820 541 admitti
1844 512 1875 540 et
1898 517 1993 549 regis-

1256 564 1331 598 trari
1356 564 1523 608 petendum
1550 563 1658 603 teneri,
1683 573 1740 595 nec
1765 562 1849 601 illas,
1872 560 1995 593 etiamsi

1257 619 1326 651 illae
1351 618 1432 651 intra
1457 624 1578 662 tempus
1603 610 1782 660 legitimum
1804 615 1993 654 insinuatae,

1257 672 1420 712 admissae,
1438 683 1492 704 seu
1506 672 1689 714 registratae
1703 680 1765 703 non
1781 668 1905 708 suerint,
1923 678 1995 711 pro-

1257 731 1364 769 pterea
1397 726 1500 758 minus
1532 724 1649 757 validas
1680 722 1819 763 censeri,
1844 721 1897 754 sed
1921 731 1995 754 suos

1257 779 1414 823 plenarios
1427 778 1555 811 effectus
1572 777 1677 811 sortiri
1695 776 1826 815 debere3

1303 833 1317 875 ς
1342 831 1392 864 18,
1414 832 1457 864 Ac
1475 830 1600 863 easdem
1621 833 1803 873 praesentes
1819 829 1949 868 litteras,
1966 833 1995 860 ct

1259 886 1290 917 in
1307 885 1351 918 eis
1368 890 1513 918 contenta
1523 894 1751 927 quaecumque,
1765 883 1821 915 sub
1834 882 1996 926 quibusvis

1259 937 1521 976 revocationibus,
1547 936 1815 979 suspensionibus,
1839 935 1998 968 limitatio-

1259 991 1362 1031 nibus,
1386 989 1672 1023 modificationibus
1689 989 1832 1030 decretis,
1850 989 1999 1023 constitu-

1260 1044 1398 1077 tionibus
1430 1042 1610 1087 apostolicis
1642 1042 1792 1074 similium
1824 1042 1999 1084 gratiarum

1261 1096 1476 1136 revocatoriis,
1500 1096 1549 1128 vel
1573 1105 1652 1139 quae
1676 1105 1728 1128 eas
1743 1094 1924 1135 limitarent,
1946 1105 2001 1128 seu

1262 1150 1513 1189 moderarentur,
1538 1159 1617 1191 quae
1637 1159 1654 1180 a
1677 1147 1767 1180 nobis
1792 1151 1821 1180 et
1845 1147 1928 1179 dicta
1952 1147 2002 1180 Se-

1263 1203 1311 1244 de,
1328 1209 1359 1236 et
1371 1214 1430 1246 pro
1446 1208 1599 1246 tempore,
1617 1206 1647 1234 et
1663 1212 1699 1234 ex
1713 1200 1873 1244 quibusvis
1889 1200 2000 1241 causis,

1264 1257 1356 1291 etiam
1381 1255 1623 1299 urgentissimis,
1640 1254 1732 1286 etiam
1757 1254 1788 1286 in
1812 1254 1952 1286 savorem
1969 1253 2002 1285 fi-

1264 1310 1313 1343 dei
1343 1315 1373 1342 et
1400 1309 1496 1342 divini
1527 1309 1630 1341 cultus
1657 1313 1883 1351 augmentum,
1907 1307 2001 1339 etiam

1265 1363 1533 1402 consistorialiter,
1550 1362 1598 1394 vel
1615 1361 1675 1393 alia
1693 1361 1802 1405 quavis
1818 1360 2004 1394 auctoritate

1265 1417 1415 1449 haetenus
1443 1416 1492 1448 vel
1522 1415 1553 1447 in
1582 1420 1745 1459 posterum
1769 1413 2003 1454 emanaverint,

1267 1470 1393 1503 minime
1418 1469 1664 1512 comprehensas
1694 1478 1779 1508 esse,
1805 1467 1858 1500 sed
1882 1467 2005 1510 quoties

1267 1523 1336 1555 illae
1360 1521 1550 1555 emanabant
1570 1521 1661 1554 toties
1679 1521 1804 1554 easdem
1824 1525 2005 1564 praesentes

1267 1576 1298 1608 in
1322 1576 1487 1620 pristinum
1513 1580 1627 1607 statum
1652 1574 1826 1614 restitutas,
1850 1573 2005 1617 repositas

1268 1636 1298 1663 et
1321 1631 1527 1672 reintegratas
1551 1639 1618 1662 esse
1643 1633 1673 1661 et
1696 1628 1836 1668 censeri;

1312 1684 1327 1726 ξ
1351 1682 1402 1715 19.
1428 1683 1541 1726 Sicque
1565 1693 1623 1726 per
1647 1691 1863 1725 quoscumque
1888 1680 2006 1714 iudices

1269 1742 1299 1769 et
1323 1736 1572 1776 commissarios,
1597 1735 1706 1779 quavis
1731 1734 1916 1767 auctoritate
1940 1734 2008 1766 fun-

1269 1794 1387 1832 gentes,
1398 1789 1429 1821 in
1442 1789 1550 1831 quavis
1564 1790 1657 1821 causa
1669 1793 1699 1821 et
1712 1787 1859 1820 instantia
1874 1787 2009 1830 (sublata

1270 1842 1313 1874 cis
1330 1847 1360 1874 et
1376 1852 1485 1874 eorum
1503 1841 1631 1874 cuilibet
1647 1841 1755 1884 quavis
1771 1841 1860 1873 aliter
1873 1840 2010 1873 iudican-

1270 1895 1300 1927 di
1318 1900 1347 1928 et
1364 1894 1589 1938 interpretandi
1613 1895 1772 1937 facultate)
1790 1893 1907 1937 ubique
1932 1892 2010 1925 iudi-

1271 1948 1335 1981 cari
1347 1953 1376 1980 et
1389 1948 1513 1980 deliniri
1526 1948 1651 1988 debere,
1669 1947 1856 1990 irritumque
1874 1952 1903 1979 et
1920 1946 2010 1978 inane

1271 2002 1296 2034 si
1314 2012 1403 2034 secus
1420 2012 1514 2044 super
1531 2001 1578 2033 his
1603 2011 1620 2033 a
1644 2011 1815 2044 quoquam,
1833 1999 1942 2042 quavis
1960 2010 2010 2031 au-

1272 2055 1424 2094 ctoritate,
1442 2054 1576 2087 scienter
1596 2055 1643 2086 vel
1667 2054 1850 2096 ignoranter
1874 2053 2011 2095 contige-

1273 2108 1313 2140 rit
1336 2108 1490 2140 attentari.

1317 2162 1332 2205 g
1355 2161 1406 2194 020.
1439 2162 1475 2194 Et
1500 2161 1629 2204 insuper
1659 2161 1780 2193 dilectis
1805 2160 1877 2193 filiis
1901 2165 2011 2194 nostro

1274 2215 1430 2248 Ludovico
1462 2215 1543 2247 tituli
1574 2215 1603 2248 S.
1629 2214 1788 2247 Laurentii
1818 2214 1850 2246 in
1878 2214 2012 2247 Damaso

1274 2268 1456 2312 presbytero
1482 2267 1631 2300 cardinali
1651 2267 1817 2300 Ludovisio
1834 2272 2013 2311 nuncupato

1275 2322 1303 2354 S.
1329 2321 1364 2354 R,
1389 2321 1421 2353 E.
1447 2319 1714 2353 vice-cancellario
1739 2323 1768 2353 et
1791 2319 1967 2353 litterarum
1980 2330 2012 2352 a-

1276 2374 1500 2418 postolicarum
1531 2372 1737 2413 summatori,
1769 2383 1806 2406 ac
1837 2373 2014 2406 secretariis

1275 2428 1454 2473 apostolicis
1474 2431 1504 2462 et
1527 2427 1717 2471 praesidenti
1736 2427 1867 2471 plumbi,
1884 2427 2014 2471 aliisque

1276 2481 1471 2521 officialibus,
1488 2481 1526 2513 ad
1543 2491 1622 2525 quos
1638 2481 1814 2513 litterarum
1831 2480 2015 2514 earumdem

1277 2534 1436 2578 expeditio
1458 2545 1515 2578 per
1539 2534 1620 2566 viam
1645 2538 1798 2567 secretam
1822 2536 1956 2578 spectat,
1984 2533 2015 2566 in

1278 2587 1392 2620 virtute
1417 2592 1540 2620 sanctae
1564 2587 1770 2629 obedientiae,
1789 2582 1820 2620 et
1840 2586 1898 2620 sub
1914 2587 2016 2630 poena

1279 2641 1500 2684 indignationis
1529 2646 1671 2682 nostrae,
1697 2646 1782 2674 motu
1807 2639 1899 2673 simili
1926 2645 1953 2671 ct
1979 2649 2016 2672 ex

2008 519 2041 536 tae
2054 522 2095 536 nou
2108 517 2192 542 tuerint,

1986 559 1991 564 .
2009 543 2101 563 valeant.

2038 835 2149 857 clausulae
2157 840 2195 860 pro

2012 863 2132 884 earumdem
2142 862 2196 882 litte-

2012 896 2081 911 μαι-[ιιι]
2089 889 2194 910 firmitate.

2022 1709 2028 1731 l
2049 1683 2148 1714 clausula
2159 1682 2206 1703 sub·

2031 1713 2072 1731 ulit.

2064 2159 2210 2181 Praeseniium

2027 2188 2133 2213 expeditio
2173 2192 2210 2212 per

2028 2221 2034 2233 v
2042 2221 2082 2234 mm
2106 2215 2210 2233 secretam

2028 2240 2132 2261 tacit-ndu.
