2269 3235
257 243 304 270 An.
324 245 352 269 c.
373 243 440 270 inea
487 233 529 266 m

455 291 553 324 nostri
567 290 701 335 Philippi
715 290 934 334 Hispaniarum
946 290 1028 333 regis
1037 291 1193 332 catholici,

454 356 471 377 a
488 345 601 378 dilecto
626 344 690 377 tilio
715 349 832 385 nostro,
851 350 923 377 tunc
945 355 1012 385 suo,
1037 344 1193 378 Ludovico

456 398 534 431 tituli
567 400 595 431 S.
626 398 738 431 Mariae
768 397 1015 441 'l'ranspontinae
1042 397 1193 431 cardinali

455 451 621 484 Ludovisio
638 457 826 494 nuncupato,
843 451 909 497 eius
935 451 1107 484 secundum
1125 461 1192 484 ear-

455 515 526 537 nem
550 511 681 549 nepote,
706 516 762 548 per
794 504 907 537 lulium
939 505 1191 537 Zambeccarium

454 558 638 591 :nlvocatum
670 558 865 602 praedictum
896 558 1118 602 petitionibus,
1144 559 1194 592 de-

454 612 582 644 cantatis
599 612 695 645 sacris
712 612 869 656 precibus,
887 622 922 645 ac
943 612 1068 653 litaniis,
1082 617 1112 645 et
1128 612 1194 656 spi-

453 665 531 697 ritus
556 665 659 698 Sancti
684 665 784 708 gratia
816 665 976 698 humiliter
1008 665 1191 709 implorata,

453 717 490 749 ad
522 718 675 751 honorem
710 718 922 752 sanctissimae
953 724 983 751 et
1016 718 1192 751 individuae

453 771 632 813 Trinitatis,
658 771 731 804 fidei
756 772 928 805 catholicae
952 772 1191 813 exaltationem,

452 825 635 859 auctoritate
652 824 875 869 omnipotentis
902 825 966 866 Dei,
984 825 1084 858 Patris
1100 830 1129 858 et
1146 825 1194 858 Fi-

452 877 484 910 lii
502 882 532 912 et
554 878 689 922 Spiritus
715 878 839 919 Sancti,
858 889 899 926 'ac
924 878 1087 911 beatorum
1109 878 1192 911 Petri

452 937 482 965 ct
506 932 592 965 Pauli
617 932 843 976 apostolorum,
868 943 902 965 ac
927 934 993 974 sua,
1015 931 1054 964 de
1069 942 1210 986 eorum-3

452 985 523 1018 dem
543 990 666 1018 sanctae
692 986 848 1018 Romanae
873 984 1029 1017 Ecclesiae
1053 984 1193 1018 cardina-

451 1039 539 1079 lium,
552 1038 813 1082 patriarcharum,
827 1037 1138 1082 archiepiscoporum
1162 1042 1191 1071 et

451 1092 675 1135 episcoporum
686 1091 718 1124 in
727 1092 867 1125 Romana
876 1092 964 1125 curia
976 1091 1190 1136 praesentium

450 1145 590 1186 consilio,
615 1156 651 1178 ac
674 1145 815 1178 unanimi
840 1156 1009 1188 consensu,
1035 1145 1191 1189 gloriosae

451 1200 621 1232 memoriae
638 1199 841 1233 Franciscum
852 1200 1030 1240 Xaverium,
1048 1199 1086 1232 de
1102 1200 1190 1233 cuius

451 1252 529 1285 ritae
553 1253 724 1293 sanctitate,
748 1253 821 1286 fidei
840 1252 1029 1293 sinceritate,
1047 1262 1083 1285 ac
1100 1252 1191 1285 mira-

449 1306 593 1339 culorum
610 1307 825 1350 magnitudine
847 1317 882 1339 ac
904 1306 1080 1350 frequentia
1098 1306 1190 1350 plene

449 1359 619 1400 constabat,
629 1360 777 1392 Sanctum
789 1370 857 1392 esse
870 1359 1019 1392 definivit:
1034 1362 1064 1393 et
1076 1358 1108 1391 in
1118 1359 1191 1392 San-

448 1417 571 1445 ctorum
596 1412 816 1446 Confessorum
841 1413 984 1454 catalogo
1014 1411 1191 1444 adscriben-

447 1466 522 1498 dum
547 1477 614 1499 esse
631 1466 778 1508 decrevit,
797 1471 826 1498 et
843 1465 1018 1509 adscripsit:
1037 1465 1189 1508 illumque

447 1519 485 1551 ab
501 1519 655 1552 universis
672 1519 929 1552 christifidelibus
948 1524 1097 1562 tanquam
1117 1529 1189 1551 vere

448 1574 595 1606 Sanctum
620 1572 779 1612 honorari,
797 1583 832 1605 ac
857 1572 999 1604 venerari
1021 1571 1188 1604 mandavit.

418 1667 422 1673 ‚
493 1627 507 1669 ξ,
532 1626 560 1658 ὃ.
587 1627 650 1666 Ac,
674 1631 707 1658 ut
733 1626 770 1658 al)
802 1626 970 1658 universali
995 1625 1133 1658 Ecclesia
1158 1625 1189 1657 in

375 1668 433 1726 w}-
448 1679 514 1712 eius
538 1680 693 1712 honorem
718 1679 868 1712 ecclesiae
885 1684 915 1711 et
931 1679 1050 1719 altaria,
1070 1679 1101 1711 in
1125 1679 1190 1722 qui-

277 1773 286 1785 r
302 1774 313 1785 υ
333 1774 342 1786 Η
414 1773 434 1786 t
448 1732 506 1765 bus
527 1733 680 1765 sacrificia
704 1732 766 1765 Deo
784 1732 966 1773 ot'i'erantur,
984 1732 1143 1765 aedificari
1161 1737 1190 1764 et

248 1801 266 1813 υ
293 1801 296 1813 ι
391 1800 432 1813 s‹-
448 1787 645 1825 consecrari;
663 1790 691 1820 et
712 1786 842 1828 singulis
868 1786 966 1826 annis,
985 1786 1034 1818 die
1052 1785 1188 1818 secunda

448 1840 633 1880 decembris,
650 1850 711 1883 qua
734 1840 772 1872 ad
798 1840 963 1872 caelestem
988 1840 1122 1882 gloriam
1140 1850 1189 1872 vo-

447 1898 533 1926 catus
551 1898 606 1933 est,
625 1893 690 1926 eius
708 1893 857 1933 osticium,
876 1896 910 1926 ut
929 1892 967 1925 de
984 1892 1097 1925 Sancto
1114 1893 1189 1926 Con-

447 1947 574 1987 sessore,
585 1946 623 1978 ad
635 1946 865 1989 praescriptum
880 1946 1013 1978 Romani
1026 1945 1187 1985 Breviarii,

447 2000 600 2033 celebrari
616 2005 732 2043 posset,
750 2000 865 2034 statuit.

495 2055 510 2098 ξ
539 2054 566 2087 9.
601 2054 779 2098 Eademque
817 2053 1003 2087 auctoritate
1042 2053 1187 2086 omnibus

447 2107 705 2140 christifidelilms
719 2118 791 2140 vere
808 2107 1044 2151 poenitentibus
1070 2112 1100 2140 et
1117 2117 1188 2140 con-

447 2160 545 2200 fessis,
563 2160 616 2203 qui
641 2160 771 2203 singulis
795 2160 884 2193 annis
907 2160 1019 2194 eodem
1043 2160 1120 2193 festo
1137 2160 1186 2193 die

446 2214 484 2246 ad
502 2214 715 2257 sepulchrum,
733 2214 764 2246 in
780 2225 841 2257 quo
856 2224 970 2257 corpus
988 2213 1055 2246 eius
1067 2213 1188 2257 requie-

447 2268 513 2303 scit,
531 2267 717 2300 rit-itandum
736 2267 931 2307 accederent,
948 2276 1047 2299 unum
1070 2276 1185 2299 annum

446 2325 473 2353 et
499 2331 593 2353 unam
617 2321 866 2364 quadragenam,
892 2320 930 2353 iis
954 2331 1049 2361 vero,
1075 2320 1130 2365 qui
1155 2320 1186 2352 in

446 2374 585 2406 ‹Z‘ttte‘tlrjiss
610 2373 678 2406 sesti
702 2375 820 2414 octava,
835 2384 874 2407 xL
896 2373 962 2406 dies
986 2373 1024 2406 de
1040 2373 1187 2407 iniunctis

448 2427 646 2468 stim-nitentiis
672 2427 920 2461 misericorditer
944 2427 976 2459 in
992 2427 1125 2460 Domino
1141 2437 1188 2459 re·

447 2480 566 2513 laxavit.

247 2537 371 2584 ,ssss‘ssffigffi'ff
384 2538 430 2584 3333
490 2534 504 2577 g
526 2534 572 2565 10.
592 2534 764 2574 Postremo,
783 2534 891 2577 gratiis
908 2534 972 2567 Deo
986 2544 1057 2567 cum
1073 2534 1188 2567 exulta-

247 2594 274 2610 ¹·¹¹
324 2590 429 2620 timenti
447 2587 530 2619 tione
545 2587 630 2627 actis,
644 2588 727 2630 quod
742 2588 888 2620 Sanctum
901 2598 991 2620 suum
1009 2588 1041 2620 in
1059 2597 1187 2631 conspe-

247 2620 430 2637 ΓΗΠἹΓΠΡΠῚυΓδῘΙΟ·

247 2644 495 2671 ==1m·ciu=·.«:ii=i-4311,
511 2640 650 2671 onmium
669 2640 807 2679 gentium
824 2641 1184 2681 honorificasset,actam

277 2058 297 2079 lu
321 2059 354 2079 «lie
380 2058 430 2077 sesto

249 2085 343 2105 ciusdem
366 2085 431 2105 indul-

248 2115 340 2135 gentiam
381 2118 432 2131 cun·

247 2141 318 2159 cessit.

1044 243 1140 266 mmm
1147 242 1221 267 ntra!
1248 242 1401 267 ROMANBM

1983 241 2031 269 Λη.
2047 239 2079 269 C.
2098 239 2167 269 ¹623

1227 291 1341 334 insigni
1353 290 1520 334 splendore
1540 288 1711 322 Ecclesiam
1724 298 1813 322 suam
1824 288 1967 323 decoras·
1980 303 2107 333 (iugenuam
2144 311 2165 323 0-

1227 347 1282 384 set,
1296 345 1417 377 cantata
1431 343 1462 376 in
1474 342 1572 376 sancti
1583 341 1741 376 Francisei
1752 342 1906 376 honorem
1920 353 1966 376 so·
1979 330 2043 382 Eiiffi.
2054 329 2092 350 ‘¹¹¹²
2113 335 2124 351 ⁶
2134 335 2167 351 π’

1228 397 1322 430 lemni
1336 397 1523 431 Sanctorum
1531 396 1752 431 Confessorum
1765 396 1917 436 oratione,
1927 396 1965 429 ad

1227 450 1324 483 altare
1349 450 1502 494 Principis
1529 449 1746 494 apostolorum
1769 449 1898 482 missam
1921 460 1966 482 cc-

1227 503 1368 544 lebiavit,
1389 515 1461 538 cum
1482 504 1622 537 eiusdem
1650 503 1754 537 Sancti
1773 502 1966 537 Consessoris

1228 557 1541 591 commemoratione:
1556 557 1766 600 omnibusque
1783 555 1968 590 christifide-

1228 611 1308 644 libus
1320 611 1537 655 praesentibus
1551 611 1724 655 plenariam
1741 610 1882 644 omnium
1898 619 1967 653 pec-

1227 671 1369 699 catorum
1377 676 1507 700 suorum
1514 665 1742 708 indulgentiam
1749 663 1900 707 elargitus
1910 669 1965 696 est.

1271 719 1286 762 ἓ
1310 718 1362 751 Μ.
1381 719 1425 753 Ne
1449 722 1552 752 autem
1569 718 1606 751 de
1620 717 1813 758 definitione,
1829 716 1966 758 decreto,
2002 726 2074 757 tinius
2089 728 2166 758 rei-io-

1226 771 1447 816 adscriptione,
1460 771 1616 813 mandato,
1625 775 1751 812 statuto,
1764 770 1965 813 relaxatione,
1980 754 2165 807 iiiii'ssss'ssss'rssiife'-

1226 825 1358 869 aliisque
1381 826 1564 869 praemissis
1589 826 1669 869 (pro
1701 834 1738 858 eo
1763 823 1848 868 quod
1872 809 2022 869 superum

1226 877 1287 910 illis
1298 878 1394 921 ipsius
1410 878 1555 922 Gregorii
1568 877 1822 922 praedecessoris
1834 877 1966 917 litterae,

1226 930 1293 962 cius
1318 931 1558 974 superveniente
1591 931 1696 973 obitu,
1721 931 1880 965 consectae
1904 941 1967 964 non

1226 981 1371 1027 suerunt)
1400 983 1501 1016 valeat
1533 983 1771 1026 quomodolibet
1801 983 1966 1023 haesitari;

1226 1035 1381 1076 volumus,
1406 1040 1436 1068 et
1459 1035 1632 1079 apostolica
1656 1035 1840 1070 auctoritate
1863 1036 1969 1070 decer-

1225 1088 1339 1129 nimus,
1363 1088 1449 1133 quod
1472 1088 1625 1130 definitio,
1645 1088 1818 1130 decretum,
1832 1089 1968 1134 adscrip-

1225 1141 1278 1182 tio,
1292 1146 1452 1183 statutum,
1469 1141 1630 1182 relaxatio,
1648 1141 1831 1185 impartitio,
1845 1142 1967 1187 aliaque

1224 1195 1406 1238 praemissa,
1423 1205 1440 1227 a
1452 1195 1535 1229 dicta
1552 1194 1612 1235 die,
1629 1199 1742 1238 quarto
1758 1194 1828 1228 idus
1851 1195 1967 1235 martii,

1225 1258 1316 1281 suum
1340 1248 1482 1282 debitum
1505 1248 1681 1282 sortiantur
1704 1247 1861 1288 effectum,
1881 1258 1918 1282 ac
1940 1249 1966 1281 si

1224 1312 1319 1346 super
1344 1302 1405 1335 illis
1430 1302 1528 1346 ipsius
1544 1301 1690 1344 Gregorii
1713 1301 1967 1345 praedecessoris

1224 1355 1346 1390 litterae
1363 1355 1421 1389 sub
1438 1355 1544 1388 datum
1564 1354 1704 1388 eiusdem
1726 1354 1788 1388 diei
1808 1355 1966 1388 confectae

1224 1409 1368 1449 fuissent,
1386 1414 1481 1453 prout
1501 1408 1645 1452 superius
1662 1413 1846 1441 enarratur:
1871 1408 1968 1452 quod-

1224 1474 1284 1507 que
1294 1469 1474 1507 praesentes
1483 1463 1606 1496 litterae
1615 1462 1653 1495 ad
1664 1461 1862 1506 probandum
1876 1462 1967 1506 plene

1225 1517 1437 1550 definitionem
1453 1544 1460 1557 ,
1492 1516 1655 1549 decretum
1668 1543 1675 1556 ,
1701 1516 1946 1559 adscriptionem
1959 1544 1966 1557 ,

1224 1570 1494 1613 aggregationem,
1507 1574 1667 1609 statutum,
1685 1569 1920 1610 relaxationem,
1937 1575 1968 1602 et

1224 1624 1283 1656 alia
1307 1623 1490 1667 praemissa,
1515 1622 1632 1666 ubique
1650 1622 1819 1662 sufficiant;
1844 1633 1902 1656 nec
1927 1623 1966 1656 ad

1225 1677 1255 1709 id
1280 1677 1474 1720 probationis
1499 1676 1627 1710 alterius
1657 1675 1884 1710 adminiculum
1909 1687 1963 1709 re-

1224 1730 1376 1773 quiratur.

1269 1784 1283 1827 ξ
1300 1784 1350 1816 «122.
1368 1784 1523 1824 Ceterum,
1541 1784 1613 1827 quia
1629 1783 1755 1817 difficile
1772 1783 1862 1824 soret,
1876 1793 1965 1827 prae-

1224 1842 1325 1869 sentes
1342 1843 1463 1870 nostras
1479 1837 1598 1870 litteras
1618 1836 1656 1869 ad
1674 1837 1797 1880 singula
1813 1836 1892 1877 loca,
1910 1836 1964 1869 ubi

1223 1900 1302 1933 opus
1326 1895 1418 1930 esset,
1443 1890 1557 1923 deferri
1566 1901 1574 1930 ;
1599 1890 1760 1930 volumus,
1785 1894 1819 1922 ut
1855 1899 1963 1922 earum

1223 1943 1383 1987 exemplis,
1409 1944 1503 1976 etiam
1527 1943 1701 1987 impressis,
1726 1953 1823 1976 manu
1846 1943 1964 1987 publici

1222 1997 1335 2031 notarii
1360 1997 1555 2041 subscriptis,
1572 2002 1603 2030 et
1619 1996 1722 2040 sigillo
1747 1996 1880 2029 alicuius
1895 2007 1966 2040 per-

1221 2061 1315 2083 sonae
1332 2050 1363 2083 in
1379 2051 1530 2094 dignitate
1547 2050 1760 2084 ecclesiastica
1776 2050 1964 2084 constitutae

1222 2104 1349 2138 munitis
1361 2132 1369 2145 ‚
1393 2104 1503 2138 eadem
1533 2104 1652 2148 ubique
1683 2103 1761 2137 fides
1792 2104 1964 2145 habeatur,

1220 2168 1301 2202 quae
1317 2158 1392 2202 ipsis
1409 2158 1627 2202 praesentibus
1643 2157 1859 2199 adhiberetur,
1876 2157 1902 2191 si
1919 2167 1964 2191 es-

1221 2216 1288 2244 sent
1305 2211 1461 2244 exhibitae
1479 2212 1528 2245 vel
1544 2216 1697 2245 ostensae.

1265 2265 1279 2308 ἓ
1304 2264 1354 2297 13.
1380 2264 1462 2298 Nulli
1487 2275 1564 2308 ergo
1584 2265 1714 2298 omnino
1739 2264 1905 2298 homiuum
1930 2264 1963 2298 li-
1977 2269 2092 2317 „afissfffl
2112 2273 2162 2295 roe·

1221 2322 1288 2350 ceat
1312 2317 1392 2351 hanc
1411 2318 1560 2361 paginam
1583 2321 1765 2352 nostrorum
1785 2318 1904 2359 ‘decreti
1932 2323 1963 2351 et

1221 2372 1416 2404 voluntatum
1430 2371 1613 2414 infringere,
1634 2372 1682 2405 vel
1702 2371 1731 2405 ei
1741 2382 1820 2404 ausu
1832 2376 1963 2405 temera-

1221 2424 1269 2457 rio
1293 2425 1460 2458 contraire.
1478 2425 1509 2458 Si
1527 2425 1597 2468 quis
1612 2430 1717 2458 autem
1734 2425 1794 2458 hoc
1811 2428 1963 2459 attentare

1220 2478 1480 2522 praesumpserit,
1498 2479 1746 2521 indignationem
1771 2478 1963 2522 omnipoten-

1221 2532 1259 2566 tis
1277 2532 1340 2572 Dei,
1358 2542 1393 2565 ac
1406 2532 1571 2565 beatorum
1589 2532 1670 2565 Petri
1687 2538 1717 2565 et
1739 2532 1825 2565 Pauli
1842 2537 1963 2576 apostoa

1222 2586 1324 2619 lorum
1342 2586 1420 2625 cius,
1438 2596 1470 2619 sc
1494 2586 1617 2619 noverit
1633 2586 1844 2619 incursurum.

1267 2640 1376 2671 llatum
1405 2640 1531 2675 [minae.
1551 2639 1633 2682 apud
1662 2640 1690 2672 S.
1718 2640 1854 2679 Petrum,
1881 2647 1962 2670 anno

2017 1790 2164 1817 Transumptin

1979 1817 2031 1838 fides
2046 1817 2124 1839 danda.
