2269 3235
278 272 328 299 Αιι.
344 273 374 299 C.
394 272 458 299 1627

306 335 403 356 Urbanus
413 336 462 356 illud

278 362 340 386 oriwt
355 369 391 388 pro
402 369 425 383 xx
440 369 461 383 a·

279 389 359 410 luumis,

505 264 568 298 55⁶2

522 321 537 365 ἓ
557 321 586 354 li.
605 321 676 361 Nos,
690 321 727 353 ad
741 330 819 364 opus
833 320 891 353 boe
903 319 1123 363 propagationi
1144 319 1216 352 fidei

478 375 689 414 utilissimum,
707 373 891 418 praesertim
910 374 970 406 lioe
989 378 1138 416 tempore,
1153 384 1215 417 quo

477 439 609 470 regumn
629 428 772 461 lloeuiiae
789 428 912 460 summ-¹⁴1
933 426 1151 470 operariorum
1170 437 1216 460 ea-

479 481 664 523 tltolieoigum
691 480 796 523 inopia
823 481 963 520 laborat,
990 480 1059 513 totis
1084 479 1214 521 viribus,

477 539 571 577 prout
592 544 628 566 ex
646 537 807 577 susceptae
833 533 990 567 servitutis
1015 534 1117 567 ossieio
1135 539 1215 567 tenc-

478 598 558 626 mur,
575 587 837 630 promovendum,
856 587 996 620 animum
1021 592 1051 620 et
1075 592 1213 621 mentem

477 646 615 673 nostram
641 645 868 684 convertentes,
887 652 922 674 ae
937 646 1083 685 coeptum
1109 647 1139 675 et
1166 652 1215 675 co-

476 699 583 726 natum
598 694 670 727 dieti
685 695 829 738 Gregorii
843 695 1104 740 praedecessoris,
1119 706 1214 739 quan-

477 753 542 780 tuni
574 747 606 780 in
634 748 724 781 nobis
753 754 808 789 est,
829 759 980 782 renovare
1008 748 1212 791 intendentes,

477 806 598 834 mature
622 802 756 845 desuper
785 813 855 835 cum
891 802 1122 835 venerabilibus
1152 802 1214 835 sra-

476 854 575 887 tribus
599 855 714 888 nostris
735 860 858 888 sanetae
875 856 1033 888 Romanae
1057 855 1213 888 Ecclesiae

475 907 684 941 cardinalibus
700 908 941 951 Congregationi
958 909 996 940 de
1012 908 1215 951 propaganda

476 961 536 994 tide
553 962 719 1006 praesectis
739 962 846 994 habito
871 962 1012 1003 consilio,
1031 967 1118 995 motu
1141 973 1215 1006 pro-

476 1015 556 1058 prio,
575 1026 637 1048 non
661 1015 699 1047 ad
717 1015 847 1047 alieuius
872 1015 961 1048 nohis
982 1015 1116 1059 desuper
1133 1015 1215 1048 obla—

475 1073 522 1100 tae
554 1068 712 1111 petitionis
744 1068 945 1108 instantiam,
970 1068 1024 1101 sed
1060 1079 1094 1101 ex
1129 1070 1214 1101 certa

475 1122 605 1154 scientia
633 1123 782 1165 moraque
807 1122 992 1155 liberalitate
1016 1122 1131 1155 nostris
1146 1149 1153 1163 ‚
1179 1134 1215 1155 ac

474 1175 512 1207 de
536 1176 726 1219 apostolieae
756 1176 916 1219 potestatis
940 1175 1151 1219 plenitudine,
1176 1175 1215 1208 ad

474 1229 526 1261 Dei
542 1228 765 1272 omnipotentis
776 1229 910 1271 laudem,
922 1234 1107 1272 sanctaeque
1118 1229 1215 1273 ipsius

474 1282 631 1315 Ecclesiae
666 1282 917 1324 incrementum,
950 1282 1215 1326 praecipuamque

474 1335 677 1369 Germanicae
701 1336 835 1368 nationis
860 1336 1007 1377 salutem,
1025 1340 1055 1368 et
1075 1346 1215 1369 commo-

474 1390 559 1431 dum,
576 1390 607 1422 in
624 1390 706 1422 dieta
724 1389 847 1422 civitate
865 1389 1013 1432 Pragensi
1030 1400 1139 1422 rursus
1157 1390 1217 1423 eol-

475 1444 592 1486 legium
609 1444 793 1487 praefatum,
813 1444 967 1486 Pragense
984 1443 1215 1487 appellandum,

475 1497 507 1530 in
535 1508 598 1540 quo
622 1498 752 1541 posthae
774 1507 836 1529 non
861 1496 964 1529 minus
988 1507 1082 1540 quam
1108 1497 1216 1540 viginti

475 1552 592 1584 alumni
614 1551 771 1594 (videlieet
796 1562 833 1583 ex
858 1550 985 1583 Boi-mia
1009 1556 1089 1594 octo,
1116 1562 1151 1584 ex
1170 1551 1217 1584 Si-

476 1605 552 1637 lesia
572 1609 644 1643 tres,
666 1615 703 1636 ex
723 1603 847 1636 Lusatia
863 1604 935 1646 duo,
957 1614 994 1636 ex
1013 1609 1146 1647 utroque
1164 1605 1218 1636 Pa-

475 1658 605 1690 latinatu
622 1658 713 1690 etiam
729 1658 800 1698 duo,
814 1668 851 1689 ex
869 1657 1123 1700 Bramleburgiea
1138 1668 1217 1690 mar-

476 1712 545 1744 chia
562 1712 706 1744 similiter
722 1712 794 1751 duo,
813 1716 842 1743 et
856 1722 891 1744 ex
909 1711 1060 1743 ambabus
1076 1711 1217 1745 Saxoniis

475 1765 526 1798 alii
547 1765 666 1809 pariter
686 1765 758 1805 duo,
774 1775 810 1797 ex
828 1764 936 1797 Ilassia
954 1775 1027 1797 vero
1045 1766 1139 1808 unus)
1157 1765 1218 1798 col-

477 1818 604 1861 ligendi,
625 1818 716 1850 dietis
741 1817 879 1851 scientiis
896 1822 925 1851 et
949 1817 1130 1861 disciplinis,
1148 1828 1219 1851 nec-

475 1882 539 1905 non
563 1872 660 1905 saeris
685 1871 857 1904 canonibus
882 1870 1011 1911 institui,
1029 1876 1121 1914 atque
1146 1881 1218 1904 eru-

475 1926 553 1966 diri,
579 1931 618 1967 et,
643 1926 668 1958 si
693 1925 859 1968 contigerit
876 1935 911 1958 ex
933 1925 1051 1966 Silesia,
1077 1925 1217 1966 Lusatia,

475 1985 610 2023 utroque
625 1979 807 2022 Palatinatu,
825 1979 1091 2022 Brandeburgiea,
1110 1980 1219 2012 Hassia

477 2039 506 2067 et
530 2039 664 2077 utraque
688 2033 822 2067 Saxonia
853 2033 997 2067 alumnos
1022 2033 1132 2066 haberi
1156 2044 1219 2066 non

476 2098 578 2131 posse,
603 2092 687 2127 tunc,
713 2091 742 2119 et
768 2097 804 2119 eo
830 2097 912 2127 casu,
929 2090 1000 2130 post
1024 2087 1119 2120 saetas
1136 2097 1153 2119 a
1172 2098 1220 2119 re-

477 2147 563 2174 ctore
588 2140 661 2173 dicti
687 2140 833 2183 collegii,
858 2145 888 2173 et
912 2140 1039 2173 demum
1064 2151 1081 2173 a
1105 2140 1218 2174 dilecto

477 2195 541 2228 silio
567 2194 718 2227 moderno
751 2199 780 2227 et
810 2205 868 2237 pro
899 2199 1041 2238 tempore
1070 2194 1219 2227 existente

477 2252 585 2281 nostro
607 2252 636 2280 et
660 2247 748 2280 Sedis
772 2247 970 2291 Apostolicae
994 2247 1113 2289 nuntio,
1138 2247 1220 2291 apud

478 2302 699 2335 charissimum
724 2301 755 2334 in
789 2302 912 2335 Christo
943 2302 1044 2335 filium
1076 2308 1219 2335 nostrum

479 2356 665 2389 modernum
688 2360 717 2388 et
741 2366 799 2399 pro
816 2360 959 2399 tempore
980 2356 1074 2388 etiam
1092 2356 1222 2389 existen-

479 2415 541 2442 tem
568 2411 780 2443 Romanorum
809 2420 917 2453 regem
942 2414 972 2442 et
996 2410 1220 2454 imperatorem

480 2465 611 2496 etemum
637 2469 862 2505 comi-morante,
887 2464 1079 2507 diligentias,
1103 2465 1221 2498 alumni

480 2517 587 2549 anemii
612 2517 643 2549 in
667 2517 771 2549 locum
796 2528 907 2550 eorum
931 2518 1047 2551 assumi
1072 2518 1221 2560 debeant,

481 2569 654 2612 apostolica
690 2569 873 2604 auctoritate
912 2571 1075 2615 praefata,
1112 2576 1220 2605 tenore

481 2622 703 2666 praesentium,
718 2624 755 2655 de
772 2634 852 2657 novo
870 2635 906 2657 ex
924 2625 1048 2670 integro
1066 2630 1220 2670 perpetuo

482 2675 632 2719 erigimus
657 2680 686 2709 et
710 2676 911 2711 instituimus.

1051 271 1229 296 BULLMHUM
1253 272 1407 296 ROMANUM

1998 274 2052 301 An.
2069 273 2097 301 C.
2113 274 2181 303 1627

2063 336 2136 362 ntique
2153 337 2183 357 sic

1999 369 2071 389 erecto
2085 372 2122 392 pro
2137 371 2185 392 per-

2001 400 2097 415 sonarum
2107 396 2127 414 ‹st
2136 399 2184 414 one-

1295 320 1309 364 §
1334 320 1362 354 5.
1389 320 1498 364 Illique
1523 320 1568 354 sie
1591 324 1696 354 erecto
1712 324 1742 354 et
1761 320 1911 363 instituto,
1927 332 1985 366 pro

1250 375 1389 417 congrua
1414 374 1480 407 eius
1503 373 1584 416 dote,
1609 384 1644 406 ae
1669 374 1869 407 alumnorum
1893 386 1985 419 prae-

1249 428 1393 469 fatorum,
1411 433 1440 461 et,
1453 428 1513 462 illis
1530 428 1764 461 inservientium
1779 439 1985 472 personarum
2000 428 2055 468 {1¹12ssss
2071 423 2185 468 „fil'ssss‘ss'i‘ssl

1249 481 1483 523 sustentatione,
1503 492 1698 525 onerumqne
1722 481 1783 515 illis
1807 482 1986 516 ineumben·
2000 473 2185 522 ξῖξ,“,’3,ξὲ’“’“ἳῆ’.ἳῖ

1250 536 1325 568 tium
1350 535 1597 580 supportatione,
1612 535 1752 568 redditus
1769 545 1888 569 annuos
1903 536 1987 570 mille
2001 528 2054 550 '’¹¹¹‘'

1248 590 1492 632 quingentorum
1517 588 1644 631 triginta
1675 589 1847 622 talerorum
1871 589 1984 622 huius-

1248 643 1331 676 modi
1365 654 1402 676 ex
1441 652 1584 675 camerae
1618 642 1807 685 apostolieae
1846 642 1987 686 pecuniis

1248 695 1414 739 quotannis
1438 695 1606 728 sumendos
1630 700 1661 728 et
1688 695 1917 737 numerandos,
1944 695 1988 728 di-

1248 749 1381 781 stributa
1396 749 1428 781 in
1445 749 1619 782 trimestres
1636 747 1776 790 singulos
1788 758 1847 791 pro
1861 749 1928 781 rata
1943 758 1989 781 so-

1247 802 1376 842 lutione,
1393 802 1496 845 quoad
1516 801 1646 835 totidem
1666 801 1846 834 reddituum
1867 811 1989 834 summa

1248 856 1279 888 in
1295 856 1385 889 bonis
1402 855 1564 889 stabilibus
1588 855 1690 888 eidem
1714 855 1847 898 collegio
1865 865 1882 887 a
1899 855 1990 888 nobis

1249 910 1295 942 vel
1316 909 1555 942 suecessoribus
1574 909 1691 942 nostris
1707 909 1868 952 provisum
1885 909 1990 950 suerit,

1249 962 1366 995 eisdem
1390 954 1577 995 auctoritate
1597 966 1628 994 et
1653 966 1762 995 tenore
1788 962 1989 996 concedimus

1249 1021 1278 1048 et
1302 1015 1512 1049 attribuimus.

1293 1069 1308 1111 ἓ
1329 1068 1358 1102 6.
1377 1068 1533 1110 Ceterum,
1551 1078 1622 1101 cum
1639 1067 1827 1101 dilectorum
1851 1068 1990 1102 filiorum

1248 1121 1507 1166 presbyterorum
1526 1121 1687 1155 Societatis
1708 1121 1823 1154 lesuin
1839 1121 1899 1155 hoe
1917 1122 1991 1155 edu-

1249 1175 1436 1218 candorum,
1463 1175 1791 1219 instituendorumque
1815 1176 1992 1209 adolescen-

1249 1229 1326 1262 tium
1352 1240 1484 1263 munere
1508 1229 1685 1272 diligentia,
1710 1229 1803 1270 fides,
1828 1229 1991 1272 integritas

1250 1287 1279 1317 et
1303 1283 1333 1316 in
1358 1283 1426 1316 aliis
1451 1282 1633 1316 huiusmodi
1658 1282 1798 1325 collegiis
1824 1287 1853 1315 et
1877 1283 1909 1315 in
1932 1283 1991 1316 hoc

1250 1336 1318 1379 ipso
1349 1336 1423 1369 satis
1454 1336 1579 1379 cognita
1612 1336 1651 1368 sit
1681 1340 1775 1379 atque
1805 1340 1990 1379 perspecta,

1250 1389 1332 1422 idem
1366 1389 1556 1432 collegium,
1588 1394 1681 1432 atque
1706 1389 1865 1422 scholares
1890 1389 1991 1429 illius,

1250 1443 1401 1487 ipsorum,
1427 1443 1507 1476 sicut
1529 1442 1617 1487 prius
1642 1443 1709 1483 suit,
1730 1442 1887 1485 regimini,
1908 1443 1992 1475 insti-

1250 1496 1373 1537 tutioni,
1387 1496 1560 1537 doetrinae,
1579 1500 1672 1539 atque
1685 1495 1869 1539 prudentiae
1883 1495 1992 1529 eadem

1250 1550 1434 1583 auctoritate
1466 1549 1560 1582 etiam
1597 1552 1750 1593 perpetuo
1785 1549 1992 1590 subjicimus,

1250 1607 1343 1646 atque
1367 1602 1590 1635 submittimus.

1294 1657 1309 1699 §t
1334 1657 1362 1689 7.
1382 1657 1555 1697 Praeterea,
1573 1661 1607 1689 ut
1625 1656 1764 1689 eiusdem
1778 1655 1904 1699 collegii
1922 1666 1993 1689 eon·
2024 1696 2026 1699 Ι
2054 1670 2190 1701 protectore-s*

1251 1709 1429 1751 servationi,
1449 1710 1597 1752 bonoque
1622 1709 1778 1752 regimini,
1800 1714 1863 1742 tam
1888 1709 1919 1741 in
1943 1709 1991 1742 his
2007 1695 2192 1744 fflfflmurc‘e'ffffi!

1250 1774 1330 1808 quae
1355 1763 1393 1795 ad
1418 1763 1609 1796 scholarium
1634 1763 1862 1796 institutionem
1888 1768 1918 1795 et
1946 1762 1992 1795 di-
2007 1750 2192 1807 Eiiisinaqffiffinffissss

1251 1817 1424 1861 seiplinam,
1440 1827 1532 1860 quam
1547 1827 1625 1860 quae
1643 1817 1681 1849 ad
1695 1816 1821 1859 victum,
1836 1816 1992 1857 vestitum,
2007 1805 2110 1855 3353&
2150 1803 2192 1856 ‘¹³:32

1250 1871 1372 1914 aliaque
1397 1870 1576 1903 huiusmodi
1609 1870 1786 1903 necessaria
1814 1869 1992 1914 pertinent,
2009 1859 2193 1913 issssissssf³qui⁸¹ifi

1251 1924 1461 1968 opportunius
1479 1924 1668 1965 consulatur,
1687 1928 1717 1956 et
1734 1928 1915 1967 promptum
1938 1923 1992 1963 eis,
2008 1915 2054 1956 {3ss?
2085 1912 2193 1962 {3353ss

1252 1983 1460 2022 paratumque
1484 1978 1635 2010 auxilium
1661 1977 1715 2018 sit,
1744 1977 1843 2010 dictos
1868 1981 1992 2010 sanetae
2008 1963 2194 2011 Ξὲιῗιρέἕιῖεἳῖιῗιῖἶῗῖ

1252 2033 1411 2065 Romanae
1428 2032 1583 2065 Ecclesiae
1601 2031 1775 2065 cardinales
1796 2041 1903 2064 sacrae
1919 2031 1994 2065 Con-

1252 2086 1427 2129 gregationi
1452 2086 1609 2129 praefatae
1639 2085 1830 2129 praefectos,
1855 2095 1939 2118 nune
1964 2089 1994 2117 et

1253 2150 1311 2182 pro
1335 2144 1478 2182 tempore
1505 2139 1681 2178 existentes,
1702 2138 1842 2171 eiusdem
1868 2138 1993 2181 collegii

1252 2196 1447 2236 protectores
1472 2197 1502 2225 et
1526 2192 1715 2232 defensores,
1733 2191 1786 2235 qui
1804 2192 1835 2224 in
1853 2191 1994 2236 vicepro-

1254 2251 1404 2279 tectorem
1428 2246 1511 2279 illius
1542 2245 1751 2278 venerabilem
1776 2245 1906 2278 fratrem
1930 2256 1994 2279 no-

1254 2304 1354 2332 strum
1379 2299 1651 2344 archiepiscopum
1668 2299 1858 2342 pragensem
1887 2299 1995 2332 simili-

1254 2357 1301 2385 ter
1320 2362 1402 2385 nune
1427 2357 1457 2385 et
1480 2363 1537 2396 pro
1562 2358 1704 2396 tempore
1729 2352 1913 2386 existentem
1939 2353 1995 2397 (ita

1254 2412 1368 2449 tamen,
1389 2406 1470 2439 utin
1487 2406 1685 2450 gravioribus
1709 2406 1786 2439 nihil
1812 2407 1994 2452 praecipere

1254 2465 1307 2493 aut
1331 2460 1480 2494 mandare
1511 2460 1558 2494 vel
1582 2461 1684 2494 faeere
1712 2461 1811 2496 valeat
1834 2461 1900 2494 sine
1925 2471 1996 2495 con-

1254 2514 1323 2548 silio
1349 2519 1378 2548 et
1402 2524 1557 2548 consensu
1579 2514 1680 2547 nuntii
1711 2515 1860 2559 praefati,
1880 2515 1994 2559 quibus

1255 2568 1371 2612 aliquid
1395 2579 1524 2610 eorum,
1550 2579 1629 2613 quae
1662 2569 1693 2602 in
1724 2569 1783 2602 liae
1813 2569 1994 2603 fundatione

1255 2622 1303 2654 vel
1330 2621 1362 2654 in
1386 2622 1504 2665 regulis
1528 2633 1545 2655 a
1576 2622 1825 2666 Congregatione
1855 2622 1995 2667 praefata

1255 2675 1435 2721 approbatis
1452 2677 1660 2720 eontinentur,
1677 2677 1844 2711 immutare
1864 2676 1994 2711 minime

2045 1084 2075 1105 Ac
2093 1085 2189 1111 regimini

2006 1113 2027 1132 et
2063 1112 2189 1133 insutotmni

2011 1138 2181 1164 presbyterorum

2005 1165 2121 1185 Societatis
2141 1165 2190 1187 lesu

2005 1191 2108 1213 submitti.
