2269 3235
480 218 546 253 720
1027 225 1204 252 normanni

436 280 510 315 CXI.
537 280 776 322 Praescribitur,
802 289 864 325 quo
890 283 981 324 pacto
1007 282 1177 314 sanctimo-

523 334 634 375 niales,
652 333 770 378 aliique
789 333 944 377 impediti,
962 332 1177 376 indulgentias

523 389 597 421 anni
621 388 721 420 sancti
746 387 861 420 lucrari
887 388 1019 430 possint,
1034 387 1107 419 278.

435 440 523 475 CXII.
542 441 710 483 Deputatio
729 440 884 473 ecclcsiae
897 440 926 472 S.
938 439 1054 473 Mariae
1068 439 1178 472 Trans-

525 494 662 537 tyberim
686 494 754 528 Ioco
780 493 936 527 ccclesiae
957 494 987 527 S.
1011 493 1100 527 Pauli
1125 504 1177 527 ex-

522 552 569 582 tra
595 548 719 591 Urbem,
741 552 843 582 stante
861 549 1044 592 suspicione
1066 550 1175 591 pestiS,

524 602 584 636 unzi
616 612 688 636 cum
720 603 927 635 concessione
962 601 1176 645 (cumulativc

524 655 652 698 tamen)
679 657 819 690 omnium
845 655 1116 699 indulgentiarum
1141 665 1177 689 ac

522 710 736 753 spiritualium
761 711 934 752 gratiarum
960 710 1063 744 dIctae
1078 709 1177 743 eccle-

523 765 589 797 siae
603 763 733 798 S.Pauli
751 773 976 798 concessarum
1001 773 1058 807 pro
1084 772 1174 807 prae·

524 818 606 851 senti
626 827 710 851 anno
726 821 843 859 sancto,
859 817 931 850 279.

433 870 540 906 CXIII.
558 871 728 915 Deputat10
746 870 954 904 ecclesiarum
971 872 1099 903 sanctae
1117 868 1178 902 Ma-

521 927 587 959 riae
601 924 641 958 de
656 924 924 968 Pepulo‚'sanctae
938 923 1055 957 Mariae
1069 923 1179 956 Trans-

523 979 671 1022 tyberim,
684 988 720 1012 ac
734 980 764 1012 S.
780 978 941 1012 Laurentii
956 980 986 1011 in
1004 977 1123 1012 Lucina
1139 976 1179 1010 de

522 1031 616 1074 Urbe,
634 1032 703 1066 loco
717 1032 925 1066 ecclesiarum
943 1032 973 1065 S.
988 1030 1178 1073 Sebastiam,

522 1086 553 1120 S.
579 1086 668 1120 Pauli
700 1089 730 1120 et
755 1087 785 1120 S.
812 1085 973 1119 Laurentii
998 1089 1088 1118 extra
1115 1095 1182 1118 mu-

523 1149 584 1181 ros
610 1149 667 1183 pro
692 1143 816 1183 septem
838 1138 930 1173 Urbis
956 1138 1100 1172 eiusdem
1126 1147 1177 1172 ec-

522 1193 635 1227 clesias
661 1192 873 1235 visitantibuS,
900 1193 976 1226 280.

433 1246 865 1281 CX1V.M0nentm-1000rum
876 1245 1049 1288 Ordinarii,
1058 1249 1091 1280 ut
1101 1246 1181 1280 chri-

521 1301 675 1335 stifideles
700 1310 758 1345 per
779 1302 998 1334 concionarios
1016 1300 1180 1333 hortentur

522 1354 562 1389 ad
587 1354 842 1389 succurrendum
865 1353 1052 1396 indigentiis
1071 1362 1178 1386 sacro-

522 1418 593 1442 rum
618 1408 758 1441 locorum
784 1407 996 1450 Hierusalem,
1014 1407 1088 1440 282.

433 1461 524 1496 CXV.
537 1461 628 1496 Iubet
646 1461 706 1496 sub
722 1461 824 1506 poena
839 1460 1179 1495 excommunicationis

522 1521 553 1551 et
578 1518 766 1560 privationis
792 1518 880 1549 vocis
905 1518 1029 1549 activae
1058 1519 1088 1549 et
1113 1525 1180 1559 pas-

521 1571 620 1611 sivae,
653 1579 692 1603 ne
730 1580 770 1603 ex
796 1568 990 1603 bibliotheca
1015 1568 1180 1603 Genuensi

521 1623 653 1659 Ordinis
666 1624 869 1657 Minimorum
884 1623 1092 1657 extrahantur
1102 1633 1180 1668 quo—

522 1677 695 1711 modolibet
719 1677 801 1719 libri,
819 1677 891 1710 282.

433 1731 539 1765 CXVI.
549 1731 690 1765 Nuncius
703 1731 897 1774 apostolicus
911 1730 995 1774 apud
1006 1730 1179 1774 Hispaniae

521 1795 631 1829 regem
652 1786 802 1819 collector
832 1785 1003 1829 deputatur
1027 1786 1180 1828 pecunia-

523 1849 592 1872 rum
604 1849 644 1872 ex
663 1838 845 1872 redditibus
862 1839 1022 1871 cruciatae
1039 1837 1178 1871 fabricae

520 1891 673 1926 basilicae
698 1892 856 1935 Principis
870 1891 1093 1935 Apostolorum
1117 1890 1179 1925 sol-

522 1946 710 1988 vendarum,
727 1946 800 1979 283.

433 1999 553 2034 CXVII.
570 2000 743 2034 Revocalm
758 1999 933 2033 litterarum
952 1997 1041 2032 Pauli
1056 1997 1092 2039 V,
1112 1999 1178 2042 qui-

521 2053 581 2087 bus
606 2058 747 2095 cavetur,
774 2055 944 2098 quominus
962 2052 1121 2086 beneficia
1133 2053 1179 2085 ci-

523 2108 628 2141 vitatis
642 2106 839 2141 Calaritanae
858 2116 897 2139 ex
916 2104 1083 2139 Turritana
1098 2105 1178 2139 urbe

522 2161 714 2203 orIginariis,
741 2164 771 2194 et
796 2162 865 2193 vice
892 2159 984 2192 versa
1010 2159 1179 2192 conferan-

526 2217 585 2255 tur,
605 2213 678 2247 284.

432 2267 564 2301 CXVIII.
582 2267 707 2301 Erectio
724 2266 890 2301 custodiae
923 2266 1077 2300 Bavariae
1109 2266 1179 2300 sra-

523 2325 603 2354 trum
613 2320 744 2356 Ordinis
758 2320 914 2354 Minorum
925 2321 955 2354 S.
965 2321 1126 2354 Francisci
1139 2320 1179 2354 de

523 2373 736 2410 Observantia
761 2375 1014 2408 Reformatorum
1046 2375 1077 2407 in
1107 2384 1180 2418 pro-

527 2430 664 2462 vinciam
688 2428 940 2462 Reformatorum
965 2427 1180 2461 Discalceato-

524 2492 592 2515 rum
629 2482 783 2515 Bavariae
809 2482 1073 2525 nuncupandam,
1107 2491 1179 2515 cum

525 2537 812 2570 communicatione
838 2537 980 2569 omnium
1004 2536 1182 2579 gratiarum

524 2590 735 2633 spiritualium
760 2593 791 2623 et
816 2589 1036 2633 temporalium
1054 2591 1181 2633 provin-

524 2644 582 2677 ciis
609 2642 835 2687 Hispaniarum
870 2652 1104 2687 concessarum‚
1144 2652 1209 2685 aci

1228 226 1379 252 Romnum

1316 279 1477 314 nonnullis
1516 279 1587 314 aliis
1626 279 1881 318 ordinationibus
1915 294 1973 328 pro

1286 344 1289 347 ·
1315 332 1400 368 bono
1414 334 1507 368 huius
1522 335 1707 378 provinciae
1721 337 1889 379 regImine,
1901 337 1972 372 289.

1228 387 1336 421 CXIX.
1362 387 1548 422 Commissio
1572 387 1734 423 collectori
1765 389 1974 433 Por-tugalliae

1316 445 1350 476 ul
1385 445 1475 475 curet
1507 443 1539 475 in
1572 444 1681 485 regnis
1707 442 1920 486 portugalliae
1945 448 1976 478 et

1317 494 1542 539 Algarbiorum
1582 496 1787 539 supersederi
1819 496 1859 530 ab
1900 506 1976 530 exe-

1316 551 1468 594 quutione
1492 550 1669 584 litterarum
1687 551 1834 595 Gregorii
1853 551 1910 585 XV
1935 552 1975 586 de

1318 609 1542 647 exemptorum
1567 603 1747 647 privilegiis
1763 605 1848 637 circa
1865 613 1975 638 curam

1317 658 1495 691 animarum
1526 660 1558 691 et
1587 657 1894 691 administrationem
1927 667 1977 692 sa-

1317 714 1561 752 cramentorum,
1576 710 1760 744 monialium
1771 713 1975 753 monasteria,

1318 767 1348 797 et
1372 763 1645 807 praedicationem
1670 763 1761 797 verbi
1786 763 1866 805 Dei,
1894 764 1968 798 292.

1230 816 1322 851 CXX.
1347 816 1508 850 Indultum
1528 816 1732 851 Tiniensibus
1758 817 1977 862 consequendi

1319 869 1552 913 indulgentiam
1584 872 1659 904 anni
1693 870 1825 905 iubilaei
1849 872 1882 904 in
1906 872 1977 915 ipsa

1314 923 1456 957 Tiniensi
1481 923 1594 965 insuta,
1611 923 1684 957 292.

1231 977 1336 1012 CXXI.
1350 977 1528 1012 Facultates
1546 978 1732 1022 provinciae
1744 975 1973 1012 Romandiolae

1319 1031 1461 1075 praesidi
1486 1040 1658 1065 concessae
1682 1031 1722 1065 ad
1756 1040 1914 1065 annonam
1945 1032 1977 1066 in

1321 1083 1436 1119 eadem
1460 1083 1625 1129 provincia
1643 1085 1886 1128 procurandam,
1903 1084 1976 1119 294.

1232 1138 1354 1174 CXXII.
1365 1138 1509 1172 Facultas
1523 1138 1630 1172 eidem
1639 1137 1866 1172 Romandiolae
1881 1141 1977 1172 etex-

1323 1197 1450 1227 arcatus
1475 1193 1648 1227 Ravennae
1672 1192 1813 1237 praesidi
1830 1191 1978 1227 bannitos

1322 1246 1521 1289 absolvendi,
1547 1248 1670 1280 etiamsi
1694 1247 1776 1290 parti
1793 1245 1898 1279 laesae
1915 1255 1977 1279 non

1320 1301 1542 1343 satisfecerint,
1567 1300 1738 1334 dummodo
1763 1298 1978 1334 abstineanta

1319 1354 1387 1388 loco
1412 1355 1527 1398 patrati
1544 1353 1663 1396 delicti,
1679 1354 1752 1388 295.

1231 1408 1366 1443 CXXIII.
1399 1407 1569 1441 Concessio
1604 1409 1756 1441 similium
1792 1407 1977 1442 facultatum

1320 1461 1479 1496 Marchiae
1516 1461 1735 1495 Anconitanae
1770 1460 1978 1505 gubernatori

1320 1515 1426 1561 quoad
1439 1515 1579 1549 affictum
1593 1514 1706 1548 Montis
1723 1514 1887 1557 Marciani,
1904 1514 1977 1548 296.

1231 1569 1365 1604 CXXIV.
1387 1569 1517 1603 Mandat
1536 1568 1758 1612 metropolitae
1786 1568 1920 1602 Russiae
1944 1571 1978 1602 ut

1320 1623 1479 1667 synodum
1500 1621 1731 1666 provincialem
1748 1621 1884 1665 singuIIS
1902 1631 1978 1667 qua-

1319 1677 1476 1710 drienniis
1501 1675 1654 1718 celebret,
1682 1676 1755 1708 297.

1230 1730 1351 1765 CXXV.
1365 1730 1479 1763 Pisano
1500 1729 1742 1773 archiepiscopo
1756 1729 1931 1769 committit,
1946 1732 1979 1762 ut

1320 1786 1411 1817 curet
1434 1782 1713 1833 archiepiscopum
1743 1781 1979 1815 Mithilenarum

1321 1845 1339 1870 a
1375 1836 1506 1869 Graecis
1541 1834 1673 1868 Liburni
1709 1833 1978 1868 commorantibus

1320 1890 1423 1933 recipi
1443 1892 1538 1933 atque
1563 1888 1677 1931 audiri,
1694 1887 1766 1921 298.

1231 1942 1367 1978 CXXVI.
1381 1942 1586 1976 Confirmatio
1606 1941 1818 1986 quorumdam
1841 1944 1979 1976 statuto-

1320 2006 1389 2029 rum
1400 1996 1555 2029 ecclesiae
1566 1995 1829 2039 metropolitanae
1838 1994 1978 2029 Eboren-

1319 2052 1362 2083 sis
1394 2050 1435 2083 de
1460 2049 1702 2093 probationibus
1727 2059 1824 2093 super
1841 2051 1976 2093 puritate

1319 2105 1485 2147 sanguinis
1505 2102 1544 2136 ab
1562 2104 1601 2136 iis
1618 2103 1786 2145 faciendis,
1804 2105 1859 2148 qui
1876 2103 1916 2136 ad
1931 2102 1977 2136 di-

1320 2159 1467 2201 gnitates,
1494 2156 1620 2201 aliaque
1652 2156 1810 2190 beneficia
1831 2156 1977 2190 eiusdem

1320 2210 1477 2244 ecclesiae
1502 2213 1740 2254 promoventur,
1756 2208 1829 2243 298.

1231 2264 1377 2300 CXXVII.
1403 2263 1450 2298 Ex
1470 2268 1543 2298 voto
1564 2263 1829 2308 Congregationis
1844 2262 1978 2297 Concilii

1320 2318 1501 2352 declaratur
1521 2319 1553 2351 in
1582 2316 1841 2354 translationibus
1854 2319 1978 2361 episco-

1320 2382 1433 2416 porum
1457 2371 1612 2406 ecclesiae
1638 2373 1836 2405 vacationem
1868 2370 1907 2404 ab
1939 2370 1977 2404 ea

1320 2425 1373 2460 die
1398 2435 1468 2460 esse
1493 2425 1747 2469 computandam⁷
1773 2424 1835 2470 qua
1855 2426 1978 2468 epIsco-

1321 2491 1380 2524 pus
1412 2479 1452 2514 ab
1483 2481 1552 2514 eius
1577 2479 1704 2514 vIncqu
1736 2479 1913 2514 absolvitur
1944 2480 1976 2513 in

1323 2535 1520 2577 consistorio,
1536 2534 1610 2568 304.
1839 2525 1843 2529 ’

1233 2588 1400 2624 CXXVIII.
1425 2588 1611 2623 Adhortatio
1628 2588 1668 2622 ad
1689 2587 1902 2632 patriarchas,
1927 2596 1978 2621 ar-

1321 2642 1541 2688 chiepiscopos
1555 2646 1586 2678 et
1601 2642 1777 2687 episcopos,
1803 2644 1837 2677 ut
1855 2641 1921 2686 ipsi
1943 2643 1974 2676 et
