2269 3235
256 236 302 263 Λιι.
327 237 355 263 r..
376 237 441 264 icet
493 229 551 261 Μὶν]

323 299 438 323 lii-rogatio

253 328 415 347 contrariorum

275 1251 356 1271 causae
371 1252 432 1271 lanus

249 1280 410 1298 constitutivum.

497 288 512 329 ,ξ
537 286 566 319 5.
595 286 662 319 Νοιι
687 286 881 319 obstantibus
901 287 1090 330 apostolicis,
1107 297 1142 321 ac
1162 288 1212 320 in⁴

453 338 692 381 universalibus,
719 339 1028 383 provincialibusque
1052 343 1082 374 ct
1106 350 1195 385 syno-

452 392 575 425 dalibus
611 392 752 425 conciliis
787 392 878 426 editis
913 393 1113 435 generalibus
1145 394 1192 428 vel

450 445 639 488 specialibus
656 445 931 479 constitutionibus
948 451 978 478 ct.
993 446 1194 481 ordinationi-

450 498 517 540 bus,
543 499 718 542 ceterisque
742 499 908 532 contrariis
929 499 1190 545 quibuscumque.

494 552 602 586 Datum
618 552 744 591 Romae,
759 552 840 596 apud
861 553 889 586 S.
908 553 1046 595 Petrum,
1063 554 1121 588 sub
1137 565 1192 588 an-

449 605 523 637 nulo
550 605 726 646 Piscatoris,
744 606 793 639 die
814 616 855 640 xv
881 607 1013 640 ianuarii
1039 618 1191 650 nncxxw,

450 658 648 701 pontificatus
673 659 770 693 nostri
795 670 877 694 anno
901 670 920 693 1.

486 721 542 748 Dat.
565 722 608 750 die
630 722 662 749 15
681 722 798 750 ianuarii
820 723 898 759 1624,
920 724 1014 759 pontis.
1038 732 1081 751 an.
1103 733 1122 751 ι.

777 840 863 872 XXV.

450 908 598 942 Declarat
614 908 828 943 Ordi'narimn
841 910 1030 953 colleqz'atae
1044 910 1076 943 S.
1096 910 1191 944 Ioan—

491 963 544 994 m's
557 962 595 995 de
607 961 799 1001 Abbati-esis,
818 962 1017 996 Vicentinae¹
1030 963 1189 1005 dioecesis,

491 1025 554 1047 ozon
586 1025 650 1047 esse
681 1015 999 1058 archipresbpsterum
1021 1016 1191 1060 praefatae

492 1067 650 1107 ecclesiae,
677 1068 731 1100 sed
755 1068 939 1112 episcopum
970 1068 1186 1103 Vicentinmn.

656 1139 791 1166 Urbanus
808 1140 887 1173 Papa
902 1140 980 1173 VIII,

571 1184 605 1210 ad
626 1187 804 1217 perpetuam
824 1184 870 1210 rei
886 1184 1068 1212 memoriam.

491 1244 506 1286 ξ
531 1244 559 1276 1.
581 1244 664 1276 Alias
687 1245 785 1278 felicis
806 1245 1032 1279 recordationis
1048 1246 1189 1280 Clemens

448 1297 528 1340 Papa
549 1297 612 1329 VIII
638 1298 863 1341 praedecessor
886 1304 1002 1340 noster,
1023 1305 1188 1343 postquam

446 1350 594 1383 Ordinem
622 1351 650 1384 S.
676 1352 840 1394 Augustini
876 1353 1101 1386 canonicorum
1133 1365 1185 1387 rc-

446 1405 604 1447 gularium
628 1406 659 1437 in
683 1406 860 1450 principatu
881 1408 1066 1447 Cataloniae,
1084 1418 1119 1441 ac
1140 1419 1190 1442 co-

446 1458 606 1491 mitatibus
630 1459 815 1493 Rossilionis
843 1465 873 1493 et
898 1461 1092 1501 Ceritaniae,
1117 1472 1188 1494 cuni

445 1511 591 1544 omnibus
608 1512 672 1545 suis
689 1513 841 1546 membris
859 1518 888 1546 ct
904 1514 1111 1557 pertinentiis,
1125 1526 1190 1547 om-

445 1574 580 1608 nemque
605 1565 671 1598 eius
696 1571 822 1607 statum,
843 1567 1009 1600 essentiam
1028 1573 1058 1600 et
1074 1568 1189 1611 depen-

445 1617 581 1651 dentiam
606 1620 768 1662 regulares
793 1626 946 1664 perpetuo
971 1627 1189 1664 suppresserat

445 1676 475 1703 et
498 1671 684 1713 extinxerat,
705 1673 916 1717 eumdemque
933 1679 963 1707 ct.
980 1674 1062 1707 illius
1079 1686 1188 1708 mona-

445 1725 555 1765 steria,
581 1726 739 1769 prioratus
764 1732 794 1760 et
816 1727 968 1760 beneficia
1000 1729 1037 1761 ad
1068 1730 1186 1762 secula-

445 1778 568 1811 ritatem
593 1779 771 1821 reduxerat,
796 1786 825 1813 et
849 1781 893 1814 sic
919 1782 1046 1815 reducta
1063 1794 1136 1815 suae
1158 1788 1187 1816 ct

445 1832 634 1874 apostolicae
658 1832 856 1876 dispositioni
881 1839 969 1867 motu
992 1836 1124 1879 proprio
1142 1847 1188 1869 rc-

445 1890 632 1926 servaverat,
649 1887 876 1919 monasterium
894 1887 922 1920 S.
937 1888 1059 1921 Ioannis
1077 1889 1114 1922 de
1131 1889 1188 1922 Ab·

444 1938 569 1971 batissis
583 1946 809 1983 nuncupatum,
824 1941 1002 1973 Vicentinae
1024 1943 1186 1984 dioecesis,

445 2001 541 2023 unum
566 2002 602 2024 ex
628 1992 745 2026 eisdem
763 1995 924 2037 suppressi
942 1995 1066 2028 Ordinis
1082 2007 1188 2029 mona-

445 2045 568 2086 steriis,
593 2056 629 2079 ac
661 2047 718 2079 sub
751 2047 919 2090 praedictis
943 2049 1126 2082 reductione
1158 2055 1187 2083 ct

445 2100 656 2133 reservatione
673 2102 949 2145 comprehensum,
968 2103 998 2135 in
1013 2104 1185 2136 secularem

445 2157 474 2184 et
494 2152 691 2195 collegiatam
717 2155 894 2197 ecelesiam,
912 2166 947 2188 ac
972 2156 1002 2188 in
1027 2158 1064 2189 ea
1088 2167 1186 2189 unum

444 2206 796 2251 archipresbyteratum,
821 2209 874 2252 qui
902 2209 978 2241 inihi
1004 2210 1186 2254 principalis

444 2258 579 2302 dignitas
603 2260 758 2302 existeret,
783 2272 906 2295 necnon
925 2266 970 2296 tot
986 2263 1186 2297 canonicatus

445 2317 474 2343 et
494 2313 698 2356 praebendas,
717 2315 849 2357 quot.in
873 2315 927 2348 illa
951 2322 1022 2349 ante
1042 2327 1187 2361 suppres-

445 2365 564 2399 sionem
597 2372 627 2400 et
658 2367 873 2401 reductionem
898 2369 1073 2413 praedictas
1097 2376 1186 2403 erant

444 2414 512 2452 loca
529 2426 558 2453 et
579 2421 775 2454 canonicales
795 2422 966 2466 portiones,
992 2434 1051 2467 pro
1075 2428 1121 2457 tot
1140 2435 1187 2457 ca-

445 2473 564 2507 nonicis
578 2501 585 2515 ,
620 2474 673 2517 qui
708 2476 770 2508 una
805 2486 876 2508 cum
912 2476 1185 2522 archipresbytero

446 2528 623 2560 huiusmodi
656 2529 826 2572 capitulum
863 2529 1003 2562 eiusdem
1035 2531 1185 2564 ecclcsiae

444 2580 680 2622 constituerent,
698 2592 733 2614 ac
750 2582 835 2622 alias,
852 2582 909 2615 sub
930 2583 1023 2616 certis
1044 2584 1138 2618 modo
1156 2590 1185 2618 et

482 2643 492 2668 1
514 2642 542 2669 ln
561 2642 649 2670 Const.
663 2643 747 2671 Clem.
760 2644 818 2671 VIII
839 2644 935 2680 legitur
952 2646 1074 2675 Vicensis
1084 2647 1123 2683 (R.
1136 2647 1184 2681 T.).

1042 239 1220 263 BULLAIIIUM
1247 239 1401 263 l'tOllIANIlM

1227 288 1329 321 forma
1354 293 1426 320 tunc
1451 286 1617 331 expressis,
1642 287 1742 322 erexit
1764 292 1795 321 et
1819 287 1967 328 instituit,

1227 351 1262 374 ac
1286 341 1367 374 inter
1390 341 1466 374 alias
1490 339 1637 374 ecclesias
1652 340 1856 384 praedictam,
1874 340 1969 374 illius·

1227 405 1286 438 quc
1303 394 1480 438 dignitates,
1498 393 1700 428 canonicatus
1716 398 1747 427 et
1761 394 1966 438 praebendas,

1226 458 1262 481 ac
1290 448 1350 481 alia
1379 447 1553 488 beneficia,
1577 451 1700 480 necnon
1732 447 1906 491 capitulum
1938 451 1967 481 et

1226 501 1386 536 ministros
1404 512 1460 535 suo
1476 500 1642 536 Ordinario
1659 500 1816 534 subiectos
1833 511 1901 534 esse
1918 511 1968 534 vo-

1225 555 1299 595 luit,
1324 560 1354 588 ct
1377 555 1470 596 alias,
1495 558 1590 599 prout
1621 554 1651 587 in
1681 553 1778 598 ipsius
1801 553 1967 588 Clementis

1224 608 1475 652 praedecessoris
1500 608 1635 651 desuper
1655 607 1713 640 sub
1731 606 1862 651 plumbo
1878 616 1968 650 expe-

1225 660 1296 693 ditis
1320 661 1442 702 litteris,
1457 671 1592 705 quarum
1609 664 1733 695 tenores
1749 659 1967 704 praesentibus

1224 725 1282 758 pro
1316 715 1472 759 expressis
1504 714 1614 748 haberi
1645 714 1810 755 volumus,
1843 713 1966 758 plenius

1225 767 1403 800 continetur
1416 767 1434 800 ¹.

1269 821 1283 864 ᾗ
1307 820 1336 853 ⁶2.
1362 821 1437 853 Cum
1462 826 1576 861 autem,
1601 821 1681 854 sicut
1705 820 1892 854 venerabilis
1909 820 1967 853 fra-

1225 876 1271 907 ter
1295 874 1465 907 modernus
1485 875 1652 918 episcopus
1673 874 1852 907 Vicentinus
1875 874 1966 906 nobis

1223 936 1324 970 nuper
1340 927 1453 970 exponi
1471 927 1551 968 fecit,
1568 933 1639 972 post
1663 928 1796 962 iuratam
1813 932 1842 960 et
1862 928 1967 961 obser-

1225 984 1326 1011 vatam
1340 984 1460 1023 septem
1476 980 1525 1012 vel
1541 985 1612 1013 octo
1629 981 1717 1013 annis
1732 986 1806 1013 tunc
1823 981 1965 1014 existenti

1224 1032 1373 1076 episcopo
1399 1032 1560 1066 Vicentino
1584 1033 1794 1066 obedientiam
1819 1039 1850 1067 et
1872 1045 1965 1078 supe—

1224 1086 1409 1127 rioritatem,
1434 1086 1566 1120 dilectus
1590 1087 1672 1120 filius
1689 1087 1820 1120 Ioannes
1835 1087 1911 1128 Coli,
1928 1098 1964 1120 ex

1225 1140 1411 1173 beneficiato
1427 1140 1526 1173 dictae
1543 1140 1694 1173 ecclesiae
1713 1140 1967 1184 archipresbyter

1224 1194 1332 1235 sactus,
1346 1195 1599 1238 superioritatem
1621 1194 1694 1243 dicti
1711 1194 1851 1238 episcopi
1868 1194 1967 1227 detre-

1224 1252 1328 1289 ctans,
1353 1258 1370 1280 a
1395 1248 1477 1281 dicta
1508 1248 1687 1281 obedientia
1713 1247 1879 1280 desciverit
1903 1249 1965 1280 una

1224 1312 1295 1334 curn
1328 1302 1494 1334 medietate
1525 1302 1751 1335 canonicorum
1783 1305 1814 1334 et
1838 1300 1964 1333 ‘benefi-

1224 1355 1377 1389 ciatorum
1398 1355 1495 1399 ipsius
1519 1354 1680 1395 ecclesiae,
1706 1359 1735 1387 et
1759 1354 1881 1387 diversa
1905 1353 1964 1386 alia

1224 1408 1254 1440 in
1278 1408 1508 1452 praeiudicium
1524 1413 1554 1440 et
1569 1407 1717 1440 damnum
1740 1406 1964 1439 iurisdictionis

1223 1461 1373 1505 praedicti
1398 1461 1537 1504 episcopi
1562 1460 1714 1493 Vicentini
1740 1460 1847 1492 t'ccerit
1871 1465 1901 1492 et
1924 1463 1965 1493 at-

1222 1515 1397 1555 tentaverit,
1421 1520 1452 1547 et
1475 1519 1644 1558 propterea
1668 1513 1769 1546 dictus
1794 1513 1964 1546 modernus

1222 1568 1389 1612 episcopus
1420 1568 1510 1601 nobis
1538 1567 1700 1600 humiliter
1728 1566 1899 1610 supplicari
1924 1566 1965 1598 fe-

1222 1622 1310 1663 cerit,
1327 1626 1361 1656 ut
1381 1632 1475 1665 super
1499 1621 1679 1665 praemissis
1696 1625 1875 1664 opportune
1895 1630 1965 1664 pro-

1222 1675 1327 1708 videre
1359 1675 1398 1708 de
1430 1674 1622 1717 benignitate
1655 1673 1827 1717 apostoliea
1855 1673 1964 1716 digna-

1222 1739 1350 1761 remur:

1266 1785 1281 1827 ἓ
1312 1783 1341 1816 3.
1374 1784 1446 1824 Nos,
1481 1783 1677 1827 praemissis,
1704 1787 1857 1826 quantum
1892 1793 1963 1815 cum

1221 1836 1354 1869 Domino
1379 1847 1558 1880 possumus,
1583 1836 1711 1869 obviare
1736 1835 1885 1877 volentes,
1910 1835 1965 1868 hu-

1221 1890 1356 1923 iusmodi
1381 1889 1662 1933 supplicationibus
1686 1889 1836 1930 inclinati,
1853 1889 1891 1921 de
1916 1899 1965 1921 ve-

1220 1942 1409 1975 nerabilium
1422 1943 1555 1975 fratrum
1568 1948 1751 1976 nostrorum
1770 1948 1893 1975 sanctae
1907 1942 1965 1976 Ro-

1221 2007 1330 2029 manae
1344 1996 1501 2030 Ecclesiae
1519 1996 1724 2030 cardinalium
1742 1997 1822 2029 sacri
1835 1996 1963 2030 Concilii

1220 2050 1393 2083 Tridentini
1425 2051 1634 2094 interpretum
1668 2050 1820 2090 consilio,
1850 2050 1962 2082 harum

1221 2103 1311 2144 serie,
1328 2104 1500 2147 apostolica
1518 2104 1702 2137 auctoritate
1719 2103 1917 2136 decernimus
1934 2106 1964 2135 et

1220 2156 1426 2198 declaramus,
1447 2157 1603 2190 Ordinarii
1628 2156 1848 2201 appellatione,
1874 2156 1963 2189 cuius

1220 2210 1251 2242 in
1276 2210 1386 2243 iisdem
1416 2211 1528 2243 litteris
1555 2211 1591 2244 fit
1622 2211 1739 2244 mentio
1754 2237 1761 2251 ‚
1785 2211 1962 2243 nullatenus

1220 2274 1286 2297 esse
1301 2264 1538 2307 intelligendum
1552 2264 1859 2308 archipresbyterum
1874 2274 1963 2307 prae-

1220 2316 1320 2350 dictae
1337 2317 1486 2350 ecclesiae
1503 2317 1532 2350 S.
1551 2317 1685 2358 Ioannis,
1706 2317 1760 2350 sed
1777 2316 1960 2361 episcopum

1220 2370 1417 2409 Vicentinum
1442 2370 1613 2411 dumtaxat,
1638 2370 1772 2414 ideoque
1797 2370 1960 2403 ecclesiam

1220 2423 1329 2467 ipsam,
1349 2424 1496 2467 illiusque
1520 2424 1695 2467 dignitates,
1712 2424 1914 2457 canonicatus
1931 2429 1957 2456 et

1219 2477 1371 2510 beneficia
1395 2488 1455 2521 pro
1480 2482 1622 2521 tempore
1648 2477 1843 2517 obtinentes,
1868 2481 1960 2520 atquc

1219 2532 1296 2565 alios
1327 2542 1544 2576 quoscumque
1569 2532 1747 2574 ministros,
1770 2541 1834 2565 non
1858 2531 1959 2564 eidem

1256 2605 1265 2630 1
1284 2603 1402 2631 Litterae
1418 2604 1615 2640 suppressionis
1630 2607 1691 2632 sunt
1705 2604 1733 2631 in
1749 2603 1828 2631 Bull.
1842 2606 1907 2630 tom.
1922 2609 1958 2636 ix,

1219 2656 1280 2683 pag.
1297 2648 1359 2684 580,
1375 2649 1422 2676 sed
1439 2657 1492 2677 non
1506 2650 1672 2685 posteriores
1688 2648 1831 2678 erectionis
1845 2650 1882 2684 (a.
1898 2649 1949 2682 T.).

1985 239 2032 266 An.
2050 240 2079 267 C.
2101 240 2169 268 ¹624

1998 1789 2125 1813 Declaratio.
2136 1790 2162 1810 «lo

1979 1822 2021 1843 qua
2033 1817 2052 1837 in
2068 1817 2153 1837 rubrica
