2269 3235
214 234 262 261 An.
283 233 396 261 01627
444 225 507 258 570

230 405 358 427 Commisslo,
367 405 392 425 ile

210 438 251 458 qna
263 438 282 452 iu
298 432 390 453 rubrica.

407 282 537 316 siasticis
562 292 688 325 quoquo
710 280 802 313 niodo
827 280 986 321 exigentes
1013 276 1144 311 inflictas

408 335 625 369 damnabiliter
650 332 848 367 incurrendo.

452 390 467 432 ξ
490 389 519 421 2.
544 389 619 421 Cum
640 392 754 425 autem,
771 386 850 417 sicut
868 384 977 417 eadem
991 383 1145 428 expositio

408 441 624 484 subiungebat,
649 450 747 482 aquae
772 438 950 482 praedictae
975 437 1006 471 in
1030 437 1144 471 dictam

408 495 564 528 civitatem
589 492 747 533 *derivatio
778 502 841 525 non
874 490 967 524 modo
993 491 1144 524 laicorum

408 549 461 581 sed
488 548 580 580 etiam
610 546 893 578 ecclesiasticorum
918 545 1026 577 usibus
1050 544 1147 578 inser-

409 601 478 641 viat,
497 612 532 633 ac
549 605 718 643 propterea
742 598 925 642 praesidens
943 608 978 631 ac
1000 598 1147 631 officiales

408 653 559 697 praedicti
582 652 675 685 nobis
699 651 860 686 humiliter
881 651 1051 695 supplicari
1072 651 1148 684 sece-

408 708 478 747 rint,
504 711 538 739 ut
562 705 621 738 sibi
646 705 683 738 de
708 705 914 739 absolutionis
939 704 1091 739 beneficio
1116 705 1147 738 in

408 759 587 805 praemissis
611 764 788 803 opportune
812 759 978 803 providere
997 759 1036 791 de
1058 758 1148 791 beni-

408 815 525 858 gnitate
542 813 715 857 apostolica
729 812 949 855 dignaremur:
967 821 1024 844 nos
1041 811 1147 855 igitur,

409 866 615 911 praesidentis
648 870 677 899 et
706 865 886 898 officialium
913 864 1146 908 praedictorum

409 920 671 954 conscientiarum
695 919 802 962 quieti,
827 923 978 962 quantum
1004 928 1076 951 cum
1092 918 1150 952 Do-

410 973 495 1007 mino
521 983 699 1017 possumus,
724 972 858 1013 benigne
875 971 1050 1014 consulerc,
1068 972 1150 1005 illos-

410 1038 469 1070 que
494 1026 681 1070 specialibus
706 1024 864 1058 favoribus
890 1031 919 1057 et
944 1025 1052 1067 gratiis
1080 1036 1150 1069 pro—

409 1080 496 1123 sequi
522 1080 669 1119 volentes,
694 1084 723 1111 ct
748 1089 764 1110 a
790 1078 951 1121 quibusvis
973 1089 1150 1112 excommu-

407 1133 580 1173 nicationis,
606 1131 820 1175 suspensionis
838 1137 865 1164 ct
884 1131 1051 1171 interdicti,
1069 1132 1150 1164 aliis-

409 1197 469 1230 que
493 1184 711 1218 ecclesiasticis
745 1184 928 1225 sententiis,
954 1185 1094 1217 censuris
1121 1190 1147 1217 et

410 1238 528 1282 poenis,
546 1248 562 1270 a
583 1238 650 1270 iure
675 1238 722 1270 rel
747 1237 784 1269 ab
810 1237 947 1279 homine,
973 1237 1082 1281 quavis
1102 1249 1151 1271 oc—

410 1291 533 1325 casione
559 1291 605 1323 rel
630 1292 722 1323 causa
740 1290 820 1331 latis⁷
838 1290 863 1323 si
883 1290 997 1334 quibus
1022 1301 1151 1334 quomo-

410 1345 525 1378 dolibet
562 1344 700 1378 innodati
737 1344 894 1384 existunt,
930 1344 969 1376 ad
1004 1344 1148 1377 effectum

410 1398 620 1442 praesentium
637 1398 796 1431 dumtaxat
816 1397 1082 1441 consequendum,
1101 1398 1152 1430 lia-

410 1463 482 1485 rum
507 1453 586 1485 serie
612 1452 807 1485 absolventes
838 1457 867 1484 et
900 1451 1060 1484 absolutos
1085 1452 1150 1485 sore

411 1511 580 1545 censentes,
593 1504 874 1548 supplicationibus
888 1505 1013 1538 illorum
1025 1505 1151 1538 nomine

411 1559 500 1593 nobis
525 1570 618 1603 super
644 1559 702 1591 boc
728 1558 890 1590 humiliter
919 1558 1074 1601 porrectis
1098 1558 1148 1591 in-

412 1613 535 1653 clinati,
567 1612 752 1646 fraternitati
785 1617 854 1644 tuae
882 1622 939 1656 per
970 1610 1151 1656 praesentes

414 1668 638 1701 committimus
657 1672 685 1700 et
710 1666 905 1707 mandamus,
924 1672 957 1698 ut
974 1666 1152 1710 praesiden-

415 1727 476 1754 tem
501 1726 531 1753 et
555 1721 702 1754 officiales
726 1719 914 1763 praedictos,
940 1724 969 1752 et
987 1730 1153 1762 quoscum-

414 1784 474 1817 que
499 1774 586 1813 alios,
612 1774 637 1806 si
657 1774 716 1806 hoc
738 1783 754 1805 a
772 1778 799 1805 te
817 1773 978 1805 humiliter
994 1773 1151 1817 petierint,

415 1827 561 1871 imposita
587 1827 647 1859 illis
672 1832 700 1859 et
725 1837 836 1859 eornm
861 1826 988 1859 cuilibet
1022 1826 1152 1860 arbitrio

416 1886 467 1914 tuo
493 1880 683 1925 poenitentia
708 1880 846 1920 salutari,
864 1885 892 1912 et
913 1880 981 1912 aliis
1007 1879 1153 1913 iniunctis

415 1934 623 1976 iniungendis,
649 1938 679 1966 et
703 1933 874 1966 dummodo
899 1944 916 1966 a
940 1933 1095 1966 similibus
1116 1933 1154 1967 de

416 1993 519 2021 cetero
545 1987 729 2029 abstineant,
751 1998 767 2020 a
791 1987 953 2031 quibusvis
973 1998 1155 2021 excommu-

416 2042 589 2082 nicationis,
614 2041 826 2085 suspensionis
843 2047 872 2074 et
889 2041 1057 2082 interdicti,
1075 2042 1155 2075 aliis-

418 2107 477 2139 que
502 2096 720 2129 eeelesiastieis
752 2096 934 2136 sententiis,
959 2096 1100 2129 censuris
1125 2102 1154 2129 et.

417 2150 535 2193 poenis,
552 2160 608 2193 per
629 2160 681 2182 eos
699 2154 728 2182 et
745 2159 854 2182 eorum
873 2149 1045 2192 quemlibet
1062 2152 1154 2194 prae-

419 2203 586 2235 missorum
614 2203 777 2236 occasione
806 2213 903 2246 usque
929 2203 967 2235 ad
991 2203 1072 2235 diem
1102 2215 1156 2247 pu-

418 2256 592 2289 blicationis
617 2256 827 2300 praesentium
853 2256 1090 2300 quomodolibet
1114 2257 1157 2290 in-

420 2310 527 2352 cursis,
553 2303 735 2343 auctoritate
760 2312 867 2343 nostra
892 2310 1034 2344 absolvas
1059 2316 1089 2343 et
1113 2316 1156 2343 to-

421 2363 521 2395 taliter
545 2363 680 2405 liberes,
706 2363 829 2407 illisque
859 2364 956 2397 dictas
980 2374 1097 2408 poenas
1121 2374 1156 2398 ae

421 2416 565 2459 pecunias
579 2417 617 2448 ad
633 2428 862 2461 (piamcumque
880 2428 1036 2450 summam
1053 2428 1158 2451 ascen-

422 2468 535 2509 denti-sl,
562 2469 599 2500 :ab
627 2470 842 2503 ecelesiasticis
867 2482 904 2503 ex
929 2470 1010 2504 dicta
1035 2471 1158 2513 gabella

423 2532 478 2564 per
502 2522 625 2554 eosdem
650 2523 879 2566 praesidentem
903 2530 933 2557 et
957 2524 1105 2558 officiales
1128 2529 1158 2558 ct

423 2576 498 2605 elio-s
534 2575 708 2617 praedictos
744 2577 978 2619 quomodolibet
1013 2583 1156 2621 exactas,

424 2629 558 2670 giutiose
582 2628 721 2661 remittas
747 2635 775 2662 et
799 2630 970 2672 condones,
991 2641 1107 2675 eosque
1127 2632 1158 2665 in

970 230 1150 254 BULLAIIlUM
1175 229 1328 253 ROMANUM

1177 276 1356 321 pristinum,
1366 281 1397 310 et
1410 286 1492 316 eum,
1510 276 1541 309 in
1559 285 1632 320 quo,
1646 279 1812 320 antequam
1826 286 1918 321 prae-

1178 329 1272 362 missa
1286 334 1479 370 emanarent,
1495 328 1734 372 quomodolibet
1749 334 1848 372 erant,
1862 334 1918 363 sta-

1179 380 1242 415 tu'm
1266 382 1432 424 restitum,
1458 391 1592 426 reponas
1616 384 1648 420 et
1668 381 1808 425 plenarie
1831 381 1916 415 rein-

1179 441 1291 479 tegres,
1317 436 1381 469 sive
1405 436 1443 468 ad
1469 434 1609 468 eiusdem
1627 434 1833 478 praesidentis
1849 445 1920 479 sup-

1179 489 1394 534 plicationem,
1420 488 1502 521 sive¹
1527 487 1707 522 officialium
1733 492 1763 521 et
1785 487 1919 521 aliorum

1179 543 1414 587 praedictorum
1443 541 1498 575 tibi
1522 541 1717 583 faciendam,
1742 541 1920 574 facultatem

1181 596 1379 636 huiusmodi,
1413 595 1558 640 vicesque
1587 599 1653 629 tuas
1681 595 1712 627 in
1740 594 1920 638 praemissis

1180 649 1342 693 quibusvis
1359 649 1557 684 confessariis
1578 648 1699 683 idoneis
1715 648 1846 682 ubilibet
1860 647 1921 687 exi-

1181 703 1334 736 stentibus
1351 708 1381 736 et
1397 703 1435 736 ab
1453 703 1626 737 Ordinariis
1650 702 1792 736 locorum
1810 711 1922 746 appro-

1181 755 1271 797 batis,
1297 756 1391 790 modo
1415 762 1445 790 et
1469 757 1570 790 forma
1594 755 1760 798 similibus,
1783 765 1922 789 commu-

1181 809 1266 842 nices
1289 815 1319 842 et
1342 809 1537 853 subdeleges.

1226 863 1241 906 ἓ
1263 862 1292 895 3.
1318 864 1386 896 Non
1411 863 1609 896 obstantibus
1629 861 1821 907 apostolicis,
1838 872 1874 896 ac
1891 862 1921 895 in

1182 916 1421 957 universalibus,
1447 916 1757 960 provincialibusque
1781 914 1922 949 conciliis
1937 902 1949 924 ὖ

1182 969 1297 1002 edititis
1325 969 1528 1012 generalibus
1557 970 1605 1002 vel
1631 968 1820 1013 specialibus
1848 978 1922 1001 con-

1182 1022 1395 1057 stitutionibus
1419 1028 1449 1055 et
1473 1022 1732 1065 ordinationibus,
1748 1021 1923 1066 ceterisque

1177 1075 1349 1121 contrariis
1373 1076 1635 1119 quibuscumque.

1226 1129 1337 1162 Datum
1362 1129 1491 1170 Romae,
1515 1129 1597 1173 apud
1622 1128 1650 1162 S.
1676 1128 1804 1162 Mariam
1828 1128 1923 1161 Maio-

1182 1193 1260 1219 rem,
1294 1183 1352 1215 sub
1379 1183 1494 1216 annulo
1514 1183 1691 1223 piscatoris,
1714 1182 1765 1216 die
1781 1192 1835 1216 xlv
1857 1182 1924 1215 iulii

1183 1246 1347 1277 nncxxvn,
1358 1236 1557 1280 pontificatus
1570 1237 1668 1270 nostri
1686 1247 1768 1270 anno
1781 1247 1822 1270 lv.

1220 1301 1276 1327 Dat.
1299 1300 1341 1328 die
1361 1301 1390 1328 14
1405 1300 1463 1327 iulii
1480 1300 1558 1334 1627,
1579 1300 1674 1339 pontif.
1690 1309 1734 1328 an.
1751 1307 1786 1327 lv.

1502 1416 1608 1451 CCLII.

1187 1480 1376 1514 Commissz'o
1401 1480 1504 1513 eidem
1532 1480 1693 1514 collectori
1714 1481 1927 1524 permittendi

1230 1534 1471 1577 impositionem
1506 1534 1670 1577 veotz'yalis
1702 1533 1802 1566 etiam
1825 1533 1923 1566 eccle-

1228 1588 1369 1621 siaslioz's
1381 1598 1477 1631 super
1493 1588 1581 1631 aqud
1596 1587 1686 1620 (lutei
1703 1587 1927 1631 Ulyssiponem

1230 1641 1438 1674 indiccendcff.

1185 1708 1356 1736 Venerabili
1384 1707 1470 1736 fratri
1491 1708 1651 1736 Laurentio
1671 1708 1809 1743 episcopo
1829 1708 1928 1735 Hiera—

1224 1753 1307 1780 censi
1327 1753 1467 1780 moderno
1499 1756 1530 1780 et
1556 1760 1608 1787 pro
1633 1755 1764 1786 tempore
1785 1752 1927 1780 existenti

1222 1797 1332 1824 iurium
1353 1800 1383 1824 et
1403 1797 1566 1830 spoliorum
1589 1804 1725 1825 camerae
1747 1796 1927 1830 apostolicae

1223 1841 1390 1869 debitorum
1405 1841 1436 1868 in
1457 1841 1658 1876 Portuqalliae
1674 1844 1705 1869 et
1725 1841 1929 1876 Alqarhiorum

1222 1885 1323 1921 regnis
1344 1885 1499 1914 collectori
1519 1885 1665 1920 generali,

1383 1939 1519 1966 Urbanus
1549 1939 1628 1972 Papa
1646 1939 1724 1967 VIII.

1393 1992 1580 2021 Venerabilis
1607 1993 1701 2021 frater
1713 2015 1721 2028 ,

1224 2039 1352 2066 salutem
1378 2040 1408 2065 et
1428 2038 1625 2072 apostolicam
1643 2037 1893 2066 benedictionem.

1233 2097 1247 2140 g
1277 2097 1300 2129 l.
1326 2096 1425 2130 Hodie
1450 2107 1509 2140 pro
1534 2101 1623 2140 parte
1648 2096 1834 2130 dilectorum
1852 2096 1930 2130 silio—

1945 2141 1949 2151 ι

1925 229 1978 256 An.
1999 227 2029 256 C.
2047 227 2114 256 1627

1989 875 2121 897 obstantium

1953 903 2055 929 erogatio.

2007 2106 2037 2126 Ea
2055 2106 2117 2127 relert
2124 2122 2129 2130 ,

1953 2138 2000 2158 {nie
2025 2133 2044 2153 in
2069 2139 2129 2159 pras-

1189 2162 1260 2183 rum
1288 2150 1496 2194 praesidentis
1520 2155 1550 2183 et
1573 2150 1754 2183 officialium
1786 2161 1929 2184 camerae
1945 2160 2029 2180 cedenti
2052 2162 2129 2180 consu<

1945 2189 1960 2206 tt

1190 2204 1321 2237 civitatis
1334 2203 1564 2248 [lyxbonensis
1578 2203 1667 2237 nobis
1679 2204 1830 2247 exposito,
1845 2204 1930 2247 quod
1944 2215 1999 2233 sunt.

1190 2257 1260 2301 ipsi,
1273 2256 1405 2301 provide
1418 2256 1662 2297 considerantes,
1674 2257 1829 2290 civitatem
1844 2268 1931 2301 prac-

1190 2311 1304 2344 dictam
1322 2321 1493 2343 numeroso
1511 2310 1680 2343 admodum
1702 2311 1820 2354 populo
1838 2313 1932 2344 reser-

1190 2371 1253 2398 tam
1278 2375 1433 2408 aquarum
1457 2363 1597 2397 dulcium
1622 2368 1651 2398 et
1675 2364 1805 2397 sontium
1832 2375 1932 2408 penu-

1191 2418 1239 2450 ria
1254 2428 1318 2451 non
1335 2417 1537 2450 mediocriter
1553 2417 1708 2459 laborare,
1721 2423 1751 2451 et
1768 2428 1881 2462 aquam
1894 2418 1932 2451 ad

1191 2471 1334 2505 eamdem
1359 2471 1515 2505 civitatem
1539 2471 1685 2504 nonnnisi
1706 2482 1721 2504 e
1746 2471 1822 2504 locis
1840 2471 1878 2504 ab
1896 2473 1933 2504 ea

1228 2554 1239 2578 1
1261 2551 1354 2586 Aptius
1377 2551 1436 2586 lege
1459 2550 1571 2578 nomine
1590 2559 1638 2586 pro
1658 2551 1728 2585 sive,
1748 2554 1777 2578 ut
1796 2551 1866 2579 infra
1885 2560 1933 2587 pa-

1190 2597 1253 2633 gina
1266 2596 1318 2624 572
1334 2605 1352 2623 τι
1366 2598 1408 2631 (R.
1423 2595 1469 2630 T.).

1227 2642 1242 2668 ‘2
1257 2641 1294 2669 Ex
1310 2641 1417 2677 Regest.
1434 2641 1460 2668 in
1474 2641 1575 2669 Secret.
1592 2640 1669 2669 Brev.

1961 2190 2025 2207 utone
2048 2187 2131 2207 sancita
