2269 3235
259 252 307 278 Λιι.
324 252 352 278 C.
380 251 446 278 1627

493 241 556 274 5802

454 299 562 342 possit,
584 304 610 330 et
637 309 672 330 ea
696 297 876 340 adimplere,
893 306 972 339 quae
996 295 1194 328 eontinentur

456 352 486 384 in
511 353 525 394 ξ
550 351 678 383 inferius
709 351 844 393 scripto,
869 349 921 392 qui
956 348 1078 391 incipit:
1107 348 1189 387 Qui-

456 415 591 447 cumque
612 405 811 446 consecutivis
837 406 891 441 est,
912 412 947 434 ea
969 412 1041 434 eura
1069 400 1194 434 transse-

455 462 542 489 ratur
567 457 675 489 eodem
709 455 818 488 ordine
843 460 873 487 et
897 454 996 497 gradu
1028 454 1065 486 ad
1097 453 1193 486 aliurn

455 510 626 553 praelatum
652 508 832 541 viciniorem
854 508 993 551 praelato
1013 507 1171 550 impedito.

499 562 528 594 sj
544 573 707 605 proeessus
721 561 759 594 sit
776 560 990 593 ronticiendus
1007 560 1036 592 in
1055 561 1194 592 Romana

455 615 552 653 curia,
575 614 739 646 ridendum
765 619 820 654 est,
844 624 882 645 au
908 613 1048 654 ecclesia,
1068 613 1113 645 rel
1131 624 1196 645 mo-

454 668 646 708 nasterium,
672 668 721 700 cui
747 674 789 700 est
817 667 1060 711 providemlum,
1087 666 1126 699 sit
1157 666 1194 699 ad

455 721 699 754 nominationem
725 722 771 754 rel
798 721 1082 765 praesentationem
1101 720 1196 764 impe-

456 775 578 813 ratoris,
603 776 650 807 rel
676 775 807 807 alieuius
832 774 924 817 regis7
951 779 1003 806 aut
1028 773 1193 817 principis:

455 839 518 871 quo
548 839 621 861 casu
651 838 764 861 munus
794 827 980 860 conficiendi
1012 838 1193 870 processum

456 882 487 913 in
512 881 599 914 curia
625 887 742 925 spectat
759 881 796 913 ad
815 880 1016 920 cardinalem,
1037 881 1089 924 qni
1111 880 1195 924 apud

456 935 636 967 l‘ontitieem
659 940 688 967 et
705 934 815 967 Sedem
834 934 1044 977 Apostolicam
1065 939 1110 967 est
1126 945 1196 978 pro-

456 993 555 1020 tector
586 988 668 1020 illius
696 987 894 1031 lzn'ovineiae‚
920 987 950 1032 in
976 999 1036 1031 qua
1066 987 1124 1021 sita
1149 993 1195 1021 est

456 1041 587 1074 eeclesia
612 1041 658 1073 vel
685 1041 921 1074 monasterium.

499 1093 585 1132 Quod
610 1093 634 1126 si
660 1094 789 1126 eeclesia
807 1094 859 1136 ¹vel
881 1093 1107 1126 monasterium
1133 1104 1195 1127 non

456 1147 493 1179 sit
511 1147 547 1179 ad
561 1147 807 1181 nominationem
828 1153 880 1179 aut.
898 1148 1194 1191 praesentationem,

456 1206 487 1233 ut
520 1201 751 1245 praemittitur,
786 1212 950 1245 processus
984 1201 1196 1235 conficiendos

455 1255 513 1287 erit
537 1266 593 1298 per
617 1255 807 1288 cardinalem
834 1266 850 1287 a
875 1256 1015 1289 Romano
1046 1255 1196 1289 Pontifice

456 1307 664 1349 deligmulum,
679 1308 731 1351 qui
745 1308 781 1341 de
796 1309 976 1341 huiusmodi
995 1308 1196 1352 deputatione

455 1361 576 1393 curabit
600 1361 715 1405 aliquid
740 1373 910 1405 apparere7
939 1362 987 1395 vel
1017 1363 1126 1396 saltem
1152 1362 1197 1395 vi-

456 1425 532 1457 gore
560 1426 632 1448 suae
666 1416 847 1448 assertionis
879 1415 997 1459 aliquid
1030 1416 1153 1449 narrari
1181 1427 1197 1448 a

456 1469 576 1501 notario
602 1469 632 1501 in
657 1469 811 1513 principio
836 1480 1012 1513 processus.

498 1522 626 1561 Quando
644 1523 803 1565 contingat,
819 1534 1001 1566 processum
1020 1523 1132 1556 confici
1149 1523 1199 1556 de-

456 1576 530 1608 bere
551 1576 587 1608 de
613 1576 816 1619 qualitatibus
837 1577 1068 1620 arridepsseopi
1094 1577 1141 1610 rel
1166 1588 1198 1609 e-

456 1630 586 1673 piscopi⁷
605 1636 693 1662 extra
712 1631 884 1663 Romanam
901 1630 1022 1663 curiam
1044 1630 1196 1673 degentis,

457 1683 510 1726 qui
527 1683 565 1716 ab
579 1685 640 1716 una
660 1683 698 1716 ad
715 1684 845 1716 alteram
864 1684 1029 1716 ecclesiam
1046 1683 1085 1717 sit
1103 1688 1199 1718 trans-

457 1736 619 1775 ferendus,
644 1738 703 1769 hoe
728 1748 842 1770 munus
857 1765 864 1778 ,
889 1737 1053 1770 deficiente
1078 1738 1197 1780 legato,

459 1790 504 1822 rel
529 1791 638 1823 nuntio
662 1791 834 1835 apostolico
853 1791 935 1824 illius
951 1791 1132 1835 provinciae
1150 1792 1198 1824 vel

459 1843 557 1886 regni,
584 1844 635 1876 ubi
661 1845 719 1877 sita
743 1850 788 1877 est
813 1845 953 1887 eeclesia,
975 1855 1069 1888 aqua
1086 1844 1199 1888 aliquis

460 1897 692 1931 transferendus
716 1899 785 1939 erit,
811 1903 930 1942 spectat
953 1898 991 1930 ad
1014 1898 1199 1941 metropoli-

459 1955 575 1991 tanum,
602 1952 626 1983 si
652 1963 786 1995 persona
811 1952 1026 1985 transferenda
1050 1957 1093 1985 est
1121 1951 1200 1995 epis-

459 2014 566 2046 copus,
587 2005 611 2037 si
636 2016 710 2038 vero
727 2011 773 2038 est
790 2006 1063 2049 metropolitaan
1081 2010 1198 2049 spectat

461 2057 498 2089 ad
524 2058 704 2102 episcopum
737 2070 827 2092 suum
861 2060 1095 2103 suffraganeum
1121 2060 1196 2092 anti—

461 2111 603 2153 quiorem
630 2112 829 2145 residentem.

503 2165 533 2198 Si
559 2167 715 2208 praelatus
739 2167 902 2211 inquirens
927 2168 966 2201 ol)
991 2168 1133 2201 locorum
1159 2168 1200 2200 di-

461 2218 603 2251 stantiam
628 2230 690 2253 non
711 2226 817 2264 posset
841 2222 1006 2255 commode
1031 2232 1087 2265 per
1109 2232 1141 2254 se
1159 2221 1200 2264 ip-

461 2282 529 2303 sum
554 2276 647 2305 testes
671 2274 851 2307 examinare
876 2285 970 2318 super
994 2274 1099 2318 aliquo
1123 2274 1199 2307 arti-

463 2325 602 2365 eulosut
625 2332 698 2369 puta
713 2354 720 2367 ‚
741 2338 836 2371 super
862 2328 1009 2370 legitimis
1033 2328 1200 2369 natalibus,

425 2390 428 2394 ·
463 2384 570 2417 aetate,
588 2385 639 2411 aut
659 2380 764 2424 aliquo
783 2381 947 2421 eiusmodi,
966 2381 1071 2414 licebit
1088 2382 1115 2414 ei
1132 2393 1201 2426 par—

465 2437 480 2463 t‹
495 2444 524 2463 ni
553 2432 634 2465 illam
653 2434 741 2466 alteri
763 2445 914 2477 personae
933 2434 964 2466 in
981 2435 1132 2478 dignitate
1152 2446 1201 2468 ec-

465 2485 635 2518 elesiastica
668 2488 854 2520 constitutae
886 2488 1113 2531 subdelegare,
1138 2499 1201 2523 non

465 2542 565 2571 ..intem
583 2540 759 2573 universam
782 2541 1023 2585 inquisitIOnem.

508 2594 612 2631 Quoad
633 2605 799 2637 processus
824 2596 1035 2629 conficiendos
1060 2607 1117 2639 pro
1145 2597 1200 2629 ha-

466 2646 563 2679 benda
583 2647 799 2681 informatione
817 2654 913 2681 status
932 2650 1134 2683 eeclesiarum
1155 2651 1199 2683 rel

1047 247 1225 271 mmmmm!
1251 246 1404 270 ROMANUM

1229 294 1504 335 monasteriorum,
1519 293 1632 336 quibus
1648 293 1876 337 providendum
1896 294 1966 334 erit,

1228 347 1287 379 hoe
1312 347 1406 380 etiam
1432 346 1590 379 conficere
1614 346 1748 379 debeant
1771 346 1864 380 iidem
1881 357 1968 391 prae-

1228 399 1298 440 lati,
1319 400 1372 443 qni
1398 410 1583 443 processum
1608 399 1646 432 de
1671 399 1871 443 qualitatibus
1893 410 1968 444 pro-

1229 454 1456 487 movendorum
1475 453 1646 487 consecturi
1661 458 1741 486 sunt.
1762 453 1793 486 Si
1811 463 1885 487 vero
1899 463 1970 487 con—

1229 507 1326 549 tingat
1350 507 1381 540 in
1412 507 1471 540 alia
1503 506 1664 551 provincia
1698 507 1746 540 vel
1777 517 1876 549 regno
1901 517 1969 540 esse

1228 560 1393 593 eeclesiam
1418 566 1448 594 et
1472 561 1503 593 in
1527 560 1585 593 alia
1610 560 1871 604 promovendum,
1896 564 1968 593 tune

1230 614 1388 657 praelatus
1419 614 1582 658 inquirens
1612 613 1729 657 poterit
1762 613 1969 656 subdelegare

1229 667 1380 711 episeopo
1415 667 1468 711 qui
1493 667 1553 700 erit
1577 666 1709 700 ricinior
1734 666 1793 710 ipsi
1818 665 1969 700 ecclesiae

1230 720 1274 752 vel
1295 720 1485 754 monasterio
1510 730 1624 753 munus
1644 719 1831 753 conficiendi
1847 729 1971 763 proces-

1229 784 1297 806 sum
1323 785 1418 818 super
1442 779 1524 807 statu
1548 774 1650 807 dictae
1674 773 1824 807 ecclesiae
1841 774 1888 807 vel
1907 783 1972 806 mo-

1229 827 1366 860 nastcrii.

1231 899 1377 932 Quomodo
1398 900 1573 928 conficiendi
1594 900 1656 927 sint
1674 907 1845 934 processus,
1863 901 1897 926 ut
1912 898 1971 926 dici

1264 945 1382 979 possint,
1409 948 1440 972 et
1467 944 1629 971 videantur
1656 944 1786 972 confecti
1812 951 1866 978 per
1891 943 1970 971 viam

1265 989 1482 1023 inquisitionis.

1273 1042 1469 1085 Quicumque
1494 1042 1694 1075 confecturus
1718 1046 1765 1074 est
1788 1051 1970 1085 processum

1230 1095 1440 1139 inquisitionis
1465 1096 1495 1128 in
1520 1095 1685 1139 qualitates
1708 1094 1926 1139 promovendi,
1944 1104 1972 1127 e-

1230 1148 1332 1181 tiamsi
1358 1148 1397 1182 sit
1416 1149 1548 1191 legatus,
1566 1158 1629 1181 non
1654 1159 1712 1192 per
1737 1159 1810 1181 suos
1827 1147 1970 1189 vicarios,

1231 1202 1400 1242 auditores,
1425 1202 1472 1234 vel
1498 1202 1575 1235 alios
1600 1202 1772 1241 ministros,
1789 1201 1844 1235 sed
1864 1211 1922 1245 per
1939 1211 1972 1234 se

1231 1255 1333 1299 ipsum
1355 1255 1384 1287 id
1402 1265 1517 1288 munus
1532 1266 1680 1288 exercere
1697 1255 1799 1296 debet,
1816 1255 1888 1288 licet
1904 1265 1974 1298 pos-

1231 1309 1270 1341 sit
1294 1309 1333 1341 ab
1360 1308 1539 1342 huiusmodi
1564 1309 1719 1352 personis,
1739 1308 1786 1341 vel
1804 1308 1873 1341 aliis
1897 1308 1972 1341 viris

1230 1362 1340 1406 peritis
1372 1362 1530 1402 adiuvari3
1562 1363 1640 1396 haec
1668 1367 1773 1395 autem
1805 1361 1837 1394 in
1868 1362 1972 1406 specie

1231 1417 1383 1450 servanda
1408 1422 1498 1449 sunt:

1275 1471 1342 1504 Non
1378 1470 1570 1514 recipiantur
1595 1475 1689 1504 testes
1712 1481 1730 1503 a
1754 1469 1972 1514 promovendo

1232 1524 1278 1556 rel
1303 1535 1360 1568 pro
1386 1529 1475 1568 parte
1499 1525 1555 1557 sua
1581 1523 1709 1564 inducti,
1729 1534 1831 1567 neque
1850 1523 1973 1558 articuli

1231 1578 1269 1610 ab
1302 1578 1369 1621 ipso
1402 1579 1449 1610 vel
1482 1578 1610 1611 nomine
1642 1588 1699 1611 suo
1727 1577 1895 1622 producti,
1920 1576 1973 1610 sed

1232 1631 1391 1675 praelatus
1409 1631 1569 1675 inquirens
1585 1631 1838 1674 interrogatoria,
1856 1641 1912 1664 seu
1928 1641 1975 1663 ar-

1233 1685 1344 1718 ticulos
1369 1695 1426 1728 per
1450 1696 1482 1718 se
1506 1685 1611 1729 ipsum
1631 1686 1794 1726 formatos,
1811 1685 1925 1718 habeat
1944 1678 1979 1718 et

1233 1748 1328 1782 super
1353 1739 1398 1771 eis
1418 1738 1574 1771 examinet
1597 1743 1701 1780 testes,
1727 1749 1806 1782 quos
1825 1738 1863 1771 de
1879 1738 1974 1771 rebus

1233 1791 1428 1834 inquirendis
1443 1791 1601 1825 sincerum
1613 1796 1643 1824 et
1653 1791 1745 1824 fidele
1759 1790 1974 1824 testimonium

1233 1845 1362 1878 daturos
1388 1855 1455 1878 esse
1471 1845 1637 1878 existimet.
1655 1846 1725 1889 Ipse
1743 1855 1780 1878 ex
1795 1845 1900 1878 officio
1917 1855 1974 1878 suo

1234 1904 1354 1932 secreto
1365 1899 1470 1932 vocari
1489 1899 1615 1932 mandet
1628 1905 1659 1932 et
1674 1903 1796 1932 secreto
1809 1898 1974 1939 examinet,

1234 1952 1369 1996 ipsemet
1391 1952 1524 1997 recipiat
1548 1953 1578 1985 in
1597 1952 1741 1986 manibus
1758 1953 1822 1985 suis
1840 1953 1976 1995 singulo-

1234 2016 1304 2038 rum
1331 2005 1457 2039 testium
1482 2006 1704 2046 iuramentum,
1729 2005 1814 2049 quod
1837 2005 1877 2039 ab
1898 2006 1977 2049 epis-

1234 2059 1320 2103 copis
1344 2064 1520 2103 praestetur
1544 2065 1627 2093 tacto
1650 2065 1794 2103 pectore,
1820 2069 1838 2091 a
1862 2059 1975 2092 ceteris

1234 2124 1308 2146 vero
1332 2113 1544 2155 inferioribus,
1567 2113 1793 2157 cuiuscumque
1817 2113 1975 2156 qualitatis

1234 2167 1303 2207 siut,
1329 2167 1417 2200 tactis
1434 2167 1532 2200 sacris
1552 2167 1736 2211 scripturis:
1763 2171 1793 2200 et
1812 2166 1853 2200 ita
1870 2177 1977 2211 respe-

1234 2220 1313 2254 ctive
1338 2221 1453 2253 referat
1472 2221 1615 2253 notarius
1640 2231 1823 2264 processum
1844 2220 1975 2265 scriptu-

1235 2286 1308 2315 rus,
1334 2275 1387 2319 qui
1413 2275 1505 2307 etiam
1530 2280 1648 2308 asserat
1680 2280 1791 2308 testem
1816 2275 1911 2308 fuisse
1938 2285 1974 2307 ex

1234 2328 1337 2361 officio
1359 2333 1503 2362 vocatum
1521 2334 1551 2362 et
1570 2329 1780 2362 examinatum
1797 2339 1814 2362 a
1834 2329 1974 2373 praelato

1235 2382 1420 2426 inquirente.
1453 2383 1583 2426 Insuper
1607 2383 1764 2426 praelatus
1789 2383 1856 2426 ipse
1880 2387 1976 2416 testes

1235 2436 1408 2479 interroget
1432 2446 1527 2480 super
1545 2447 1737 2480 unoquoque
1754 2436 1905 2470 articulo:
1931 2436 1976 2480 ip-

1235 2500 1342 2522 sorum
1368 2494 1472 2522 autem
1497 2489 1622 2523 testium
1638 2490 1721 2524 dicta
1736 2491 1799 2522 una
1817 2500 1889 2523 eum
1906 2490 1976 2523 reli-

1235 2544 1304 2587 quis
1335 2543 1395 2576 hoc
1428 2543 1595 2586 negocium
1627 2544 1829 2586 tangentibus
1861 2544 1977 2577 scribat

1235 2597 1347 2641 aliquis
1371 2597 1512 2630 notarius
1537 2597 1692 2641 publicus,
1718 2598 1771 2641 qui
1797 2598 1922 2631 debebit
1942 2608 1974 2630 e-

1236 2651 1307 2683 tiam
1335 2656 1395 2684 tam
1423 2650 1503 2684 dicta
1530 2651 1665 2693 testium,
1690 2661 1784 2695 qnam
1802 2651 1976 2695 scripturas

1985 244 2036 273 An.
2055 244 2169 274 &162⁷
