2269 3235
80 230 133 261 An.
154 234 183 260 C.
200 232 268 260 1623

884 228 1025 254 URBANUS
1048 229 1104 253 vm
1128 230 1175 254 PP.

278 280 473 314 diversarum
497 290 533 314 ac
553 279 783 323 incognitarum
805 278 947 321 gentium
964 278 1018 310 lin-

279 344 366 377 guas,
391 344 468 378 quas
492 344 555 376 non
578 337 724 373 noverat,
750 331 895 372 edoctus,
921 330 1018 363 discr-

279 388 413 429 tissime,
438 387 527 431 quasi
557 387 588 419 in
618 385 728 420 iisdem
754 385 846 418 terris
870 384 1018 417 educatus

280 446 379 481 esset,
404 441 608 485 loquebatur:
637 445 666 473 et
696 438 852 472 acciderat
880 438 1019 481 quando-

279 505 350 538 que,
368 500 402 528 ut
417 505 500 535 eum,
517 494 556 527 ad
572 494 768 526 diversarum
786 492 947 526 nationum
962 503 1018 535 po-

280 548 370 592 pulos
395 547 578 581 concionem
602 547 778 586 habentem,
803 545 1018 589 unusquisque

280 601 391 634 eodem
415 606 557 644 tempore
580 600 687 642 lingua
711 602 777 640 sua,
802 599 834 631 in
851 609 912 642 qua
928 604 1019 631 natus

280 660 347 688 erat
362 681 370 695 ,
394 654 549 697 magnalia
572 653 626 686 Dei
651 653 831 696 loquentem
857 663 930 685 cum
955 655 1018 685 stu-

280 718 358 751 pore
383 710 413 740 et
436 706 533 740 extasi
558 706 700 738 audiret:
734 715 834 749 eoque
867 705 1019 738 miraculo

280 760 447 794 multitudo
464 770 578 803 magna
602 763 760 793 commota
779 759 938 803 reciperet
955 769 1020 791 vcr-

279 812 357 846 bum
380 813 443 846 Dei.

324 866 413 907 Hinc,
427 871 498 910 post
513 866 696 911 praemissa,
714 866 752 899 ad
769 865 1020 899 christifidelium

281 919 551 960 aedificationem,
584 919 688 963 aliqua
723 930 760 952 ex
795 919 1020 961 insignioribus

281 972 434 1017 prodigiis
454 978 484 1006 et
504 972 610 1016 signis,
627 973 740 1015 quibus
757 971 1021 1015 praedicationem

282 1031 314 1059 et
338 1031 426 1069 gesta
449 1025 548 1069 ipsius
564 1025 716 1058 Dominus
741 1025 960 1065 illustraverat,
977 1035 1022 1057 re-

284 1077 457 1112 censeret¹:

329 1132 366 1165 Et
388 1132 527 1175 primum
544 1131 621 1164 illud
644 1131 885 1164 memorandum
902 1131 1023 1164 videba-

286 1191 336 1218 tur
349 1212 357 1225 ,
377 1185 461 1229 quod
474 1212 482 1225 ,
506 1195 577 1218 cum
608 1194 795 1217 numerosus
826 1184 1022 1226 Badagarum

286 1238 440 1272 exercitus
452 1238 484 1270 in
497 1237 624 1270 exitium
638 1237 882 1269 christianorum
896 1247 913 1269 a
930 1237 1023 1269 Fran-

286 1291 368 1325 cisco
390 1291 618 1334 baptizatorum
642 1290 830 1330 immineret,
847 1295 941 1333 atque
958 1301 1023 1323 om-

285 1344 335 1377 nia
358 1344 528 1378 atrocitatis
552 1344 695 1387 exempla
718 1354 751 1376 se
780 1343 812 1376 in
835 1343 1022 1377 christianos

285 1397 442 1430 editurum
459 1397 647 1437 minaretur,
665 1397 732 1440 ipse
749 1397 833 1429 solus
847 1396 908 1429 tide
924 1407 1023 1429 arma—

285 1455 334 1484 tus
356 1451 531 1494 procedens
555 1451 694 1491 obviam,
719 1461 754 1483 ac
779 1461 886 1484 severe
911 1461 1022 1484 eorum

285 1504 475 1548 impietatem
499 1505 675 1548 increpans,
700 1509 828 1538 steterat
856 1505 939 1538 illico
963 1504 1022 1537 im-

285 1557 393 1590 mobili
417 1557 548 1600 vestigio
572 1557 738 1590 universus
766 1557 922 1591 exercitus
937 1584 944 1598 ,
969 1557 1022 1590 de-

284 1610 412 1643 territus
437 1611 484 1653 (ut
507 1610 632 1651 milites,
656 1610 813 1654 ducesque
833 1611 1022 1654 referebant)

284 1663 323 1695 ab
347 1663 474 1696 homine
499 1663 636 1708 quodam
660 1673 785 1706 magno,
810 1663 909 1706 nigris
933 1663 1024 1696 vesti-

285 1715 343 1749 bus
360 1716 479 1756 induto,
503 1716 557 1760 qui
581 1716 664 1749 iuxta
687 1716 890 1749 Franciscum
914 1716 1023 1756 stabat,

285 1769 374 1802 cuius
398 1770 593 1803 maiestatem
625 1780 661 1802 ac
692 1770 893 1813 splendorem
918 1770 1023 1810 vultu,

285 1822 447 1865 oculisque
471 1823 647 1862 micantem,
672 1823 755 1855 ferre
779 1833 843 1856 non
866 1828 1023 1866 poterant:

286 1875 389 1918 itaque
414 1875 461 1908 vir
485 1881 619 1915 sanctus,
644 1886 722 1919 quos
743 1876 865 1909 Christo
882 1881 1024 1920 peperat,

287 1939 304 1961 a
328 1928 422 1962 caede
445 1939 481 1962 ac
504 1929 680 1973 direptione
703 1929 898 1962 liberaverat.

330 1982 510 2016 Successive
534 1983 616 2026 apud
639 1983 842 2016 Comorinum
874 1994 1024 2027 promon-

287 2036 418 2077 torium,
442 2046 513 2069 cum
539 2036 570 2068 in
594 2035 730 2080 quadam
755 2037 885 2070 ecclesia
911 2037 1025 2070 Servus

288 2089 341 2123 Dei
365 2089 544 2123 infidelibus
560 2090 811 2131 concionaretur,
836 2101 871 2124 ac
895 2096 1026 2135 propter

287 2143 434 2176 duritiam
458 2143 562 2177 cordis
587 2154 698 2177 eorum
725 2144 804 2176 nihil
835 2144 1024 2188 proficeret,

289 2197 367 2230 facta
387 2196 537 2237 oratione,
562 2196 651 2230 iussit
675 2198 887 2241 sepulchrum,
912 2198 943 2230 in
963 2209 1025 2241 quo

290 2249 390 2292 pridie
413 2250 576 2283 defunctus
606 2251 776 2285 tumulatus
807 2251 929 2291 fuerat,
953 2262 1026 2295 ape-

291 2301 363 2334 riri:
387 2313 423 2335 ac
445 2304 563 2347 populo
595 2304 790 2347 significans,
815 2304 854 2337 ad
879 2315 1026 2348 compro-

292 2354 426 2387 bandam
445 2356 631 2390 christianae
654 2357 727 2390 fidei
751 2358 926 2398 veritatem,
944 2368 1027 2391 mor-

292 2413 380 2441 tuum
392 2408 480 2442 illum
493 2410 547 2443 Dei
559 2412 716 2445 voluntate
732 2422 842 2445 rursus
855 2412 1025 2452 victurum;

292 2462 404 2503 linteo,
424 2473 486 2506 quo
511 2464 641 2497 cadaver
665 2465 840 2499 involutum
864 2471 947 2507 erat,
976 2476 1026 2499 re-

291 2515 397 2556 scisso,
421 2525 457 2549 ac
480 2527 589 2550 rursus
604 2518 752 2561 precibus
769 2519 808 2551 ad
824 2519 922 2552 Deum
939 2519 1025 2559 fusis,

327 2588 339 2614 1
362 2587 467 2622 Nempe
491 2588 646 2623 Gregorius
663 2589 722 2623 XV,
739 2598 800 2617 nam
824 2589 913 2618 adhuc
937 2596 1027 2618 manet

291 2631 409 2658 svntaxis
425 2639 554 2667 suspensa
570 2640 599 2659 ex
615 2634 627 2667 ξ
641 2633 658 2660 2
671 2635 710 2668 (n.
724 2634 772 2661 iul.

1051 282 1186 318 mortuo,
1207 283 1240 311 ut
1260 277 1388 317 viveret,
1413 276 1636 320 imperaverat:
1662 276 1715 319 qui
1732 280 1790 309 sta-

1051 331 1118 372 tim,
1143 331 1339 375 stupentibus
1363 330 1519 371 omnibus,
1543 334 1724 362 surrexerat
1750 329 1791 361 vi-

1052 395 1122 417 vus:
1149 395 1212 428 quo
1237 389 1297 419 tam
1316 384 1428 427 insigni
1456 383 1610 417 miraculo
1630 382 1790 421 commoti,

1051 438 1104 480 qui
1130 437 1269 475 aderant,
1294 443 1360 470 tum
1385 438 1437 470 alii
1462 436 1568 477 multi,
1594 435 1791 469 crediderant

1052 490 1083 522 in
1108 490 1215 523 Deum.

1096 544 1213 577 Eodem
1238 549 1346 588 postea
1378 545 1447 577 loco
1479 544 1641 577 mendicus
1665 541 1791 586 quidam

1053 598 1145 630 beato
1171 594 1237 630 viro
1262 602 1445 630 occurrerat
1475 597 1634 629 ulceribus
1659 596 1791 639 plenus:

1053 650 1141 683 cuius
1166 651 1275 694 plagas
1298 649 1483 682 Franciscus
1501 659 1615 691 magno
1633 648 1793 681 charitatis

1053 704 1166 737 affectu
1186 704 1302 744 lavans,
1328 709 1420 747 atque
1445 713 1568 746 aquam,
1594 712 1655 745 qua
1679 712 1730 734 eas
1754 702 1794 733 la-

1053 762 1154 797 verat,
1179 757 1326 797 ebibens,
1351 767 1386 789 ac
1410 755 1522 788 deinde
1546 755 1644 788 Deum
1670 755 1793 787 Patrem

1054 810 1354 851 misericordiarum,
1378 816 1412 843 ut
1437 810 1520 843 illius
1540 809 1686 853 pauperis
1706 808 1795 841 mise-

1054 870 1187 905 reretur,
1213 875 1317 905 orans,
1335 875 1350 897 e
1368 863 1509 907 vestigio,
1534 863 1572 895 ab
1597 862 1683 896 omni
1702 862 1794 905 plaga

1054 923 1147 962 atque
1171 919 1277 951 ulcere
1292 945 1299 958 ,
1324 918 1378 951 Dei
1402 927 1554 957 munere,
1579 926 1700 960 pauper
1730 915 1796 958 ipsc

1055 972 1184 1004 omnino
1208 972 1290 1004 liber
1315 976 1506 1004 surrexerat.

1099 1024 1159 1057 Sed
1183 1029 1213 1057 et
1236 1035 1315 1068 puer
1341 1023 1469 1067 quidam
1494 1023 1610 1056 Mutani
1635 1023 1667 1055 in
1690 1022 1797 1056 Orien-

1056 1078 1109 1111 tali
1134 1078 1220 1110 India
1245 1077 1401 1121 pestilenti
1425 1076 1510 1109 febre
1535 1087 1551 1109 e
1569 1076 1631 1109 vita
1648 1075 1796 1114 sublatus,

1056 1143 1091 1164 ac
1116 1132 1212 1164 linteo
1237 1131 1369 1170 insutus,
1387 1131 1425 1163 dc
1445 1141 1533 1164 more
1559 1129 1669 1173 gentis,
1687 1129 1797 1172 viginti

1055 1190 1190 1228 quatuor
1215 1184 1301 1217 horis
1317 1189 1504 1223 asservatus,
1525 1183 1673 1215 ssentibus
1689 1192 1798 1226 paren-

1056 1238 1139 1269 tibus
1164 1237 1323 1270 serebatur
1346 1237 1384 1269 ad
1414 1236 1634 1280 sepulchrum:
1660 1245 1740 1278 quos
1763 1241 1798 1267 ut

1056 1290 1103 1323 vir
1128 1290 1181 1323 Dei
1206 1290 1300 1330 vidit,
1325 1289 1545 1322 misericordia
1571 1293 1674 1322 motus
1702 1298 1798 1332 super

1056 1354 1120 1384 eos,
1146 1344 1244 1376 Deum
1262 1343 1521 1387 omnipotentem,
1546 1348 1580 1375 ut
1603 1352 1738 1386 puerum
1758 1341 1799 1373 vi-

1056 1397 1213 1436 vificaret,
1238 1396 1371 1439 genibus
1397 1395 1483 1428 flexis
1507 1400 1653 1439 precatus
1677 1395 1796 1427 fuerat:

1056 1455 1148 1494 atque
1172 1451 1254 1493 aqua
1278 1449 1443 1482 benedicta
1467 1459 1641 1492 aspersum,
1664 1448 1798 1481 rescisso

1055 1503 1172 1543 linteo,
1197 1504 1288 1545 signo
1318 1502 1421 1535 crucis
1453 1502 1650 1545 signaverat:
1675 1512 1793 1545 appre-

1057 1557 1217 1600 hensaque
1242 1567 1337 1589 manu
1356 1556 1440 1596 eius,
1464 1556 1497 1588 in
1520 1555 1647 1589 nomine
1673 1555 1797 1588 Domini

1057 1610 1127 1642 Iesu
1143 1610 1267 1650 Christi,
1291 1609 1396 1642 vivum
1421 1614 1514 1652 atque
1539 1609 1730 1642 incolumem
1747 1619 1798 1652 pa-

1057 1663 1198 1696 rentibus
1222 1663 1417 1696 restituerat:
1444 1665 1548 1695 erecta
1576 1663 1629 1696 illo
1654 1663 1685 1695 in
1709 1663 1796 1698 loco.
1847 1700 1849 1702 ,

1057 1717 1095 1750 ad
1121 1722 1222 1749 tantae
1246 1717 1291 1749 rei
1324 1716 1510 1749 memoriam
1535 1715 1797 1752 conservandam.

1058 1770 1097 1803 ab
1121 1770 1231 1803 incolis
1256 1772 1370 1813 magna
1396 1780 1468 1803 cum
1493 1769 1672 1803 celebritate
1694 1779 1797 1802 cruce.

1102 1824 1138 1857 Et
1172 1824 1347 1857 successive
1381 1823 1463 1867 apud
1494 1823 1645 1866 oppidum
1667 1822 1799 1856 Combu—

1060 1883 1147 1910 turac
1172 1877 1204 1910 in
1228 1888 1284 1911 ora
1308 1877 1463 1910 Piscariae
1487 1887 1567 1921 puer
1591 1876 1670 1909 alius
1695 1876 1726 1908 in
1745 1886 1799 1919 pu-

1059 1937 1144 1964 teum
1179 1931 1345 1975 delapsus,
1378 1932 1631 1974 suffocatusque,
1661 1930 1798 1962 maximo

1059 1996 1130 2018 cum
1157 1985 1265 2018 matris
1290 1990 1319 2017 et
1355 1990 1560 2027 cognatorum
1589 1984 1706 2016 eiulatu
1730 1983 1800 2015 effe-

1058 2038 1187 2072 rebatur
1199 2049 1206 2078 ;
1243 2049 1377 2081 cumque
1413 2048 1450 2070 ex
1487 2037 1631 2080 proxima
1666 2036 1798 2069 ecclesia

1059 2092 1244 2125 Franciscus
1269 2092 1474 2132 occurrisset,
1500 2091 1647 2124 misertus
1671 2101 1798 2130 corum,

1059 2147 1090 2179 in
1115 2157 1217 2189 genua
1236 2147 1430 2190 provolutus,
1447 2145 1609 2188 oculisque
1625 2146 1657 2177 in
1677 2144 1798 2177 caelum

1059 2200 1140 2240 fixis,
1157 2200 1255 2232 Deum
1272 2210 1330 2243 pro
1354 2199 1416 2232 vita
1440 2199 1529 2242 pueri
1554 2203 1710 2242 precatus,
1727 2208 1799 2231 eum

1059 2251 1257 2294 apprehensa
1277 2260 1372 2283 manu
1392 2250 1424 2282 in
1446 2250 1574 2283 nomine
1589 2249 1713 2282 Domini
1730 2249 1798 2281 Iesu

1059 2304 1172 2338 Christi
1208 2314 1340 2346 surgere
1375 2303 1531 2335 iusserat:
1569 2307 1598 2334 et
1634 2302 1798 2335 confestim

1059 2367 1137 2400 puer
1162 2362 1345 2389 surrexerat
1362 2356 1465 2388 vivus:
1491 2365 1586 2399 quem
1610 2360 1735 2387 sanctus
1752 2354 1800 2387 vir

1059 2410 1239 2443 reddiderat
1267 2410 1360 2442 matri
1393 2420 1483 2442 suae:
1509 2408 1707 2452 stupentibus
1731 2418 1799 2441 om-

1059 2463 1161 2504 nibus,
1186 2474 1222 2496 ac
1246 2463 1382 2496 maximo
1403 2473 1475 2495 cum
1492 2463 1628 2496 clamore
1644 2462 1708 2495 Deo
1725 2472 1798 2504 gra-

1060 2518 1117 2550 tias
1142 2517 1322 2560 agentibus:
1348 2517 1462 2560 quibus
1486 2517 1551 2560 ipse
1574 2516 1744 2560 praecepit,
1760 2525 1798 2549 ne

1060 2572 1109 2605 cui
1134 2582 1201 2604 rem
1226 2575 1345 2614 gestam
1369 2575 1544 2603 narrarent.

1105 2625 1236 2667 Insuper
1265 2624 1338 2657 dum
1363 2624 1394 2656 in
1426 2623 1552 2667 Iaponia
1577 2623 1677 2656 insula
1702 2622 1799 2654 Fran-

1717 215 1760 251 37
1806 227 1855 253 An.
1875 227 1903 252 c.
1919 226 1988 253 1693
