2269 3235
440 233 443 235 -
497 210 560 243 714

543 272 712 317 quominus
727 269 830 309 leuda,
844 267 884 301 ad
899 266 1029 299 casdem
1043 265 1196 299 ecclesias

543 325 747 368 pertinentia,
780 321 960 359 haereticis,
986 329 1044 352 seu
1069 318 1109 352 de
1134 317 1196 351 lide

542 376 695 413 catlmtica
712 374 792 408 male
807 372 1029 414 sentientibus,
1044 372 1196 415 locet,79.

459 432 539 466 Xlll.
564 430 765 465 Conlirmatio
783 427 992 471 capitulorum
1011 436 1066 470 pro
1083 434 1200 458 merca-

544 484 664 518 toribus
678 483 840 516 nationum
856 481 1067 521 Florentinae,
1084 479 1200 512 Medio—

544 538 695 577 lanensis,
722 535 862 568 Venetae
886 537 917 566 et
933 533 1142 566 Bononiensis
1168 533 1199 565 in

545 593 671 624 civitate
698 588 888 629 Placentiae,
903 586 955 620 80.

564 644 713 677 Extensio
738 641 851 675 indulti
875 640 1031 674 recitandi
1059 639 1201 673 osticium

546 701 576 731 et
600 698 728 730 missam
748 693 933 728 celebrandi
958 693 997 727 de
1015 692 1108 726 beata
1121 692 1198 726 Mar-

544 752 646 795 garita
671 750 710 783 de
724 749 871 789 Cortona,
889 746 1017 780 moniali
1034 746 1130 780 Tertii
1145 744 1202 780 Or-

545 805 628 837 dinis
653 803 753 837 sancti
778 800 947 841 Francisci,
973 810 1029 843 pro
1055 798 1201 832 omnibus

547 862 608 891 tani
634 857 710 890 vii-is
724 864 819 899 quam
840 852 1027 887 mulieribus
1052 853 1128 886 dicti
1142 851 1201 886 Or-

546 912 629 946 dinis
651 910 770 954 ubique
796 907 1020 949 existentibus,
1046 907 1098 940 80.

460 967 524 999 XV.
550 965 720 1008 Deputatio
738 962 972 1005 archiepiscopi
985 959 1145 1009 Cretensis
1171 960 1202 991 in

546 1019 742 1051 visitatorem
767 1016 861 1049 totius
885 1015 978 1056 regni
1002 1012 1124 1053 Cretae,
1150 1011 1202 1045 8⁶2.

460 1072 538 1105 xvi.
563 1070 764 1104 Confirmatio
782 1068 956 1102 litterarum
973 1065 1094 1100 PauliV
1107 1075 1205 1108 super

548 1124 698 1158 carnibus
732 1124 763 1156 in
789 1130 888 1164 regno
913 1120 1039 1154 Siciliae
1065 1123 1206 1153 mactan-

549 1180 607 1220 dis,
623 1179 674 1212 83.

460 1233 556 1266 XVlI.
580 1232 743 1266 Friderico
769 1229 924 1263 cardinali
948 1228 1139 1261 Borromaeo
1156 1236 1206 1260 ar-

549 1286 756 1329 chiepiscopo
781 1282 1013 1316 Mediolanensi
1038 1281 1206 1313 committi-

548 1343 598 1372 tur
613 1338 669 1372 ΡΡ.
682 1338 816 1377 lesuilis,
832 1334 1012 1369 Barnabitis
1026 1334 1207 1377 etCappue-

548 1394 629 1425 cinis
655 1390 808 1429 inhibeat,
835 1399 874 1422 nc
901 1388 1046 1422 alumnos
1072 1389 1208 1420 semina-

549 1447 669 1478 riorum
686 1444 970 1477 Mediolanensium
996 1441 1036 1475 ad
1060 1440 1207 1474 habitum

550 1498 732 1541 regularem
757 1498 934 1537 admittant,
961 1496 1013 1529 84.

461 1551 570 1585 XVIII.
585 1551 788 1585 Confirmatio
802 1550 979 1583 litterarum
993 1548 1138 1592 Gregorii
1152 1547 1207 1581 XV

551 1614 648 1649 super
672 1605 827 1647 regimine
852 1602 1037 1636 monialium
1057 1601 1209 1636 Carmeli-

552 1663 653 1692 tarum
682 1657 952 1691 Discalceatarum
984 1657 1074 1699 regni
1104 1655 1209 1688 Fran-

551 1714 630 1754 ciae,
656 1712 709 1745 85.

465 1765 546 1799 XIX.
572 1765 755 1808 Privilegia,
781 1762 912 1805 indulta,
937 1764 1059 1805 gratiae
1090 1765 1122 1795 et
1146 1772 1208 1795 ex-

552 1820 731 1862 emptiones
742 1828 798 1862 pro
809 1817 970 1860 dapiferis,
982 1818 1036 1861 qui
1052 1816 1207 1857 Pontifici,

552 1873 732 1916 celerisque
757 1871 787 1904 S.
813 1870 848 1904 R.
874 1870 908 1904 E.
934 1868 1152 1903 cardinalibus
1177 1870 1208 1902 in

557 1926 701 1958 conclaxi
726 1925 951 1964 inserxierunt,
965 1923 1017 1956 86.

465 1979 533 2011 XX.
557 1978 683 2012 Erectio
704 1977 914 2010 commendae
927 1976 1138 2009 Bononiensis
1154 1974 1210 2008 ho-

551 2031 674 2076 spitans
699 2031 728 2064 S.
764 2030 892 2064 Ioannis
928 2028 1210 2072 Hierosolymitani

553 2087 585 2119 iu
611 2084 820 2118 baiulivatum
842 2085 998 2128 pioratum
1022 2092 1211 2126 nuncupan-

552 2138 637 2180 dum,
665 2138 716 2171 92.

466 2192 543 2226 XXI.
568 2192 771 2226 Confirmatio
796 2190 973 2224 litterarum
991 2189 1137 2234 Gregorii
1153 2189 1210 2223 XV

551 2247 591 2281 de
609 2245 786 2290 privilegiis
803 2245 932 2279 Militiae
954 2244 1066 2278 beatae
1091 2244 1209 2278 Mariae

552 2300 820 2334 Theutonicorum
841 2299 1003 2333 concessis
1019 2308 1078 2342 per
1093 2298 1212 2333 Sedem

552 2353 777 2398 Apostolicam,
793 2353 845 2386 95.

466 2407 560 2441 XXII.
586 2408 795 2442 Definitiones
813 2411 843 2442 et
860 2406 1092 2441 declarationes
1115 2416 1213 2451 super

554 2463 808 2506 reassumptione
833 2460 1081 2505 calepodiorum,
1107 2460 1209 2504 depo-

554 2517 667 2548 sitione
681 2514 850 2557 solearum,
868 2519 898 2549 et
914 2514 1072 2549 delatione
1086 2515 1212 2558 capucii

555 2568 693 2610 rotundI,
719 2568 930 2613 largiorisque
962 2571 1144 2610 mezzettae,
1175 2577 1211 2601 ac

554 2622 697 2665 protensi
723 2621 873 2663 mantelii,
899 2621 1083 2655 afratribus
1112 2621 1211 2655 Mino-

458 645 539 678 xlv.

1049 213 1224 237 ntiLLAnntttt
1250 211 1399 236 ROMANUM

1337 263 1424 297 ribus
1448 263 1579 298 Ordinis
1604 263 1634 296 S.
1665 263 1824 297 Francisci
1856 265 1989 298 strictio-

1337 319 1380 351 ris
1404 315 1639 352 Observantiae
1654 315 1832 358 deserendi,
1850 317 1902 350 97.

1250 370 1362 405 XXlll.
1387 369 1554 404 Collectori
1579 368 1721 412 generali
1746 369 1919 412 spoliorum
1938 379 1990 403 ca-

1337 432 1444 457 merae
1470 422 1664 466 apostolicae
1688 422 1720 455 in
1745 423 1852 465 regnis
1876 421 1989 456 Portu-

1338 475 1454 519 galliae
1471 477 1687 517 committitur,
1702 477 1736 509 ut
1751 474 1992 518 archiepiscopo

1339 527 1505 563 Elborensi
1530 532 1561 562 et
1585 526 1739 561 milltibus
1754 527 1938 561 militiarum
1963 528 1994 560 S.

1340 581 1447 616 Iacchi
1472 586 1503 615 et
1527 581 1556 614 S.
1582 581 1745 615 Benedicti
1770 580 1810 614 de
1836 580 1914 614 Avis
1931 583 1995 614 ter-

1339 636 1461 668 minum
1486 635 1599 677 riginti
1624 633 1749 668 dierum
1774 634 1928 678 praefigat
1956 633 1995 666 ad

1340 687 1475 722 arbitros
1509 687 1762 730 constituendos,
1788 688 1843 731 qui
1872 689 1997 720 contro-

1342 743 1462 775 versias
1494 750 1605 775 omnes
1637 742 1719 775 inter
1756 750 1811 775 eos
1836 743 1997 774 vertentes

1341 795 1502 838 deliniant,
1519 795 1569 828 99.

1255 849 1365 882 XXIV.
1393 848 1575 882 Mandatum
1592 849 1709 882 nuncio
1726 848 1899 893 apostolico
1913 849 1997 892 apud

1341 902 1506 937 Helvetios
1539 902 1580 936 de
1604 902 1825 946 compellendo
1849 901 1999 936 ecclesia-

1343 958 1439 990 sticos
1457 956 1497 989 ad
1514 954 1750 989 observantiam
1763 956 1999 989 Constitutionis

1344 1009 1432 1043 Pauli
1456 1009 1560 1053 Papae
1581 1008 1618 1051 II,
1644 1017 1726 1054 quae
1750 1009 1862 1052 incipit
1896 1008 2000 1042 Ambi-

1345 1064 1454 1105 tiosae,
1491 1062 1531 1096 de
1567 1061 1659 1096 bonis
1696 1061 1903 1095 ecclesiarum
1937 1071 1998 1095 non

1345 1116 1521 1150 alienandis
1546 1117 1615 1149 sive
1640 1115 1792 1156 locandis,
1819 1115 1894 1148 101.

1259 1169 1353 1204 XXV.
1364 1170 1509 1204 Declarat
1521 1167 1727 1204 Ordinarium
1737 1168 1924 1212 collegiatae
1934 1177 2002 1203 san-

1346 1225 1387 1257 cti
1412 1223 1538 1257 Ioannis
1552 1222 1591 1256 de
1606 1221 1793 1264 Abbatissis,
1814 1221 2000 1256 Vicentinae

1347 1277 1513 1320 dioecesis,
1523 1286 1585 1309 non
1602 1285 1672 1309 esse
1686 1274 2001 1319 archipresbyterum

1348 1330 1509 1374 praelatae
1534 1328 1701 1370 ecclesiae,
1727 1329 1783 1363 sed
1817 1330 2003 1372 episcopum

1348 1383 1561 1425 Viceutinum,
1588 1383 1663 1416 102.

1259 1437 1367 1472 XXVI.
1390 1438 1592 1472 Confirmatio
1622 1437 1743 1470 decreti
1778 1436 2005 1480 Congregatio-

1348 1494 1397 1525 uis
1422 1491 1570 1533 Concilii,
1587 1501 1649 1536 quo
1668 1490 1848 1524 declaratur
1871 1492 2005 1525 clericos

1349 1547 1404 1590 qui
1429 1545 1582 1578 incedunt
1606 1546 1638 1578 in
1663 1543 1773 1578 habitu
1798 1548 1830 1578 et
1853 1543 2002 1584 tonsura,

1348 1601 1493 1644 quamvis
1513 1600 1642 1633 servitio
1664 1598 1835 1643 peculiaris
1852 1598 2006 1632 ecclesiae

1349 1663 1410 1686 non
1443 1654 1507 1686 sint
1530 1652 1569 1686 ab
1599 1654 1750 1696 episcopo
1775 1652 1904 1694 addicti,
1929 1662 2007 1695 gau-

1349 1706 1425 1739 dere
1450 1704 1620 1749 privilegio
1641 1705 1700 1738 fori
1724 1706 1812 1738 iuxta
1829 1705 2006 1738 Concilium

1347 1759 1568 1793 Tridentinum
1584 1768 1653 1802 cap.
1672 1768 1713 1800 vi,
1733 1768 1812 1792 sess.
1826 1769 1917 1800 xxm,
1932 1760 2006 1794 103.

1262 1812 1387 1847 XXVII.
1414 1813 1553 1846 Professi
1577 1813 1609 1845 in
1635 1811 1889 1855 Congregatione
1910 1811 2008 1846 Cleri-

1349 1869 1487 1901 ricorum
1521 1865 1730 1909 Regularium
1762 1865 2007 1900 Ministrantium

1351 1921 1485 1953 infirmis
1523 1921 1556 1953 in
1593 1918 1740 1952 domibus
1776 1921 2003 1963 novitiatuum,

1352 1973 1400 2007 vel
1415 1973 1485 2006 aliis
1500 1972 1656 2006 distinctis
1674 1972 1830 2015 domibus,
1849 1972 1952 2006 donec
1964 1973 2004 2007 ad

1350 2036 1458 2061 sacres
1472 2026 1601 2060 ordines
1618 2029 1874 2069 promoveantur,
1886 2036 1925 2060 ex
1936 2026 2007 2066 ,illa-

1350 2093 1419 2116 rum
1429 2081 1608 2116 redditibus
1621 2083 1732 2115 rivere
1744 2085 1886 2126 possunt,
1912 2082 1985 2114 104.

1262 2136 1402 2171 XXVIII.
1427 2136 1598 2170 Revocatio
1619 2135 1801 2170 facultatum
1817 2135 2008 2179 disponendi

1351 2190 1391 2224 de
1415 2190 1527 2223 officiis
1551 2188 1749 2223 vacabilibus
1772 2189 1933 2222 Romanae
1958 2198 2009 2222 cu-

1350 2245 1428 2286 riae,
1453 2252 1629 2288 eorumque
1654 2244 1772 2286 pretio,
1800 2245 1830 2276 et
1857 2242 2004 2276 modera-

1350 2299 1393 2332 tio
1417 2296 1611 2330 indultorum
1642 2296 1856 2331 transterendi
1880 2297 2006 2341 pensio-

1352 2360 1420 2394 nes,
1447 2351 1520 2384 106.

1262 2405 1376 2440 XXIX.
1393 2405 1598 2439 Confirmatio
1612 2404 1732 2438 decreti
1742 2403 2007 2448 Congregationis

1352 2458 1494 2502 Concilii,
1521 2468 1583 2504 quo
1615 2459 1762 2492 statuitur
1793 2459 2007 2502 cognitionem

1352 2522 1518 2547 causarum
1530 2511 1741 2546 criminalium
1760 2511 1951 2545 clericorum
1965 2513 2008 2545 ci-

1352 2569 1458 2601 xitatis
1479 2569 1510 2600 et
1534 2566 1692 2600 dioecesis
1716 2564 1936 2600 Atrebatensis
1967 2565 2006 2599 ad

1350 2621 1452 2655 solum
1477 2621 1664 2665 episcopum
1688 2623 1844 2665 spectare,
1864 2619 1939 2654 108.
