2269 3235
90 286 140 313 Λη.
162 285 189 313 C.
208 286 274 313 1624

145 1095 272 1116 Procurator

89 1123 193 1146 aenei-alis
218 1123 272 1148 petit

88 1148 140 1170 illud
145 1149 271 1170 confirmari.

110 1523 222 1544 Confirmat
233 1522 270 1543 L'r·

87 1550 165 1571 banus,

115 2538 223 2559 Clausulas
234 2544 272 2565 ap-

88 2565 153 2591 pontt.

907 283 1048 307 URBANUS

288 342 455 377 pomanes‚
478 337 666 376 procurator
690 331 844 374 generalis
868 331 1028 373 religionis

288 385 413 419 loannis
437 385 503 425 Dei,
527 390 562 418 ut
585 385 732 428 dignetur
749 384 925 417 declararc:

331 440 378 473 An
395 439 507 483 religio
532 450 587 472 sua
612 443 754 472 teneatur
770 437 888 480 aliquid
905 437 1027 470 solvere

287 493 461 527 Ordinariis
482 498 637 526 eteorum
662 490 847 524 officialibus
867 501 925 534 pro
943 490 1028 523 cxlii-

287 546 389 579 benda
414 545 534 579 ratione
553 545 723 584 bonorum,
743 544 1026 587 eleemosynarum,

288 604 545 634 testamentorum
579 602 609 631 et
632 597 830 640 legatorum,
858 607 937 640 quac
962 597 1027 630 suis

288 652 495 696 hospitalibus
516 651 683 685 donantur.

331 706 426 739 Sacra
449 703 657 748 Congregatio
674 702 879 736 cardinalium
897 703 1026 737 Concilii
1042 738 1044 753 Ι

288 758 460 792 Tridentini
480 758 686 801 interpretum
708 756 829 790 censuit
844 756 921 790 nihil
938 755 1044 800 pror—³

287 823 339 845 sus
356 822 425 845 esse
449 810 633 845 solvendum
658 810 826 854 episcopis,
846 815 899 843 aut
915 821 1025 843 eorum
1042 801 1043 806 ¹

286 865 485 906 officialibus,
508 875 567 908 pro
592 864 745 898 eiusmodi
765 864 940 897 rationibus
961 864 1044 897 exi-¹

286 918 405 961 gendis.

441 981 603 1014 Anromus
621 980 788 1014 cardinalis
808 981 980 1015 CAETANUS.

332 1080 347 1124 g
370 1079 400 1113 2.
426 1079 502 1112 Cum
528 1083 643 1119 autem,
669 1078 748 1111 sicut
772 1078 881 1112 eadem
906 1079 1045 1125 exposi-¹

288 1135 330 1169 tio
355 1133 573 1176 subiungebat,
598 1133 699 1166 dictus
716 1132 835 1177 Gaspar
854 1134 1026 1177 plurimum
1044 1128 1045 1135 ¹

288 1188 401 1232 cupiat,
421 1188 584 1220 decretum
609 1186 800 1227 huiusmodi,
818 1197 876 1230 pro
894 1187 1027 1220 firmiori
1044 1195 1045 1204 ³

287 1241 371 1275 illius
386 1240 598 1280 subsistentia,
612 1240 803 1284 apostolicae
816 1245 941 1273 nostrae
959 1251 1029 1274 con-
1044 1242 1046 1277 ῖ

287 1293 474 1328 firmationis
494 1293 609 1326 robore
626 1293 834 1333 communiri,
852 1293 943 1326 nobis
959 1304 1029 1337 pro-
1044 1283 1046 1308 ³

285 1353 393 1392 pterea
416 1346 576 1379 humiliter
601 1346 771 1390 supplicari
795 1347 883 1387 fecit,
909 1352 942 1380 ut
969 1347 1046 1390 sibe

285 1401 421 1445 desuper
444 1405 623 1444 opportune
646 1399 813 1443 providere
829 1400 868 1433 de
888 1395 1046 1444 benigni-}

286 1459 348 1488 tate
371 1454 545 1499 apostolica
569 1453 783 1496 dignaremur.
1045 1447 1047 1466 ³

330 1510 345 1552 ἓ
369 1507 398 1542 3.
423 1509 486 1542 Nos
510 1507 617 1551 igitur,
638 1507 713 1540 dicti
738 1507 885 1551 Gasparis
909 1499 1046 1549 deside}

285 1562 340 1595 riis
363 1562 543 1595 huiusmodi
567 1571 716 1601 annuere,
737 1561 889 1605 illumque
913 1557 1046 1605 specta-3

284 1616 366 1649 libus
382 1616 544 1649 favoribus
556 1621 586 1648 et
596 1615 704 1658 gratiis
717 1615 867 1658 prosequi
878 1616 1026 1658 volentes,
1045 1625 1046 1644 2

284 1676 314 1703 ct
326 1681 344 1702 a
357 1670 523 1714 quibusvis
543 1669 887 1709 excommunicationis,
902 1680 1028 1713 suspen·
1044 1685 1046 1688 ·

283 1724 380 1757 sionis
404 1729 434 1757 et
457 1723 624 1764 interdicti,
649 1723 782 1767 aliisque
807 1724 1045 1757 ecclesiasticis

283 1777 454 1819 sententiis,
479 1777 621 1811 censuris
646 1782 675 1810 et
699 1777 819 1820 poenis,
844 1787 862 1809 a
886 1777 953 1810 iure
979 1778 1044 1822 vel¹

282 1833 320 1865 ab
349 1831 497 1872 homine,
524 1831 632 1874 quavis
662 1831 827 1863 occasione
856 1831 904 1863 vel
933 1833 1044 1864 causa,

284 1885 373 1925 latis,
398 1885 423 1917 si
444 1884 558 1928 quibus
587 1884 825 1927 quomodolibet
860 1884 1025 1917 innodatus

284 1939 395 1979 existit,
413 1939 451 1971 ad
469 1938 614 1972 effectum
631 1939 845 1982 praesentium
866 1938 1027 1971 dumtaxat

284 1992 551 2036 consequendum,
564 1993 678 2025 harum
692 1992 773 2025 serie
788 1992 983 2025 absolventes
997 1998 1025 2025 et
1043 2024 1044 2030 ,

285 2047 463 2080 absolutum
482 2047 548 2079 sore
569 2051 740 2085 censentes,
758 2045 938 2079 huiusmodi
957 2057 1026 2090 sup-

286 2100 505 2143 plicationibus
530 2099 680 2139 inclinati,
708 2099 869 2132 decretum
894 2100 1023 2144 praein-
1044 2134 1045 2142 ἵ

286 2160 404 2188 sertum
425 2154 616 2194 huiusmodi,
633 2153 806 2198 apostolic-82
830 2154 1026 2195 auctoritate,

1074 283 1128 307 vm
1154 284 1200 306 rr.

1063 331 1101 363 ab
1125 330 1282 371 omnibus,
1303 331 1340 364 ad
1365 340 1444 374 quos
1468 335 1588 374 spectat
1613 335 1642 364 et
1666 332 1697 363 in
1726 332 1804 365 sutu-

1063 395 1132 416 rnm
1170 384 1341 428 spectabit,
1367 384 1587 418 inviolabiliter
1623 384 1802 424 observari;

1062 437 1169 480 sicque
1184 448 1240 480 per
1257 448 1474 481 quoscumque
1492 437 1609 471 iudices
1626 438 1803 471 ordinarios

1062 494 1091 524 et
1115 490 1285 533 delegatos,
1303 491 1395 523 etiam
1414 502 1579 524 causarum
1597 491 1703 536 palatii
1727 502 1803 535 apo-

1061 543 1162 577 stolici
1186 544 1356 584 auditores,
1382 545 1513 577 iudicari
1542 550 1572 578 ct
1595 545 1719 578 deliniri
1744 545 1800 577 de-

1060 597 1145 637 bere,
1166 608 1201 630 ac
1226 597 1349 630 irritum
1369 602 1399 630 et
1419 597 1509 630 inanc
1537 598 1689 641 quidquid
1714 609 1803 631 secus

1060 660 1155 694 super
1179 650 1227 683 his
1244 661 1261 682 a
1285 660 1455 693 quoquam,
1472 651 1580 693 quavis
1608 651 1802 692 auctoritate,

1060 704 1194 737 scienter
1204 703 1250 736 vel
1266 703 1458 746 ignoranter,
1471 703 1639 746 contigerit
1649 705 1801 738 attentari.

1104 758 1119 800 ᾗ
1144 756 1173 790 5.
1198 757 1267 790 Non
1302 757 1499 790 obstantibus
1528 757 1804 791 constitutionibus

1059 816 1090 843 ct
1121 810 1371 843 ordinationibus
1402 810 1599 853 apostolicis,
1630 810 1803 854 privilegiis

1059 875 1196 909 quoque,
1213 864 1343 897 indultis
1367 869 1397 896 et
1421 864 1533 897 litteris
1558 864 1750 908 apostolicis,
1772 865 1802 897 in

1060 918 1255 952 contrarium
1286 918 1534 961 praemissorum
1566 918 1804 962 quomodolibet

1043 973 1228 1013 concessis,
1253 972 1446 1005 confirmatis
1466 977 1496 1005 et
1528 972 1692 1012 innovatis,
1721 977 1803 1005 cete-

1043 1015 1166 1070 ³risque
1191 1026 1357 1059 contrariis
1381 1026 1643 1069 quibuscumque.

1106 1081 1120 1123 ξ
1138 1080 1167 1113 o.
1186 1080 1337 1112 Volumus
1354 1085 1469 1119 autem,
1487 1079 1571 1122 quod
1589 1079 1801 1123 praesentium

1062 1133 1269 1176 transumptis
1293 1134 1386 1166 etiam
1412 1133 1585 1177 impressis,
1603 1138 1660 1166 etc.

1106 1187 1217 1219 Datum
1232 1187 1359 1227 Rornae,
1376 1186 1459 1230 apud
1477 1186 1505 1219 S.
1524 1188 1662 1227 Petrum,
1679 1187 1737 1219 sub
1754 1197 1803 1220 an-

1061 1241 1136 1273 nulo
1162 1240 1338 1280 Piscatoris,
1358 1239 1409 1272 die
1433 1250 1487 1272 xw
1513 1240 1620 1284 aprilis
1651 1250 1802 1280 iuncxxiv,

1062 1294 1261 1338 pontificatus
1284 1293 1384 1326 nostri
1411 1303 1492 1326 anno
1518 1304 1537 1325 1.

1098 1356 1156 1383 Dat.
1177 1356 1221 1384 die
1240 1357 1269 1383 14
1285 1356 1376 1392 aprilis
1393 1356 1471 1388 1624,
1490 1355 1584 1391 pontif.
1601 1364 1645 1383 an.
1662 1363 1679 1382 1.

1390 1522 1474 1561 Lvlt.

1061 1608 1203 1642 Indiclio
1228 1608 1367 1641 iubilaci
1397 1608 1595 1641 universalis
1625 1619 1686 1651 pro
1719 1619 1804 1642 anno

1107 1671 1251 1702 MDCXXV,
1270 1673 1306 1694 ac
1329 1662 1497 1705 suspensio
1521 1672 1804 1705 quarumcumque

1105 1716 1250 1748 aliarum
1282 1715 1571 1759 indulqentiarum
1602 1715 1686 1748 dicto
1716 1726 1803 1749 anno

1105 1769 1255 1802 durante.

1268 1850 1405 1877 Urbanus
1421 1849 1596 1884 Episcopus,

1242 1902 1347 1922 servus
1375 1902 1529 1922 servorum
1554 1895 1620 1928 Dei,

1181 1941 1215 1967 ad
1232 1943 1406 1973 perpetuam
1426 1940 1470 1967 rei
1490 1940 1674 1967 memoriam.

1060 1993 1215 2020 Universis
1244 1993 1492 2020 christifidelibus
1519 1996 1697 2027 praesentes
1719 1994 1804 2021 litte-

1095 2047 1145 2066 ras
1173 2039 1357 2072 inspecturis
1371 2061 1378 2073 ,
1400 2040 1529 2066 salutem
1558 2041 1589 2066 et.
1610 2039 1804 2073 apostoticam

1095 2084 1345 2111 benedictionem.

1105 2155 1219 2189 Omnes
1245 2161 1354 2197 gentes
1377 2155 1516 2199 plaudite
1541 2155 1696 2197 manibus,
1718 2156 1801 2189 iubi-

285 2214 395 2242 tenore
407 2208 631 2252 praesentium,
646 2214 800 2252 perpetuo
813 2209 1027 2252 approbanms
1061 2212 1121 2243 late
1146 2211 1209 2243 Deo
1235 2210 1266 2242 in
1291 2221 1366 2243 voce
1392 2210 1608 2243 exultationis:
1634 2221 1696 2244 non
1722 2211 1804 2244 enim

286 2262 564 2303 etconfirmamus,
584 2262 692 2306 illique
716 2263 908 2307 apostolicae
933 2264 1028 2296 firmi-
1062 2270 1095 2296 ut
1120 2264 1150 2297 in
1183 2264 1279 2297 veteri
1312 2264 1381 2306 lege
1416 2264 1619 2297 sacerdotalis
1654 2264 1806 2298 buccinae

287 2317 356 2351 tatis
380 2316 478 2349 robur
497 2316 671 2356 adiicimus,
689 2327 725 2350 ac
745 2328 854 2351 omnes
871 2323 901 2350 et
921 2318 1028 2362 singu·
1062 2319 1221 2361 clangore,
1236 2318 1289 2351 sed
1303 2318 1493 2361 apostolicae
1510 2319 1595 2351 vocis
1609 2319 1748 2359 oraculo,
1763 2330 1806 2351 sa-

286 2371 333 2405 los
358 2374 420 2404 tam
445 2370 522 2404 iuris
546 2382 640 2415 quarn
662 2371 734 2403 facti
759 2371 908 2412 desectus,
929 2372 953 2404 si
975 2373 1027 2416 qui
1063 2378 1262 2405 crosanctum
1281 2372 1408 2405 iubilaei
1426 2383 1554 2411 annum,
1575 2373 1634 2406 iam
1654 2374 1746 2416 Regis
1763 2384 1806 2407 se—

286 2424 422 2468 dcsuper
442 2424 679 2468 quomodolibet
706 2424 941 2467 intervenerint,
959 2437 1028 2470 sup-
1063 2427 1207 2459 culorum
1233 2426 1387 2459 beneficio
1415 2427 1733 2470 appropinquantem,
1755 2438 1806 2461 vo-

286 2479 418 2523 plemus.
1063 2480 1109 2513 bis
1134 2480 1405 2523 evangelizamus;
1438 2490 1553 2512 annum
1579 2480 1683 2513 divino
1708 2481 1805 2514 cultui

331 2532 346 2575 ἓ
369 2531 399 2564 4.
429 2532 637 2565 Decernentes
660 2532 823 2566 decretum
848 2533 1027 2567 huiusmodi
1062 2534 1211 2574 dicatum,
1228 2545 1263 2567 ac
1281 2534 1521 2567 ferventioribus
1539 2534 1727 2568 christianae
1744 2534 1806 2579 pie-

287 2595 408 2619 necnon
433 2590 614 2629 praesentes
646 2586 765 2620 litteras
790 2587 912 2628 valida,
937 2588 1028 2620 firma
1063 2588 1134 2620 tatis
1154 2588 1264 2620 studiis
1288 2587 1495 2626 destinatum3
1516 2598 1631 2633 annum
1650 2588 1805 2622 remissio-

287 2642 318 2673 et
341 2638 478 2672 efficacia
495 2649 563 2671 esse
579 2644 609 2671 et
627 2639 702 2679 fore,
720 2650 854 2684 suosque
871 2641 1029 2684 plenarios
1063 2642 1119 2681 nis,
1145 2652 1180 2673 ac
1204 2641 1322 2681 veniae,
1351 2646 1476 2685 tempus
1500 2642 1693 2685 acceptabile
1707 2669 1714 2682 ,
1739 2642 1805 2674 dies

288 2697 319 2724 ct
333 2691 473 2734 integros
497 2692 625 2724 effectus
650 2692 754 2725 sortiri
776 2698 803 2725 ct
823 2694 976 2735 obtinere,
993 2704 1029 2727 ac
1046 2694 1179 2738 salutis.
1206 2694 1292 2727 Licet
1316 2694 1399 2728 enim
1425 2695 1510 2727 nulla
1534 2698 1701 2728 excurrant
1725 2700 1804 2727 tem-

1705 274 1766 307 tas
1812 285 1863 310 An.
1881 284 1910 310 c.
1930 285 1997 311 itm

1869 772 2001 793 obstantium

1819 800 1936 826 derogatio.

1827 2164 2003 2187 Etnnfsettzstap·

1821 2191 1995 2218 propinquantem

1821 2225 1896 2239 atilium
1910 2221 2004 2238 sanctum

1820 2246 1846 2266 ω]
1870 2246 1957 2265 intutaei
1972 2252 2005 2265 ro-

1822 2273 1968 2293 lctn'atioucm.
