2269 3235
242 258 290 285 An.
310 259 339 286 C.
358 259 427 285 1626

308 1490 420 1514 Dei-:maiia

238 1520 397 1538 contrariorum.

474 251 515 282 4))
520 252 538 283 '¹

500 277 514 283 ..
1022 262 1197 286 initiantur!
1220 262 1374 286 ROMANUM

439 308 504 352 ipse
528 309 698 349 duraverit,
719 309 890 349 observari,
917 309 1041 351 vimque
1066 315 1096 341 ct
1115 310 1195 342 elli-¹

438 361 555 393 cariam
581 361 708 401 habere,
734 371 871 405 suosque
895 361 1052 404 plenarios
1073 366 1104 395 et
1131 361 1177 395 in-

439 419 544 455 tegros
569 414 698 446 ett'ectus
718 414 824 447 sortiri
842 420 872 446 et
892 414 1035 447 obtinere
1051 414 1176 455 debere;

437 467 558 499 etiamsi
583 477 741 510 innuptam
768 467 798 499 in
823 467 906 500 dicta
931 469 1067 509 camera,
1092 471 1122 502 ct
1141 469 1179 501 il-

439 519 496 551 lius
515 519 602 552 libris
619 519 824 553 admittantur
841 526 871 553 et
888 521 1105 564 registrcntur;
1124 522 1179 554 ini-

438 584 558 616 nusque
589 579 698 607 contra
734 575 784 607 illa
815 576 853 608 de
889 576 1099 620 subreptionis
1131 577 1177 609 vel

438 627 632 670 obreptionis
657 628 741 670 vitio,
767 634 820 661 aut
843 629 965 662 defectu
989 634 1116 663 nostrae
1136 629 1179 662 in-

439 680 606 721 tentionis,
632 682 678 713 vel
704 682 814 725 quovis
839 682 900 715 alio
926 682 1010 723 vitio,
1035 683 1177 723 defectu,

437 738 489 765 aut
506 733 647 766 nullitate
661 733 722 770 dici
740 735 786 767 vel
812 735 930 778 opponi
948 746 1053 778 posse,
1072 735 1179 779 sicque

439 790 469 818 et
493 795 555 819 non
579 786 654 819 alias
671 797 727 830 per
744 798 959 831 quoscumque
978 788 1096 821 iudices
1110 792 1177 830 eto,

438 839 530 871 ctiam
556 840 834 881 congregationem
861 840 1028 880 montium,
1052 841 1178 873 thesau-

438 892 568 932 rarium,
583 893 808 936 praesidentes,
826 893 958 926 clericos
976 893 1115 926 eiusdem
1130 904 1180 927 ca-

438 954 543 976 merae
567 944 673 987 palatii
690 944 854 988 apostolici
870 949 900 977 et
919 944 1017 987 ipsius
1035 955 1179 978 camerae

436 997 612 1037 auditores,
637 1007 758 1031 necnon
790 1002 914 1030 sanctae
939 998 1097 1031 Romanae
1118 994 1179 1031 ''Ec-

436 1049 549 1082 clesiae
573 1049 756 1092 cardinales,
775 1050 868 1082 etiam
882 1051 1075 1084 camerarios
1092 1054 1122 1085 et
1140 1051 1179 1083 de

437 1104 534 1136 latere
559 1104 678 1146 legatos
703 1104 839 1147 (sublata
865 1104 910 1136 eis
934 1109 964 1137 et
989 1114 1100 1136 eorum
1117 1104 1180 1137 cui<

438 1157 514 1190 libet
537 1157 646 1201 quavis
669 1158 760 1190 aliter
792 1157 948 1191 iudicandi
973 1163 1003 1191 et
1029 1158 1180 1202 interpre-

437 1210 521 1243 tandi
546 1211 691 1244 facultate
716 1216 746 1243 ct
769 1211 979 1254 auctoritate),
1000 1210 1131 1244 iudicari
1150 1216 1180 1244 et

436 1263 560 1295 deliniri
585 1263 710 1304 debere,
734 1274 770 1296 ac
794 1263 920 1296 irritum
938 1267 967 1297 et
985 1263 1075 1296 inane
1092 1263 1180 1307 quid-

436 1316 511 1360 quid
537 1327 627 1350 secus
651 1327 747 1360 super
771 1317 820 1349 his
844 1327 861 1349 a
885 1327 1056 1360 quoquam,
1071 1317 1180 1361 quavis

436 1370 630 1410 auctoritate,
650 1370 785 1403 scienter
804 1370 852 1403 vel
872 1369 1065 1413 ignoranter,
1085 1371 1181 1404 conti-

437 1423 518 1466 gerit
538 1424 691 1458 attentari.

481 1478 496 1520 §
526 1478 555 1510 a.
589 1478 658 1510 Non
686 1477 882 1510 obstantibus
909 1478 1112 1521 praemissis,
1144 1489 1179 1512 ac

437 1530 534 1564 felicis
558 1531 787 1564 recordationis
811 1532 999 1575 Symmachi,
1026 1532 1111 1565 Pauli
1135 1532 1178 1573 ll,

438 1585 523 1617 Pauli
552 1586 599 1627 lv,
627 1585 672 1618 Pii
700 1586 723 1617 V
749 1590 778 1619 et
801 1586 936 1618 aliorum
965 1587 1178 1619 Romanorum

437 1638 621 1672 Pontificum
639 1639 920 1682 praedecessorum
937 1644 1120 1672 nostrorum
1141 1640 1178 1672 de

436 1691 530 1724 rebus
544 1692 700 1725 Ecclesiae
715 1697 744 1725 et
757 1703 900 1725 camerae
917 1703 980 1725 non
997 1693 1176 1734 alienandis,

437 1750 466 1778 et
490 1745 528 1778 de
552 1745 760 1787 registrando,
785 1756 820 1778 ac
845 1746 1007 1789 quibusvis
1023 1746 1091 1779 aliis
1109 1757 1180 1779 con-

437 1798 652 1831 stitutionibus
665 1803 695 1832 et
714 1799 967 1832 ordinationibus
987 1800 1178 1843 apostoliciS,

436 1862 472 1884 ac
490 1851 582 1885 etiam
600 1851 777 1886 iuramento
795 1857 825 1885 et
851 1852 912 1885 alio
931 1853 1043 1897 quovis
1063 1853 1179 1887 robore

437 1905 556 1938 vallatis
571 1905 698 1943 ,statutis
723 1911 753 1939 et
776 1906 1053 1939 reformationibus
1086 1907 1179 1940 Urbis

437 1964 467 1991 et
483 1968 625 1991 camerae
643 1958 832 2002 praedictae,
848 1958 1022 2002 privilegiis
1042 1969 1177 2002 quoque,

436 2012 564 2045 indultis
593 2018 623 2046 et
648 2013 758 2046 litteris
790 2012 992 2056 apostolicis,
1017 2013 1180 2056 quibusvis

436 2066 603 2108 concessis,
628 2066 810 2110 approbatis
835 2071 865 2099 et
888 2066 1053 2107 innovatis,
1074 2066 1197 2100 decre-¹

438 2119 474 2152 tis
487 2119 579 2152 etiam
594 2119 874 2160 consistorialibus,
888 2119 1178 2160 consuetudinibus,

436 2173 611 2216 ceterisque
635 2172 802 2206 contrariis
819 2172 1093 2216 dispositionibus:
1114 2172 1179 2215 qui—

435 2226 494 2259 bus
518 2226 666 2259 omnibus
684 2231 714 2258 et
731 2226 873 2269 singulis,
899 2226 1019 2259 etiamsi
1040 2237 1098 2269 pro
1114 2226 1179 2260 illo-

436 2291 507 2313 rum
532 2280 698 2313 sufficienti
724 2279 929 2323 derogatione
955 2284 1024 2321 eto,
1049 2279 1177 2313 illorum

436 2339 560 2367 tenores
583 2333 801 2378 praesentibus
833 2345 891 2377 pro
915 2334 1006 2377 plene
1031 2338 1062 2366 et
1085 2334 1175 2367 suffi-

435 2387 553 2421 cienter
577 2397 614 2420 ac
637 2387 676 2420 de
698 2387 794 2420 verbo
817 2387 856 2420 ad
873 2387 1003 2420 verbum
1020 2387 1178 2431 expressis

1210 310 1301 343 dulae
1316 311 1381 343 sola
1398 309 1559 353 signatura
1575 315 1681 343 nostra
1697 311 1840 353 sufficiat,
1856 312 1950 345 etiam

1210 362 1328 406 absque
1352 362 1413 396 alia
1438 363 1509 396 data
1532 367 1563 396 et
1586 363 1764 406 reg-istrata,
1787 369 1818 397 et
1832 364 1949 408 ubique

1211 415 1242 448 in
1266 416 1382 449 iudicio
1410 420 1440 449 et
1471 420 1558 449 extra
1590 419 1652 450 tam
1683 416 1735 449 illa
1763 427 1856 460 quam
1884 417 1951 451 eius

1211 474 1415 514 transumpta,
1433 469 1525 503 etiam
1549 469 1712 513 impressa,
1731 480 1788 513 per
1814 470 1950 514 aliquem

1211 533 1248 556 ex
1262 533 1406 556 camerae
1419 523 1610 567 apostolicae
1624 523 1754 556 notariis
1765 523 1950 568 subscripta,

1211 576 1378 621 sigilloque
1401 577 1475 611 dieti
1500 577 1688 610 thesaurarii
1714 577 1951 620 munita,fidem

1212 630 1333 672 saciant,
1357 641 1393 665 ac
1418 631 1444 664 si
1469 631 1579 664 cedula
1602 630 1765 674 originalis
1782 630 1848 674 ipsa
1865 630 1952 664 exhi-

1211 683 1275 717 bita
1298 684 1395 724 soret;
1413 688 1443 717 et
1457 683 1662 716 nihilominus
1686 683 1819 725 litterae,
1837 687 1900 716 tam
1921 684 1952 716 in

1212 736 1312 768 forma
1330 736 1436 769 Brevis
1459 746 1554 780 quam
1579 736 1637 769 sub
1657 735 1798 780 plumbo,
1816 736 1953 779 quando-

1213 798 1348 832 cumque
1377 789 1517 833 expediri
1550 790 1671 832 possint
1701 799 1772 822 eum
1806 788 1953 822 clausulis

1212 841 1398 884 opportunis
1422 847 1453 874 et
1475 841 1710 875 extensionibus
1734 841 1952 886 amplissimis,

1212 894 1322 936 regula
1346 904 1562 938 quacumque,
1587 895 1762 939 ceterisque
1785 895 1953 929 contrariis

1212 957 1410 991 nequaquam
1433 947 1639 981 obstantibus.

1412 1010 1560 1044 URssANus
1577 1009 1662 1043 rim
1678 1010 1753 1043 VIII.

1545 1135 1625 1170 CXC.

1212 1206 1385 1249 Depulatt'o
1401 1206 1558 1249 Torquati
1570 1205 1607 1238 de
1622 1205 1799 1240 Comitibus
1814 1206 1849 1238 z'n
1859 1216 1954 1249 prae-

1256 1260 1376 1302 sectum
1403 1259 1589 1302 yeneratem
1619 1269 1806 1299 munorum,
1831 1269 1955 1292 necnon

1259 1317 1489 1346 tormentorum
1514 1312 1725 1352 bellicorum,
1753 1316 1782 1345 et
1805 1312 1955 1345 militum

1258 1376 1337 1409 quos
1360 1376 1419 1409 pro
1443 1365 1685 1408 recuperatione
1716 1365 1955 1408 fortalitiorum

1258 1423 1287 1452 ct
1321 1419 1465 1452 aliorum
1502 1419 1643 1451 locorum
1673 1418 1776 1451 Vallis
1812 1417 1838 1451 T
1838 1418 1955 1451 ellinae

1258 1473 1430 1505 contitutus
1454 1472 1583 1505 Bormz'i
1599 1472 1757 1505 conscribi
1773 1472 1953 1515 contiyerit,

1258 1536 1331 1558 cum
1365 1525 1521 1568 facultate
1552 1524 1731 1568 recipiendi
1765 1525 1951 1568 fortalitia,

1259 1578 1327 1610 loca
1344 1583 1371 1611 et
1388 1589 1483 1611 arom
1503 1579 1539 1611 in
1559 1578 1740 1622 depositum
1758 1578 1890 1612 nomine
1905 1577 1955 1611 Se-

1257 1629 1307 1662 dis
1330 1628 1562 1672 Apostolz'caefi

1366 1688 1367 1691 Ἴ
1390 1699 1504 1727 Dilecto
1520 1699 1582 1726 filio
1598 1699 1691 1727 nobili
1711 1699 1775 1727 viro

1244 1745 1392 1778 Torquato
1413 1745 1448 1772 de
1465 1744 1625 1772 comitibus
1646 1744 1715 1772 duci
1737 1743 1919 1778 Guadaqnoli

1415 1799 1550 1826 urbanus
1571 1799 1651 1832 Papa
1670 1799 1747 1826 vul.

1391 1851 1506 1880 Dilecta
1527 1851 1571 1879 fili
1591 1852 1700 1879 nobilis
1720 1851 1776 1885 vir,

1249 1897 1380 1924 salutem
1401 1899 1432 1924 et
1457 1896 1654 1931 apostolicam
1668 1895 1917 1924 benedictionem.

1257 1959 1272 2002 g
1297 1959 1327 1991 1.
1352 1958 1570 2002 Singularibus
1594 1963 1666 1991 tuae
1690 1958 1722 1990 in
1745 1968 1803 1992 nos
1828 1963 1858 1992 et
1876 1960 1955 2002 Apo-

1213 2012 1355 2045 stolicam
1370 2012 1480 2045 Sedem
1497 2011 1570 2045 fi‘dei
1587 2017 1617 2045 et
1633 2011 1810 2046 devotionis
1822 2012 1953 2055 meritis,

1213 2066 1339 2108 generis
1365 2065 1527 2099 nobilitate
1552 2065 1737 2107 coniunctis,
1755 2070 1794 2107 et,
1811 2075 1905 2108 quam
1923 2065 1954 2098 in

1213 2130 1247 2152 re
1272 2119 1399 2152 militari
1424 2119 1574 2152 hactenus
1605 2118 1790 2159 ostendisti,
1814 2118 1930 2152 virtute
1945 2146 1953 2160 ,

1213 2172 1341 2205 solertia
1359 2176 1388 2206 et
1411 2171 1594 2206 fortitudine
1611 2171 1801 2212 inducimur,
1818 2176 1852 2206 ut
1868 2183 1954 2216 prae-

1213 2226 1304 2270 cipua
1320 2226 1376 2258 tibi
1394 2225 1541 2258 militaria
1561 2235 1693 2258 munera
1709 2225 1954 2269 committamus,

1212 2284 1373 2323 sperantes
1390 2279 1422 2311 in
1441 2278 1584 2319 Domino,
1602 2283 1631 2311 te
1651 2278 1683 2311 in
1699 2278 1883 2312 muneribus
1899 2279 1954 2312 hu-

1211 2332 1346 2365 iusmodi
1370 2331 1625 2364 administrandis
1650 2332 1730 2366 votis
1758 2332 1875 2366 nostris
1899 2343 1952 2366 cu-

1211 2387 1328 2419 mulate
1351 2395 1590 2430 responsurum.

1967 246 2016 292 An'.
2033 265 2060 291 c.
2083 265 2150 293 ¹626

2000 1967 2102 1993 Torquati
2111 1967 2154 1987 vir-

1970 1995 2009 2017 tus,
2022 1999 2096 2020 reique
2116 1995 2154 2014 mi-

1969 2021 2035 2041 litaris
2057 2021 2153 2042 scientia.

435 2445 466 2475 et
489 2441 613 2474 insertis
637 2441 797 2483 habentes,
823 2440 883 2473 illis
907 2441 983 2473 alias
1004 2440 1034 2473 in
1055 2451 1111 2474 suo
1128 2452 1178 2474 ro-

436 2494 512 2527 bore
529 2494 755 2537 permansuris,
773 2495 831 2527 hac
850 2494 916 2527 rice
932 2494 1094 2527 dumtaxat
1111 2505 1178 2539 spe-

437 2547 557 2581 cialiter
581 2551 611 2581 et
635 2558 781 2591 expresse
801 2548 1000 2591 derogamus.

482 2604 496 2644 g
520 2601 572 2634 lo.
598 2602 748 2635 Volumus
772 2602 900 2646 insuper
921 2607 951 2635 et
967 2601 1177 2642 decernimus,

437 2654 521 2699 quod
545 2656 720 2699 praesentis
739 2656 839 2690 nostri
863 2660 968 2690 motus
991 2655 1115 2700 proprii
1132 2665 1178 2689 ce-

1256 2440 1271 2484 §
1295 2440 1324 2473 ΕΖ.
1349 2440 1434 2472 Motu
1457 2439 1563 2483 itaque
1585 2439 1728 2483 proprio,
1753 2445 1784 2472 et
1807 2449 1844 2473 ex
1868 2441 1953 2473 certa
1968 2446 2153 2494 ,urssiffqirglffi

1211 2493 1342 2527 scientia
1365 2503 1402 2526 ac
1426 2494 1550 2525 matura
1575 2492 1800 2526 deliberatione
1826 2494 1952 2536 nostris,
1968 2500 2070 2548 Tg¹¹⁵s¹¹³3¹³
2087 2501 2153 2547 ngmoij

1211 2552 1242 2580 et
1266 2547 1370 2580 dilecti
1401 2546 1457 2580 fini
1484 2546 1599 2580 nobilis
1622 2546 1681 2579 viri
1705 2547 1808 2581 eamn
1839 2547 1954 2580 Barbe—
1968 2533 2079 2583 2i011050¹⁵
2097 2533 2153 2575 1:¹02.

1212 2600 1272 2634 rini
1296 2600 1397 2634 nostri
1421 2599 1594 2633 secundum
1619 2610 1745 2633 carnem
1761 2600 1867 2634 fratris
1886 2583 2021 2644 ger-pm

1248 2666 1259 2692 1
1278 2663 1315 2691 Ex
1330 2663 1439 2699 Regest.
1454 2663 1482 2691 in
1501 2663 1602 2692 Secret.
1620 2663 1756 2691 Brevium.

257 2609 362 2635 Exemplis
372 2609 422 2630 dan-

236 2636 263 2656 da
279 2636 339 2657 fides.
