2269 3235
122 261 172 290 An.
190 261 220 290 C.
238 261 306 290 1625

319 309 380 342 tius
397 319 489 342 suum
506 308 639 343 cadaver
661 309 858 343 inhumatum
883 310 1056 353 deseratur,

318 372 398 406 quae
411 361 470 406 ipsi
484 363 665 407 sepeliendo
678 363 793 397 dietam
806 363 970 397 eeclesiam
989 374 1058 408 pro-

317 415 395 459 priis
408 415 557 460 impensis
574 417 693 450 exstrui
707 416 879 456 mandavit;
893 426 960 458 nos,
974 427 1058 450 eum-

318 468 389 502 dem
426 469 707 506 Bartholomaeum,
731 470 955 514 provincialem
988 481 1057 515 spe-

319 522 405 556 cialis
437 524 557 567 gratiae
584 523 690 557 favore
721 522 869 567 prosequi
900 523 1056 564 volentes,

318 585 440 610 necnon
468 586 485 609 a
515 576 676 620 quibusvis
707 576 1057 617 excommunicationis,

318 630 532 674 suspensionis
555 635 585 664 et
608 629 781 670 interdicti,
806 630 939 675 aliisque
963 631 1058 664 ecclc-

318 683 451 717 siasticis
475 683 651 725 sententiis,
676 684 818 717 censuris
842 689 872 717 et
896 684 1016 728 poenis,
1041 694 1058 717 a

318 738 387 770 iure
404 737 452 771 vel
476 737 515 770 ab
538 737 675 779 homine,
693 738 801 781 quavis
825 738 989 771 occasione
1010 738 1057 770 vel

318 792 413 824 causa
437 790 516 831 latis,
533 790 558 824 si
578 791 693 834 quibus
713 791 950 835 quomodolibet
974 791 1060 825 inno-

317 843 407 878 datus
438 843 563 885 existit,
591 844 630 877 ad
664 844 809 878 effectum
845 845 1058 889 praesentium

318 895 479 932 dumtaxat
494 898 759 942 consequendum,
776 898 890 932 harum
912 898 993 932 serie
1009 899 1060 931 ab-

317 951 473 985 solventes
504 956 535 984 et
566 951 745 985 absolutum
779 952 845 985 fore
876 957 1058 993 censentes,

317 1004 473 1048 porrectis
497 1004 588 1038 nobis
604 1016 663 1049 pro
682 1011 771 1049 parte
799 1007 855 1038 sua
879 1017 974 1050 super
998 1006 1059 1039 hoc

318 1057 599 1102 supplicationibus
626 1058 786 1101 inclinati,
812 1059 1059 1103 acceptationem

318 1111 498 1155 praedictae
528 1112 706 1146 donationis
733 1112 765 1145 in
792 1113 930 1157 capitulo
958 1123 1056 1156 gene-

319 1165 376 1198 rali
396 1165 470 1199 dieti
490 1165 615 1199 Ordinis
639 1166 700 1199 iam
720 1166 832 1199 factam
853 1167 938 1209 (cum
963 1177 1059 1200 onere

319 1219 497 1252 celebrandi
525 1231 580 1253 seu
611 1220 771 1253 celebrare
803 1220 935 1253 faciendi
964 1231 1059 1253 unam

320 1272 446 1305 missam
476 1273 634 1306 submissa
666 1283 741 1306 voce
774 1273 921 1306 omnibus
949 1273 1060 1306 diebus

318 1325 485 1359 dominicis
512 1330 543 1360 et
565 1326 634 1360 aliis
657 1326 695 1360 de
715 1332 885 1371 praecepto
903 1327 1060 1361 Ecclesiae

319 1379 436 1412 festivis
456 1379 487 1412 in
505 1385 693 1424 perpetuum
718 1380 750 1413 in
770 1381 911 1425 cappella
937 1381 998 1414 loci
1022 1381 1060 1413 de

318 1432 484 1475 Causans¹‚
516 1434 696 1468 conditione
730 1434 804 1467 item
837 1434 1060 1478 superaddita,

319 1485 404 1529 quod
427 1496 548 1530 preces,
573 1497 629 1520 seu
655 1487 753 1521 horae
776 1487 922 1532 publicae
939 1487 1062 1520 canoni-

319 1549 384 1580 cae,
407 1550 488 1584 quae
511 1540 618 1573 dietim
642 1540 674 1573 in
691 1541 774 1575 dicto
798 1547 952 1575 conventu
969 1547 1000 1574 et
1016 1552 1062 1575 ec-

319 1593 414 1626 clesia
438 1593 483 1627 sic
506 1595 718 1628 construenda
738 1595 885 1628 dicuntur
896 1595 917 1636 ⁶²,
934 1596 1061 1628 matuti-

320 1657 395 1680 num
420 1648 548 1690 scilicet,
573 1649 691 1689 laudes,
716 1649 829 1693 prima,
847 1649 948 1690 tertia,
966 1655 1062 1689 sexta,

289 1723 296 1730 .
319 1711 410 1742 nona,
436 1712 583 1746 vesperae
607 1707 637 1735 et
662 1703 923 1747 completorium,
940 1713 1061 1735 necnon

319 1754 412 1787 etiam
438 1755 543 1798 missa,
560 1766 640 1800 quae
660 1756 874 1789 conventualis
891 1756 1016 1797 dieitur,
1033 1761 1060 1789 et

320 1809 399 1843 solet
413 1819 430 1841 a
446 1808 537 1843 dictis
557 1810 707 1843 fratribus
727 1810 880 1843 celebrari
907 1810 939 1842 in
964 1810 1063 1843 omni-

320 1861 379 1895 bus
402 1872 513 1896 eorum
531 1863 672 1896 ecclesiis
691 1874 750 1907 pro
767 1864 866 1897 salute
883 1864 1060 1897 animarum

320 1916 503 1949 earumdem
534 1917 739 1950 ecclesiarum
772 1917 992 1959 fundatorum,
1026 1928 1060 1950 ae

321 1969 399 2003 aliae
422 1981 532 2003 omnes
555 1971 680 2012 missae,
701 1971 812 2005 votivis
840 1972 987 2015 exeeptis,
1016 1972 1062 2004 di-

321 2029 432 2057 cantur
445 2029 475 2057 et
485 2025 681 2069 applicentur
694 2025 732 2058 ad
744 2025 948 2059 intentionem
962 2025 1062 2069 ipsius

322 2077 516 2119 fundatricis,
530 2078 615 2111 iuxta
626 2078 760 2112 sormam
778 2079 1061 2112 instrumentorum

322 2130 476 2164 dictarum
501 2131 731 2175 donationum),
756 2132 929 2166 dummodo
957 2137 1062 2164 tamen

323 2184 405 2217 dicta
428 2185 572 2226 donatio,
596 2190 630 2218 ut
656 2185 844 2229 praefertur,
869 2185 900 2218 in
925 2185 1062 2229 capitulo

324 2238 462 2279 generali
486 2239 657 2282 praeterito
681 2239 776 2271 fuerit
799 2243 968 2282 acceptata,
993 2249 1063 2281 apo-

326 2291 434 2324 stolica
453 2293 648 2333 auctoritate,
666 2296 773 2326 tenore
790 2292 1013 2336 praesentium,
1032 2292 1063 2324 in

326 2344 471 2377 omnibus
502 2350 533 2377 et
563 2356 620 2389 per
650 2346 756 2378 omnia
789 2345 1002 2389 approbamus
1034 2350 1059 2377 et

327 2397 559 2440 confirmamus,
576 2409 611 2432 ae
626 2399 670 2431 illi
694 2402 864 2443 perpetuae
888 2404 918 2431 et
938 2399 1065 2431 inviola-

326 2449 398 2483 bilis
411 2451 600 2494 apostolicae
609 2452 765 2486 firmitatis
774 2452 874 2485 robur
888 2452 1062 2492 adiicimus,

326 2504 491 2548 eidemque
508 2506 652 2549 religioni
676 2512 706 2539 et
728 2507 887 2547 fratribus
911 2512 946 2539 ut
970 2516 1002 2538 se
1025 2506 1063 2538 ad

363 2588 375 2612 1
394 2585 433 2612 An
448 2589 522 2613 recta
537 2585 614 2612 lectio
629 2586 662 2612 de
679 2586 816 2621 Causans,
833 2586 923 2613 iudica
940 2587 975 2621 (a.
992 2586 1040 2621 13).

361 2631 379 2657 2
393 2630 419 2657 Si
434 2631 524 2658 adhuc
534 2631 648 2658 ecclesia
659 2632 861 2666 construenda,
873 2631 962 2667 aptius
973 2630 1063 2657 forsan

330 2674 463 2710 legeretur
477 2676 610 2704 [licentur
625 2676 661 2711 (R.
676 2677 724 2710 Τ.).

934 262 1075 288 URBANUS
1099 262 1156 287 VIII
1179 263 1226 287 I'I'.

1737 251 1801 286 277
1848 260 1896 288 An.
1915 260 1943 289 c.
1962 259 2030 289 ¹625

1091 321 1187 344 onera
1212 311 1242 343 in
1266 309 1349 343 dieta
1378 310 1563 350 donatione,
1588 314 1622 343 ut
1645 309 1829 354 praefertur,

1092 364 1251 405 iniuncta,
1279 364 1423 408 quamvis
1452 369 1625 408 perpetua,
1650 363 1831 407 praemissis

1091 426 1153 450 non
1178 417 1385 457 obstantibus,
1410 417 1551 461 obligare
1570 417 1700 461 possint,
1724 426 1832 450 conce-

1090 469 1196 502 dimus
1213 475 1243 502 et
1260 469 1469 512 indulgemus,
1486 470 1677 514 eosdemque
1693 469 1731 502 ad
1745 479 1832 513 prae-

1092 523 1196 565 missa,
1214 523 1297 557 dicta
1321 523 1516 564 auctoritate,
1537 524 1574 556 ad
1594 524 1740 557 effectum
1765 532 1832 556 exc-

1092 578 1227 612 cutionis
1251 576 1428 610 donationis
1453 577 1642 620 praedictae,
1665 576 1833 610 efficaciter

1092 637 1122 665 et
1146 636 1324 676 opportune
1356 630 1578 670 habilitamus‚
1603 640 1638 663 ac
1669 640 1779 663 omnes
1803 635 1833 662 et

1093 685 1244 728 singulos,
1261 689 1324 717 tam
1343 683 1420 716 iuris
1437 693 1531 727 quam
1548 683 1619 716 faeti
1636 688 1666 715 et
1690 682 1834 716 solemni-

1092 743 1191 772 tatum
1217 738 1365 779 defectus‚
1378 738 1431 782 qui
1445 737 1580 781 desuper
1596 736 1833 781 quomodolibet

1093 792 1329 833 intervenerint,
1353 791 1554 836 supplemus:
1580 790 1758 834 dictamque
1781 800 1832 823 ac-

1093 846 1312 890 ceptationem,
1330 855 1402 878 eum
1423 844 1572 878 oneribus
1596 848 1627 876 et
1651 842 1834 877 conditioni-

1093 899 1151 933 bus
1168 898 1316 944 praefatis
1333 899 1456 940 factam,
1474 897 1657 938 subsistere,

1137 954 1152 996 g
1168 953 1198 985 4.
1223 953 1336 996 Sieque
1354 962 1412 996 per
1429 961 1646 995 quoscumque
1666 949 1784 983 iudices
1804 954 1834 982 et
1862 987 1865 990 ¹
1883 959 1994 981 Decretum
2006 960 2034 981 ir-

1093 1006 1327 1040 commissarios
1352 1005 1484 1038 iudicari
1508 1010 1538 1037 et
1561 1004 1685 1037 definiri
1709 987 2035 1044 debe1·e,l¹0'}3t⁵÷033mc'0¹52

1093 1060 1218 1092 irritum
1243 1069 1368 1104 quoque
1393 1064 1423 1092 et
1447 1059 1537 1091 inane
1566 1058 1784 1098 decernimus,
1808 1056 1834 1089 si
1850 1043 1971 1062 ‘mmmm‘

1094 1123 1182 1145 secus
1203 1123 1298 1156 super
1314 1112 1363 1145 his
1380 1122 1397 1144 a
1416 1107 1588 1155 q‘uoquam,
1603 1110 1712 1155 quavis
1731 1115 1834 1143 aucto-

1093 1166 1194 1206 ritate,
1219 1165 1354 1198 scienter
1378 1165 1426 1197 vel
1451 1165 1645 1207 ignoranter,
1667 1163 1835 1206 contigerit

1094 1218 1248 1251 attentari.
1274 1219 1342 1251 Non
1367 1217 1566 1251 obstantibus
1590 1216 1781 1260 praemissis,
1799 1227 1835 1248 ac

1094 1272 1371 1306 constitutionibus
1396 1277 1426 1304 et
1445 1271 1696 1304 ordinationibus
1715 1263 1836 1314 aposto-

1094 1325 1173 1366 licis,
1191 1325 1366 1368 ceterisquc
1383 1324 1550 1359 contrariis
1571 1324 1833 1368 quibuscumque.

1139 1380 1249 1414 Datum
1269 1380 1396 1419 Romae,
1418 1378 1501 1422 apud
1517 1378 1546 1411 S.
1562 1378 1700 1419 Petrum,
1714 1377 1772 1410 sub
1786 1388 1837 1409 au-

1095 1433 1170 1466 nulo
1191 1433 1376 1473 piscatoris,
1395 1432 1446 1465 die
1466 1442 1519 1465 xiv
1544 1431 1679 1464 ianuarii
1693 1441 1835 1470 iiocxxv,

1095 1486 1295 1530 pontificatus
1319 1486 1419 1519 nostri
1444 1495 1526 1518 anno
1549 1495 1582 1518 11.

1132 1540 1189 1567 Dat.
1206 1539 1250 1567 die
1266 1540 1298 1567 14
1313 1539 1428 1567 ianuarii
1445 1539 1523 1574 1625,
1539 1538 1635 1575 pontif.
1657 1546 1738 1566 annor
1754 1545 1772 1565 1.

1437 1656 1494 1690 CX.

1121 1719 1323 1759 Ul‹1‹tislaus‚
1343 1719 1429 1761 reqis
1445 1717 1605 1751 Potoniae
1621 1717 1724 1760 filius,
1747 1728 1817 1750 cnse

1299 1777 1328 1806 et
1349 1773 1436 1816 pileo
1462 1772 1606 1805 donatur
1623 1771 1642 1804 ¹.

1096 1845 1296 1874 Dilectissimo
1312 1844 1343 1871 in
1360 1844 1477 1871 Christo
1497 1844 1559 1871 filio
1577 1843 1671 1870 nobili
1690 1843 1755 1871 viro
1775 1844 1840 1871 Ula-

1131 1890 1242 1921 dislao,
1265 1888 1440 1916 charissimi
1466 1888 1497 1915 in
1518 1887 1635 1915 Christo
1661 1887 1717 1914 filii
1742 1887 1839 1914 nostri

1131 1933 1313 1968 Sigismundi
1336 1933 1474 1961 Poloniae
1501 1936 1532 1960 et.
1558 1933 1679 1961 Svetiae
1698 1932 1778 1967 regis
1799 1933 1835 1959 il—

1129 1979 1220 2007 lustri
1239 1982 1321 2012 nato,

1290 2022 1426 2049 Urbanus
1448 2021 1526 2055 Papa
1546 2021 1625 2049 vm.

1254 2075 1368 2103 Dilecte
1397 2074 1452 2107 fili,
1481 2074 1591 2101 nobilis
1621 2073 1677 2106 vir,

1131 2120 1262 2147 salutem
1284 2122 1315 2146 et
1340 2118 1536 2153 apostolicam
1551 2117 1800 2145 benedictionem.

1139 2181 1337 2214 lnnnortales
1362 2180 1550 2213 christianae
1568 2179 1759 2211 fortitudinis
1772 2180 1836 2211 lau-
1851 2186 2036 2234 dfirgscllffiffija-

1096 2236 1160 2275 des,
1185 2245 1272 2278 quas,
1298 2234 1344 2266 vel
1371 2234 1401 2265 in
1427 2233 1494 2276 ipso
1520 2233 1628 2265 aetatis
1653 2233 1731 2266 ssorc
1748 2234 1836 2266 nobi·
1874 2229 1879 2233 ⁸
2000 2229 2016 2233 ”

1097 2289 1166 2320 litas
1190 2293 1244 2320 tua
1268 2287 1325 2320 sibi
1350 2287 1554 2330 comparavit,
1578 2296 1672 2319 nemo
1700 2287 1836 2320 contice-

1097 2342 1163 2375 scit.
1190 2342 1260 2373 lllas
1284 2341 1381 2373 relata
1403 2340 1583 2383 saepissime
1606 2350 1639 2372 ex
1662 2340 1837 2383 profligatis

1098 2394 1259 2428 christiani
1273 2394 1409 2426 nominis
1422 2394 1564 2426 hostibus
1578 2394 1729 2436 trophaea
1744 2394 1837 2425 silere

1097 2459 1159 2482 non
1184 2453 1322 2492 possunt.
1354 2448 1424 2479 lllas
1455 2447 1663 2479 barbarorum
1688 2447 1835 2489 agmina,

1097 2513 1176 2546 quae
1202 2501 1291 2535 toties
1315 2501 1409 2533 vitam
1428 2500 1485 2533 sibi
1503 2500 1576 2543 fuga
1600 2510 1751 2543 quaerere
1769 2501 1839 2533 coffi-

1098 2556 1178 2598 gisa,
1197 2555 1320 2588 abunde
1338 2555 1519 2598 loquuntur.
1538 2555 1608 2587 lllas
1628 2554 1762 2597 denique
1783 2565 1837 2597 pu-

1099 2610 1178 2642 blica
1200 2609 1322 2652 paterni
1340 2609 1427 2651 regni
1445 2608 1573 2641 felicitas
1590 2608 1750 2641 uberrime
1768 2618 1837 2640 eon-

1135 2675 1144 2699 rl
1166 2672 1201 2698 Ex
1217 2673 1326 2706 Regest.
1343 2671 1368 2697 in
1385 2671 1489 2698 Seeret.
1506 2671 1585 2697 Brev.
