2269 3235
199 255 248 282 An.
266 255 294 282 c.
317 254 384 283 ica-t
430 245 494 280 ⁶238

214 2566 236 2588 St
251 2566 305 2588 haec
320 2572 371 2588 con-

396 314 467 336 vere
492 304 726 347 poenitentibus
748 309 778 337 et
802 304 961 345 confessis,
986 316 1021 339 ac
1047 308 1135 339 saera

395 357 617 390 conmunione
642 358 777 397 refectis,
799 357 963 390 ecclesiam
989 359 1037 392 vel
1063 370 1136 403 cap-

395 410 507 453 pellani
533 422 585 443 seu
604 410 779 444 oratorium
805 410 985 444 huiusmodi
1013 412 1043 445 in
1060 413 1136 447 Con-

394 464 546 507 ceptionis
571 464 602 496 B.
628 464 741 497 Mariae
760 464 905 507 Virginis,
919 476 954 498 ac
972 465 1000 499 S.
1020 466 1135 500 Urbani

395 516 495 560 Papae
509 522 539 548 et
552 517 704 561 Martyris,
722 521 752 550 ct
769 522 949 552 sanctorum
967 519 1090 553 loannis
1105 525 1137 553 et

395 569 490 610 Pauli,
508 580 544 602 ac
561 570 659 603 sancti
679 571 804 604 Antonii
821 571 941 605 abbatis
961 572 1046 606 festis
1070 573 1136 606 die-

393 621 462 663 bus,
480 626 513 657 ut
537 624 724 667 praefertur,
750 624 956 669 visitantibus,
972 630 1003 661 et
1018 626 1135 661 ibidem

393 676 570 718 orantibus,
596 688 659 721 quo
679 677 729 711 die
752 679 987 723 praedictorum
1013 681 1043 714 id
1068 690 1137 725 ege-

394 729 466 770 rint,
476 734 594 774 septem
608 741 707 766 annos
720 737 751 765 et
764 732 893 766 totidem
908 734 1134 778 quadragenas,

437 783 452 826 ἓ
476 782 506 816 9.
530 783 658 823 Quoties
682 795 757 819 vero
782 786 841 829 ipsi
866 786 969 820 missis
1001 793 1032 820 et
1066 788 1135 821 aliis

392 836 505 870 divinis
528 837 640 871 officiis
664 839 696 871 in
721 838 803 872 dicta
828 839 969 881 eeclesia,
987 840 1036 873 tel
1061 851 1134 884 cap-

392 890 483 933 pella,
508 900 562 924 seu
582 891 722 925 oratorio
738 902 797 936 pro
814 897 956 936 tempore
976 893 1136 926 celebran-

392 943 439 976 dis
471 949 501 976 et
529 944 716 985 recitandis,
749 955 805 978 seu
834 946 1134 989 congregationibus

391 996 529 1039 publicis
553 997 599 1029 vel
620 997 749 1041 privatis
773 998 914 1032 eiusdem
932 999 1135 1033 confraterni-

391 1050 462 1082 tatis
479 1049 580 1083 ubivis
594 1050 743 1084 faciendis
760 1051 970 1094 interfuerint,
988 1058 1041 1086 aut
1056 1063 1134 1097 pau-

390 1113 481 1146 peres
490 1103 627 1147 hospitio
641 1105 846 1150 susceperint,
864 1105 912 1139 vel
925 1116 1035 1151 pacem
1052 1106 1134 1140 inter

390 1155 535 1189 inimicos
560 1159 809 1201 composuerint,
834 1170 890 1192 seu
915 1159 1064 1204 componi
1090 1160 1133 1193 fe-

390 1210 499 1251 cerint,
525 1211 572 1243 vel
597 1213 856 1255 procuraverint,
882 1223 1006 1246 necnon
1038 1213 1132 1246 etiam

388 1263 442 1307 qui
459 1274 593 1307 corpora
609 1264 840 1306 defunctorum,
858 1271 920 1298 tam
938 1267 1131 1300 confratrum

389 1316 489 1349 dictae
514 1317 780 1350 confraternitatis
803 1329 898 1362 quam
922 1319 1068 1360 aliorum,
1093 1320 1132 1352 ad

388 1370 582 1414 sepulturam
595 1371 829 1412 associaverint,
844 1377 897 1404 aut
916 1383 1132 1416 quascumque

389 1424 609 1466 processiones
633 1424 671 1457 de
691 1425 816 1457 licentia
841 1425 998 1458 Ordinarii
1020 1426 1132 1459 sacien-

388 1477 452 1517 das,
471 1478 765 1522 sanctissimumque
789 1479 1006 1513 Eucharistiae
1030 1491 1132 1514 saera-

389 1536 540 1572 mentum,
551 1537 612 1564 tam
626 1532 656 1564 in
670 1532 937 1576 processionibus,
951 1544 1044 1577 quam
1058 1545 1130 1567 cum

387 1584 425 1617 ad
450 1585 603 1626 infirmos,
620 1590 674 1618 aut
697 1586 773 1619 alias
796 1587 991 1631 ubicumque
1009 1592 1038 1622 et
1056 1599 1131 1632 quo-

387 1639 619 1683 modocumque
643 1651 701 1684 pro
733 1645 877 1685 tempore
905 1641 1062 1682 defertur,
1083 1653 1131 1675 eo-

388 1691 487 1724 mitati
512 1693 638 1734 fuerint,
656 1699 718 1736 aut,
737 1694 761 1726 si
787 1694 941 1738 impediti,
959 1706 1130 1739 campanae

387 1745 426 1778 ad
450 1746 481 1778 id
505 1747 595 1789 signo
615 1747 697 1789 dato,
715 1747 812 1780 semel
837 1748 1014 1781 orationem
1032 1749 1131 1782 domi—

386 1799 490 1831 nicam
507 1804 537 1832 et
554 1800 770 1833 salutationem
791 1801 965 1844 angelicam
983 1801 1128 1843 dixerint,

387 1856 440 1887 aut
463 1852 555 1885 etiam
572 1853 739 1897 quinquies
764 1854 937 1888 orationem
960 1859 991 1888 et
1013 1855 1128 1888 saluta-

387 1906 504 1938 tionem
521 1906 697 1950 praedictas
713 1917 772 1950 pro
788 1907 953 1940 animabus
970 1907 1129 1942 defuncto-

386 1969 457 1991 rum
496 1959 692 1992 confratrum
726 1960 827 1993 dictae
862 1961 1129 1995 confraternitatis

386 2012 603 2053 recitaverint,
628 2016 680 2047 aut
703 2018 903 2057 peccatorem
928 2014 1065 2057 aliquem
1089 2014 1128 2047 ad

386 2065 466 2099 viam
485 2066 594 2099 salutis
615 2066 807 2109 reduxerint,
826 2071 857 2100 et
876 2067 1057 2111 ignorantes
1073 2068 1127 2101 Dei

385 2122 569 2162 praecepta,
594 2124 625 2152 et
648 2129 697 2162 ea,
722 2130 802 2163 quae
826 2120 866 2153 ad
889 2121 1021 2154 salutem
1046 2126 1127 2162 sunt,

386 2172 561 2214 docuerint,
579 2178 632 2206 aut
647 2173 732 2206 aliud
757 2174 979 2219 quodcumque
1004 2175 1128 2219 pietatis

385 2226 433 2258 vel
447 2227 607 2260 charitatis
624 2238 702 2271 opus
723 2228 931 2269 exercuerint,
948 2227 1050 2271 totieS,
1068 2240 1128 2273 pro

385 2281 526 2324 quolibet
550 2282 763 2325 praefatorum
790 2293 942 2326 operum,
966 2283 1128 2327 sexaginta

385 2334 451 2366 dies
475 2333 512 2367 de
537 2334 684 2367 iniunctis
713 2335 778 2376 eis,
805 2346 860 2368 seu
893 2336 969 2369 alias
994 2347 1128 2380 quomo-

385 2387 502 2421 dolibet
526 2388 649 2432 debitis,
668 2390 868 2433 poenitentiis
886 2391 917 2422 in
942 2391 1044 2424 forma
1068 2391 1127 2424 Ec-

386 2442 498 2474 clesiae
522 2445 672 2476 consueta
696 2443 883 2476 relaxamus.
907 2444 1127 2478 Praesentibus

385 2495 545 2538 perpetuis
569 2496 682 2529 futuris
706 2497 904 2541 temporibus
928 2498 1077 2531 valituris.

430 2552 445 2592 'g
475 2549 519 2582 10.
545 2549 695 2582 Volumus
724 2556 848 2591 autem,
873 2551 957 2595 quod
989 2553 1014 2585 si
1045 2551 1127 2585 dicta

186 2594 371 2641 {2ss}⁹‘ss‡,¹3s⁵ffi¹{¹‡1
386 2602 626 2635 confraternitas
659 2603 751 2636 alicui
788 2604 1126 2638 archiconsratcrnitati

186 2647 246 2667 nitati
266 2647 351 2668 uniatur

366 2664 370 2672 ’
385 2660 586 2699 aggregetur,
600 2656 647 2689 vel
661 2657 768 2699 quavis
782 2658 841 2690 alia
855 2658 976 2692 ratione
988 2658 1125 2700 uniatur,

975 256 1154 283 ntJLLAmtJM
1178 257 1333 283 ROMANUM

1925 263 1973 291 An.
1990 263 2018 291 G.
2041 263 2109 292 1624

1171 317 1225 340 seu
1250 307 1342 340 etiam
1367 307 1606 351 quomodolibet
1622 308 1810 352 instituatur,
1824 320 1910 355 prae·
1924 327 2048 355 praes-ente·
2064 326 2109 347 nui-

1171 365 1274 393 sentcs
1302 364 1332 394 ct
1362 360 1490 404 quaevis
1514 360 1593 395 aliae
1621 361 1742 396 litterae
1765 364 1911 408 apostoli·
1926 352 2021 373 ¹³⁰⁸¹⁰''

1171 425 1224 447 eae
1247 414 1308 447 illis
1332 415 1509 449 nullatenus
1525 414 1628 459 quoad
1654 415 1863 460 indulgentias
1881 423 1911 452 et

1171 467 1371 501 remissiones
1389 468 1544 512 praefatas
1561 467 1783 512 suffragentur,
1803 470 1856 504 sed
1874 481 1911 504 ex

1171 524 1243 555 tunc
1267 532 1304 554 co
1329 521 1395 565 ipso
1420 532 1551 566 prorsus
1574 522 1678 556 nullae
1702 522 1772 556 sint.

1215 575 1327 607 Datum
1358 575 1487 616 Romae,
1510 575 1593 619 apud
1618 575 1647 609 S.
1668 576 1797 609 Mariam
1821 576 1913 611 Maio-

1171 638 1247 668 rem,
1265 628 1323 661 sub
1347 629 1463 663 annulo
1480 628 1657 671 PiscatoriS,
1675 629 1726 663 die
1745 640 1807 664 xxx
1824 635 1912 664 octo-

1169 681 1235 715 bris
1259 692 1410 725 nncxxtv,
1435 683 1638 728 pontificatus
1661 684 1762 718 nostri
1779 693 1909 718 annon.

1206 744 1263 773 Dat.
1282 745 1325 773 die
1340 746 1374 774 30
1393 746 1512 775 octobris
1529 747 1608 783 1624,
1624 746 1720 784 pontif.
1737 755 1781 776 an.
1803 754 1830 775 ιι.

1494 862 1592 896 XCIV.

1169 930 1288 974 Mayno
1307 932 1464 975 maqistro
1477 933 1621 967 Militiae
1640 934 1850 969 Christianae
1863 935 1911 978 fa-

1212 983 1318 1016 cultas
1337 984 1523 1017 conceditur
1543 985 1685 1019 militiae
1704 986 1912 1020 adscribendi

1212 1046 1263 1069 eos
1274 1037 1335 1080 qui
1352 1047 1411 1080 per
1424 1036 1593 1071 biennium
1609 1037 1687 1072 Sedi
1705 1039 1911 1082 Apostolicae

1211 1089 1432 1123 inservierint.

1372 1160 1509 1188 Urbanus
1529 1161 1609 1196 Papa
1627 1161 1706 1195 vm,

1287 1207 1322 1232 ad
1338 1208 1513 1239 perpetuam
1532 1206 1577 1233 rei
1597 1206 1782 1233 memoriam.

1210 1267 1287 1300 Cum
1316 1277 1374 1301 nos
1397 1277 1501 1312 nuper
1534 1268 1672 1302 Militiam
1700 1268 1907 1302 Christianam
1951 1281 2108 1305 Exordium„-

1166 1320 1386 1365 Conccptionis
1410 1321 1562 1366 Deiparae
1580 1322 1715 1365 Virginis
1735 1323 1908 1367 apostolica
1922 1310 2107 1382 ἓῖῖὲῖηέἐιὲᾗὲ-

1166 1375 1351 1408 auctoritate
1380 1375 1575 1408 erexerimus
1599 1380 1630 1408 et
1660 1375 1906 1418 instituerimus,
2083 1377 2086 1382 “

1166 1438 1201 1461 ac
1226 1427 1284 1460 sub
1307 1429 1416 1461 nostra
1440 1432 1470 1461 et
1493 1427 1582 1461 Sedis
1613 1428 1810 1472 Apostolicae
1835 1440 1907 1473 pro-

1166 1481 1300 1514 tectione
1323 1481 1567 1526 susceperimus,
1585 1482 1694 1526 illique
1711 1487 1741 1515 et
1765 1482 1832 1516 eius
1850 1482 1905 1515 mi-

1164 1535 1270 1568 litibus
1283 1545 1319 1568 ac
1332 1545 1447 1579 magno
1461 1536 1613 1579 magistro
1630 1536 1716 1569 varia
1730 1536 1907 1580 privilegia,

1164 1587 1293 1628 indulta,
1317 1588 1540 1630 immunitates,
1564 1589 1810 1633 praerogativas,
1835 1600 1906 1632 gra-

1165 1640 1233 1682 tias,
1258 1645 1288 1673 et
1312 1641 1443 1682 favores,
1468 1645 1561 1685 prout
1585 1642 1617 1674 in
1641 1642 1754 1675 litteris
1774 1642 1906 1676 erectio-

1163 1694 1211 1727 nis
1235 1695 1414 1738 praedictae
1438 1695 1568 1729 militiae
1585 1696 1643 1729 sub
1660 1696 1767 1729 datum
1788 1696 1905 1729 Romae

1163 1748 1246 1792 apud
1259 1749 1287 1782 S.
1301 1749 1439 1789 Petrum,
1453 1747 1556 1793 pridie
1574 1748 1643 1781 idus
1661 1749 1811 1782 februarii
1829 1758 1906 1793 pon-

1163 1801 1300 1835 tificatus
1324 1802 1423 1835 nostri
1448 1812 1530 1835 anno
1555 1812 1575 1843 1,
1600 1802 1755 1846 expeditis
1779 1803 1905 1847 plenius

1163 1854 1370 1897 continetur¹,
1387 1855 1560 1899 apostolica
1578 1855 1764 1889 auctoritate
1781 1866 1906 1889 conces-

1163 1908 1315 1942 serimus:

1206 1963 1221 2005 ἕ
1246 1962 1275 1995 t.
1302 1962 1348 1995 Ad
1376 1962 1592 2006 ampliandum
1617 1973 1654 1996 eo
1679 1963 1779 2006 magis
1803 1962 1905 1997 dictae
1951 1972 2014 1994 euius
2029 1979 2104 2000 magno

1919 2000 2018 2025 magistro
2038 2000 2105 2021 tacut-

1162 2016 1292 2049 militiae
1311 2015 1529 2049 felicissimum
1555 2016 1796 2058 incrementum,
1814 2016 1855 2050 ita
1871 2019 1905 2050 ut
1920 2028 1984 2047 tatem
2006 2027 2104 2048 concedit

1919 2052 2053 2074 adscribendi
2061 2059 2103 2078 eos,

1163 2069 1323 2102 militantis
1332 2069 1489 2103 Ecclesiae
1502 2069 1701 2103 infensissimi
1714 2070 1829 2110 hosteS,
1840 2074 1903 2102 tam
1919 2079 1976 2126 giuuim
1984 2085 2038 2127 1³03a
2041 2080 2103 2127 ¹1:23:

1161 2123 1337 2167 potentium
1362 2127 1398 2157 eb
1416 2123 1586 2156 illustrium
1618 2123 1759 2156 virorum
1784 2123 1904 2157 fortitu-
1919 2132 1971 2163 sedi
2002 2133 2103 2153 inservie-

1162 2175 1243 2217 dine,
1261 2186 1355 2220 quam
1372 2176 1466 2209 etiam
1484 2176 1768 2210 ecclesiasticorum
1790 2176 1904 2221 princi·
1918 2162 1966 2180 ω’

1161 2240 1236 2273 pum
1265 2230 1426 2263 maiestate
1451 2234 1481 2262 et
1505 2230 1691 2263 auctoritate
1723 2230 1902 2274 perterriti,

1161 2283 1200 2315 ab
1224 2282 1367 2324 assiduis,
1391 2293 1468 2326 quas
1492 2293 1568 2326 erga
1591 2283 1794 2317 christianam
1819 2294 1904 2316 rem-

1162 2336 1321 2379 publicam
1341 2337 1526 2378 moliuntur,
1551 2336 1672 2369 insidiis
1697 2337 1856 2379 desistant,
1874 2342 1905 2370 et

1161 2390 1333 2424 catholicae
1357 2390 1429 2423 fidei
1454 2390 1642 2434 propagatio
1668 2390 1698 2423 in
1718 2390 1784 2424 dies
1802 2390 1904 2433 magis

1161 2448 1330 2487 augeatur,
1356 2447 1443 2478 motu
1467 2444 1600 2488 proprio
1620 2454 1683 2477 non
1708 2443 1746 2477 ad
1771 2443 1903 2477 alicuius

1161 2509 1257 2542 super
1274 2498 1334 2531 hoc
1354 2498 1445 2531 nobis
1462 2498 1584 2531 oblatae
1609 2498 1769 2542 petitionis
1788 2498 1905 2531 instan-

1162 2551 1246 2591 tiam,
1264 2551 1317 2584 sed
1342 2562 1379 2584 ex
1405 2553 1492 2584 certa
1517 2551 1656 2593 scientia,
1674 2554 1825 2595 meraque
1848 2550 1903 2583 de-

1161 2604 1346 2638 liberatione
1366 2605 1492 2647 nostris,
1516 2615 1551 2637 ac
1575 2605 1614 2638 de
1638 2605 1827 2650 apostolicae
1846 2613 1900 2648 po-

1198 2668 1208 2694 1
1227 2667 1297 2698 Quas
1314 2666 1373 2693 vide
1389 2675 1471 2703 supra
1486 2674 1547 2703 pag.
1565 2667 1615 2694 114
1630 2667 1669 2702 (n.
1686 2667 1734 2702 r).
