2269 3235
109 267 157 292 An.
173 265 202 292 C.
226 263 292 291 1625

161 906 294 927 Obstantium

111 933 229 959 derogatio.

913 263 1054 287 uassANus

305 320 442 354 suosque
458 311 616 354 plenarios
633 316 662 344 et
679 311 818 353 integros
832 310 960 343 effectus
981 320 1045 343 sor-

304 364 356 397 tiri
373 368 403 396 et
418 363 570 403 obtinere,
594 364 735 408 illasque,
760 374 796 396 ac
816 366 929 396 statuta
954 373 1045 406 prae-

305 417 386 450 dicta
410 417 448 450 ab
473 417 630 458 omnibus,
655 417 692 450 ad
717 427 795 460 quos
817 420 944 460 spectat,
965 421 995 448 ct
1015 416 1045 448 in

305 470 444 503 futurum
469 471 706 514 quomodolibet
730 469 891 513 spectabit,
918 469 1046 501 inviola-

305 523 410 556 biliter
434 524 593 557 observari
611 529 642 557 et
660 522 825 566 adimpleri
842 521 967 562 debere,
993 522 1048 554 sic-

307 588 368 621 que
384 589 442 621 per
457 587 673 622 quoscumque
688 576 805 609 iudices
822 575 999 609 ordinarios
1017 581 1045 608 et

308 630 476 674 delegatos,
501 631 593 663 etiam
619 640 784 663 causarum
802 629 907 672 palatii
928 633 1049 672 aposto-

308 684 359 717 lici
379 685 547 725 auditores,
565 684 695 717 iudicari
720 688 750 716 et
774 683 897 716 deliniri
923 682 1048 722 debere,

310 748 345 770 ac
370 737 495 770 irritum
520 742 549 769 et
583 737 690 777 inane,
716 737 740 769 si
766 747 855 769 secus
879 746 975 779 super
1000 735 1048 767 his

309 801 326 822 a
340 801 509 834 quoquam,
523 790 630 833 quavis
643 790 838 831 auctoritate,
854 789 987 822 scienter
1002 788 1049 821 vel

309 844 500 886 ignoranter,
525 843 692 886 contigerit
715 842 870 875 attentari.

354 896 410 939 §3
435 897 504 930 Non
518 896 714 930 obstantibus
732 895 1007 929 constitutionibus
1021 900 1049 927 et

309 949 560 982 ordinationibus
576 949 767 993 apostolicis,
784 959 820 982 ac
839 947 1051 981 universitatis

310 1002 403 1036 studii
427 1003 603 1045 generalis,
629 1002 825 1046 civitatisque
850 1000 1051 1040 huiusmodi,

310 1062 463 1100 quatenus
487 1067 567 1101 opus
592 1056 640 1097 sit,
665 1056 758 1088 etiam
778 1056 964 1094 iuramento,
982 1064 1053 1087 con-

311 1110 490 1143 firmatione
503 1109 692 1154 apostoliea,
711 1110 759 1142 vel
778 1109 887 1152 quavis
904 1108 1052 1140 firmitate

310 1163 370 1196 alia
394 1164 560 1205 roboratis,
578 1163 699 1196 statutis
716 1169 745 1195 et
766 1161 1051 1202 consuetudinibus,

311 1216 484 1260 privilegiis
508 1227 644 1260 quoque,
662 1216 789 1249 indultis
807 1221 837 1249 et
854 1215 965 1248 litteris
983 1225 1054 1258 apo-

311 1270 429 1302 stolicis
446 1270 477 1302 in
497 1270 691 1303 contrarium
716 1269 964 1313 praemissorum
981 1278 1054 1311 quo-

312 1323 484 1357 modolibet
507 1323 673 1363 concessis,
699 1322 892 1356 confirmatis
909 1326 939 1354 et
957 1322 1051 1354 inno-

312 1376 398 1408 vatis.
416 1376 534 1415 Quibus
550 1376 696 1410 omnibus
714 1381 743 1408 et
760 1375 903 1418 singulis,
928 1375 1054 1407 illorum

313 1434 437 1462 tenores
472 1430 690 1473 praesentibus
715 1439 774 1472 pro
799 1429 891 1472 plene
916 1433 947 1460 et
970 1428 1057 1460 susti-

313 1482 431 1515 cienter
455 1482 611 1526 expressis
640 1493 676 1515 ac
711 1482 749 1514 ad
774 1482 905 1514 verbum
932 1480 1057 1513 insertis

313 1536 475 1577 habentes,
490 1536 550 1569 illis
564 1537 640 1569 alias
664 1537 695 1568 in
709 1547 766 1569 suo
780 1536 895 1568 robore
916 1544 1058 1578 perman-

315 1590 407 1630 suris,
427 1590 465 1622 ad
488 1590 736 1634 praemissorum
753 1588 897 1622 effectum
916 1588 974 1620 hae
992 1587 1058 1619 vice

315 1643 475 1677 dumtaxat
505 1643 682 1687 specialiter
706 1648 736 1675 et
760 1651 906 1685 expresse
930 1641 1060 1682 deroga-

315 1707 396 1737 mus,
407 1696 581 1739 ceterisque
596 1695 761 1729 contrariis
775 1695 1035 1738 quibuscumque.

359 1750 470 1783 Datum
487 1750 630 1791 Tusculi,
656 1751 713 1783 sub
736 1750 852 1782 annulo
865 1747 1038 1785 ›Piscatoris
1052 1774 1059 1787 ,

317 1803 367 1837 die
390 1814 432 1837 xv
452 1804 590 1837 octobris
615 1813 754 1844 mcxxv,
779 1801 981 1846 pontificatus
1005 1811 1061 1833 no-

319 1858 375 1890 stri
400 1868 481 1891 anno
506 1867 549 1891 ιιι.

355 1920 412 1948 Dat.
429 1920 472 1947 die
490 1920 522 1947 15
537 1919 655 1948 octobris
672 1919 748 1954 1625,
766 1919 863 1954 pontif.
879 1926 948 1946 anno
965 1924 1001 1944 ιιι.

635 2035 742 2068 CLXV.

321 2108 367 2141 De
391 2108 481 2141 bonis
507 2105 826 2153 iurisclictionatibns
850 2105 892 2137 ad
913 2104 1061 2137 ecclesias

366 2165 394 2194 et
419 2161 487 2194 loca
508 2162 567 2204 pta
583 2159 799 2204 spectantibus
815 2159 852 2192 in
868 2158 1002 2202 feudum
1014 2157 1064 2191 vel

367 2214 603 2257 emphyteusim
627 2223 692 2246 non
706 2212 834 2252 dandis,
851 2222 954 2255 neque
973 2211 1064 2244 ultra

371 2268 547 2300 triennium
565 2267 721 2307 locandis,
738 2270 793 2299 aut
809 2266 1064 2298 concessionibus

372 2320 558 2354 huiusmodi
581 2320 776 2354 renouandis
799 2320 865 2352 sire
887 2329 1065 2363 proroqan-

372 2372 452 2405 dz's'.

364 2449 375 2475 ¹
394 2449 434 2475 De
447 2456 502 2475 non
518 2449 667 2476 alienandis
683 2457 746 2476 vero
769 2448 848 2476 bonis
863 2447 1004 2480 ecclesiae,
1026 2446 1067 2473 vel

329 2494 400 2521 ultra
415 2493 560 2520 triennium
575 2494 705 2527 locandis,
725 2494 866 2529 generales
888 2497 981 2520 extant
998 2501 1068 2519 non-

330 2538 420 2566 nullae
437 2538 591 2566 Pontificiae
606 2540 803 2574 prohibitiones
819 2539 885 2566 alias
904 2546 953 2574 per
968 2546 1010 2564 me
1025 2537 1068 2563 in-

329 2583 449 2617 dicatae3
465 2591 496 2611 ac
511 2584 671 2619 praesertim
685 2585 779 2611 Const.
791 2590 817 2610 tx
833 2583 931 2610 Leonis
946 2582 967 2617 1,
986 2582 1071 2609 Occa-

329 2629 383 2663 sio,
399 2633 466 2656 tom.
482 2635 501 2664 ι,
521 2636 582 2664 pag.
599 2629 647 2661 65;
669 2632 696 2655 et
709 2629 801 2656 Const.
818 2634 844 2655 vx
862 2627 935 2654 Pauli
949 2626 982 2661 Il,
998 2627 1070 2653 Am-

332 2673 462 2709 bitibsae,
480 2676 544 2702 tom.
566 2679 593 2707 V,
613 2680 674 2708 pag.
698 2673 764 2705 1943
785 2672 818 2699 de
843 2680 896 2699 non
920 2669 1070 2699 alienandis

1080 264 1135 287 VIII
1160 264 1206 288 PP.

1282 312 1416 339 Urbanus
1435 311 1610 345 episcopus,

1256 363 1360 384 servus
1388 362 1544 383 servorum
1569 355 1640 387 Dei,

1208 401 1244 428 ad
1261 404 1432 435 perpetuam
1450 401 1493 429 rei
1510 400 1690 428 memoriam.

1126 471 1285 503 Humanae
1317 472 1425 504 salutis
1454 478 1563 505 auctor
1595 471 1735 504 Clu-istus
1759 471 1820 503 Do-

1083 523 1186 555 minus
1223 524 1392 557 Romanam
1426 525 1595 557 Ecclcsiam
1629 524 1821 568 amplissima

1082 577 1264 620 temporalis
1277 577 1403 610 ditionis
1422 579 1639 621 praerogativa
1653 579 1822 618 decoravit,

1082 640 1176 673 quam
1202 630 1300 663 voluit
1332 631 1532 664 inferioribus
1563 633 1654 665 etiam
1685 632 1824 665 ccelesiis

1083 683 1187 726 aliqua
1204 694 1240 716 ex
1257 689 1346 727 parte
1370 685 1608 725 communicari,
1634 691 1665 717 ut
1687 686 1822 717 tiliarum

1084 735 1179 768 decor
1204 736 1313 769 matris
1337 742 1468 779 augeret
1499 737 1529 769 in
1558 737 1696 770 Summis
1722 737 1825 770 Ponti-

1084 788 1196 822 ficibus
1221 790 1426 829 maiestatem,
1452 791 1567 833 quibus
1584 802 1654 823 cnm
1681 791 1826 823 ecclesia-

1085 853 1156 874 rum
1181 842 1321 875 omnium
1346 843 1488 886 regimen
1508 843 1676 883 incumbat,
1702 844 1824 875 illarum

1085 906 1210 939 quoque
1235 895 1376 928 omnium
1402 896 1530 928 tutelam
1558 896 1597 928 ad
1623 896 1824 939 apostolicam

1085 960 1195 983 eorum
1212 949 1441 993 providentiam
1454 960 1582 983 necesse
1598 954 1642 982 est
1657 949 1824 993 pe1·tiner‹3=.

1131 1004 1145 1046 ἓ
1170 1003 1198 1035 1.
1223 1002 1303 1036 Olim
1329 1003 1474 1047 equidem
1499 1002 1725 1047 quamplurimi
1750 1002 1827 1035 inse-

1086 1056 1208 1089 riorum
1234 1056 1439 1089 eeclesiarum
1460 1056 1601 1100 praelati,
1625 1059 1660 1089 ut
1683 1061 1827 1087 strenuos

1087 1120 1122 1143 ac
1145 1114 1340 1153 praestantes
1362 1109 1476 1142 virtute
1494 1110 1578 1143 viros
1596 1109 1758 1148 haberent,
1776 1109 1828 1151 qui

1087 1163 1227 1196 debitum
1245 1163 1304 1195 sibi
1321 1168 1350 1195 et
1367 1163 1507 1196 eeclesiis
1525 1163 1589 1195 suis
1611 1162 1828 1205 impenderent

1088 1216 1281 1258 famulatum,
1299 1216 1490 1260 temporales
1506 1215 1640 1248 ditiones
1653 1214 1691 1247 ad
1704 1214 1829 1247 easdem

1089 1270 1236 1303 ecclesias
1262 1270 1454 1314 pertinentes
1475 1270 1663 1302 eximiorum
1689 1269 1829 1301 virorum

1089 1322 1162 1355 fidei
1186 1328 1279 1366 atque
1304 1323 1565 1356 administrationi
1584 1322 1829 1360 commiserunt;

1090 1381 1232 1419 tempore
1246 1387 1321 1409 vero
1334 1374 1561 1419 praecedente¹,
1575 1375 1783 1407 dilabentibus
1801 1375 1831 1406 in

1090 1429 1228 1462 deterius
1240 1429 1332 1463 bonis
1344 1429 1504 1469 institutis,
1520 1429 1634 1461 sactum
1647 1433 1703 1467 est,
1714 1434 1744 1460 ut
1761 1437 1834 1460 non-

1090 1483 1167 1515 nulli
1177 1483 1380 1516 eeclesiarum
1391 1483 1562 1526 praesules,
1572 1481 1718 1514 humanis
1730 1480 1834 1524 potius

1091 1536 1255 1569 affectibus
1273 1547 1368 1580 quam
1399 1536 1586 1568 meritorum
1608 1535 1721 1567 intuitu
1746 1533 1833 1575 moti,

1092 1589 1225 1622 ditiones
1242 1590 1432 1633 temporales
1449 1588 1630 1621 huiusmodi
1650 1587 1741 1620 variis
1758 1598 1836 1631 per-

1093 1643 1177 1675 sonis
1195 1648 1225 1675 et
1242 1642 1499 1675 universitatibus
1520 1642 1550 1673 in
1567 1641 1695 1674 feudum
1714 1641 1761 1673 vel
1775 1650 1837 1673 em-

1092 1695 1270 1739 phyteusim
1291 1695 1384 1736 dare,
1409 1695 1456 1727 vel
1481 1694 1565 1726 ultra
1589 1693 1757 1726 trienninm
1783 1693 1837 1725 lo-

1093 1759 1175 1789 care,
1189 1753 1218 1781 et
1233 1758 1342 1781 rursus
1356 1753 1543 1781 occurrente
1557 1757 1666 1779 earum
1683 1746 1836 1778 ditionum

1093 1802 1317 1845 temporalium
1336 1801 1547 1841 devolutione,
1560 1800 1598 1832 ad
1613 1809 1726 1832 novam
1744 1799 1838 1831 infeu-

1094 1855 1252 1889 dationem
1275 1866 1330 1888 seu
1347 1855 1563 1888 investituram
1580 1854 1628 1886 vel
1648 1853 1836 1886 locationem

1094 1909 1175 1943 ultra
1199 1909 1380 1950 triennium,
1406 1908 1463 1941 sub
1488 1907 1592 1951 specie
1612 1906 1696 1950 quod
1716 1906 1787 1938 illae
1808 1906 1838 1938 in

1095 1962 1221 1995 seudum
1234 1963 1281 1996 vel
1296 1962 1526 2006 emphyteusim
1541 1961 1618 2001 dari,
1632 1960 1690 2002 vel7
1704 1965 1737 1992 ut
1752 1969 1839 2003 prae-

1095 2017 1203 2057 fertur,
1224 2016 1321 2049 locari
1341 2017 1402 2049 sint
1418 2015 1537 2055 solitae,
1553 2025 1609 2047 seu
1630 2014 1705 2047 alias
1730 2023 1839 2046 causas

1096 2069 1361 2113 praetendentes,
1397 2069 1545 2101 devenire
1582 2070 1839 2103 consueverunt,

1096 2123 1180 2167 quod
1204 2123 1234 2156 in
1254 2133 1317 2156 non
1334 2122 1495 2156 modicum
1521 2121 1725 2154 ecclesiarum
1750 2119 1836 2163 ipsa-

1097 2188 1166 2209 rum
1186 2177 1335 2209 damnum
1351 2182 1379 2209 et
1395 2175 1623 2220 praeiudicium
1641 2174 1769 2207 tendere
1782 2183 1840 2205 usu

1098 2234 1294 2275 compertum
1320 2236 1376 2263 est.

1143 2285 1157 2328 g
1181 2285 1211 2317 ΕΞ.
1231 2285 1292 2317 Nos
1313 2284 1429 2327 itaque,
1446 2283 1546 2316 nostri
1572 2281 1712 2315 muneris
1736 2284 1841 2324 partes

1099 2338 1310 2381 adimplendo,
1320 2337 1503 2381 praemissis
1519 2336 1642 2369 obviam
1655 2335 1842 2374 ire,necnon

1100 2391 1325 2431 ecclesiarum,
1355 2389 1619 2423 monasteriorum
1645 2392 1674 2421 et
1697 2388 1841 2421 locorum

1099 2447 1225 2490 piorum
1240 2454 1513 2488 quorumcumque
1527 2442 1732 2482 indemnitati,
1751 2452 1786 2474 ac
1800 2441 1843 2473 iu-

1102 2540 1191 2563 autem
1216 2538 1242 2562 et
1266 2533 1439 2561 infeudandis
1463 2533 1543 2560 terris
1572 2535 1680 2559 sanctae
1706 2531 1842 2558 Romanae

1102 2579 1240 2607 Ecclesiae
1265 2578 1390 2614 specialis
1415 2581 1486 2604 extat
1509 2576 1672 2612 prohibitio,
1692 2576 1755 2602 vide
1775 2575 1843 2602 Con-

1102 2625 1157 2651 stit.
1175 2630 1218 2651 Lm
1234 2623 1276 2650 Pii
1291 2622 1322 2656 V,
1337 2622 1492 2655 Admonet,
1508 2625 1574 2647 tom.
1591 2627 1639 2654 vu,
1656 2628 1718 2655 pag.
1735 2619 1797 2646 560.

1140 2671 1149 2696 1
1170 2667 1313 2696 videretur
1325 2667 1414 2703 potius
1429 2665 1536 2701 legend.
1549 2665 1722 2700 procedente
1738 2666 1777 2699 (a.
1792 2662 1842 2698 r).

1721 253 1784 286 ‚⁶570
1831 263 1876 288 Αη,
1896 263 1924 287 ιῑ.
1946 262 2014 288 1025

1863 482 1974 502 Exordium

1901 1010 1981 1030 Causae
1997 1012 2027 1029 ta-

1843 1037 1931 1057 rioutae
1956 1037 2028 1063 prohi-

1843 1064 1937 1084 hittonis.

1879 2285 2004 2307 prohibitio,
2015 2285 2041 2305 d·

1857 2318 1899 2339 qua
1912 2313 1932 2332 in
1948 2312 2033 2333 rubrica
