2269 3235
214 247 249 272 Au
278 247 306 272 C.
333 248 395 273 tuat

250 1633 288 1655 Qut
304 1637 381 1652 musas

198 1665 268 1681 omnes
275 1659 382 1680 definiant.

225 2538 335 2559 Concessis
350 2538 377 2559 ad

194 2565 213 2585 id
250 2566 378 2586 necessariis

196 2592 339 2613 facultatibus.

449 239 506 270 tuu

995 250 1172 274 nrimutum
1197 250 1349 274 notuANUM

1938 251 1986 279 Αη.
2003 251 2033 279 C.
2054 251 2121 280 1624

410 307 580 339 ouuwsqun
607 301 632 328 et
661 306 875 340 quascumque
896 296 966 329 lites
983 303 1008 329 οι
1025 304 1149 331 contro·
1182 309 1262 341 quae
1288 298 1386 341 magis
1401 298 1568 342 specialem
1583 302 1613 331 et
1629 298 1806 341 specificam
1820 299 1922 344 requi-

411 349 526 381 vcrsias
553 350 633 381 inter
657 350 940 393 arehiepiscopum,
966 355 995 382 et
1016 351 1148 394 priores,

411 402 534 438 milites,
553 403 845 445 v«›mmendatarios‚
864 409 1046 443 conventus,
1067 415 1150 437 men-

409 466 457 486 sas
473 456 677 495 magistrales,
691 456 828 499 aliasque
850 467 1063 501 quascumque
1082 468 1150 501 per-

408 518 499 539 sonas
523 508 675 541 dictarum
694 508 876 541 militiarum
898 520 1003 542 coram
1024 511 1150 554 quibus—

407 571 540 603 cumque
571 561 726 593 iudicibus
754 562 922 595 ordinariis
946 568 975 595 et
999 563 1148 605 detegatis

407 619 467 645 tam
495 614 524 645 iu
551 615 688 646 ltomaua
714 615 802 647 curia
835 627 929 658 quam
962 621 1049 649 extra
1079 628 1146 650 eam

406 670 505 700 motas
530 673 559 698 et.
583 669 782 710 quantumvis
807 668 985 710 instructas,
999 681 1035 703 ac
1052 670 1145 703 etiam

404 730 462 762 pro
488 725 628 763 tempore
650 721 828 761 movendas,
847 722 884 753 ad
904 732 962 755 nos
983 728 1010 755 et
1034 723 1145 756 Sedem

405 774 634 815 Apostolicaui,
665 778 818 816 quatenus
847 785 926 817 opus
950 775 1009 815 sit,
1034 776 1145 809 harum

405 826 485 859 serie
510 827 541 858 iu
566 832 647 859 statu
672 832 701 859 et.
726 827 876 868 terminis,
904 828 934 860 in
958 829 1071 871 quibus
1096 840 1146 862 re-

404 880 578 922 periuntur,
604 885 778 917 avocantes,
805 886 892 913 motu
911 882 1042 924 proprio
1063 888 1144 916 etex

403 935 488 965 certa
513 933 643 965 scicntia
669 944 704 965 ac
730 935 817 965 mera
839 933 1064 967 deliberatione
1089 945 1144 968 no-

403 987 492 1025 stris,
517 986 618 1029 deque
643 986 833 1029 apostolicae
854 987 1017 1029 potestatis
1042 988 1145 1030 pleni-

403 1039 517 1077 tudine,
534 1039 704 1071 venerabili
731 1039 817 1071 fratri
843 1040 977 1072 Antonio
995 1041 1143 1085 episeopo

402 1092 562 1133 l'igitieusi
588 1092 740 1124 moderno
766 1097 796 1123 et
820 1103 878 1135 pro
903 1098 1048 1137 tempore
1073 1095 1140 1127 exi-

400 1145 491 1177 stenti
517 1144 633 1176 iurium
659 1150 686 1177 et
713 1145 889 1188 spoliorum
922 1157 1066 1179 camerae
1090 1158 1144 1181 no-

399 1202 481 1229 strae
510 1198 700 1240 apostolicae
736 1198 767 1230 in
796 1199 1005 1242 Portugalliae
1036 1205 1066 1233 et
1092 1201 1143 1233 Al-

399 1251 581 1292 garbiorum
607 1252 712 1294 regnis
737 1252 898 1285 collectori
923 1255 1062 1296 generali
1086 1265 1142 1298 per

397 1310 577 1347 praesentes
602 1305 830 1337 committimus
847 1311 877 1338 et
895 1306 1091 1347 mandamus,
1109 1313 1142 1340 ut

398 1358 541 1401 partibus
566 1359 733 1402 praedictis
752 1359 921 1392 [erminum
940 1360 1049 1403 viginti
1069 1361 1138 1394 die—

398 1423 469 1445 rum
487 1412 525 1445 ad
543 1413 802 1446 consentiendum
820 1414 852 1446 in
869 1419 932 1447 tres
957 1415 1140 1448 commissa-

398 1465 472 1501 rios.
490 1467 542 1509 qui
557 1466 747 1509 indignitate
757 1467 967 1500 ecclesiastiea
980 1469 1140 1502 constituti

397 1519 469 1558 sint,
482 1530 540 1563 per
554 1520 699 1552 eumdem
718 1520 900 1564 Philippum
918 1532 1027 1564 regem
1041 1522 1141 1555 nomi—

396 1573 526 1611 nandos,
546 1573 731 1606 auctoritate
755 1576 863 1606 nostra
886 1575 1049 1618 praefiges.

442 1626 456 1669 ξ
479 1626 508 1658 3
530 1628 596 1665 Quo
629 1626 757 1670 quidem
790 1628 925 1661 termino
956 1628 1083 1672 elapso,
1109 1634 1139 1662 et

397 1690 550 1712 consensu
566 1691 624 1723 per
641 1681 739 1713 dictas
753 1686 858 1724 partes
882 1692 945 1715 non
969 1683 1137 1725 praestito,

395 1737 460 1765 tres
480 1733 660 1766 huiusmodi
678 1734 912 1767 commissarios
926 1735 1068 1778 partibus
1082 1737 1139 1768 eis—

395 1786 467 1818 dem
486 1797 549 1820 nou
574 1793 737 1831 suspectos
761 1798 799 1820 ex
823 1788 933 1820 eadem
951 1789 1137 1822 auctoritate

395 1839 541 1883 deputet,
575 1840 629 1883 qui
660 1841 837 1883 praedictas
868 1846 898 1874 et
922 1852 1136 1886 quascumque

394 1893 469 1925 alias
480 1893 706 1937 cuiuscumque
719 1894 878 1938 qualitatis
891 1895 1058 1928 existentes
1068 1906 1136 1928 cau-

394 1956 453 1986 sas,
478 1946 571 1979 etiam
595 1947 801 1987 decimarum,
833 1947 911 1980 iuris
942 1952 1134 1991 patronatus,

345 2023 350 2028 .
393 2000 613 2043 praesentandi
638 2005 668 2032 et
691 2000 877 2044 providendi
908 2001 946 2033 de
973 2001 1135 2045 quibusvis

394 2052 566 2093 beneficiis,
592 2053 733 2086 ecelesiis
758 2057 788 2087 et
817 2054 989 2097 cappellis,
1013 2065 1135 2088 necnon

394 2106 628 2147 iurisdictionis,
642 2112 705 2139 tam
722 2106 892 2150 spiritualis
907 2118 1001 2151 quam
1018 2113 1136 2152 tempo-

394 2160 478 2200 ralis,
502 2160 733 2204 bonorumque,
754 2160 934 2193 reddituum
960 2167 989 2194 et
1013 2162 1136 2196 territo-

394 2214 600 2254 riorum,tam
618 2214 655 2246 ad
676 2225 817 2247 mensam
834 2215 1133 2259 archiepiscopalem

394 2267 617 2307 Elborensem‚
642 2278 735 2311 quam
767 2268 894 2301 militias
923 2273 953 2301 et
983 2280 1135 2313 personas

393 2320 575 2354 huiusmodi
600 2321 821 2365 spectantium,
847 2322 1134 2365 extraiudicialiter,

393 2379 423 2406 et
447 2375 532 2406 omni
558 2379 585 2407 et
611 2385 809 2419 quacumque
835 2376 1063 2419 appellatione,
1088 2387 1135 2410 re-

393 2428 579 2460 clamatione
596 2432 626 2460 et
642 2438 774 2461 recursu
786 2429 927 2470 remotis,
942 2430 1134 2463 concordare

394 2486 423 2513 et.
450 2492 641 2523 componere
665 2482 786 2525 possint
810 2487 840 2515 et
863 2483 994 2516 valeant.

439 2536 452 2575 ξ
478 2534 506 2566 i.
532 2535 650 2573 Quibus
662 2536 789 2578 quidem
810 2537 1035 2570 commissariis
1048 2548 1134 2581 prae-

393 2588 474 2621 dicta
499 2593 528 2621 et
552 2599 768 2633 quaecumque
799 2590 859 2623 alia
890 2591 920 2623 in
951 2591 1133 2635 praemissis

393 2643 570 2676 necessaria
582 2648 612 2676 et
620 2649 806 2688 opportuna,
817 2645 938 2680 etiamsi
949 2646 1021 2679 talia
1030 2646 1133 2681 forent

1182 357 1287 385 rerent
1312 352 1512 392 mentionem,
1538 351 1685 392 faciendi,
1710 351 1843 394 dicendi,
1867 363 1921 396 ge-

1183 405 1269 438 rendi
1295 411 1325 438 et
1349 405 1521 448 exequendi
1545 405 1669 448 plenam
1692 409 1722 438 et
1745 405 1920 438 absolutam

1182 460 1399 492 auctoritatem
1420 463 1449 493 et
1470 459 1660 498 facultatem,
1681 458 1764 491 dicta
1788 459 1922 492 auctori-

1183 518 1252 553 tate,
1278 518 1386 546 tenore
1402 513 1625 560 praesentium,
1639 512 1806 546 tribuimus
1819 517 1850 545 et
1862 513 1920 546 im·

1181 567 1346 610 pertimur.

1226 620 1240 663 ἓ
1264 620 1293 653 5.
1319 620 1476 664 Quidquid
1496 626 1599 653 autem
1620 631 1676 663 per
1693 619 1818 653 eosdem
1844 619 1921 652 iudi·
1962 632 2015 656 Qum
2034 632 2067 653 um
2083 639 2118 653 au-

1180 683 1231 705 ces
1248 673 1279 705 in
1296 673 1397 706 causis
1421 673 1600 706 huiusmodi
1625 678 1687 705 tam
1709 672 1803 706 motis
1826 683 1919 716 quam
1936 661 1990 708 ii'ssl'.
2013 665 2120 712 pss'ffl'ssifii

1180 726 1343 759 movendis
1357 753 1364 767 ,
1388 731 1423 759 ut
1446 727 1623 770 praefertur
1636 754 1643 767 ‚
1672 725 1896 759 concordatum
1912 753 1919 766 ,
1936 712 2052 732 ⁰b*⁰''³‘¹'

1179 779 1391 820 terminatum,
1405 780 1575 814 stabilitum
1590 785 1620 813 et
1633 779 1842 823 compositum
1856 779 1920 812 sue-

1179 831 1229 871 rit,
1246 831 1385 873 firmum,
1406 832 1542 865 validum
1557 837 1587 865 et
1600 833 1706 866 efficax
1725 843 1792 865 esse
1810 837 1839 865 et
1853 832 1918 865 sore

1179 883 1392 926 decernimus,
1417 890 1447 918 et
1471 885 1509 918 ad
1534 886 1600 918 eius
1625 885 1837 919 inviolabilem
1862 885 1918 918 ob-

1178 938 1366 970 servantiam
1390 943 1495 981 partes
1519 938 1603 982 ipsas
1627 939 1697 981 cogi
1712 943 1742 971 et
1759 938 1917 982 compelli,

1178 997 1278 1031 neque
1302 989 1367 1021 ullo
1390 998 1540 1032 umquam
1567 992 1707 1032 tempore
1725 989 1782 1022 sub
1807 989 1917 1033 quovis

1177 1044 1339 1083 praetextu
1363 1045 1393 1073 et
1417 1043 1510 1073 causa
1533 1041 1572 1073 ab
1598 1041 1651 1074 illo
1676 1041 1798 1074 resilire
1825 1052 1917 1085 posse

1176 1094 1398 1137 praecipimus,
1415 1094 1619 1138 partibusque
1640 1094 1716 1138 ipsis
1729 1095 1865 1138 desuper
1880 1105 1917 1127 ex

1176 1157 1277 1187 nunc,
1302 1152 1398 1191 prout
1423 1157 1459 1180 ex
1484 1152 1574 1188 tunc,
1600 1152 1770 1191 postquam
1794 1147 1864 1180 lites
1888 1152 1919 1180 et

1176 1200 1409 1233 controversiae
1433 1200 1614 1233 huiusmodi
1634 1200 1842 1234 concordatae
1855 1200 1919 1233 fue-

1176 1253 1248 1294 rint,
1272 1259 1306 1286 ut
1330 1254 1519 1298 praefertur,
1542 1259 1733 1298 perpetuum
1758 1254 1916 1287 silentium

1176 1307 1375 1350 imponimus.

1219 1361 1233 1403 g
1250 1360 1278 1393 6.
1297 1361 1359 1393 Nee
1372 1370 1435 1394 non
1452 1365 1632 1404 praesentes
1648 1360 1778 1400 litteras,
1792 1370 1828 1393 ex
1843 1370 1917 1404 qua-

1174 1425 1309 1458 cumque
1333 1417 1436 1455 causa,
1461 1414 1499 1448 de
1515 1414 1736 1458 subreptionis,
1763 1414 1809 1447 vel
1826 1415 1916 1447 obre-

1173 1468 1299 1511 ptionis,
1317 1479 1372 1501 seu
1395 1468 1547 1502 nullitatis
1566 1468 1652 1509 vitio,
1666 1472 1718 1502 aut
1734 1468 1915 1501 intentionis

1173 1526 1320 1562 nostrae,
1344 1522 1392 1554 vel
1420 1522 1481 1555 alio
1509 1521 1619 1565 quovis
1644 1521 1765 1554 defectu
1789 1521 1914 1563 notari,

1173 1575 1375 1619 impugnari,
1400 1575 1555 1608 annullari
1579 1575 1628 1608 vel
1652 1574 1837 1616 invalidari,
1862 1580 1915 1607 aut

1172 1629 1247 1661 alias
1265 1629 1502 1672 quomodolibet
1518 1628 1647 1671 infringi
1668 1639 1721 1661 seu
1739 1628 1914 1668 retractari,

1172 1688 1224 1715 aut
1248 1683 1279 1715 in
1299 1683 1347 1716 ius
1364 1683 1412 1716 vel
1429 1683 1675 1716 controversiam
1692 1682 1845 1722 revocari,
1862 1687 1915 1714 aut

1172 1736 1321 1769 adversus
1344 1736 1412 1769 illas
1437 1736 1658 1780 quodcumque
1679 1735 1757 1768 iuris
1774 1739 1826 1769 aut
1840 1735 1913 1768 sacti

1171 1790 1346 1822 remedium
1381 1789 1545 1833 impetrari
1582 1790 1760 1822 nullatenus
1794 1799 1887 1832 posse
1905 1800 1911 1828 ;

1171 1843 1277 1886 sieque
1296 1854 1353 1887 per
1370 1854 1585 1887 quoscumque
1602 1843 1720 1885 iudices
1737 1843 1914 1876 ordinarios

1171 1902 1200 1929 et
1224 1897 1394 1939 delegatos,
1415 1897 1509 1930 etiam
1529 1907 1696 1930 causarum
1716 1896 1822 1940 palatii
1840 1907 1915 1940 apo-

1170 1951 1271 1984 stolici
1295 1951 1464 1991 auditores,
1481 1961 1517 1984 ac
1543 1954 1665 1985 sanctae
1686 1951 1844 1984 Romanae
1860 1950 1915 1983 Ec·

1170 2004 1282 2037 etesiae
1302 2004 1486 2045 cardinales,
1504 2004 1637 2037 iudicari
1662 2008 1692 2037 et
1716 2003 1840 2036 definiri
1864 2003 1915 2036 de-

1170 2057 1256 2098 bere,
1281 2068 1317 2090 ac
1340 2058 1466 2090 irritum
1491 2063 1522 2090 et
1545 2057 1647 2098 inane,
1665 2057 1690 2090 si
1710 2067 1800 2090 secus
1817 2066 1913 2099 super

1170 2110 1217 2143 his
1233 2121 1251 2142 a
1267 2121 1438 2154 quoquam,
1455 2111 1565 2156 quavis
1584 2111 1759 2150 autoritate,
1777 2110 1912 2143 scienter

1169 2164 1216 2196 vel
1239 2164 1433 2206 ignoranter,
1459 2164 1626 2207 contigerit
1650 2163 1803 2197 attentari.

1213 2217 1228 2260 ἓ
1243 2217 1271 2250 7.
1284 2218 1355 2251 Non
1367 2218 1563 2251 obstantibus
1577 2217 1828 2261 quibuscumque
1842 2217 1911 2250 aliis
1924 2225 2059 2273 suniffiti'sga‘
2072 2225 2109 2246 ob·

1169 2279 1263 2312 super
1286 2270 1468 2313 praemissis
1493 2270 1769 2304 commissionibus
1793 2275 1823 2303 et
1847 2270 1910 2304 litis
2032 2268 2037 2273 ’

1168 2322 1356 2366 pendentiis,
1378 2334 1414 2356 ae
1433 2323 1707 2357 constitutionibus
1731 2329 1762 2357 et
1785 2324 1911 2357 ordina-
1957 2316 1961 2320 ⁵

1168 2376 1305 2409 tionibus
1329 2377 1519 2420 apostolicis,
1544 2388 1601 2410 nec
1625 2388 1688 2411 non
1712 2377 1863 2411 ecclesiae
1880 2383 1910 2411 et

1168 2430 1351 2463 militiarum
1375 2431 1609 2474 praedictarum
1627 2431 1735 2474 (etiam
1754 2431 1911 2465 iuramen-

1168 2489 1209 2525 to,
1234 2484 1474 2518 confirmatione
1505 2485 1700 2529 apostoliea,
1724 2486 1773 2519 vel
1801 2486 1909 2530 quavis

1166 2538 1316 2572 firmitate
1344 2539 1404 2572 alia
1431 2539 1600 2583 roboratis)
1625 2539 1747 2574 statutis
1778 2545 1808 2573 et
1837 2549 1910 2573 con-

1167 2592 1394 2635 suetudinibus,
1420 2593 1648 2635 stabilimentis,
1672 2593 1781 2627 usibus
1805 2598 1834 2626 et
1857 2603 1909 2626 na-

1166 2647 1254 2688 turis,
1272 2647 1447 2692 privilegiis
1462 2658 1588 2692 quoque
1605 2647 1733 2682 indultis
1750 2652 1780 2681 et
1796 2646 1908 2681 litteris

1957 1375 2068 1396 Clausulas
2086 1376 2114 1397 ad

1931 1403 2073 1427 praesentium
2082 1403 2114 1423 lit-

1931 1430 2023 1448 terarum
2051 1429 2113 1450 tii-mt-

1931 1457 1994 1475 tatem
2014 1458 2114 1481 opportu-

1931 1487 1968 1501 nas
1987 1482 2082 1508 apponit.
