2269 3235
199 268 244 293 An.
267 267 292 291 C.
318 266 382 293 lev.

211 743 334 764 Restitutio
344 743 378 763 hu-

198 769 318 790 nefictorum
346 776 380 789 ra-

197 796 289 816 esntium
324 796 380 817 Saule

198 824 315 848 Apostolum
346 828 380 844 va-

197 852 265 870 tanto.

223 1760 341 1782 nevoeauo
351 1761 383 1783 in·

196 1787 302 1816 dultorum
310 1794 382 1815 super·

198 1817 310 1836 ”ventuo-

431 256 470 289 ΤΞ)

397 314 462 353 luit,
487 313 571 357 quod
596 318 720 345 sanctae
745 313 901 345 Romanae
920 309 1076 344 Ecclesiae
1096 309 1137 342 vi-

396 365 638 399 cecancellarius
669 370 698 397 et
729 363 921 397 camerarius
953 363 1137 396 excedentes

397 421 491 464 ipsos,
518 420 690 463 respective
715 422 809 462 prout
832 417 876 450 cis
902 417 1055 457 subsunt,
1080 427 1137 460 per

396 473 641 506 subtractionem
681 471 966 504 emolumentorum
1004 480 1133 503 corum-

396 527 478 566 dem,
492 536 527 559 ac
538 525 622 565 alias,
641 530 674 557 ut
686 524 874 568 praefertur,
887 523 1082 567 compellant
1098 523 1136 556 ab

396 578 575 612 huiusmodi
600 577 716 611 illicitis
733 576 949 610 exactionibus
967 576 1134 618 abstinere,

397 637 426 665 et
442 636 552 665 contra
568 641 621 665 eos
637 641 693 675 per
718 630 893 674 praedictas
918 640 1047 673 poenas,
1061 629 1137 662 alias

397 689 492 729 prout
504 684 615 718 melius
629 683 777 728 expedire
793 683 937 723 viderint,
955 682 1136 727 procedant.

439 737 490 771 68.
502 738 590 779 Item,
607 737 658 772 SS.
675 737 709 770 D.
726 738 759 770 N.
776 736 906 781 provide
925 736 1138 777 considerans,

396 792 593 826 consuevisse
603 790 790 835 quandoque
804 791 960 824 Romanos
973 789 1139 822 Pontifices

395 846 653 890 praedecessores
664 855 738 878 suos
746 843 907 884 beneficia,
918 853 998 887 quae
1012 847 1138 876 vacante

396 900 473 934 Sede
490 898 670 943 Apostolica
683 908 793 931 vacare
813 897 998 939 contigerat,
1009 896 1139 940 disposi-

395 953 471 988 tioni
485 963 559 986 suae
574 961 744 991 reservare,
759 950 922 983 intendens
932 950 970 982 de
979 948 1139 982 beneficiis

394 1005 576 1040 huiusmodi
590 1010 652 1038 tam
667 1003 873 1043 conclavistis,
885 1013 979 1046 quam
994 1001 1138 1046 pauperi-

393 1061 452 1094 bus
476 1060 599 1093 clericis
624 1064 653 1092 et
677 1058 745 1091 aliis
767 1057 971 1090 benemeritis
994 1056 1138 1100 personis

395 1113 571 1158 providere,
596 1112 701 1146 omnia
722 1116 751 1145 et
767 1111 891 1154 singula
907 1110 1064 1143 beneficia
1080 1121 1137 1154 per

393 1168 518 1211 regulas
531 1166 735 1200 cancellariae
748 1165 949 1210 apostolicae,
963 1169 1016 1196 aut
1026 1163 1139 1207 quasli-

393 1221 445 1255 bet
468 1221 543 1254 alias
567 1220 757 1264 apostolicas
785 1218 1025 1252 constitutiones
1058 1222 1136 1250 tem-

394 1274 519 1319 porales
550 1274 683 1308 Romani
713 1272 872 1306 Pontificis
904 1283 963 1316 pro
994 1275 1136 1315 tempore

394 1328 554 1362 existentis
571 1326 767 1371 dispositioni
785 1325 1022 1369 quomodolibet
1042 1330 1072 1357 et
1101 1334 1136 1357 ex

394 1382 503 1427 quavis
527 1383 620 1415 causa
645 1380 798 1413 reservari
824 1379 924 1420 solita,
949 1389 1028 1423 quae
1052 1388 1070 1411 a
1086 1378 1135 1411 die

395 1435 500 1469 obitus
525 1434 624 1467 felicis
655 1432 884 1467 recordationis
915 1431 1061 1475 Gregorii
1086 1432 1134 1465 XV

395 1488 646 1533 praedecessoris
672 1487 718 1520 sui
742 1497 842 1530 usque
867 1485 905 1519 ad
922 1486 1004 1519 diem
1029 1495 1137 1530 supra-

395 1543 510 1576 dictam
535 1552 579 1575 vn
604 1541 727 1585 augusti
750 1545 947 1582 vacaverunt,
966 1545 995 1572 et
1013 1540 1051 1572 de
1072 1539 1138 1584 qui-

396 1598 455 1629 bus
471 1607 527 1640 per
545 1605 760 1639 quoscumque
777 1593 954 1628 ordinarios
972 1593 1138 1626 collatores

397 1656 471 1684 tunc
494 1649 681 1693 dispositum
706 1659 769 1682 non
792 1648 905 1688 fuerat,
929 1657 1003 1680 suae
1025 1646 1134 1690 dispo-

397 1703 501 1737 sitioni
525 1702 706 1744 reservavit,
731 1702 904 1735 decernens
923 1701 1061 1741 irritum,
1079 1705 1136 1733 etc.

441 1756 492 1791 69.
518 1756 613 1797 Item,
637 1755 711 1799 quia
723 1755 762 1788 ad
776 1755 988 1799 importunam
1006 1754 1138 1787 nonnul-

398 1811 501 1844 lorum
526 1809 761 1853 suggestionem
786 1808 975 1852 quandoque
996 1807 1137 1851 contigit,

399 1864 659 1909 praedecessores
692 1873 765 1896 suos
789 1863 946 1896 Romanos
972 1861 1138 1895 Pontifices

397 1928 457 1962 pro
478 1922 619 1962 tempore
633 1916 812 1957 existentes
826 1916 884 1949 sub
901 1920 1137 1950 contractorum

398 1971 578 2005 debitorum
604 1971 651 2004 vel
675 1970 807 2003 diversis
827 1969 896 2003 aliis
925 1969 1138 2014 praetextibus

398 2025 590 2060 concessisse
614 2029 645 2058 et
668 2023 836 2057 indulsisse
868 2023 1079 2065 beneficiatis,
1105 2028 1137 2056 ut

397 2080 518 2113 fructus
542 2088 673 2112 suorum
692 2076 919 2110 beneficiorum
944 2083 997 2109 aut
1015 2082 1138 2120 partem

398 2143 511 2167 eorum
535 2131 713 2176 anticipatis
727 2130 935 2165 solutionibus
960 2130 998 2163 ad
1014 2135 1138 2174 tempus

399 2186 531 2228 elocare,
556 2186 603 2218 vel
625 2196 699 2227 erga
717 2184 889 2218 creditores
906 2189 958 2217 aut
975 2194 1140 2228 quascum-

399 2251 460 2284 que
484 2240 560 2273 alias
586 2249 736 2283 personas
754 2238 906 2281 obligare,
924 2239 971 2270 vel
992 2237 1140 2282 hypothe-

400 2304 480 2333 care‚
506 2293 538 2326 in
562 2293 699 2326 solutum
724 2292 813 2333 dare,
837 2297 890 2325 aut
914 2291 988 2324 alias
1013 2302 1140 2335 quomo-

400 2348 518 2382 dolibet
531 2347 568 2379 de
586 2346 631 2380 eis
651 2346 819 2390 disponere
840 2346 949 2379 liceret
965 2345 1003 2378 ad
1018 2351 1140 2390 tempus

401 2402 529 2436 minime
555 2400 735 2434 restrictum
766 2400 803 2432 ad
834 2399 928 2432 vitam
954 2399 1137 2444 supplican-

401 2457 489 2495 tium,
507 2465 578 2489 cum
603 2455 691 2499 gravi
708 2465 926 2488 successorum
947 2454 1141 2499 praeiudicio
1157 2477 1159 2488 <

401 2515 431 2543 et
455 2510 658 2542 ecclesiarum
675 2509 877 2549 detrimento;
892 2509 973 2549 ideo,
990 2508 1142 2541 indemni·
1157 2545 1159 2555 )

402 2564 453 2598 tati
472 2563 675 2598 ecclesiarum
689 2568 719 2596 et
739 2573 958 2597 successorum
978 2562 1010 2596 in
1027 2562 1141 2596 henefi-
1157 2577 1159 2592 2

402 2618 458 2651 ciis
468 2617 649 2651 huiusmodi
663 2617 832 2650 salubriter
845 2616 1010 2650 consulere
1023 2616 1140 2657 volens,

403 2671 570 2713 revocavit,
587 2670 717 2705 cassavit
736 2675 763 2705 et
785 2670 951 2703 annullavit
983 2668 1088 2704 omnia
1112 2673 1142 2702 et

975 261 1155 287 BULLARIUM
1180 260 1334 286 ROMANUM

1922 259 1969 285 Αη.
1987 259 2013 284 «2.
2036 258 2104 285 iti-223

1171 308 1295 352 singula
1320 307 1438 341 indulta
1458 310 1488 340 et
1511 306 1682 346 facultates,
1706 305 1738 339 in
1759 308 1795 339 ea
1821 311 1909 351 parte

1172 371 1234 405 qua
1257 361 1397 395 nondum
1422 370 1494 393 vere
1519 363 1549 392 et
1568 358 1694 392 realiter
1719 369 1810 392 suurn
1839 363 1910 392 sunt

1172 414 1280 448 sortita
1294 414 1450 454 effectum,
1460 423 1516 457 per
1526 421 1741 456 quoscumque
1753 412 1911 445 Romanos

1172 468 1338 501 Pontifices
1368 467 1627 512 praedecessores
1656 475 1730 498 suos
1762 465 1911 499 hactenus

1171 522 1210 555 ad
1235 523 1375 556 favorem
1407 531 1681 566 quarumcumque
1704 530 1910 564 personarum

1172 585 1344 616 concessas,
1369 574 1494 620 quibus,
1513 574 1557 607 eis
1574 574 1623 607 vel
1642 583 1753 607 eorum
1769 573 1911 616 singulis,

1172 628 1236 662 ullo
1261 628 1354 662 modo
1380 633 1410 661 et
1434 638 1470 661 ex
1495 627 1603 672 quavis
1628 628 1720 660 causa
1750 627 1799 660 vel
1825 637 1911 671 prae-

1173 685 1269 722 textu,
1294 681 1497 726 permittitur,
1522 681 1644 714 fructus
1668 683 1770 715 certos
1793 680 1842 713 vel
1864 679 1911 713 in-

1172 738 1283 777 certos,
1308 735 1394 776 iura,
1418 735 1622 769 obventiones
1647 739 1677 768 et
1701 734 1911 768 emolumenta

1172 799 1389 834 quaecumque
1396 789 1612 833 quorumlibet
1620 788 1847 822 beneficiorum
1855 797 1912 832 per

1172 852 1226 875 eos
1256 842 1457 876 obtentorum
1490 842 1667 886 anticipatis
1700 840 1912 875 solutionibus

1172 896 1253 928 ultra
1277 895 1406 929 unicum
1430 906 1548 929 annum
1572 896 1705 939 elocare,
1730 894 1910 935 arrendare,

1172 948 1210 980 ad
1234 948 1357 981 sirmam
1383 948 1433 981 vel
1457 949 1696 993 responsionem
1729 948 1911 991 concedere,

1172 1001 1220 1033 vel
1244 1012 1297 1034 eos
1321 1001 1359 1033 ad
1383 1001 1523 1034 favorem
1547 1011 1818 1046 quarumcumque
1839 1013 1911 1046 per-

1172 1064 1319 1087 sonarum
1344 1053 1582 1097 quomodolibet
1618 1053 1759 1097 obligare
1786 1055 1835 1087 vel
1859 1054 1913 1099 hy-

1171 1106 1359 1150 pothecare,
1385 1105 1416 1138 in
1440 1105 1578 1139 solutum
1614 1105 1708 1146 dare,
1733 1110 1786 1138 aut
1809 1105 1848 1138 de
1868 1106 1913 1139 eis

1172 1159 1409 1203 quomodolibet
1439 1164 1469 1192 et
1492 1170 1528 1192 ex
1553 1158 1662 1203 quavis
1686 1160 1780 1192 causa
1805 1158 1912 1203 dispo-

1171 1223 1246 1246 nere
1262 1223 1321 1256 pro
1338 1218 1480 1256 tempore
1494 1212 1532 1245 ad
1546 1212 1640 1246 vitam
1654 1211 1913 1246 beneficiatorum

1171 1272 1201 1300 et
1225 1272 1358 1311 tempus,
1384 1277 1447 1310 quo
1470 1266 1623 1300 beneficia
1639 1266 1821 1300 huiusmodi
1838 1266 1915 1301 obti-

1170 1321 1307 1362 nuerint,
1322 1320 1452 1354 minime
1477 1321 1632 1361 restricto,
1658 1324 1826 1354 coarctato:
1849 1320 1913 1354 illc»

1170 1386 1242 1408 rum
1268 1380 1403 1415 tenoreS,
1427 1379 1496 1415 etc.,
1517 1374 1700 1416 decernens,
1721 1379 1779 1408 etc.

1215 1428 1266 1462 70.
1292 1429 1379 1471 Item,
1405 1438 1476 1461 cum
1502 1428 1531 1462 S.
1552 1428 1587 1462 R.
1605 1428 1638 1461 E.
1661 1427 1835 1461 cardinales
1852 1428 1913 1472 ipsi
1928 1433 2001 1481 ¹Quod
2014 1433 2111 1454 cardin·

1936 1466 1958 1480 ες
1966 1465 2006 1480 nou
2017 1465 2111 1486 compro·

1170 1482 1372 1516 Sanctissimo
1395 1482 1529 1515 Domino
1557 1483 1669 1516 Nostro
1693 1481 1853 1523 assistant,
1878 1485 2112 1539 3⁰i¹2⁹3¹13³1i2¹m12012¹2¹3

1170 1542 1337 1580 propterea
1362 1536 1495 1569 debeant
1527 1535 1716 1579 specialibus
1746 1546 1914 1580 praeroga·
1928 1540 1967 1561 (us.

1171 1590 1241 1623 tivis
1257 1595 1287 1623 et
1303 1590 1478 1634 privilegiis
1495 1589 1644 1633 gaudere,
1661 1589 1744 1622 idem
1762 1589 1914 1623 Dominus

1171 1645 1284 1678 Noster
1303 1643 1419 1686 statuit,
1446 1643 1619 1684 ordinavit,
1645 1643 1784 1677 decrevit
1807 1648 1838 1676 et
1861 1643 1913 1677 de-

1171 1697 1309 1737 claravit,
1334 1696 1418 1741 quod
1443 1696 1474 1729 in
1495 1696 1749 1740 quibuscumque
1769 1696 1915 1732 constitu·

1173 1751 1309 1785 tionibus
1333 1755 1363 1785 et
1385 1750 1505 1794 regulis
1521 1761 1579 1795 per
1595 1750 1799 1784 Sanctitatem
1819 1750 1914 1784 Suam

1171 1805 1379 1849 imposterum
1402 1809 1474 1849 post
1490 1805 1571 1837 hanc
1587 1804 1724 1848 primam
1743 1803 1915 1838 editionem

1172 1863 1202 1894 et
1225 1869 1354 1892 suarum
1379 1858 1637 1892 constitutionum
1667 1863 1698 1891 et
1730 1858 1914 1901 regularum

1170 1912 1417 1957 publicationem
1446 1911 1598 1945 faciendis
1620 1921 1684 1945 non
1714 1911 1915 1946 includantur

1172 1966 1231 2010 ipsi
1256 1966 1440 2007 cardinales,
1466 1965 1525 1999 nisi
1551 1965 1622 1998 illae
1647 1965 1834 2000 eorumdem
1850 1975 1915 1999 car-

1172 2020 1323 2053 dinalium
1347 2020 1486 2053 savorem
1512 2024 1721 2060 concernant,
1754 2019 1801 2052 vel
1829 2019 1916 2063 ipsae

1172 2074 1411 2108 constitutiones
1434 2073 1571 2106 edendae
1588 2073 1627 2106 de
1644 2072 1829 2107 eorumdem
1846 2083 1914 2106 car-

1172 2128 1323 2161 dinalium
1349 2128 1396 2160 vel
1421 2127 1549 2161 maioris
1580 2127 1677 2172 partis
1709 2136 1819 2160 eorum
1845 2136 1916 2160 con-

1173 2182 1242 2215 silio
1267 2181 1368 2214 editae
1392 2181 1517 2214 fuerint.

1219 2235 1396 2275 71.Primo,
1406 2234 1490 2278 quod
1501 2234 1598 2278 possit
1615 2234 1812 2267 committere
1829 2234 1916 2269 abso-
1957 2251 1987 2272 ns
2009 2253 2115 2276 potem«,

1937 2277 2109 2298 reverendissimi

1173 2290 1324 2323 lutionem
1340 2287 1540 2332 illorum,qui
1558 2287 1740 2331 ignoranter
1755 2287 1787 2321 in
1802 2288 1917 2332 suppli·
1931 2304 2009 2325 ,mmm
2039 2304 2115 2334 ’,ᾐω-

1175 2344 1350 2379 cationibus
1368 2343 1415 2376 vel
1432 2343 1462 2376 in
1476 2342 1589 2376 litteris
1602 2341 1782 2386 apostolicis
1798 2342 1917 2387 aliquid
1931 2331 2072 2387 {Zssssssiissiiiu
2083 2332 2114 2378 123

1174 2398 1358 2439 scriberent,
1384 2397 1590 2440 corrigerent,
1615 2396 1662 2429 vel
1688 2395 1878 2430 desererent.
1932 2387 2005 2411 “⁰⁰⁵⁴

1263 2452 1340 2485 Item
1354 2478 1362 2492 ‚
1388 2450 1472 2494 quod
1496 2450 1596 2494 possit
1612 2450 1774 2493 corrigere
1790 2450 1916 2484 nomina

1175 2511 1205 2539 et
1222 2505 1411 2549 cognomina
1427 2514 1635 2549 personarum
1653 2504 1730 2547 (non
1746 2508 1853 2538 tamen
1869 2514 1917 2538 eo-

1175 2570 1247 2594 rum
1271 2559 1386 2604 quibus
1410 2558 1511 2602 gratia
1536 2563 1565 2591 et
1590 2558 1809 2592 concessiones
1826 2558 1916 2602 fiunt)

1175 2625 1211 2647 ae
1233 2612 1471 2654 beneficiorum,
1496 2612 1571 2646 dum
1596 2617 1702 2646 tamen
1725 2611 1763 2645 de
1784 2621 1916 2656 corpore

1176 2670 1304 2701 constet.
