2269 3235
106 231 156 260 An.
176 230 205 260 C.
223 230 292 259 1628

142 927 183 948 Sed
199 932 244 947 cum
259 926 289 946 ni·

107 954 136 975 hil
146 954 246 974 adhucda
256 959 291 973 eo-

107 986 151 1001 rum
176 981 289 1004 electione,

108 1007 216 1033 gubernio,
241 1009 290 1031 etc,

107 1036 134 1055 sit
147 1035 258 1058 statutum

132 1564 232 1584 Decernit
241 1564 294 1585 haec

108 1591 173 1611 statui
190 1591 209 1611 in
226 1596 293 1616 pruxl-

110 1622 142 1637 mo
152 1616 248 1643 Capitulo
257 1623 293 1643 ge-

109 1644 176 1664 nerati
210 1646 229 1664 et
266 1644 293 1664 ad

110 1670 209 1691 Sanctam
216 1670 292 1691 Sedeni

110 1696 186 1717 deferri
202 1697 228 1717 ad
244 1702 292 1717 con·

110 1723 247 1744 firmationem
256 1723 292 1744 ob-

109 1750 225 1771 tinendam.

909 228 1051 252 URBANUS
1076 227 1132 251 VIII
1157 227 1204 251 PF.

303 287 375 310 nem
400 276 570 320 Baptistam
597 287 613 309 a
638 277 666 310 S.
691 276 858 309 Francisco
879 276 916 309 de
936 277 1039 315 Paula,

304 330 427 364 Ordinis
444 335 473 362 ct
489 330 746 373 Congregationis
764 329 942 361 huiusmodi
967 339 1040 371 pro-

303 383 586 423 fessores,dileetos
600 383 690 423 titios,
704 383 762 415 sul)
778 392 839 414 uno
856 381 953 425 ipsius·
967 382 1041 414 Con-

304 437 496 480 gregationis
522 437 637 470 vicario
662 436 810 478 generali,
831 446 866 468 ac
892 446 961 468 cum
980 436 1042 479 pri-

304 491 434 533 vilegiis,
449 491 567 533 gratiis,
582 491 718 531 indultiS,
730 489 935 529 facultatibus,
954 489 1042 521 iuris-

304 544 439 576 dictione
457 548 486 576 et
499 543 692 582 auctoritate,
713 542 769 574 sub
787 541 880 574 certis
898 541 992 574 modo
1012 546 1041 573 ct

304 597 405 630 forma
440 601 514 629 tunc
551 595 715 640 expressis,
749 595 830 628 dicta
854 594 1040 627 auctoritate

305 645 490 692 creavimus,
516 648 733 682 constituimus
757 653 787 680 ct
811 647 1040 692 deputavimus,

305 707 335 736 ct
359 703 434 736 alias
450 707 544 747 prout
560 702 590 734 in
606 701 722 734 nostris
740 701 876 744 desuper
893 701 924 733 in
947 701 1040 734 simili

305 757 404 790 forma
429 755 534 788 Brevis
566 754 717 798 expeditis
750 755 882 797 litteris,
909 765 1041 798 quarum

305 815 428 842 tenores
452 807 669 851 praesentibus
685 817 743 850 pro
761 807 916 851 expressis
933 807 1042 840 haberi

305 861 457 902 volumus,
475 860 597 904 plenius
618 859 820 893 continetur&

349 914 363 957 ς
388 913 417 946 02.
443 913 519 946 Cum
547 918 650 946 autem
679 913 764 945 nulla
792 913 822 945 in
850 913 962 947 litteris
986 923 1043 946 no-

306 966 378 999 stris
403 966 572 1010 praedictis
603 966 641 1000 de
673 967 767 1000 modo
799 977 897 1000 novos
921 966 1044 1010 priores

305 1020 513 1063 provinciales
530 1019 675 1062 eligendi,
690 1019 825 1063 capitula
841 1019 1045 1063 provincialia

306 1073 493 1114 celebrandi,
514 1073 754 1117 provinciasque
771 1073 853 1117 ipsas
869 1073 998 1115 regendi
1016 1077 1046 1105 et

305 1127 512 1170 gubernandi,
537 1126 704 1170 minusque
728 1127 759 1158 in
783 1126 967 1160 eorumdem
988 1126 1047 1158 sra-

305 1186 389 1213 trum
414 1180 688 1213 constitutionibus
709 1179 747 1213 ab
764 1180 822 1213 hac
839 1180 950 1213 Sancta
967 1179 1045 1212 Sede

306 1234 513 1274 confirmatis,
539 1233 656 1267 mentio
681 1234 750 1274 fiat,
776 1233 945 1277 capitulum
971 1244 1045 1266 vero

306 1288 452 1330 generale
476 1287 659 1320 eorumdem
685 1288 818 1320 fratrum
841 1287 871 1319 in
889 1287 983 1320 domo
1001 1297 1047 1319 re-

306 1341 407 1384 gulari
443 1341 584 1374 eiusdem
620 1340 878 1384 Congregationis
913 1340 1045 1373 civitatis

305 1394 527 1438 Neapolitanae
555 1394 712 1427 dominica
740 1395 850 1437 quarta
878 1396 949 1437 post
972 1404 1046 1437 pro-

307 1448 427 1481 ximum
463 1448 573 1481 festum
609 1447 766 1491 paschatis
797 1447 1046 1480 Resurrectionis

307 1501 431 1534 Domini
456 1500 678 1534 celebrandum
703 1501 755 1533 sit:

353 1555 367 1598 ξ
386 1554 416 1587 3.
433 1555 506 1594 Nos,
524 1554 605 1587 felici
622 1554 760 1587 eiusdem
779 1552 1046 1596 Congregationis,

309 1607 455 1650 illiusque
482 1608 615 1640 fratrum
641 1607 787 1649 regimini
816 1612 908 1650 atquc
936 1606 1047 1649 guber-

308 1661 370 1701 nio,
384 1665 533 1704 quantum
548 1671 619 1693 cum
636 1660 768 1693 Domino
782 1670 961 1703 possumus,
977 1670 1047 1692 eon-

307 1714 421 1754 sulere,
446 1713 636 1757 eosdemque
662 1714 773 1747 fratres
798 1713 983 1757 specialibus
1009 1714 1048 1745 fa-

307 1758 435 1800 voribus
459 1771 489 1801 et
512 1767 620 1810 gratiis
651 1766 800 1811 prosequi
824 1766 972 1809 volentes,
998 1777 1049 1800 eo-

308 1830 443 1865 rumque
467 1820 641 1862 singulares
669 1830 819 1863 personas
844 1831 861 1852 a
885 1819 1047 1863 quibusvis

309 1873 662 1914 excommunicationis,
695 1874 910 1917 suspensionis
942 1878 972 1907 et
1001 1874 1048 1906 in-

309 1926 455 1967 terdicti,
480 1926 609 1970 aliisque
634 1926 852 1960 ecclesiasticis
877 1926 1047 1967 sententiis,

310 1980 451 2013 censuris
476 1985 505 2012 et
527 1980 646 2023 poenis,
664 1991 681 2012 a
705 1980 773 2013 iure
791 1981 837 2012 vel
854 1979 892 2012 ab
910 1980 1047 2020 bomine,

308 2033 416 2077 quavis
441 2033 605 2066 occasione.
622 2034 669 2066 vel
687 2035 780 2066 causa
796 2033 877 2073 latis,
894 2033 918 2065 si
935 2033 1048 2076 quibus

308 2086 546 2130 quomodolibet
570 2087 736 2120 innodatae
762 2087 906 2129 existunt,
925 2087 962 2119 ad
980 2087 1050 2119 effe-

309 2144 393 2172 ctum
424 2140 635 2183 praesentium
667 2140 826 2173 dumtaxat
859 2151 1050 2184 consequen-

310 2193 394 2233 dum,
408 2193 520 2226 harum
537 2193 617 2226 serie
635 2194 830 2227 absolventes
847 2198 876 2226 et
892 2194 1049 2226 absolutas

310 2246 377 2279 fore
390 2252 561 2288 censentes,
576 2247 854 2290 supplicationibus
871 2257 980 2280 eorum
999 2257 1050 2280 no-

312 2299 395 2331 mine
412 2299 502 2332 nobis
519 2310 615 2343 super
632 2300 690 2333 hoc
707 2300 870 2333 humiliter
894 2300 1049 2344 porrectis

312 2352 460 2395 inclinati,
472 2353 555 2397 quod
565 2364 674 2387 omnes
685 2354 783 2398 ipsius
792 2354 1050 2396 Congregationis

313 2406 435 2439 vocales
456 2417 514 2450 pro
534 2407 592 2440 hac
608 2407 674 2440 vice
690 2408 850 2440 dumtaxat
866 2407 896 2439 in
914 2407 1050 2450 capitulo

314 2460 452 2502 generali
476 2461 635 2504 praedicto
659 2461 798 2505 priorem
820 2461 1000 2503 generalem
1022 2466 1051 2494 et.

314 2513 391 2547 alios
415 2514 562 2547 officiales
586 2516 747 2558 generales
762 2543 769 2557 ‚
797 2515 875 2549 sieut
898 2515 1051 2548 haetenus

351 2632 363 2660 1
386 2632 460 2664 Quas
480 2631 539 2660 vide
558 2640 640 2668 supra
658 2640 719 2669 pag.
734 2633 786 2661 479
801 2633 830 2660 h.
847 2632 911 2662 tomi
926 2632 1011 2668 (mr.)

1074 276 1104 307 in
1130 275 1238 307 cadem
1264 273 1512 316 Congregatione
1544 281 1641 315 usque
1667 272 1696 303 in
1722 284 1812 315 prae-

1075 332 1192 362 sentem
1218 328 1299 360 diem
1325 328 1393 360 ficri
1418 326 1587 367 consuevit,
1607 330 1668 357 tam
1691 326 1810 358 consti-

1075 381 1227 413 tutionum
1254 380 1392 413 ciusdem
1419 379 1693 421 Congregationis,
1719 389 1812 422 quam

1074 434 1332 473 declarationum,
1356 434 1422 466 sive
1446 433 1656 472 (leeretorum,
1681 442 1698 463 a
1722 442 1812 475 prae-

1075 486 1173 519 teritis
1201 487 1344 529 capitulis
1370 486 1570 529 generalibus
1595 490 1813 518 cmanatorum

1076 539 1194 581 vigore,
1210 540 1325 581 eligere
1341 540 1437 572 libere
1456 545 1485 571 et
1501 539 1582 571 licite
1601 539 1729 582 possint,
1744 549 1815 581 apo-

1075 592 1184 625 stolica
1202 593 1396 632 auctoritate,
1419 598 1525 625 tenore
1546 592 1756 636 praesentium
1780 591 1815 623 li-

1075 645 1209 678 centiam
1246 646 1447 678 conccdimus
1472 651 1501 678 ct
1532 645 1748 688 impartimur,
1775 645 1815 676 ita

1076 703 1189 738 tamen,
1210 703 1254 738 ut,
1271 698 1470 740 congregatis
1495 698 1526 729 in
1546 708 1643 730 unum
1660 708 1718 741 pro
1739 697 1816 729 cele·

1075 753 1217 785 brationc
1231 753 1327 796 ipsius
1341 752 1469 796 capituli
1484 753 1638 795 generalis
1656 752 1815 785 vocalibus

1076 806 1254 850 praedictis,
1268 812 1433 849 antequam
1452 805 1489 837 ad
1508 805 1680 850 quamlibet
1696 806 1817 838 electio—

1714 215 1777 247 6353
1825 224 1875 251 Λη.
1896 224 1923 251 C.
1942 224 2009 252 1628

1076 870 1148 893 nem
1166 859 1358 899 deveniatur,
1377 870 1434 902 per
1450 858 1531 891 viam
1557 858 1815 891 constitutionum
1862 867 1865 869 ’

1077 919 1282 957 proponatur,
1307 913 1493 945 discutiatur
1510 918 1539 944 et
1552 911 1739 944 terminetur
1753 922 1818 943 mo-

1077 966 1135 999 dus
1145 966 1312 1010 expediens
1327 971 1356 998 et
1369 971 1576 1009 opportunus,
1590 965 1644 1009 qui
1662 965 1698 997 dc
1713 968 1817 997 cetero

1079 1021 1110 1052 in
1134 1020 1342 1064 capitulorum
1367 1019 1561 1062 generalium
1587 1023 1616 1051 ct
1642 1018 1818 1062 provincia-

1079 1073 1153 1105 lium
1187 1074 1416 1114 celebratione,
1454 1072 1569 1115 prioris
1602 1071 1758 1114 generalis
1789 1076 1818 1103 et

1078 1126 1317 1170 provincialium
1352 1126 1521 1166 electione,
1547 1125 1664 1158 servari
1690 1124 1817 1157 omnino

1078 1179 1199 1220 debeat,
1214 1190 1291 1223 quas
1308 1178 1433 1222 quidem
1452 1178 1690 1211 constitutiones
1707 1178 1744 1210 ad
1761 1188 1818 1210 nos

1079 1238 1109 1266 ct
1124 1233 1204 1265 hanc
1229 1234 1373 1266 Sanctam
1391 1232 1502 1266 Sedem
1520 1232 1631 1265 deinde
1649 1231 1817 1264 transmitti

1080 1287 1235 1329 volumus,
1260 1290 1294 1320 ut
1312 1286 1387 1330 quid
1407 1286 1491 1319 circa
1509 1286 1632 1318 illarum
1654 1285 1818 1318 confirma-

1080 1340 1196 1373 tionem
1218 1340 1417 1374 statucndum
1435 1340 1537 1379 suerit,
1555 1341 1678 1371 matura
1696 1339 1819 1371 consul-

1080 1394 1195 1427 tatione
1220 1394 1369 1435 adliibita,
1394 1393 1570 1426 deliberare
1595 1393 1762 1426 valcamus.

1125 1448 1139 1491 ξ
1164 1447 1193 1480 li.
1219 1448 1384 1481 Praeterea
1404 1447 1451 1490 (ut
1471 1452 1569 1479 stante
1590 1446 1741 1490 temporis
1766 1446 1820 1478 liu-

1080 1501 1215 1534 iusmodi
1226 1501 1380 1543 angustia,
1392 1500 1561 1544 capitulum
1573 1501 1719 1543 generale
1732 1511 1820 1544 prac-

1080 1555 1196 1587 dictum
1217 1555 1255 1587 ad
1279 1554 1332 1587 Dei
1356 1554 1492 1594 laudem,
1511 1554 1670 1597 ipsiusque
1687 1554 1820 1596 Congre-

1081 1607 1214 1650 gationis
1223 1607 1387 1640 utilitatem
1400 1607 1519 1639 felicius
1528 1607 1717 1650 celebretur)
1725 1606 1818 1649 quod,

1080 1661 1186 1694 clectis
1211 1661 1242 1693 in
1263 1661 1346 1693 dicto
1371 1660 1506 1703 capitulo
1531 1660 1670 1702 generali
1695 1660 1819 1703 praedi-

1081 1718 1147 1748 ctae
1172 1714 1426 1757 eongregatiouis
1451 1714 1635 1746 officialibus
1664 1713 1818 1756 generali-

1082 1768 1164 1800 libus
1189 1767 1350 1811 ipsiusque
1375 1767 1503 1810 capituli
1530 1766 1695 1809 generalis,
1716 1767 1746 1798 in
1773 1766 1819 1808 iis,

1082 1831 1160 1864 quac
1185 1821 1223 1853 ad
1243 1820 1379 1864 capitula
1403 1819 1607 1863 provincialia
1622 1819 1821 1862 ‘quomodoli-

1082 1875 1133 1907 bet
1146 1874 1364 1918 pertinuerint,
1378 1874 1554 1906 nullatenus
1568 1884 1600 1906 sc
1614 1874 1744 1916 ingerat,
1754 1872 1818 1913 sed,

1084 1928 1168 1961 totali
1182 1928 1392 1961 celebratione
1410 1928 1562 1967 absoluta,
1581 1928 1702 1961 vocales
1719 1927 1822 1960 unius-

1082 1982 1234 2025 cuiusque
1257 1981 1437 2025 provinciae
1462 1982 1584 2014 noviter
1608 1980 1707 2021 electI‚
1732 1992 1767 2013 ac
1789 1991 1820 2013 e-

1084 2035 1157 2067 tiam
1190 2035 1228 2075 ii,
1261 2046 1397 2078 quorum
1428 2035 1529 2067 officia
1563 2040 1636 2067 tunc
1669 2034 1821 2077 temporis

1083 2088 1290 2130 cessaverint,
1316 2088 1495 2122 immediate
1527 2088 1557 2120 in
1582 2087 1692 2120 eadem
1727 2087 1821 2121 domo

1082 2142 1221 2184 regulari
1246 2147 1275 2174 et
1299 2153 1356 2185 pro
1381 2142 1439 2174 bac
1459 2142 1525 2174 vice
1550 2142 1711 2174 dumtaxat
1735 2152 1820 2174 scor-

1084 2196 1141 2228 sim
1166 2200 1196 2228 et
1220 2196 1388 2239 separatim
1412 2196 1450 2228 ab
1476 2195 1543 2227 aliis
1559 2206 1590 2228 se
1616 2206 1820 2237 congregare,

1084 2259 1202 2292 suaque
1239 2249 1374 2292 capitula
1406 2248 1610 2292 provincialia
1642 2248 1820 2288 celebrare,

1083 2302 1305 2345 praesidentes,
1330 2302 1511 2334 definitores
1535 2301 1725 2345 provinciae,
1751 2312 1822 2345 pro-

1084 2356 1240 2395 vinciales,
1252 2356 1384 2399 priores,
1396 2356 1535 2398 aliosque
1549 2355 1697 2388 officiatos
1713 2355 1821 2388 solitos

1084 2409 1200 2451 eligere
1224 2409 1322 2442 libere
1339 2409 1483 2441 similiter
1500 2414 1529 2442 et
1553 2409 1636 2441 licite
1656 2408 1775 2452 possint
1792 2414 1822 2441 et

1084 2463 1214 2503 valeant,
1232 2462 1274 2495 ita
1290 2467 1323 2495 ut
1340 2464 1462 2495 vocales
1482 2462 1574 2495 unius
1591 2462 1772 2506 provinciae
1790 2462 1822 2494 in

1084 2516 1266 2549 officialium
1290 2527 1563 2560 quorumcumque
1592 2516 1720 2549 alterius
1747 2527 1821 2559 pro-

1085 2570 1205 2603 vinciae
1229 2570 1381 2603 electione
1404 2571 1581 2603 nullatenus
1602 2570 1820 2610 interveniant,

1084 2634 1142 2658 nec
1158 2629 1266 2658 votum
1282 2624 1392 2667 serant,
1406 2634 1460 2658 seu
1476 2624 1551 2658 alias
1565 2634 1597 2658 sc
1614 2624 1820 2665 immisceant,

1861 1458 1884 1477 Et
1897 1457 1915 1477 in
1926 1457 1960 1477 itin
1971 1462 2017 1482 pro-

1836 1486 1940 1506 numus,
1956 1485 2018 1503 alios·

1835 1517 1874 1536 que
1897 1512 1944 1534 eligi
1971 1517 2018 1536 pm-

1836 1543 1949 1557 xiiii-iarum
1975 1537 2019 1556 osti-

1835 1565 1899 1584 riales
1916 1566 1978 1583 »etati
