2269 3235
123 268 175 296 An.
191 267 220 295 C.
237 266 305 295 1625

154 436 242 456 Mandat
255 440 306 461 pro-

121 463 143 483 ut
157 462 178 484 in
192 463 286 485 rubrica.

197 2573 313 2595 Contrariis

135 2599 228 2625 derogat.

930 266 1072 291 URBANUS

526 314 662 343 Urbanus
683 315 761 349 Papa
780 315 859 349 vm,

453 359 489 386 ad
505 361 680 393 perpetuam
699 359 743 387 rei
763 358 944 387 memoriam.

365 419 599 454 Conservationi
635 427 665 454 et
696 419 921 453 manutentioni
951 419 1064 453 biblio-

323 473 430 507 thecae
443 473 556 507 domus
570 473 724 517 regularis
738 474 806 506 Iesu
821 473 934 506 Mariae
948 483 1064 505 nuncu—

321 532 412 571 patae
437 527 606 567 Ianuensis,
627 526 752 560 Ordinis
773 526 904 559 fratrum
925 526 1081 559 1111111111οη

323 591 393 613 rum
412 581 441 614 S.
467 581 625 614 Francisci
643 580 681 613 de
699 580 802 621 Paula,
819 585 971 624 quantum
992 589 1062 612 cum

322 634 456 668 Domino
473 645 650 679 possumus,
664 634 840 675 consulere,
859 644 895 667 ac
915 633 1062 667 dilectum

322 687 424 721 filium
449 688 651 721 Laurentium
671 687 708 720 de
725 687 866 732 Peyrinis
886 687 1063 731 provincia-

322 742 385 775 lem
401 742 583 786 provinciae
603 742 765 775 Ianuensis
782 741 921 774 eiusdem
939 741 1064 774 Ordinis

322 793 509 837 specialibus
533 792 692 826 favoribus
717 797 747 826 et
771 792 880 836 gratiis
914 793 1063 837 prosequi

325 847 474 890 volentes,
497 847 664 892 ipsumque
689 852 718 880 et
742 847 843 880 dictae
867 846 980 880 domus
1001 846 1064 879 sin-

323 901 449 943 gulares
479 911 630 945 personas
654 911 672 934 a
695 900 857 945 quibusvis
888 911 1066 934 excommu-

324 954 499 997 nicationis,
521 954 737 999 suspensionis
754 960 783 988 et
800 955 967 997 interdicti,
985 954 1066 988 aliis-

321 1019 382 1053 que
407 1009 626 1044 ecclesiasticis
654 1010 835 1052 sententiis,
867 1009 1009 1043 censuris
1036 1014 1066 1042 et

322 1062 443 1106 poenis,
465 1073 483 1095 a
503 1063 571 1096 iure
596 1062 643 1096 vel
668 1063 707 1096 ab
731 1062 859 1097 homine
884 1062 993 1107 quavis
1018 1073 1066 1096 oc-

323 1116 448 1150 casione
469 1116 517 1150 vel
542 1118 635 1150 causa
654 1117 734 1160 latis,
753 1118 778 1151 si
798 1115 1066 1161 quibus'quomo-

323 1169 440 1203 delibet
471 1170 636 1204 innodatae
668 1171 823 1214 existunt,
849 1170 887 1203 ad
919 1169 1083 1203 effectum*

324 1223 536 1267 praesentium
551 1223 712 1258 dumtaxat
731 1223 999 1268 consequendum,
1016 1224 1067 1256 ha-
1083 1213 1084 1256 Ϊ

324 1287 394 1309 rum
419 1277 499 1310 serie
523 1276 720 1310 absolventes
752 1281 782 1311 et
813 1277 972 1310 absolutas
1001 1277 1085 1310 sore}

323 1335 504 1371 censentes,
524 1330 806 1375 supplicationibus
831 1330 970 1364 eiusdem
991 1330 1085 1363 Lau<¹

323 1383 415 1416 rentii
449 1384 651 1428 provincialis
689 1385 815 1418 nomine
850 1384 940 1418 nobis
974 1395 1068 1428 super

322 1437 383 1471 hoc
406 1437 571 1472 humiliter
599 1439 756 1483 porrectis
782 1438 938 1481 inclinati,
964 1448 1002 1471 ne
1030 1437 1087 1470 de*

323 1495 429 1525 cetero
453 1492 630 1536 quisquam,
656 1493 764 1537 quavis
789 1492 974 1526 auctoritate
999 1491 1067 1524 sun·

323 1555 410 1588 gens,
432 1546 558 1590 quosvis
582 1546 691 1587 libros,
708 1547 885 1590 quimerna,
901 1546 983 1588 folia,
1003 1545 1066 1579 sive

323 1599 547 1644 manuscripta,
568 1600 632 1633 sive
657 1600 822 1645 impressa,
839 1600 939 1634 dictae
959 1599 1068 1633 biblio-

323 1652 431 1686 thecae
455 1653 607 1687 hactenus
624 1654 782 1697 assignata
802 1659 831 1687 et
851 1654 883 1686 in
903 1658 1067 1698 posterum

323 1706 531 1750 assignanda,
556 1707 668 1751 quovis
700 1707 843 1752 quaesito
867 1707 989 1747 colore,
1020 1706 1067 1739 vel

324 1759 472 1803 ingenio,
497 1762 591 1794 causa
612 1761 659 1794 vel
685 1761 849 1794 occasione
874 1772 890 1793 e
914 1760 998 1794 dicta
1025 1759 1085 1794 bi·-

323 1813 481 1848 bliotheca
506 1814 681 1856 extrahere,
707 1815 771 1848 sive
801 1820 833 1848 ut
862 1806 1085 1848 extrahantur³

324 1868 371 1900 vel
389 1874 611 1902 removeantur
628 1869 811 1913 permittere
828 1879 956 1913 quoquo
973 1868 1068 1901 modo
1084 1893 1085 1909 ¹

324 1921 435 1955 audeat
460 1933 514 1955 seu
538 1927 711 1967 presumat,
736 1922 794 1956 sub
819 1913 1085 1956 excommunica-3

325 1974 418 2008 tionis
442 1981 472 2009 et
494 1975 680 2020 privationis
704 1976 790 2010 vocis
814 1976 933 2009 activae
958 1980 987 2009 et
1003 1986 1085 2020 pas-⁴

325 2029 408 2063 sivae
431 2031 542 2075 poenis
558 2042 615 2075 per
631 2031 890 2065 contrafacientes
908 2030 1070 2063 incurren-
1084 2023 1086 2048 *¹

325 2082 382 2124 dis,
407 2084 580 2128 apostolica
605 2085 811 2128 auctoritate,
838 2089 947 2117 tenore
971 2094 1065 2128 prae--

326 2137 472 2179 sentium,
496 2137 715 2172 interdicimus
740 2144 770 2172 et
794 2138 1012 2183 prohibemus.

370 2191 385 2234 §
409 2190 438 2224 2.
464 2192 533 2225 Non
564 2192 761 2226 obstantibus
793 2191 1070 2226 constitutionibus

327 2250 357 2277 et
373 2245 622 2280 ordinationibus
642 2247 835 2292 apostolicis,
852 2257 898 2288 ac,
916 2251 1070 2290 quatenus
1085 2275 1087 2281 Α

327 2308 406 2341 opus
436 2299 494 2340 sit,
522 2299 635 2334 domus
665 2311 701 2334 ac
730 2300 856 2334 Ordinis
887 2298 1087 2335 huiusmodi1

328 2350 435 2393 (etiarn
459 2352 634 2388 iuramento
648 2381 656 2395 ,
682 2353 924 2387 confirmatione
947 2357 1087 2402 aposto-¹

328 2404 397 2445 lica,
408 2405 455 2438 vel
469 2406 577 2449 quavis
592 2407 739 2440 firmitate
752 2407 813 2440 alia
828 2407 1000 2450 roboratis)
1014 2411 1072 2439 sta-
1086 2406 1088 2414 ⁴

329 2458 402 2490 tutis
426 2464 457 2491 et
480 2461 768 2502 consuetudinibus,
794 2461 970 2505 ceterisque
997 2471 1089 2505 con-³

329 2512 434 2545 trariis
458 2513 718 2558 quibuscumque.

374 2566 388 2609 g
412 2564 441 2598 3.
468 2566 619 2600 Volumus
644 2573 758 2609 antem,
789 2569 874 2613 quod
900 2569 1090 2616 praesentis*=

329 2620 553 2663 prohibitionis
573 2621 663 2664 copia
680 2621 711 2653 in
728 2621 825 2654 valvis
842 2622 944 2656 dictae
961 2621 1074 2654 biblio·
1088 2617 1090 2647 ⁴1

331 2673 448 2714 thecae,
459 2679 509 2706 aut
524 2674 628 2716 aliquo
643 2674 703 2707 alio
717 2676 888 2718 perspicuo
901 2676 981 2715 loco,
993 2675 1074 2708 unde
1091 2702 1093 2710 v

1097 266 1152 290 vni
1177 267 1225 290 rr.
1740 251 1804 287 ⁶283
1849 262 1898 290 An.
1920 262 1948 290 C.
1967 263 2035 291 1625

1098 314 1136 346 ab
1162 313 1308 347 omnibus
1332 314 1418 347 cerni
1443 312 1551 357 possit,
1572 311 1718 345 continue
1746 311 1838 344 affixa

1099 372 1267 400 remaneat.

1140 420 1253 452 Datum
1279 421 1405 461 Romae,
1430 419 1513 464 apud
1539 423 1681 453 sanctum
1699 419 1838 458 Petrum,

1097 473 1155 506 sub
1180 474 1297 507 annulo
1322 474 1511 515 Piscatoris,
1536 474 1586 507 dic
1612 484 1667 507 xm
1689 472 1838 506 februarii

1098 537 1238 568 nncxxv,
1263 527 1465 571 pontificatus
1490 528 1588 561 nostri
1615 538 1697 560 anno
1722 537 1752 560 11.

1135 591 1191 618 Dat.
1214 590 1256 618 die
1280 591 1310 617 153
1330 590 1460 618 februarii
1483 591 1562 626 1625,
1583 591 1677 627 pontis.
1695 599 1764 619 auno
1785 598 1811 618 11,

1421 707 1517 740 CXVI.

1097 778 1245 813 Nuncius
1261 778 1455 822 apostolicus
1474 778 1564 822 apud
1589 778 1772 822 Hispaniae
1790 789 1840 812 re-

1142 843 1214 876 qem
1242 833 1390 866 collector
1416 832 1593 876 deputatur
1621 832 1840 876 pecuniarum

1143 896 1181 919 em
1204 886 1384 919 redditibus
1408 887 1588 926 cruciatae,
1615 886 1758 929 fabricae
1786 886 1841 919 ba-

1143 940 1255 973 silicae
1279 940 1448 983 Principis
1464 939 1695 983 Apostolorum
1718 939 1841 973 solven-

1145 993 1274 1026 darum.

1098 1064 1270 1092 Venerabili
1286 1064 1373 1092 fratri
1394 1064 1472 1092 Iulio
1493 1064 1632 1099 episcopo
1653 1063 1841 1098 Gravinensi,

1135 1113 1240 1138 nostro
1261 1112 1291 1138 et.
1310 1110 1500 1144 apostolicae
1514 1109 1599 1138 Sedis
1618 1109 1650 1137 in
1669 1109 1772 1145 regnis
1791 1109 1842 1137 ni-

1136 1161 1311 1189 spaniarum
1331 1154 1450 1188 nuncio,

1301 1208 1437 1235 Urbanus
1465 1209 1545 1242 Papa
1572 1208 1650 1236 vm.

1320 1268 1507 1297 Venerabilis
1523 1269 1626 1301 frater,

1138 1315 1269 1341 salutem
1290 1317 1321 1341 et
1342 1313 1538 1348 apostolicam
1556 1313 1805 1341 benedictionem.

1147 1384 1203 1429 gi.
1221 1384 1295 1419 Cum
1317 1384 1392 1417 alias
1410 1384 1507 1418 felicis
1525 1384 1752 1418 recordationis
1769 1384 1845 1417 Pau-

1102 1439 1150 1471 lus
1175 1438 1256 1482 Papa
1270 1439 1293 1471 Y
1310 1438 1534 1482 praedecessor
1558 1443 1664 1471 noster
1689 1449 1725 1471 ex
1743 1438 1844 1471 causis

1102 1496 1174 1526 tunc
1184 1492 1340 1536 expressis
1351 1493 1542 1525 concesserit
1551 1492 1712 1526 facultates
1720 1498 1844 1526 sanctae

1101 1546 1258 1579 cruciatae
1283 1546 1314 1578 in
1339 1546 1444 1589 regnis
1469 1545 1702 1590 Hispaniarum,
1719 1546 1751 1578 in
1768 1545 1845 1579 locis

1102 1600 1133 1632 in
1151 1600 1224 1632 dicti
1243 1600 1329 1632 Pauli
1347 1599 1600 1644 praedecessoris
1617 1599 1716 1632 nostri
1733 1599 1846 1632 litteris

1886 1394 1995 1420 Philippus
2007 1399 2043 1414 rex

1859 1427 1884 1441 ex
1926 1422 2043 1442 redditibus

1860 1449 1966 1469 cruciatae
1974 1453 2044 1474 quam·

1859 1475 1907 1495 dam
1923 1477 2003 1500 partem
2015 1474 2043 1493 ta-

1860 1502 1932 1522 brit-ae
1975 1503 2043 1521 sancti

1859 1529 1916 1549 Petri
1931 1534 1953 1548 se
1964 1528 2044 1548 solutu-

1859 1561 1903 1576 rum
1912 1555 2046 1582 promiserat.

1101 1653 1282 1694 nominatis,
1300 1653 1339 1685 ad
1356 1664 1409 1686 sex
1427 1663 1535 1693 annos,
1554 1656 1583 1686 et
1598 1653 1726 1686 nomine
1744 1653 1846 1686 clarae

1102 1707 1273 1741 memoriae
1298 1707 1434 1751 Philippi
1459 1706 1499 1739 111
1525 1706 1745 1750 Hispaniarum
1763 1706 1847 1749 regis

1102 1760 1247 1794 catholici
1272 1760 1403 1794 dilectus
1429 1759 1510 1792 tilius
1535 1764 1642 1793 noster
1665 1759 1784 1803 Gaspar
1809 1759 1847 1792 ti-

1101 1815 1158 1848 tuli
1186 1814 1216 1847 S.
1249 1814 1357 1848 Crucis
1390 1814 1420 1847 in
1450 1814 1647 1847 Hierusalem
1683 1813 1848 1858 presbyter

1102 1868 1270 1902 cardinalis
1306 1868 1421 1911 Borgia
1456 1872 1658 1911 nuncupatus
1690 1867 1848 1911 pollicitus

1102 1923 1206 1963 suerit,
1225 1921 1310 1966 quod
1328 1921 1517 1955 thesaurarii
1533 1921 1739 1965 pecuniarum
1750 1916 1793 1954 'ex
1809 1921 1849 1954 sa-

1103 1976 1272 2009 cultatibus
1297 1975 1479 2009 huiusmodi
1511 1980 1736 2019 proventarum
1761 1985 1847 2008 sum-

1103 2040 1187 2062 mam
1210 2034 1335 2062 centum
1363 2029 1497 2061 millium
1518 2028 1706 2061 ducatorum
1727 2027 1795 2060 auri
1816 2027 1848 2060 in

1103 2093 1181 2116 auro
1206 2083 1308 2116 eidem
1332 2083 1428 2115 Paulo
1452 2081 1700 2126 praedecessori,
1725 2086 1777 2114 aut
1797 2081 1847 2114 cui

1103 2148 1161 2181 per
1181 2147 1253 2170 eum
1279 2136 1459 2170 ordinatum
1483 2135 1602 2176 suisset,
1620 2135 1650 2167 in
1671 2134 1849 2168 subventio-

1102 2202 1176 2224 nem
1200 2191 1337 2224 fabricae
1370 2190 1519 2223 basilicae
1545 2189 1699 2233 Principis
1723 2194 1848 2233 aposto-

1103 2245 1207 2278 lorum
1232 2244 1271 2277 de
1296 2243 1388 2286 Urbe,
1406 2243 1515 2286 viginti
1533 2253 1585 2275 sex
1603 2242 1702 2275 millia
1717 2242 1848 2285 singulis

1104 2298 1193 2331 annis
1222 2298 1326 2342 primo
1356 2296 1557 2331 currentibus
1585 2295 1658 2329 dicti
1688 2295 1848 2336 sexennii7

1104 2352 1299 2396 persolvent:

1151 2407 1165 2450 ξ,
1185 2406 1214 2438 Q,
1232 2406 1305 2446 Nos,
1323 2404 1484 2448 cupientes
1500 2403 1650 2436 fabricam
1667 2402 1850 2435 huiusmodi
1912 2409 2006 2430 Pontifex
2021 2408 2049 2429 22¹

1106 2460 1191 2493 omni
1217 2469 1275 2503 ope
1301 2457 1495 2502 promoveri,
1513 2468 1547 2490 ac
1572 2456 1610 2489 de
1634 2455 1706 2497 fide,
1724 2456 1850 2499 integri·
1865 2442 1914 2484 3325,
1929 2441 2050 2483 peritii‘iiissi

1865 2490 2005 2515 apostolicum
2015 2489 2049 2508 de·

1088 2529 1089 2533 =
1106 2519 1168 2547 tate
1186 2518 1216 2545 et
1232 2512 1394 2555 diligentia
1408 2513 1461 2544 tua
1478 2511 1650 2555 plurimum
1668 2510 1700 2543 in
1717 2510 1850 2544 Domino
1865 2519 1932 2544 pum.

1108 2567 1312 2607 confidentes,
1332 2571 1360 2599 te
1378 2577 1413 2598 ac
1430 2576 1489 2610 pro
1504 2570 1646 2609 tempore
1666 2564 1850 2598 existentem

1107 2627 1251 2654 nostrum
1285 2625 1313 2652 et
1338 2619 1426 2652 Sedis
1457 2619 1655 2664 Apostolicae
1686 2619 1716 2651 in
1745 2618 1851 2661 regnis

1109 2675 1331 2719 Hispaniarum
1357 2674 1507 2707 nuncium
1533 2672 1570 2706 ad
1595 2683 1750 2707 summam
1779 2682 1852 2704 cen-
