<?xml version="1.0" encoding="UTF-8"?>
<!DOCTYPE html PUBLIC "-//W3C//DTD XHTML 1.0 Transitional//EN"
    "http://www.w3.org/TR/xhtml1/DTD/xhtml1-transitional.dtd">
<html xmlns="http://www.w3.org/1999/xhtml" xml:lang="en" lang="en">
 <head>
  <title>
</title>
<meta http-equiv="Content-Type" content="text/html;charset=utf-8" />
  <meta name='ocr-system' content='tesseract 3.04.00' />
  <meta name='ocr-capabilities' content='ocr_page ocr_carea ocr_par ocr_line ocrx_word'/>
</head>
<body>
  <div class='ocr_page' id='page_1' title='image "./bullarumdiplomat13cath_0265.png"; bbox 0 0 2269 3235; ppageno 0'>
   <div class='ocr_carea' id='block_1_1' title="bbox 133 278 318 307">
    <p class='ocr_par' dir='ltr' id='par_1_1' title="bbox 133 278 318 307">
     <span class='ocr_line' id='line_1_1' title="bbox 133 278 318 307; baseline -0.011 -1"><span class='ocrx_word' id='word_1_1' title='bbox 133 281 182 307; x_wconf 75' lang='lat' dir='ltr'>An.</span> <span class='ocrx_word' id='word_1_2' title='bbox 201 279 229 306; x_wconf 92' lang='lat' dir='ltr'>C.</span> <span class='ocrx_word' id='word_1_3' title='bbox 252 278 318 306; x_wconf 66' lang='lat'>1624</span> 
     </span>
    </p>
   </div>
   <div class='ocr_carea' id='block_1_2' title="bbox 279 2249 1080 2345">
    <p class='ocr_par' dir='ltr' id='par_1_2' title="bbox 279 2249 1080 2345">
     <span class='ocr_line' id='line_1_2' title="bbox 279 2249 1080 2294; baseline 0.001 -13"><span class='ocrx_word' id='word_1_4' title='bbox 279 2262 288 2266; x_wconf 92' lang='lat'>·</span> <span class='ocrx_word' id='word_1_5' title='bbox 339 2253 482 2281; x_wconf 87' lang='lat' dir='ltr'>nostrum</span> <span class='ocrx_word' id='word_1_6' title='bbox 499 2249 763 2291; x_wconf 83' lang='lat' dir='ltr'>Ecclesiasticum,</span> <span class='ocrx_word' id='word_1_7' title='bbox 782 2249 829 2282; x_wconf 84' lang='lat' dir='ltr'>vel</span> <span class='ocrx_word' id='word_1_8' title='bbox 847 2249 885 2282; x_wconf 90' lang='lat' dir='ltr'>ad</span> <span class='ocrx_word' id='word_1_9' title='bbox 909 2249 978 2283; x_wconf 91' lang='lat' dir='ltr'>loca</span> <span class='ocrx_word' id='word_1_10' title='bbox 994 2250 1080 2294; x_wconf 85' lang='lat' dir='ltr'>prin-</span> 
     </span>
     <span class='ocr_line' id='line_1_3' title="bbox 334 2301 1080 2345; baseline 0.004 -12"><span class='ocrx_word' id='word_1_11' title='bbox 334 2301 462 2345; x_wconf 91' lang='lat' dir='ltr'>·cipum,</span> <span class='ocrx_word' id='word_1_12' title='bbox 487 2302 619 2345; x_wconf 89' lang='lat' dir='ltr'>ducum,</span> <span class='ocrx_word' id='word_1_13' title='bbox 645 2303 882 2345; x_wconf 78' lang='lat' dir='ltr'><strong>marchionum,</strong></span> <span class='ocrx_word' id='word_1_14' title='bbox 909 2304 1080 2345; x_wconf 86' lang='lat' dir='ltr'>comitum,</span> 
     </span>
    </p>
   </div>
   <div class='ocr_carea' id='block_1_3' title="bbox 327 276 1092 2239">
    <p class='ocr_par' dir='ltr' id='par_1_3' title="bbox 327 276 1092 2239">
     <span class='ocr_line' id='line_1_4' title="bbox 941 276 1083 300; baseline 0 0"><span class='ocrx_word' id='word_1_15' title='bbox 941 276 1083 300; x_wconf 57' lang='lat' dir='ltr'>nantinus</span> 
     </span>
     <span class='ocr_line' id='line_1_5' title="bbox 327 324 1071 369; baseline -0.007 -10"><span class='ocrx_word' id='word_1_16' title='bbox 327 335 418 367; x_wconf 88' lang='lat' dir='ltr'>num,</span> <span class='ocrx_word' id='word_1_17' title='bbox 445 325 608 369; x_wconf 86' lang='lat' dir='ltr'>omnisque</span> <span class='ocrx_word' id='word_1_18' title='bbox 633 325 758 368; x_wconf 77' lang='lat' dir='ltr'>generis</span> <span class='ocrx_word' id='word_1_19' title='bbox 783 324 1016 357; x_wconf 83' lang='lat' dir='ltr'>frumentorum</span> <span class='ocrx_word' id='word_1_20' title='bbox 1041 328 1071 355; x_wconf 92' lang='lat' dir='ltr'>et</span> 
     </span>
     <span class='ocr_line' id='line_1_6' title="bbox 327 378 1071 423; baseline -0.004 -12"><span class='ocrx_word' id='word_1_21' title='bbox 327 380 454 422; x_wconf 79' lang='lat' dir='ltr'>frugum</span> <span class='ocrx_word' id='word_1_22' title='bbox 479 379 702 423; x_wconf 87' lang='lat' dir='ltr'>quantitatem,</span> <span class='ocrx_word' id='word_1_23' title='bbox 728 378 785 410; x_wconf 90' lang='lat' dir='ltr'>nisi</span> <span class='ocrx_word' id='word_1_24' title='bbox 810 388 868 421; x_wconf 90' lang='lat' dir='ltr'>pro</span> <span class='ocrx_word' id='word_1_25' title='bbox 893 387 970 417; x_wconf 90' lang='lat' dir='ltr'>suo,</span> <span class='ocrx_word' id='word_1_26' title='bbox 1001 387 1071 409; x_wconf 87' lang='lat' dir='ltr'>sua-</span> 
     </span>
     <span class='ocr_line' id='line_1_7' title="bbox 329 429 1070 476; baseline -0.005 -11"><span class='ocrx_word' id='word_1_27' title='bbox 329 444 462 476; x_wconf 92' lang='lat' dir='ltr'>rumque</span> <span class='ocrx_word' id='word_1_28' title='bbox 487 432 675 465; x_wconf 75' lang='lat' dir='ltr'>familiarum</span> <span class='ocrx_word' id='word_1_29' title='bbox 702 431 793 464; x_wconf 88' lang='lat' dir='ltr'>unius</span> <span class='ocrx_word' id='word_1_30' title='bbox 817 430 888 462; x_wconf 90' lang='lat' dir='ltr'>anni</span> <span class='ocrx_word' id='word_1_31' title='bbox 909 429 1070 462; x_wconf 76' lang='lat' dir='ltr'>dumtaxat</span> 
     </span>
     <span class='ocr_line' id='line_1_8' title="bbox 328 483 1070 528; baseline -0.007 -8"><span class='ocrx_word' id='word_1_32' title='bbox 328 498 408 528; x_wconf 86' lang='lat' dir='ltr'>usu,</span> <span class='ocrx_word' id='word_1_33' title='bbox 440 497 547 520; x_wconf 89' lang='lat' dir='ltr'>emere</span> <span class='ocrx_word' id='word_1_34' title='bbox 575 486 733 526; x_wconf 84' lang='lat' dir='ltr'>valerent,</span> <span class='ocrx_word' id='word_1_35' title='bbox 759 489 788 516; x_wconf 92' lang='lat' dir='ltr'>et</span> <span class='ocrx_word' id='word_1_36' title='bbox 812 483 1070 517; x_wconf 75' lang='lat' dir='ltr'>contrafacientes</span> 
     </span>
     <span class='ocr_line' id='line_1_9' title="bbox 328 536 1069 584; baseline -0.005 -12"><span class='ocrx_word' id='word_1_37' title='bbox 328 550 446 583; x_wconf 86' lang='lat' dir='ltr'>poenas</span> <span class='ocrx_word' id='word_1_38' title='bbox 458 539 633 584; x_wconf 87' lang='lat' dir='ltr'>praedictas</span> <span class='ocrx_word' id='word_1_39' title='bbox 646 537 815 571; x_wconf 84' lang='lat' dir='ltr'>incurrisse</span> <span class='ocrx_word' id='word_1_40' title='bbox 824 536 1069 577; x_wconf 74' lang='lat' dir='ltr'>declararentur,</span> 
     </span>
     <span class='ocr_line' id='line_1_10' title="bbox 330 589 1071 636; baseline -0.005 -11"><span class='ocrx_word' id='word_1_41' title='bbox 330 596 359 626; x_wconf 87' lang='lat' dir='ltr'>et</span> <span class='ocrx_word' id='word_1_42' title='bbox 378 596 624 636; x_wconf 82' lang='lat' dir='ltr'>aggravarentur</span> <span class='ocrx_word' id='word_1_43' title='bbox 640 590 708 634; x_wconf 91' lang='lat' dir='ltr'>ipso</span> <span class='ocrx_word' id='word_1_44' title='bbox 726 590 816 629; x_wconf 84' lang='lat' dir='ltr'>sacto;</span> <span class='ocrx_word' id='word_1_45' title='bbox 837 599 900 622; x_wconf 92' lang='lat' dir='ltr'>non</span> <span class='ocrx_word' id='word_1_46' title='bbox 920 589 1071 622; x_wconf 86' lang='lat' dir='ltr'>obstanti-</span> 
     </span>
     <span class='ocr_line' id='line_1_11' title="bbox 330 642 1070 688; baseline -0.004 -10"><span class='ocrx_word' id='word_1_47' title='bbox 330 645 388 678; x_wconf 98' lang='lat' dir='ltr'>bus</span> <span class='ocrx_word' id='word_1_48' title='bbox 406 646 497 678; x_wconf 87' lang='lat' dir='ltr'>etiam</span> <span class='ocrx_word' id='word_1_49' title='bbox 522 643 711 688; x_wconf 81' lang='lat' dir='ltr'>privilegiis,</span> <span class='ocrx_word' id='word_1_50' title='bbox 738 642 880 685; x_wconf 87' lang='lat' dir='ltr'>indultis,</span> <span class='ocrx_word' id='word_1_51' title='bbox 905 643 1018 676; x_wconf 89' lang='lat' dir='ltr'>litteris</span> <span class='ocrx_word' id='word_1_52' title='bbox 1042 647 1070 675; x_wconf 85' lang='lat' dir='ltr'>et</span> 
     </span>
     <span class='ocr_line' id='line_1_12' title="bbox 330 695 1071 742; baseline -0.004 -10"><span class='ocrx_word' id='word_1_53' title='bbox 330 698 439 741; x_wconf 80' lang='lat' dir='ltr'>gratiis</span> <span class='ocrx_word' id='word_1_54' title='bbox 462 696 640 742; x_wconf 86' lang='lat' dir='ltr'>apostolicis</span> <span class='ocrx_word' id='word_1_55' title='bbox 664 696 826 740; x_wconf 75' lang='lat' dir='ltr'>quibusvis</span> <span class='ocrx_word' id='word_1_56' title='bbox 852 696 1005 740; x_wconf 86' lang='lat' dir='ltr'>personis,</span> <span class='ocrx_word' id='word_1_57' title='bbox 1032 695 1071 729; x_wconf 85' lang='lat' dir='ltr'>ci-</span> 
     </span>
     <span class='ocr_line' id='line_1_13' title="bbox 330 749 1071 793; baseline -0.004 -9"><span class='ocrx_word' id='word_1_58' title='bbox 330 751 486 793; x_wconf 88' lang='lat' dir='ltr'>vitatibus,</span> <span class='ocrx_word' id='word_1_59' title='bbox 512 749 604 783; x_wconf 89' lang='lat' dir='ltr'>terris</span> <span class='ocrx_word' id='word_1_60' title='bbox 629 755 659 783; x_wconf 86' lang='lat' dir='ltr'>et</span> <span class='ocrx_word' id='word_1_61' title='bbox 675 750 762 791; x_wconf 88' lang='lat' dir='ltr'>locis,</span> <span class='ocrx_word' id='word_1_62' title='bbox 783 750 814 782; x_wconf 91' lang='lat' dir='ltr'>in</span> <span class='ocrx_word' id='word_1_63' title='bbox 831 760 947 793; x_wconf 77' lang='lat' dir='ltr'>genere</span> <span class='ocrx_word' id='word_1_64' title='bbox 968 749 1014 781; x_wconf 88' lang='lat' dir='ltr'>vel</span> <span class='ocrx_word' id='word_1_65' title='bbox 1040 749 1071 781; x_wconf 91' lang='lat' dir='ltr'>in</span> 
     </span>
     <span class='ocr_line' id='line_1_14' title="bbox 330 804 1070 849; baseline -0.004 -11"><span class='ocrx_word' id='word_1_66' title='bbox 330 805 442 849; x_wconf 84' lang='lat' dir='ltr'>specie,</span> <span class='ocrx_word' id='word_1_67' title='bbox 467 804 561 837; x_wconf 89' lang='lat' dir='ltr'>etiam</span> <span class='ocrx_word' id='word_1_68' title='bbox 585 814 621 837; x_wconf 88' lang='lat' dir='ltr'>ex</span> <span class='ocrx_word' id='word_1_69' title='bbox 642 805 735 836; x_wconf 81' lang='lat' dir='ltr'>causa</span> <span class='ocrx_word' id='word_1_70' title='bbox 752 806 886 837; x_wconf 75' lang='lat' dir='ltr'>onerosa</span> <span class='ocrx_word' id='word_1_71' title='bbox 904 804 1070 845; x_wconf 91' lang='lat' dir='ltr'>concessis,</span> 
     </span>
     <span class='ocr_line' id='line_1_15' title="bbox 330 857 1072 901; baseline -0.003 -10"><span class='ocrx_word' id='word_1_72' title='bbox 330 858 436 891; x_wconf 88' lang='lat' dir='ltr'>statuit</span> <span class='ocrx_word' id='word_1_73' title='bbox 455 862 547 901; x_wconf 86' lang='lat' dir='ltr'>atque</span> <span class='ocrx_word' id='word_1_74' title='bbox 572 857 719 900; x_wconf 85' lang='lat' dir='ltr'>decrevit,</span> <span class='ocrx_word' id='word_1_75' title='bbox 746 868 782 891; x_wconf 88' lang='lat' dir='ltr'>ae</span> <span class='ocrx_word' id='word_1_76' title='bbox 805 857 879 890; x_wconf 88' lang='lat' dir='ltr'>dicti</span> <span class='ocrx_word' id='word_1_77' title='bbox 905 858 1072 891; x_wconf 82' lang='lat' dir='ltr'>Clementis</span> 
     </span>
     <span class='ocr_line' id='line_1_16' title="bbox 329 911 1072 955; baseline 0 -12"><span class='ocrx_word' id='word_1_78' title='bbox 329 921 387 954; x_wconf 91' lang='lat' dir='ltr'>per</span> <span class='ocrx_word' id='word_1_79' title='bbox 399 921 493 954; x_wconf 86' lang='lat' dir='ltr'>quam</span> <span class='ocrx_word' id='word_1_80' title='bbox 511 911 671 955; x_wconf 88' lang='lat' dir='ltr'>praedicta</span> <span class='ocrx_word' id='word_1_81' title='bbox 688 911 802 953; x_wconf 88' lang='lat' dir='ltr'>omnia,</span> <span class='ocrx_word' id='word_1_82' title='bbox 822 911 947 954; x_wconf 74' lang='lat' dir='ltr'>dempta</span> <span class='ocrx_word' id='word_1_83' title='bbox 962 922 997 944; x_wconf 85' lang='lat' dir='ltr'>ex</span> <span class='ocrx_word' id='word_1_84' title='bbox 1013 911 1072 944; x_wconf 87' lang='lat' dir='ltr'>illis</span> 
     </span>
     <span class='ocr_line' id='line_1_17' title="bbox 330 964 1091 1008; baseline 0 -12"><span class='ocrx_word' id='word_1_85' title='bbox 330 964 662 998; x_wconf 83' lang='lat' dir='ltr'>excommunicationis</span> <span class='ocrx_word' id='word_1_86' title='bbox 685 966 807 1008; x_wconf 77' lang='lat' dir='ltr'>poena,</span> <span class='ocrx_word' id='word_1_87' title='bbox 836 965 1020 1008; x_wconf 74' lang='lat' dir='ltr'>approbavit</span> <span class='ocrx_word' id='word_1_88' title='bbox 1045 969 1091 998; x_wconf 62' lang='lat' dir='ltr'>et²</span> 
     </span>
     <span class='ocr_line' id='line_1_18' title="bbox 330 1017 1091 1062; baseline 0 -12"><span class='ocrx_word' id='word_1_89' title='bbox 330 1017 545 1058; x_wconf 74' lang='lat' dir='ltr'>confirmavit3</span> <span class='ocrx_word' id='word_1_90' title='bbox 563 1028 685 1052; x_wconf 85' lang='lat' dir='ltr'>necnon</span> <span class='ocrx_word' id='word_1_91' title='bbox 702 1018 841 1051; x_wconf 89' lang='lat' dir='ltr'>eiusdem</span> <span class='ocrx_word' id='word_1_92' title='bbox 859 1018 944 1051; x_wconf 86' lang='lat' dir='ltr'>Pauli</span> <span class='ocrx_word' id='word_1_93' title='bbox 963 1019 995 1060; x_wconf 86' lang='lat' dir='ltr'>V,</span> <span class='ocrx_word' id='word_1_94' title='bbox 1017 1029 1073 1062; x_wconf 89' lang='lat' dir='ltr'>per</span> <span class='ocrx_word' id='word_1_95' title='bbox 1089 1036 1091 1046; x_wconf 58' lang='grc' dir='ltr'>ι</span> 
     </span>
     <span class='ocr_line' id='line_1_19' title="bbox 330 1067 1075 1115; baseline 0.001 -12"><span class='ocrx_word' id='word_1_96' title='bbox 330 1082 424 1115; x_wconf 91' lang='lat' dir='ltr'>quam</span> <span class='ocrx_word' id='word_1_97' title='bbox 439 1083 548 1106; x_wconf 90' lang='lat' dir='ltr'>omnes</span> <span class='ocrx_word' id='word_1_98' title='bbox 562 1078 592 1105; x_wconf 87' lang='lat' dir='ltr'>et</span> <span class='ocrx_word' id='word_1_99' title='bbox 612 1067 749 1115; x_wconf 81' lang='lat' dir='ltr'>singulas</span> <span class='ocrx_word' id='word_1_100' title='bbox 764 1073 807 1105; x_wconf 84' lang='lat' dir='ltr'>Pii</span> <span class='ocrx_word' id='word_1_101' title='bbox 822 1073 869 1113; x_wconf 83' lang='lat' dir='ltr'>IV,</span> <span class='ocrx_word' id='word_1_102' title='bbox 888 1073 933 1105; x_wconf 84' lang='lat' dir='ltr'>Pii</span> <span class='ocrx_word' id='word_1_103' title='bbox 952 1073 983 1114; x_wconf 70' lang='lat' dir='ltr'>V,</span> <span class='ocrx_word' id='word_1_104' title='bbox 1002 1072 1075 1105; x_wconf 86' lang='lat' dir='ltr'>Gre-</span> 
     </span>
     <span class='ocr_line' id='line_1_20' title="bbox 331 1125 1075 1169; baseline 0 -11"><span class='ocrx_word' id='word_1_105' title='bbox 331 1125 413 1168; x_wconf 80' lang='lat' dir='ltr'>gorii</span> <span class='ocrx_word' id='word_1_106' title='bbox 438 1125 504 1159; x_wconf 86' lang='lat' dir='ltr'>XIll</span> <span class='ocrx_word' id='word_1_107' title='bbox 530 1131 560 1159; x_wconf 89' lang='lat' dir='ltr'>et</span> <span class='ocrx_word' id='word_1_108' title='bbox 583 1126 751 1159; x_wconf 89' lang='lat' dir='ltr'>Clementis</span> <span class='ocrx_word' id='word_1_109' title='bbox 776 1125 863 1159; x_wconf 88' lang='lat' dir='ltr'>VIII¹</span> <span class='ocrx_word' id='word_1_110' title='bbox 894 1125 1075 1169; x_wconf 86' lang='lat' dir='ltr'>praedeces-</span> 
     </span>
     <span class='ocr_line' id='line_1_21' title="bbox 332 1178 1092 1213; baseline -0.001 -2"><span class='ocrx_word' id='word_1_111' title='bbox 332 1189 438 1211; x_wconf 83' lang='lat' dir='ltr'>sorum</span> <span class='ocrx_word' id='word_1_112' title='bbox 457 1190 586 1212; x_wconf 90' lang='lat' dir='ltr'>suorum</span> <span class='ocrx_word' id='word_1_113' title='bbox 604 1179 842 1213; x_wconf 78' lang='lat' dir='ltr'>constitutiones</span> <span class='ocrx_word' id='word_1_114' title='bbox 860 1183 890 1211; x_wconf 92' lang='lat' dir='ltr'>et</span> <span class='ocrx_word' id='word_1_115' title='bbox 906 1179 1025 1211; x_wconf 78' lang='lat' dir='ltr'>litteras</span> <span class='ocrx_word' id='word_1_116' title='bbox 1044 1178 1074 1210; x_wconf 91' lang='lat' dir='ltr'>in</span> <span class='ocrx_word' id='word_1_117' title='bbox 1090 1190 1092 1199; x_wconf 91' lang='grc'><strong><em>·</em></strong></span> 
     </span>
     <span class='ocr_line' id='line_1_22' title="bbox 332 1222 1092 1276; baseline -0.001 -12"><span class='ocrx_word' id='word_1_118' title='bbox 332 1232 524 1276; x_wconf 81' lang='lat' dir='ltr'>quibuslibet</span> <span class='ocrx_word' id='word_1_119' title='bbox 543 1243 651 1265; x_wconf 84' lang='lat' dir='ltr'>earum</span> <span class='ocrx_word' id='word_1_120' title='bbox 669 1232 821 1276; x_wconf 89' lang='lat' dir='ltr'>partibus,</span> <span class='ocrx_word' id='word_1_121' title='bbox 838 1231 954 1264; x_wconf 68' lang='lat' dir='ltr'>etia1n²</span> <span class='ocrx_word' id='word_1_122' title='bbox 972 1231 1074 1275; x_wconf 87' lang='lat' dir='ltr'>quoad</span> <span class='ocrx_word' id='word_1_123' title='bbox 1090 1222 1092 1236; x_wconf 58' lang='lat'>³</span> 
     </span>
     <span class='ocr_line' id='line_1_23' title="bbox 332 1286 1075 1320; baseline -0.001 -1"><span class='ocrx_word' id='word_1_124' title='bbox 332 1287 664 1320; x_wconf 82' lang='lat' dir='ltr'>excommunicationis</span> <span class='ocrx_word' id='word_1_125' title='bbox 687 1292 719 1319; x_wconf 87' lang='lat' dir='ltr'>et</span> <span class='ocrx_word' id='word_1_126' title='bbox 748 1287 823 1319; x_wconf 88' lang='lat' dir='ltr'>alias</span> <span class='ocrx_word' id='word_1_127' title='bbox 848 1286 1075 1319; x_wconf 89' lang='lat' dir='ltr'>ecclesiasticas</span> 
     </span>
     <span class='ocr_line' id='line_1_24' title="bbox 332 1340 1073 1383; baseline -0.001 -11"><span class='ocrx_word' id='word_1_128' title='bbox 332 1351 489 1383; x_wconf 89' lang='lat' dir='ltr'>censuras,</span> <span class='ocrx_word' id='word_1_129' title='bbox 499 1345 651 1383; x_wconf 89' lang='lat' dir='ltr'>quantum</span> <span class='ocrx_word' id='word_1_130' title='bbox 662 1341 771 1373; x_wconf 85' lang='lat' dir='ltr'>attinet</span> <span class='ocrx_word' id='word_1_131' title='bbox 780 1340 819 1373; x_wconf 88' lang='lat' dir='ltr'>ad</span> <span class='ocrx_word' id='word_1_132' title='bbox 833 1340 1073 1381; x_wconf 84' lang='lat' dir='ltr'>frumentorum,</span> 
     </span>
     <span class='ocr_line' id='line_1_25' title="bbox 331 1393 1074 1437; baseline -0.001 -11"><span class='ocrx_word' id='word_1_133' title='bbox 331 1393 508 1436; x_wconf 74' lang='lat' dir='ltr'>bladorum,</span> <span class='ocrx_word' id='word_1_134' title='bbox 518 1394 714 1437; x_wconf 80' lang='lat' dir='ltr'>leguminum</span> <span class='ocrx_word' id='word_1_135' title='bbox 729 1399 759 1427; x_wconf 91' lang='lat' dir='ltr'>et</span> <span class='ocrx_word' id='word_1_136' title='bbox 768 1394 827 1427; x_wconf 87' lang='lat' dir='ltr'>olei</span> <span class='ocrx_word' id='word_1_137' title='bbox 838 1393 1074 1434; x_wconf 80' lang='lat' dir='ltr'>extractionem,</span> 
     </span>
     <span class='ocr_line' id='line_1_26' title="bbox 332 1447 1077 1491; baseline 0 -12"><span class='ocrx_word' id='word_1_138' title='bbox 332 1447 502 1490; x_wconf 82' lang='lat' dir='ltr'>innovavit,</span> <span class='ocrx_word' id='word_1_139' title='bbox 520 1458 556 1480; x_wconf 90' lang='lat' dir='ltr'>ac</span> <span class='ocrx_word' id='word_1_140' title='bbox 576 1448 752 1491; x_wconf 79' lang='lat' dir='ltr'>privilegia,</span> <span class='ocrx_word' id='word_1_141' title='bbox 778 1447 919 1481; x_wconf 83' lang='lat' dir='ltr'>licentias</span> <span class='ocrx_word' id='word_1_142' title='bbox 937 1452 964 1480; x_wconf 84' lang='lat' dir='ltr'>et</span> <span class='ocrx_word' id='word_1_143' title='bbox 985 1447 1077 1480; x_wconf 87' lang='lat' dir='ltr'>sacul-</span> 
     </span>
     <span class='ocr_line' id='line_1_27' title="bbox 332 1501 1076 1545; baseline 0 -12"><span class='ocrx_word' id='word_1_144' title='bbox 332 1504 409 1534; x_wconf 88' lang='lat' dir='ltr'>tates</span> <span class='ocrx_word' id='word_1_145' title='bbox 434 1501 616 1534; x_wconf 88' lang='lat' dir='ltr'>extrahendi</span> <span class='ocrx_word' id='word_1_146' title='bbox 644 1501 805 1545; x_wconf 88' lang='lat' dir='ltr'>praedicta</span> <span class='ocrx_word' id='word_1_147' title='bbox 836 1501 1015 1542; x_wconf 77' lang='lat' dir='ltr'>revocavit,</span> <span class='ocrx_word' id='word_1_148' title='bbox 1041 1511 1076 1533; x_wconf 85' lang='lat' dir='ltr'>ac</span> 
     </span>
     <span class='ocr_line' id='line_1_28' title="bbox 332 1554 1076 1599; baseline 0 -13"><span class='ocrx_word' id='word_1_149' title='bbox 332 1554 498 1597; x_wconf 86' lang='lat' dir='ltr'>frumenta,</span> <span class='ocrx_word' id='word_1_150' title='bbox 524 1555 658 1597; x_wconf 86' lang='lat' dir='ltr'>hordea,</span> <span class='ocrx_word' id='word_1_151' title='bbox 682 1555 858 1599; x_wconf 79' lang='lat' dir='ltr'>legumina,</span> <span class='ocrx_word' id='word_1_152' title='bbox 884 1560 914 1587; x_wconf 90' lang='lat' dir='ltr'>et</span> <span class='ocrx_word' id='word_1_153' title='bbox 939 1555 998 1587; x_wconf 89' lang='lat' dir='ltr'>alia</span> <span class='ocrx_word' id='word_1_154' title='bbox 1022 1565 1076 1587; x_wconf 90' lang='lat' dir='ltr'>an-</span> 
     </span>
     <span class='ocr_line' id='line_1_29' title="bbox 332 1607 1078 1650; baseline 0 -11"><span class='ocrx_word' id='word_1_155' title='bbox 332 1617 449 1640; x_wconf 84' lang='lat' dir='ltr'>nonam</span> <span class='ocrx_word' id='word_1_156' title='bbox 466 1613 496 1640; x_wconf 92' lang='lat' dir='ltr'>et</span> <span class='ocrx_word' id='word_1_157' title='bbox 513 1608 669 1650; x_wconf 75' lang='lat' dir='ltr'>grasciam</span> <span class='ocrx_word' id='word_1_158' title='bbox 694 1607 925 1649; x_wconf 85' lang='lat' dir='ltr'>concernentia,</span> <span class='ocrx_word' id='word_1_159' title='bbox 951 1607 1009 1639; x_wconf 89' lang='lat' dir='ltr'>sub</span> <span class='ocrx_word' id='word_1_160' title='bbox 1029 1617 1078 1639; x_wconf 85' lang='lat' dir='ltr'>ex-</span> 
     </span>
     <span class='ocr_line' id='line_1_30' title="bbox 334 1660 1077 1695; baseline -0.001 -1"><span class='ocrx_word' id='word_1_161' title='bbox 334 1660 628 1695; x_wconf 76' lang='lat' dir='ltr'>communicationis</span> <span class='ocrx_word' id='word_1_162' title='bbox 659 1667 689 1694; x_wconf 87' lang='lat' dir='ltr'>et</span> <span class='ocrx_word' id='word_1_163' title='bbox 717 1662 785 1694; x_wconf 90' lang='lat' dir='ltr'>aliis</span> <span class='ocrx_word' id='word_1_164' title='bbox 815 1661 957 1694; x_wconf 88' lang='lat' dir='ltr'>censuris</span> <span class='ocrx_word' id='word_1_165' title='bbox 982 1661 1077 1694; x_wconf 87' lang='lat' dir='ltr'>eccle.—</span> 
     </span>
     <span class='ocr_line' id='line_1_31' title="bbox 333 1715 1077 1759; baseline 0 -11"><span class='ocrx_word' id='word_1_166' title='bbox 333 1715 465 1748; x_wconf 87' lang='lat' dir='ltr'>siasticis</span> <span class='ocrx_word' id='word_1_167' title='bbox 479 1720 507 1748; x_wconf 91' lang='lat' dir='ltr'>et</span> <span class='ocrx_word' id='word_1_168' title='bbox 520 1715 630 1759; x_wconf 84' lang='lat' dir='ltr'>poenis</span> <span class='ocrx_word' id='word_1_169' title='bbox 643 1715 868 1759; x_wconf 84' lang='lat' dir='ltr'>temporalibus</span> <span class='ocrx_word' id='word_1_170' title='bbox 879 1715 1077 1759; x_wconf 87' lang='lat' dir='ltr'>supradictis,</span> 
     </span>
     <span class='ocr_line' id='line_1_32' title="bbox 334 1769 1079 1812; baseline -0.001 -10"><span class='ocrx_word' id='word_1_171' title='bbox 334 1772 420 1803; x_wconf 81' lang='lat' dir='ltr'>extra</span> <span class='ocrx_word' id='word_1_172' title='bbox 437 1769 557 1803; x_wconf 83' lang='lat' dir='ltr'>Statum</span> <span class='ocrx_word' id='word_1_173' title='bbox 571 1769 824 1802; x_wconf 88' lang='lat' dir='ltr'>Ecclesiasticum</span> <span class='ocrx_word' id='word_1_174' title='bbox 839 1769 960 1802; x_wconf 83' lang='lat' dir='ltr'>extrahi</span> <span class='ocrx_word' id='word_1_175' title='bbox 974 1769 1079 1812; x_wconf 91' lang='lat' dir='ltr'>prohi-</span> 
     </span>
     <span class='ocr_line' id='line_1_33' title="bbox 333 1822 1077 1867; baseline -0.001 -12"><span class='ocrx_word' id='word_1_176' title='bbox 333 1822 420 1863; x_wconf 78' lang='lat' dir='ltr'>buit3</span> <span class='ocrx_word' id='word_1_177' title='bbox 446 1833 482 1856; x_wconf 88' lang='lat' dir='ltr'>ac</span> <span class='ocrx_word' id='word_1_178' title='bbox 505 1823 624 1864; x_wconf 41' lang='lat' dir='ltr'>aliam&amp;</span> <span class='ocrx_word' id='word_1_179' title='bbox 649 1833 826 1867; x_wconf 88' lang='lat' dir='ltr'>perquam,</span> <span class='ocrx_word' id='word_1_180' title='bbox 848 1823 1077 1856; x_wconf 86' lang='lat' dir='ltr'>ultimodictam</span> 
     </span>
     <span class='ocr_line' id='line_1_34' title="bbox 336 1876 1080 1920; baseline 0 -12"><span class='ocrx_word' id='word_1_181' title='bbox 336 1876 433 1920; x_wconf 85' lang='lat' dir='ltr'>ipsius</span> <span class='ocrx_word' id='word_1_182' title='bbox 450 1876 716 1918; x_wconf 80' lang='lat' dir='ltr'>constitutionem,</span> <span class='ocrx_word' id='word_1_183' title='bbox 739 1876 982 1918; x_wconf 80' lang='lat' dir='ltr'>innovationem,</span> <span class='ocrx_word' id='word_1_184' title='bbox 1008 1886 1080 1920; x_wconf 88' lang='lat' dir='ltr'>pro-</span> 
     </span>
     <span class='ocr_line' id='line_1_35' title="bbox 336 1929 1079 1971; baseline 0.004 -9"><span class='ocrx_word' id='word_1_185' title='bbox 336 1929 521 1963; x_wconf 87' lang='lat' dir='ltr'>hibitionem</span> <span class='ocrx_word' id='word_1_186' title='bbox 536 1935 565 1963; x_wconf 90' lang='lat' dir='ltr'>et</span> <span class='ocrx_word' id='word_1_187' title='bbox 580 1930 823 1971; x_wconf 82' lang='lat' dir='ltr'>revocationem,</span> <span class='ocrx_word' id='word_1_188' title='bbox 838 1930 876 1962; x_wconf 89' lang='lat' dir='ltr'>ad</span> <span class='ocrx_word' id='word_1_189' title='bbox 893 1931 961 1964; x_wconf 88' lang='lat' dir='ltr'>loca</span> <span class='ocrx_word' id='word_1_190' title='bbox 973 1931 1079 1964; x_wconf 83' lang='lat' dir='ltr'>imme-</span> 
     </span>
     <span class='ocr_line' id='line_1_36' title="bbox 337 1981 1078 2025; baseline 0.003 -12"><span class='ocrx_word' id='word_1_191' title='bbox 337 1981 436 2014; x_wconf 78' lang='lat' dir='ltr'>diate⁴</span> <span class='ocrx_word' id='word_1_192' title='bbox 449 1981 520 2014; x_wconf 85' lang='lat' dir='ltr'>Sedi</span> <span class='ocrx_word' id='word_1_193' title='bbox 533 1982 732 2025; x_wconf 85' lang='lat' dir='ltr'>Apostolicae</span> <span class='ocrx_word' id='word_1_194' title='bbox 746 1982 884 2015; x_wconf 88' lang='lat' dir='ltr'>subiecta</span> <span class='ocrx_word' id='word_1_195' title='bbox 896 1982 1033 2016; x_wconf 86' lang='lat' dir='ltr'>extendit</span> <span class='ocrx_word' id='word_1_196' title='bbox 1051 1988 1078 2015; x_wconf 88' lang='lat' dir='ltr'>ct</span> 
     </span>
     <span class='ocr_line' id='line_1_37' title="bbox 336 2035 1078 2079; baseline 0 -11"><span class='ocrx_word' id='word_1_197' title='bbox 336 2035 507 2079; x_wconf 79' lang='lat' dir='ltr'>ampliavit,</span> <span class='ocrx_word' id='word_1_198' title='bbox 530 2036 561 2068; x_wconf 94' lang='lat' dir='ltr'>in</span> <span class='ocrx_word' id='word_1_199' title='bbox 579 2035 771 2079; x_wconf 88' lang='lat' dir='ltr'>quibuslibet</span> <span class='ocrx_word' id='word_1_200' title='bbox 794 2046 902 2068; x_wconf 88' lang='lat' dir='ltr'>carum</span> <span class='ocrx_word' id='word_1_201' title='bbox 927 2035 1078 2079; x_wconf 87' lang='lat' dir='ltr'>partibus,</span> 
     </span>
     <span class='ocr_line' id='line_1_38' title="bbox 336 2087 1080 2132; baseline 0.001 -12"><span class='ocrx_word' id='word_1_202' title='bbox 336 2087 471 2132; x_wconf 86' lang='lat' dir='ltr'>demptis</span> <span class='ocrx_word' id='word_1_203' title='bbox 492 2094 595 2121; x_wconf 87' lang='lat' dir='ltr'>tamen</span> <span class='ocrx_word' id='word_1_204' title='bbox 612 2099 647 2121; x_wconf 90' lang='lat' dir='ltr'>ex</span> <span class='ocrx_word' id='word_1_205' title='bbox 666 2089 726 2121; x_wconf 91' lang='lat' dir='ltr'>illis</span> <span class='ocrx_word' id='word_1_206' title='bbox 746 2090 847 2132; x_wconf 79' lang='lat' dir='ltr'>poena</span> <span class='ocrx_word' id='word_1_207' title='bbox 865 2089 1080 2122; x_wconf 83' lang='lat' dir='ltr'>excommuni-</span> 
     </span>
     <span class='ocr_line' id='line_1_39' title="bbox 337 2142 1081 2187; baseline 0 -12"><span class='ocrx_word' id='word_1_208' title='bbox 337 2142 467 2176; x_wconf 82' lang='lat' dir='ltr'>cationis</span> <span class='ocrx_word' id='word_1_209' title='bbox 477 2147 507 2175; x_wconf 89' lang='lat' dir='ltr'>et</span> <span class='ocrx_word' id='word_1_210' title='bbox 519 2142 587 2175; x_wconf 89' lang='lat' dir='ltr'>aliis</span> <span class='ocrx_word' id='word_1_211' title='bbox 599 2142 741 2175; x_wconf 86' lang='lat' dir='ltr'>censuris</span> <span class='ocrx_word' id='word_1_212' title='bbox 751 2142 969 2176; x_wconf 87' lang='lat' dir='ltr'>ecclesiasticis</span> <span class='ocrx_word' id='word_1_213' title='bbox 981 2144 1081 2187; x_wconf 88' lang='lat' dir='ltr'>(prae-</span> 
     </span>
     <span class='ocr_line' id='line_1_40' title="bbox 338 2195 1079 2239; baseline 0.001 -11"><span class='ocrx_word' id='word_1_214' title='bbox 338 2200 480 2239; x_wconf 88' lang='lat' dir='ltr'>terquam</span> <span class='ocrx_word' id='word_1_215' title='bbox 497 2196 529 2228; x_wconf 91' lang='lat' dir='ltr'>in</span> <span class='ocrx_word' id='word_1_216' title='bbox 543 2195 675 2237; x_wconf 84' lang='lat' dir='ltr'>casibus,</span> <span class='ocrx_word' id='word_1_217' title='bbox 690 2195 847 2239; x_wconf 89' lang='lat' dir='ltr'>inquibus</span> <span class='ocrx_word' id='word_1_218' title='bbox 863 2201 950 2229; x_wconf 86' lang='lat' dir='ltr'>extra</span> <span class='ocrx_word' id='word_1_219' title='bbox 960 2196 1079 2229; x_wconf 85' lang='lat' dir='ltr'>Statum</span> 
     </span>
    </p>
   </div>
   <div class='ocr_carea' id='block_1_4' title="bbox 340 2353 1081 2401">
    <p class='ocr_par' dir='ltr' id='par_1_4' title="bbox 340 2353 1081 2401">
     <span class='ocr_line' id='line_1_41' title="bbox 340 2353 1081 2401; baseline 0.003 -14"><span class='ocrx_word' id='word_1_220' title='bbox 340 2353 495 2388; x_wconf 82' lang='lat' dir='ltr'>baronum</span> <span class='ocrx_word' id='word_1_221' title='bbox 519 2360 549 2389; x_wconf 88' lang='lat' dir='ltr'>et</span> <span class='ocrx_word' id='word_1_222' title='bbox 573 2356 727 2398; x_wconf 84' lang='lat' dir='ltr'>aliorum,</span> <span class='ocrx_word' id='word_1_223' title='bbox 759 2367 896 2401; x_wconf 88' lang='lat' dir='ltr'>quorum</span> <span class='ocrx_word' id='word_1_224' title='bbox 921 2357 1081 2391; x_wconf 87' lang='lat' dir='ltr'>domicilia</span> 
     </span>
    </p>
   </div>
   <div class='ocr_carea' id='block_1_5' title="bbox 341 2417 1082 2678">
    <p class='ocr_par' dir='ltr' id='par_1_5' title="bbox 378 2417 1080 2457">
     <span class='ocr_line' id='line_1_42' title="bbox 378 2417 1080 2457; baseline 0.006 -13"><span class='ocrx_word' id='word_1_225' title='bbox 378 2418 387 2444; x_wconf 76' lang='lat'><strong>1</strong></span> <span class='ocrx_word' id='word_1_226' title='bbox 409 2417 478 2449; x_wconf 86' lang='lat' dir='ltr'>Quas</span> <span class='ocrx_word' id='word_1_227' title='bbox 492 2427 583 2446; x_wconf 86' lang='lat' dir='ltr'>omnes</span> <span class='ocrx_word' id='word_1_228' title='bbox 592 2420 678 2447; x_wconf 89' lang='lat' dir='ltr'>hahes</span> <span class='ocrx_word' id='word_1_229' title='bbox 689 2420 740 2447; x_wconf 90' lang='lat' dir='ltr'>loc.</span> <span class='ocrx_word' id='word_1_230' title='bbox 753 2420 797 2447; x_wconf 86' lang='lat' dir='ltr'>eit.</span> <span class='ocrx_word' id='word_1_231' title='bbox 809 2420 836 2447; x_wconf 91' lang='lat' dir='ltr'>in</span> <span class='ocrx_word' id='word_1_232' title='bbox 847 2430 874 2456; x_wconf 92' lang='lat' dir='ltr'>p.</span> <span class='ocrx_word' id='word_1_233' title='bbox 887 2429 977 2456; x_wconf 85' lang='lat' dir='ltr'>praec.</span> <span class='ocrx_word' id='word_1_234' title='bbox 988 2422 1080 2457; x_wconf 59' lang='lat' dir='ltr'>(ur).</span> 
     </span>
    </p>

    <p class='ocr_par' dir='ltr' id='par_1_6' title="bbox 341 2461 1082 2633">
     <span class='ocr_line' id='line_1_43' title="bbox 376 2461 1082 2501; baseline 0.006 -12"><span class='ocrx_word' id='word_1_235' title='bbox 376 2461 392 2488; x_wconf 79' lang='lat'><strong>2</strong></span> <span class='ocrx_word' id='word_1_236' title='bbox 407 2462 508 2490; x_wconf 86' lang='lat' dir='ltr'>Vocem</span> <span class='ocrx_word' id='word_1_237' title='bbox 523 2463 613 2491; x_wconf 79' lang='lat' dir='ltr'>etiam</span> <span class='ocrx_word' id='word_1_238' title='bbox 623 2472 673 2491; x_wconf 87' lang='lat' dir='ltr'>nos</span> <span class='ocrx_word' id='word_1_239' title='bbox 688 2465 814 2492; x_wconf 86' lang='lat' dir='ltr'>addimus</span> <span class='ocrx_word' id='word_1_240' title='bbox 830 2473 862 2493; x_wconf 88' lang='lat' dir='ltr'>ex</span> <span class='ocrx_word' id='word_1_241' title='bbox 876 2465 936 2493; x_wconf 90' lang='lat' dir='ltr'>loco</span> <span class='ocrx_word' id='word_1_242' title='bbox 951 2466 1082 2501; x_wconf 84' lang='lat' dir='ltr'>parallelo</span> 
     </span>
     <span class='ocr_line' id='line_1_44' title="bbox 355 2513 444 2534; baseline 0.022 -2"><span class='ocrx_word' id='word_1_243' title='bbox 355 2513 381 2533; x_wconf 79' lang='lat' dir='ltr'>a.</span> <span class='ocrx_word' id='word_1_244' title='bbox 397 2513 421 2533; x_wconf 83' lang='grc' dir='ltr'>τ,</span> <span class='ocrx_word' id='word_1_245' title='bbox 440 2529 444 2534; x_wconf 97' lang='grc'><em>.</em></span> 
     </span>
     <span class='ocr_line' id='line_1_45' title="bbox 341 2506 1082 2589; baseline 0.005 -11"><span class='ocrx_word' id='word_1_246' title='bbox 341 2506 352 2541; x_wconf 73' lang='grc'>(</span> <span class='ocrx_word' id='word_1_247' title='bbox 377 2551 393 2579; x_wconf 88' lang='grc'><strong>3</strong></span> <span class='ocrx_word' id='word_1_248' title='bbox 409 2507 529 2587; x_wconf 75' lang='lat' dir='ltr'>U)traque</span> <span class='ocrx_word' id='word_1_249' title='bbox 548 2552 626 2580; x_wconf 86' lang='lat' dir='ltr'>Pauli</span> <span class='ocrx_word' id='word_1_250' title='bbox 644 2554 666 2579; x_wconf 90' lang='lat' dir='ltr'>V</span> <span class='ocrx_word' id='word_1_251' title='bbox 685 2553 775 2581; x_wconf 86' lang='lat' dir='ltr'>Const.</span> <span class='ocrx_word' id='word_1_252' title='bbox 796 2554 840 2581; x_wconf 89' lang='lat' dir='ltr'>cit.</span> <span class='ocrx_word' id='word_1_253' title='bbox 861 2554 912 2581; x_wconf 80' lang='lat' dir='ltr'>fuit</span> <span class='ocrx_word' id='word_1_254' title='bbox 930 2561 1012 2589; x_wconf 86' lang='lat' dir='ltr'>supra</span> <span class='ocrx_word' id='word_1_255' title='bbox 1033 2563 1082 2589; x_wconf 83' lang='lat' dir='ltr'>pa-</span> 
     </span>
     <span class='ocr_line' id='line_1_46' title="bbox 341 2596 589 2633; baseline 0.004 -10"><span class='ocrx_word' id='word_1_256' title='bbox 341 2596 404 2632; x_wconf 81' lang='lat' dir='ltr'>gina</span> <span class='ocrx_word' id='word_1_257' title='bbox 418 2597 471 2624; x_wconf 68' lang='lat'>2⁹24</span> <span class='ocrx_word' id='word_1_258' title='bbox 486 2598 523 2633; x_wconf 75' lang='lat' dir='ltr'>(n.</span> <span class='ocrx_word' id='word_1_259' title='bbox 539 2598 589 2631; x_wconf 87' lang='lat' dir='ltr'><strong>T.).</strong></span> 
     </span>
    </p>

    <p class='ocr_par' dir='ltr' id='par_1_7' title="bbox 377 2642 751 2678">
     <span class='ocr_line' id='line_1_47' title="bbox 377 2642 751 2678; baseline 0.003 -9"><span class='ocrx_word' id='word_1_260' title='bbox 377 2643 394 2669; x_wconf 83' lang='grc'>4</span> <span class='ocrx_word' id='word_1_261' title='bbox 409 2642 482 2669; x_wconf 84' lang='lat' dir='ltr'>Sicut</span> <span class='ocrx_word' id='word_1_262' title='bbox 496 2642 603 2678; x_wconf 65' lang='lat' dir='ltr'>suprag</span> <span class='ocrx_word' id='word_1_263' title='bbox 619 2642 635 2669; x_wconf 86' lang='grc'>6</span> <span class='ocrx_word' id='word_1_264' title='bbox 651 2643 687 2678; x_wconf 81' lang='lat' dir='ltr'>(a.</span> <span class='ocrx_word' id='word_1_265' title='bbox 703 2644 751 2677; x_wconf 82' lang='grc' dir='ltr'>τ.).</span> 
     </span>
    </p>
   </div>
   <div class='ocr_carea' id='block_1_6' title="bbox 1086 336 1102 2719">
    <p class='ocr_par' dir='ltr' id='par_1_8' title="bbox 1086 336 1102 2719">
     <span class='ocr_line' id='line_1_48' title="bbox 1086 336 1102 2719; baseline 0 0"><span class='ocrx_word' id='word_1_266' title='bbox 1086 336 1102 2719; x_wconf 95' lang='lat' dir='ltr'> </span> 
     </span>
    </p>
   </div>
   <div class='ocr_carea' id='block_1_7' title="bbox 379 2686 1080 2723">
    <p class='ocr_par' dir='ltr' id='par_1_9' title="bbox 379 2686 1080 2723">
     <span class='ocr_line' id='line_1_49' title="bbox 379 2686 1080 2723; baseline 0.001 -9"><span class='ocrx_word' id='word_1_267' title='bbox 379 2687 395 2713; x_wconf 85' lang='grc'>5</span> <span class='ocrx_word' id='word_1_268' title='bbox 410 2686 447 2714; x_wconf 85' lang='lat' dir='ltr'>Ex</span> <span class='ocrx_word' id='word_1_269' title='bbox 462 2687 521 2715; x_wconf 89' lang='lat' dir='ltr'>loco</span> <span class='ocrx_word' id='word_1_270' title='bbox 535 2686 664 2723; x_wconf 79' lang='lat' dir='ltr'>parallelo</span> <span class='ocrx_word' id='word_1_271' title='bbox 679 2687 767 2722; x_wconf 89' lang='lat' dir='ltr'>potius</span> <span class='ocrx_word' id='word_1_272' title='bbox 783 2687 927 2723; x_wconf 85' lang='lat' dir='ltr'>legendum</span> <span class='ocrx_word' id='word_1_273' title='bbox 947 2688 1080 2717; x_wconf 72' lang='lat' dir='ltr'>mediate.</span> 
     </span>
    </p>
   </div>
   <div class='ocr_carea' id='block_1_8' title="bbox 1104 265 1859 2613">
    <p class='ocr_par' dir='ltr' id='par_1_10' title="bbox 1104 265 1851 1057">
     <span class='ocr_line' id='line_1_50' title="bbox 1107 265 1817 300; baseline -0.003 -1"><span class='ocrx_word' id='word_1_274' title='bbox 1107 276 1163 299; x_wconf 82' lang='lat' dir='ltr'>vni</span> <span class='ocrx_word' id='word_1_275' title='bbox 1187 272 1252 300; x_wconf 74' lang='lat' dir='ltr'>rr.v</span> <span class='ocrx_word' id='word_1_276' title='bbox 1753 265 1817 299; x_wconf 62' lang='lat'>0229</span> 
     </span>
     <span class='ocr_line' id='line_1_51' title="bbox 1105 321 1847 357; baseline -0.001 -2"><span class='ocrx_word' id='word_1_277' title='bbox 1105 323 1136 355; x_wconf 91' lang='lat' dir='ltr'>in</span> <span class='ocrx_word' id='word_1_278' title='bbox 1161 323 1337 357; x_wconf 81' lang='lat' dir='ltr'>confinibus</span> <span class='ocrx_word' id='word_1_279' title='bbox 1361 323 1435 355; x_wconf 87' lang='lat' dir='ltr'>dicti</span> <span class='ocrx_word' id='word_1_280' title='bbox 1460 323 1563 356; x_wconf 87' lang='lat' dir='ltr'>Status</span> <span class='ocrx_word' id='word_1_281' title='bbox 1580 321 1679 355; x_wconf 78' lang='lat' dir='ltr'>nostri</span> <span class='ocrx_word' id='word_1_282' title='bbox 1698 322 1847 355; x_wconf 85' lang='lat' dir='ltr'>Ecclesia-</span> 
     </span>
     <span class='ocr_line' id='line_1_52' title="bbox 1105 375 1846 419; baseline -0.003 -10"><span class='ocrx_word' id='word_1_283' title='bbox 1105 377 1172 409; x_wconf 87' lang='lat' dir='ltr'>stici</span> <span class='ocrx_word' id='word_1_284' title='bbox 1187 377 1331 419; x_wconf 79' lang='lat' dir='ltr'>existunt,</span> <span class='ocrx_word' id='word_1_285' title='bbox 1346 377 1506 418; x_wconf 75' lang='lat' dir='ltr'>extractio,</span> <span class='ocrx_word' id='word_1_286' title='bbox 1526 375 1723 409; x_wconf 87' lang='lat' dir='ltr'>mercimonii</span> <span class='ocrx_word' id='word_1_287' title='bbox 1741 377 1846 418; x_wconf 75' lang='lat' dir='ltr'>causa,</span> 
     </span>
     <span class='ocr_line' id='line_1_53' title="bbox 1104 429 1847 473; baseline 0 -12"><span class='ocrx_word' id='word_1_288' title='bbox 1104 430 1180 473; x_wconf 84' lang='lat' dir='ltr'>siet),</span> <span class='ocrx_word' id='word_1_289' title='bbox 1206 435 1303 471; x_wconf 91' lang='lat' dir='ltr'>motu,</span> <span class='ocrx_word' id='word_1_290' title='bbox 1330 430 1460 463; x_wconf 76' lang='lat' dir='ltr'>scientia</span> <span class='ocrx_word' id='word_1_291' title='bbox 1484 435 1514 463; x_wconf 88' lang='lat' dir='ltr'>et</span> <span class='ocrx_word' id='word_1_292' title='bbox 1539 434 1689 473; x_wconf 82' lang='lat' dir='ltr'>potestate</span> <span class='ocrx_word' id='word_1_293' title='bbox 1720 429 1847 472; x_wconf 82' lang='lat' dir='ltr'>paribus</span> 
     </span>
     <span class='ocr_line' id='line_1_54' title="bbox 1105 482 1846 527; baseline 0.001 -13"><span class='ocrx_word' id='word_1_294' title='bbox 1105 483 1248 517; x_wconf 88' lang='lat' dir='ltr'>similiter</span> <span class='ocrx_word' id='word_1_295' title='bbox 1267 489 1421 527; x_wconf 79' lang='lat' dir='ltr'>perpetuo</span> <span class='ocrx_word' id='word_1_296' title='bbox 1438 483 1661 527; x_wconf 84' lang='lat' dir='ltr'>approbamus,</span> <span class='ocrx_word' id='word_1_297' title='bbox 1680 482 1846 516; x_wconf 82' lang='lat' dir='ltr'>consu-ma-</span> 
     </span>
     <span class='ocr_line' id='line_1_55' title="bbox 1106 536 1848 580; baseline -0.001 -12"><span class='ocrx_word' id='word_1_298' title='bbox 1106 546 1175 568; x_wconf 89' lang='lat' dir='ltr'>mus</span> <span class='ocrx_word' id='word_1_299' title='bbox 1191 541 1221 569; x_wconf 89' lang='lat' dir='ltr'>et</span> <span class='ocrx_word' id='word_1_300' title='bbox 1236 536 1431 579; x_wconf 88' lang='lat' dir='ltr'>innovamus,</span> <span class='ocrx_word' id='word_1_301' title='bbox 1449 537 1578 580; x_wconf 84' lang='lat' dir='ltr'>illasque</span> <span class='ocrx_word' id='word_1_302' title='bbox 1596 536 1745 569; x_wconf 82' lang='lat' dir='ltr'>adversus</span> <span class='ocrx_word' id='word_1_303' title='bbox 1755 547 1848 580; x_wconf 88' lang='lat' dir='ltr'>quas-</span> 
     </span>
     <span class='ocr_line' id='line_1_56' title="bbox 1105 589 1849 633; baseline 0 -12"><span class='ocrx_word' id='word_1_304' title='bbox 1105 600 1239 633; x_wconf 88' lang='lat' dir='ltr'>cumque</span> <span class='ocrx_word' id='word_1_305' title='bbox 1257 590 1481 631; x_wconf 84' lang='lat' dir='ltr'>revocationes,</span> <span class='ocrx_word' id='word_1_306' title='bbox 1508 591 1738 633; x_wconf 82' lang='lat' dir='ltr'>suspensiones,</span> <span class='ocrx_word' id='word_1_307' title='bbox 1766 589 1849 621; x_wconf 89' lang='lat' dir='ltr'>limi-</span> 
     </span>
     <span class='ocr_line' id='line_1_57' title="bbox 1106 642 1850 685; baseline 0 -11"><span class='ocrx_word' id='word_1_308' title='bbox 1106 643 1237 676; x_wconf 84' lang='lat' dir='ltr'>tationes</span> <span class='ocrx_word' id='word_1_309' title='bbox 1257 648 1285 675; x_wconf 87' lang='lat' dir='ltr'>et</span> <span class='ocrx_word' id='word_1_310' title='bbox 1311 642 1544 675; x_wconf 81' lang='lat' dir='ltr'>moderationes</span> <span class='ocrx_word' id='word_1_311' title='bbox 1569 643 1599 674; x_wconf 95' lang='lat' dir='ltr'>in</span> <span class='ocrx_word' id='word_1_312' title='bbox 1617 643 1794 685; x_wconf 84' lang='lat' dir='ltr'>pristinum,</span> <span class='ocrx_word' id='word_1_313' title='bbox 1821 648 1850 675; x_wconf 88' lang='lat' dir='ltr'>et</span> 
     </span>
     <span class='ocr_line' id='line_1_58' title="bbox 1106 694 1848 739; baseline -0.001 -11"><span class='ocrx_word' id='word_1_314' title='bbox 1106 706 1188 737; x_wconf 81' lang='lat' dir='ltr'>euin,</span> <span class='ocrx_word' id='word_1_315' title='bbox 1214 696 1245 728; x_wconf 95' lang='lat' dir='ltr'>in</span> <span class='ocrx_word' id='word_1_316' title='bbox 1270 706 1341 739; x_wconf 89' lang='lat' dir='ltr'>quo,</span> <span class='ocrx_word' id='word_1_317' title='bbox 1366 700 1533 738; x_wconf 83' lang='lat' dir='ltr'>antequam</span> <span class='ocrx_word' id='word_1_318' title='bbox 1561 694 1629 727; x_wconf 74' lang='lat' dir='ltr'>illa*</span> <span class='ocrx_word' id='word_1_319' title='bbox 1657 701 1848 736; x_wconf 87' lang='lat' dir='ltr'>emanarent,</span> 
     </span>
     <span class='ocr_line' id='line_1_59' title="bbox 1106 749 1851 792; baseline 0 -11"><span class='ocrx_word' id='word_1_320' title='bbox 1106 754 1202 791; x_wconf 88' lang='lat' dir='ltr'>erant,</span> <span class='ocrx_word' id='word_1_321' title='bbox 1228 754 1353 791; x_wconf 89' lang='lat' dir='ltr'>statum,</span> <span class='ocrx_word' id='word_1_322' title='bbox 1380 749 1587 790; x_wconf 87' lang='lat' dir='ltr'>restituimus,</span> <span class='ocrx_word' id='word_1_323' title='bbox 1614 750 1796 792; x_wconf 83' lang='lat' dir='ltr'>reponimus</span> <span class='ocrx_word' id='word_1_324' title='bbox 1821 753 1851 780; x_wconf 87' lang='lat' dir='ltr'>et</span> 
     </span>
     <span class='ocr_line' id='line_1_60' title="bbox 1106 802 1850 846; baseline -0.001 -11"><span class='ocrx_word' id='word_1_325' title='bbox 1106 803 1245 846; x_wconf 83' lang='lat' dir='ltr'>plenarie</span> <span class='ocrx_word' id='word_1_326' title='bbox 1271 803 1517 846; x_wconf 75' lang='lat' dir='ltr'>reintegramus:</span> <span class='ocrx_word' id='word_1_327' title='bbox 1536 802 1666 845; x_wconf 86' lang='lat' dir='ltr'>illasque</span> <span class='ocrx_word' id='word_1_328' title='bbox 1692 807 1721 834; x_wconf 88' lang='lat' dir='ltr'>et</span> <span class='ocrx_word' id='word_1_329' title='bbox 1742 812 1850 834; x_wconf 90' lang='lat' dir='ltr'>earum</span> 
     </span>
     <span class='ocr_line' id='line_1_61' title="bbox 1107 855 1851 899; baseline -0.003 -10"><span class='ocrx_word' id='word_1_330' title='bbox 1107 857 1244 899; x_wconf 79' lang='lat' dir='ltr'>singulas</span> <span class='ocrx_word' id='word_1_331' title='bbox 1269 857 1307 889; x_wconf 87' lang='lat' dir='ltr'>ab</span> <span class='ocrx_word' id='word_1_332' title='bbox 1332 856 1479 889; x_wconf 88' lang='lat' dir='ltr'>omnibus</span> <span class='ocrx_word' id='word_1_333' title='bbox 1504 861 1534 889; x_wconf 88' lang='lat' dir='ltr'>et</span> <span class='ocrx_word' id='word_1_334' title='bbox 1558 855 1698 898; x_wconf 75' lang='lat' dir='ltr'>singulis,</span> <span class='ocrx_word' id='word_1_335' title='bbox 1716 855 1755 887; x_wconf 88' lang='lat' dir='ltr'>ad</span> <span class='ocrx_word' id='word_1_336' title='bbox 1772 865 1851 898; x_wconf 86' lang='lat' dir='ltr'>quos</span> 
     </span>
     <span class='ocr_line' id='line_1_62' title="bbox 1107 908 1851 954; baseline -0.003 -11"><span class='ocrx_word' id='word_1_337' title='bbox 1107 916 1234 954; x_wconf 81' lang='lat' dir='ltr'>spectat,</span> <span class='ocrx_word' id='word_1_338' title='bbox 1247 910 1305 943; x_wconf 87' lang='lat' dir='ltr'>sub</span> <span class='ocrx_word' id='word_1_339' title='bbox 1319 910 1547 954; x_wconf 86' lang='lat' dir='ltr'>temporalibus</span> <span class='ocrx_word' id='word_1_340' title='bbox 1561 909 1670 953; x_wconf 87' lang='lat' dir='ltr'>poenis</span> <span class='ocrx_word' id='word_1_341' title='bbox 1682 908 1851 953; x_wconf 81' lang='lat' dir='ltr'>praedictis</span> 
     </span>
     <span class='ocr_line' id='line_1_63' title="bbox 1108 962 1851 997; baseline -0.001 -1"><span class='ocrx_word' id='word_1_342' title='bbox 1108 964 1138 996; x_wconf 94' lang='lat' dir='ltr'>in</span> <span class='ocrx_word' id='word_1_343' title='bbox 1164 964 1224 996; x_wconf 88' lang='lat' dir='ltr'>illis</span> <span class='ocrx_word' id='word_1_344' title='bbox 1248 963 1402 997; x_wconf 86' lang='lat' dir='ltr'>contentis</span> <span class='ocrx_word' id='word_1_345' title='bbox 1428 963 1648 996; x_wconf 87' lang='lat' dir='ltr'>inviolabiliter</span> <span class='ocrx_word' id='word_1_346' title='bbox 1678 962 1716 995; x_wconf 91' lang='lat' dir='ltr'>de</span> <span class='ocrx_word' id='word_1_347' title='bbox 1746 967 1851 995; x_wconf 87' lang='lat' dir='ltr'>cetero</span> 
     </span>
     <span class='ocr_line' id='line_1_64' title="bbox 1107 1017 1425 1057; baseline -0.003 -7"><span class='ocrx_word' id='word_1_348' title='bbox 1107 1017 1269 1050; x_wconf 84' lang='lat' dir='ltr'>observari</span> <span class='ocrx_word' id='word_1_349' title='bbox 1294 1017 1425 1057; x_wconf 84' lang='lat' dir='ltr'>debere,</span> 
     </span>
    </p>

    <p class='ocr_par' dir='ltr' id='par_1_11' title="bbox 1107 1070 1857 1971">
     <span class='ocr_line' id='line_1_65' title="bbox 1152 1070 1853 1114; baseline -0.003 -11"><span class='ocrx_word' id='word_1_350' title='bbox 1152 1072 1167 1114; x_wconf 61' lang='grc' dir='ltr'><strong>ξ</strong></span> <span class='ocrx_word' id='word_1_351' title='bbox 1184 1071 1234 1103; x_wconf 80' lang='grc'>17.</span> <span class='ocrx_word' id='word_1_352' title='bbox 1254 1072 1296 1103; x_wconf 78' lang='lat' dir='ltr'>Ae</span> <span class='ocrx_word' id='word_1_353' title='bbox 1309 1071 1516 1114; x_wconf 82' lang='lat' dir='ltr'>provisiones,</span> <span class='ocrx_word' id='word_1_354' title='bbox 1530 1070 1766 1113; x_wconf 79' lang='lat' dir='ltr'>assignationes,</span> <span class='ocrx_word' id='word_1_355' title='bbox 1781 1079 1853 1113; x_wconf 89' lang='lat' dir='ltr'>poe—</span> 
     </span>
     <span class='ocr_line' id='line_1_66' title="bbox 1107 1123 1853 1167; baseline -0.003 -10"><span class='ocrx_word' id='word_1_356' title='bbox 1107 1135 1162 1158; x_wconf 87' lang='lat' dir='ltr'>nas</span> <span class='ocrx_word' id='word_1_357' title='bbox 1183 1125 1423 1165; x_wconf 75' lang='lat' dir='ltr'>maleficiorum,</span> <span class='ocrx_word' id='word_1_358' title='bbox 1441 1124 1661 1164; x_wconf 84' lang='lat' dir='ltr'>emolumenta,</span> <span class='ocrx_word' id='word_1_359' title='bbox 1682 1123 1853 1167; x_wconf 84' lang='lat' dir='ltr'>impositio-</span> 
     </span>
     <span class='ocr_line' id='line_1_67' title="bbox 1108 1177 1851 1221; baseline -0.001 -11"><span class='ocrx_word' id='word_1_360' title='bbox 1108 1189 1173 1215; x_wconf 77' lang='lat' dir='ltr'>nes,</span> <span class='ocrx_word' id='word_1_361' title='bbox 1191 1178 1338 1221; x_wconf 76' lang='lat' dir='ltr'>gabellas,</span> <span class='ocrx_word' id='word_1_362' title='bbox 1360 1178 1533 1221; x_wconf 73' lang='lat' dir='ltr'>vectigalia,</span> <span class='ocrx_word' id='word_1_363' title='bbox 1552 1183 1579 1210; x_wconf 85' lang='lat' dir='ltr'>et</span> <span class='ocrx_word' id='word_1_364' title='bbox 1601 1177 1677 1210; x_wconf 89' lang='lat' dir='ltr'>alias</span> <span class='ocrx_word' id='word_1_365' title='bbox 1693 1188 1753 1217; x_wconf 89' lang='lat' dir='ltr'>res,</span> <span class='ocrx_word' id='word_1_366' title='bbox 1770 1177 1851 1210; x_wconf 87' lang='lat' dir='ltr'>bona</span> 
     </span>
     <span class='ocr_line' id='line_1_68' title="bbox 1109 1231 1852 1276; baseline -0.003 -11"><span class='ocrx_word' id='word_1_367' title='bbox 1109 1236 1138 1265; x_wconf 90' lang='lat' dir='ltr'>et</span> <span class='ocrx_word' id='word_1_368' title='bbox 1162 1232 1231 1264; x_wconf 89' lang='lat' dir='ltr'>iura</span> <span class='ocrx_word' id='word_1_369' title='bbox 1255 1232 1432 1276; x_wconf 84' lang='lat' dir='ltr'>praedicta,</span> <span class='ocrx_word' id='word_1_370' title='bbox 1458 1242 1493 1264; x_wconf 86' lang='lat' dir='ltr'>ex</span> <span class='ocrx_word' id='word_1_371' title='bbox 1519 1231 1699 1264; x_wconf 90' lang='lat' dir='ltr'>huiusmodi</span> <span class='ocrx_word' id='word_1_372' title='bbox 1724 1241 1852 1263; x_wconf 86' lang='lat' dir='ltr'>revoca-</span> 
     </span>
     <span class='ocr_line' id='line_1_69' title="bbox 1109 1284 1853 1329; baseline -0.003 -11"><span class='ocrx_word' id='word_1_373' title='bbox 1109 1286 1202 1326; x_wconf 84' lang='lat' dir='ltr'>tione,</span> <span class='ocrx_word' id='word_1_374' title='bbox 1228 1284 1441 1329; x_wconf 85' lang='lat' dir='ltr'>prohibitione</span> <span class='ocrx_word' id='word_1_375' title='bbox 1459 1290 1489 1317; x_wconf 88' lang='lat' dir='ltr'>et</span> <span class='ocrx_word' id='word_1_376' title='bbox 1508 1284 1741 1325; x_wconf 87' lang='lat' dir='ltr'>constitutione,</span> <span class='ocrx_word' id='word_1_377' title='bbox 1767 1284 1853 1317; x_wconf 84' lang='lat' dir='ltr'>resti-</span> 
     </span>
     <span class='ocr_line' id='line_1_70' title="bbox 1110 1337 1854 1382; baseline -0.003 -10"><span class='ocrx_word' id='word_1_378' title='bbox 1110 1344 1174 1372; x_wconf 89' lang='lat' dir='ltr'>tuta</span> <span class='ocrx_word' id='word_1_379' title='bbox 1199 1339 1301 1372; x_wconf 89' lang='lat' dir='ltr'>eidem</span> <span class='ocrx_word' id='word_1_380' title='bbox 1327 1349 1489 1379; x_wconf 79' lang='lat' dir='ltr'>camerae,</span> <span class='ocrx_word' id='word_1_381' title='bbox 1521 1342 1550 1372; x_wconf 85' lang='lat' dir='ltr'>et</span> <span class='ocrx_word' id='word_1_382' title='bbox 1574 1337 1747 1382; x_wconf 84' lang='lat' dir='ltr'>respective</span> <span class='ocrx_word' id='word_1_383' title='bbox 1773 1348 1854 1370; x_wconf 89' lang='lat' dir='ltr'>com-</span> 
     </span>
     <span class='ocr_line' id='line_1_71' title="bbox 1110 1391 1853 1436; baseline -0.001 -11"><span class='ocrx_word' id='word_1_384' title='bbox 1110 1393 1315 1426; x_wconf 88' lang='lat' dir='ltr'>munitatibus</span> <span class='ocrx_word' id='word_1_385' title='bbox 1332 1392 1552 1436; x_wconf 77' lang='lat' dir='ltr'>praedictis,et</span> <span class='ocrx_word' id='word_1_386' title='bbox 1565 1402 1628 1425; x_wconf 89' lang='lat' dir='ltr'>non</span> <span class='ocrx_word' id='word_1_387' title='bbox 1642 1392 1721 1432; x_wconf 88' lang='lat' dir='ltr'>aliis,</span> <span class='ocrx_word' id='word_1_388' title='bbox 1739 1391 1853 1435; x_wconf 86' lang='lat' dir='ltr'>quihus</span> 
     </span>
     <span class='ocr_line' id='line_1_72' title="bbox 1111 1445 1853 1489; baseline -0.001 -11"><span class='ocrx_word' id='word_1_389' title='bbox 1111 1448 1215 1479; x_wconf 86' lang='lat' dir='ltr'>t&#39;orsan</span> <span class='ocrx_word' id='word_1_390' title='bbox 1230 1446 1354 1479; x_wconf 90' lang='lat' dir='ltr'>illarum</span> <span class='ocrx_word' id='word_1_391' title='bbox 1373 1445 1514 1478; x_wconf 89' lang='lat' dir='ltr'>redditus</span> <span class='ocrx_word' id='word_1_392' title='bbox 1528 1451 1554 1478; x_wconf 92' lang='lat' dir='ltr'>ct</span> <span class='ocrx_word' id='word_1_393' title='bbox 1573 1450 1744 1489; x_wconf 86' lang='lat' dir='ltr'>proventus</span> <span class='ocrx_word' id='word_1_394' title='bbox 1761 1445 1853 1478; x_wconf 85' lang='lat' dir='ltr'>locati</span> 
     </span>
     <span class='ocr_line' id='line_1_73' title="bbox 1111 1499 1854 1544; baseline -0.001 -12"><span class='ocrx_word' id='word_1_395' title='bbox 1111 1505 1140 1532; x_wconf 82' lang='lat' dir='ltr'>et</span> <span class='ocrx_word' id='word_1_396' title='bbox 1161 1499 1311 1544; x_wconf 86' lang='lat' dir='ltr'>appaltati</span> <span class='ocrx_word' id='word_1_397' title='bbox 1330 1499 1547 1542; x_wconf 85' lang='lat' dir='ltr'>reperiuntur,</span> <span class='ocrx_word' id='word_1_398' title='bbox 1572 1499 1661 1540; x_wconf 84' lang='lat' dir='ltr'>licet,</span> <span class='ocrx_word' id='word_1_399' title='bbox 1686 1504 1854 1542; x_wconf 85' lang='lat' dir='ltr'>antequam</span> 
     </span>
     <span class='ocr_line' id='line_1_74' title="bbox 1111 1552 1855 1596; baseline -0.003 -10"><span class='ocrx_word' id='word_1_400' title='bbox 1111 1553 1334 1596; x_wconf 83' lang='lat' dir='ltr'>exemptiones,</span> <span class='ocrx_word' id='word_1_401' title='bbox 1348 1553 1577 1593; x_wconf 86' lang='lat' dir='ltr'>concessiones,</span> <span class='ocrx_word' id='word_1_402' title='bbox 1587 1552 1812 1595; x_wconf 81' lang='lat' dir='ltr'>assignationes</span> <span class='ocrx_word' id='word_1_403' title='bbox 1825 1557 1855 1585; x_wconf 91' lang='lat' dir='ltr'>et</span> 
     </span>
     <span class='ocr_line' id='line_1_75' title="bbox 1111 1605 1855 1650; baseline -0.001 -11"><span class='ocrx_word' id='word_1_404' title='bbox 1111 1607 1171 1639; x_wconf 87' lang='lat' dir='ltr'>alia</span> <span class='ocrx_word' id='word_1_405' title='bbox 1194 1606 1354 1650; x_wconf 84' lang='lat' dir='ltr'>praedicta</span> <span class='ocrx_word' id='word_1_406' title='bbox 1379 1611 1586 1646; x_wconf 87' lang='lat' dir='ltr'>emanassent,</span> <span class='ocrx_word' id='word_1_407' title='bbox 1611 1606 1702 1638; x_wconf 87' lang='lat' dir='ltr'>aliter</span> <span class='ocrx_word' id='word_1_408' title='bbox 1725 1605 1855 1649; x_wconf 91' lang='lat' dir='ltr'>disposi-</span> 
     </span>
     <span class='ocr_line' id='line_1_76' title="bbox 1112 1659 1857 1699; baseline -0.001 -8"><span class='ocrx_word' id='word_1_409' title='bbox 1112 1665 1177 1692; x_wconf 90' lang='lat' dir='ltr'>tum</span> <span class='ocrx_word' id='word_1_410' title='bbox 1195 1659 1439 1699; x_wconf 84' lang='lat' dir='ltr'>fuerit,omnino</span> <span class='ocrx_word' id='word_1_411' title='bbox 1456 1659 1563 1692; x_wconf 89' lang='lat' dir='ltr'>deberi</span> <span class='ocrx_word' id='word_1_412' title='bbox 1577 1659 1595 1699; x_wconf 86' lang='lat'>¹,</span> <span class='ocrx_word' id='word_1_413' title='bbox 1613 1669 1648 1692; x_wconf 89' lang='lat' dir='ltr'>ac</span> <span class='ocrx_word' id='word_1_414' title='bbox 1665 1659 1704 1691; x_wconf 88' lang='lat' dir='ltr'>ad</span> <span class='ocrx_word' id='word_1_415' title='bbox 1721 1659 1773 1691; x_wconf 88' lang='lat' dir='ltr'>illa</span> <span class='ocrx_word' id='word_1_416' title='bbox 1790 1669 1857 1691; x_wconf 90' lang='lat' dir='ltr'>om-</span> 
     </span>
     <span class='ocr_line' id='line_1_77' title="bbox 1112 1712 1855 1755; baseline 0 -11"><span class='ocrx_word' id='word_1_417' title='bbox 1112 1712 1163 1744; x_wconf 91' lang='lat' dir='ltr'>nia</span> <span class='ocrx_word' id='word_1_418' title='bbox 1194 1717 1224 1744; x_wconf 86' lang='lat' dir='ltr'>et</span> <span class='ocrx_word' id='word_1_419' title='bbox 1260 1712 1382 1754; x_wconf 78' lang='lat' dir='ltr'>singula</span> <span class='ocrx_word' id='word_1_420' title='bbox 1407 1722 1564 1745; x_wconf 89' lang='lat' dir='ltr'>eameram</span> <span class='ocrx_word' id='word_1_421' title='bbox 1597 1712 1697 1755; x_wconf 84' lang='lat' dir='ltr'>ipsam</span> <span class='ocrx_word' id='word_1_422' title='bbox 1732 1722 1855 1744; x_wconf 89' lang='lat' dir='ltr'>necnon</span> 
     </span>
     <span class='ocr_line' id='line_1_78' title="bbox 1112 1765 1855 1809; baseline -0.001 -11"><span class='ocrx_word' id='word_1_423' title='bbox 1112 1765 1353 1799; x_wconf 87' lang='lat' dir='ltr'>communitates</span> <span class='ocrx_word' id='word_1_424' title='bbox 1385 1772 1415 1798; x_wconf 89' lang='lat' dir='ltr'>et</span> <span class='ocrx_word' id='word_1_425' title='bbox 1446 1765 1681 1807; x_wconf 85' lang='lat' dir='ltr'>universitates,</span> <span class='ocrx_word' id='word_1_426' title='bbox 1707 1776 1743 1798; x_wconf 90' lang='lat' dir='ltr'>eo</span> <span class='ocrx_word' id='word_1_427' title='bbox 1769 1766 1855 1809; x_wconf 86' lang='lat' dir='ltr'>ipso,</span> 
     </span>
     <span class='ocr_line' id='line_1_79' title="bbox 1112 1818 1857 1863; baseline 0.001 -12"><span class='ocrx_word' id='word_1_428' title='bbox 1112 1819 1230 1861; x_wconf 87' lang='lat' dir='ltr'>absque</span> <span class='ocrx_word' id='word_1_429' title='bbox 1247 1819 1307 1851; x_wconf 79' lang='lat' dir='ltr'>alia</span> <span class='ocrx_word' id='word_1_430' title='bbox 1325 1818 1439 1863; x_wconf 74' lang='lat' dir='ltr'>adepta</span> <span class='ocrx_word' id='word_1_431' title='bbox 1459 1830 1514 1852; x_wconf 90' lang='lat' dir='ltr'>seu</span> <span class='ocrx_word' id='word_1_432' title='bbox 1530 1820 1717 1863; x_wconf 78' lang='lat' dir='ltr'>recuperata</span> <span class='ocrx_word' id='word_1_433' title='bbox 1735 1830 1857 1863; x_wconf 87' lang='lat' dir='ltr'>posses-</span> 
     </span>
     <span class='ocr_line' id='line_1_80' title="bbox 1113 1873 1856 1916; baseline 0.001 -11"><span class='ocrx_word' id='word_1_434' title='bbox 1113 1873 1209 1913; x_wconf 86' lang='lat' dir='ltr'>sione,</span> <span class='ocrx_word' id='word_1_435' title='bbox 1230 1873 1388 1906; x_wconf 90' lang='lat' dir='ltr'>rcstitutas</span> <span class='ocrx_word' id='word_1_436' title='bbox 1402 1878 1431 1906; x_wconf 91' lang='lat' dir='ltr'>et</span> <span class='ocrx_word' id='word_1_437' title='bbox 1445 1873 1651 1916; x_wconf 71' lang='lat' dir='ltr'>reintegratas</span> <span class='ocrx_word' id='word_1_438' title='bbox 1665 1874 1731 1906; x_wconf 90' lang='lat' dir='ltr'>sore</span> <span class='ocrx_word' id='word_1_439' title='bbox 1744 1878 1774 1906; x_wconf 89' lang='lat' dir='ltr'>et</span> <span class='ocrx_word' id='word_1_440' title='bbox 1788 1884 1856 1906; x_wconf 85' lang='lat' dir='ltr'>csse</span> 
     </span>
     <span class='ocr_line' id='line_1_81' title="bbox 1112 1927 1800 1971; baseline 0.001 -12"><span class='ocrx_word' id='word_1_441' title='bbox 1112 1927 1335 1971; x_wconf 85' lang='lat' dir='ltr'>praecipimus,</span> <span class='ocrx_word' id='word_1_442' title='bbox 1361 1927 1526 1960; x_wconf 88' lang='lat' dir='ltr'>statuimus</span> <span class='ocrx_word' id='word_1_443' title='bbox 1552 1933 1582 1960; x_wconf 88' lang='lat' dir='ltr'>et</span> <span class='ocrx_word' id='word_1_444' title='bbox 1607 1927 1800 1961; x_wconf 82' lang='lat' dir='ltr'>ordinamus.</span> 
     </span>
    </p>

    <p class='ocr_par' dir='ltr' id='par_1_12' title="bbox 1113 1981 1859 2613">
     <span class='ocr_line' id='line_1_82' title="bbox 1158 1981 1857 2025; baseline 0 -12"><span class='ocrx_word' id='word_1_445' title='bbox 1158 1982 1172 2023; x_wconf 59' lang='grc' dir='ltr'>ξ</span> <span class='ocrx_word' id='word_1_446' title='bbox 1190 1981 1240 2014; x_wconf 57' lang='lat'>218.</span> <span class='ocrx_word' id='word_1_447' title='bbox 1268 1981 1327 2013; x_wconf 88' lang='lat' dir='ltr'>Per</span> <span class='ocrx_word' id='word_1_448' title='bbox 1342 1981 1502 2025; x_wconf 88' lang='lat' dir='ltr'>praedicta</span> <span class='ocrx_word' id='word_1_449' title='bbox 1523 1987 1626 2014; x_wconf 89' lang='lat' dir='ltr'>autem</span> <span class='ocrx_word' id='word_1_450' title='bbox 1647 1992 1709 2014; x_wconf 93' lang='lat' dir='ltr'>non</span> <span class='ocrx_word' id='word_1_451' title='bbox 1727 1981 1857 2014; x_wconf 89' lang='lat' dir='ltr'>intendi-</span> 
     </span>
     <span class='ocr_line' id='line_1_83' title="bbox 1114 2035 1856 2078; baseline 0.001 -12"><span class='ocrx_word' id='word_1_452' title='bbox 1114 2045 1183 2078; x_wconf 74' lang='lat' dir='ltr'>mus</span> <span class='ocrx_word' id='word_1_453' title='bbox 1200 2045 1348 2067; x_wconf 85' lang='lat' dir='ltr'>revocare</span> <span class='ocrx_word' id='word_1_454' title='bbox 1366 2035 1583 2078; x_wconf 85' lang='lat' dir='ltr'>exemptiones</span> <span class='ocrx_word' id='word_1_455' title='bbox 1596 2040 1626 2068; x_wconf 90' lang='lat' dir='ltr'>et</span> <span class='ocrx_word' id='word_1_456' title='bbox 1643 2035 1856 2067; x_wconf 86' lang='lat' dir='ltr'>immunitates</span> 
     </span>
     <span class='ocr_line' id='line_1_84' title="bbox 1113 2088 1855 2132; baseline 0.001 -12"><span class='ocrx_word' id='word_1_457' title='bbox 1113 2088 1366 2132; x_wconf 88' lang='lat' dir='ltr'>quibuscumque</span> <span class='ocrx_word' id='word_1_458' title='bbox 1386 2088 1529 2132; x_wconf 88' lang='lat' dir='ltr'>personis</span> <span class='ocrx_word' id='word_1_459' title='bbox 1547 2088 1776 2132; x_wconf 85' lang='lat' dir='ltr'>ecclesiasticis,</span> <span class='ocrx_word' id='word_1_460' title='bbox 1793 2093 1855 2122; x_wconf 90' lang='lat' dir='ltr'>tam</span> 
     </span>
     <span class='ocr_line' id='line_1_85' title="bbox 1114 2142 1856 2185; baseline 0 -11"><span class='ocrx_word' id='word_1_461' title='bbox 1114 2142 1308 2175; x_wconf 88' lang='lat' dir='ltr'>secularibus</span> <span class='ocrx_word' id='word_1_462' title='bbox 1340 2153 1434 2185; x_wconf 84' lang='lat' dir='ltr'>quam</span> <span class='ocrx_word' id='word_1_463' title='bbox 1469 2142 1690 2185; x_wconf 81' lang='lat' dir='ltr'>regularibus,</span> <span class='ocrx_word' id='word_1_464' title='bbox 1719 2142 1757 2175; x_wconf 90' lang='lat' dir='ltr'>de</span> <span class='ocrx_word' id='word_1_465' title='bbox 1789 2142 1856 2175; x_wconf 90' lang='lat' dir='ltr'>iure</span> 
     </span>
     <span class='ocr_line' id='line_1_86' title="bbox 1114 2195 1858 2239; baseline 0 -11"><span class='ocrx_word' id='word_1_466' title='bbox 1114 2201 1348 2239; x_wconf 84' lang='lat' dir='ltr'>competentes,</span> <span class='ocrx_word' id='word_1_467' title='bbox 1384 2195 1551 2239; x_wconf 89' lang='lat' dir='ltr'>minusque</span> <span class='ocrx_word' id='word_1_468' title='bbox 1587 2196 1799 2230; x_wconf 86' lang='lat' dir='ltr'>immunitates</span> <span class='ocrx_word' id='word_1_469' title='bbox 1827 2201 1858 2229; x_wconf 88' lang='lat' dir='ltr'>et</span> 
     </span>
     <span class='ocr_line' id='line_1_87' title="bbox 1115 2249 1854 2292; baseline 0 -10"><span class='ocrx_word' id='word_1_470' title='bbox 1115 2249 1344 2292; x_wconf 88' lang='lat' dir='ltr'>exemptiones,</span> <span class='ocrx_word' id='word_1_471' title='bbox 1369 2259 1404 2282; x_wconf 88' lang='lat' dir='ltr'>ac</span> <span class='ocrx_word' id='word_1_472' title='bbox 1429 2249 1630 2291; x_wconf 85' lang='lat' dir='ltr'>extrahendi,</span> <span class='ocrx_word' id='word_1_473' title='bbox 1655 2255 1685 2282; x_wconf 89' lang='lat' dir='ltr'>et</span> <span class='ocrx_word' id='word_1_474' title='bbox 1707 2249 1783 2282; x_wconf 88' lang='lat' dir='ltr'>alias</span> <span class='ocrx_word' id='word_1_475' title='bbox 1808 2250 1854 2282; x_wconf 84' lang='lat' dir='ltr'>sa-</span> 
     </span>
     <span class='ocr_line' id='line_1_88' title="bbox 1115 2302 1857 2346; baseline 0.001 -11"><span class='ocrx_word' id='word_1_476' title='bbox 1115 2304 1255 2343; x_wconf 88' lang='lat' dir='ltr'>cultates,</span> <span class='ocrx_word' id='word_1_477' title='bbox 1269 2302 1493 2346; x_wconf 85' lang='lat' dir='ltr'>applicationes</span> <span class='ocrx_word' id='word_1_478' title='bbox 1513 2308 1543 2335; x_wconf 91' lang='lat' dir='ltr'>et</span> <span class='ocrx_word' id='word_1_479' title='bbox 1559 2303 1629 2344; x_wconf 87' lang='lat' dir='ltr'>alia,</span> <span class='ocrx_word' id='word_1_480' title='bbox 1643 2303 1857 2343; x_wconf 86' lang='lat' dir='ltr'>thesaurariis,</span> 
     </span>
     <span class='ocr_line' id='line_1_89' title="bbox 1115 2356 1857 2400; baseline 0.001 -12"><span class='ocrx_word' id='word_1_481' title='bbox 1115 2356 1362 2400; x_wconf 87' lang='lat' dir='ltr'>appaltatoribus</span> <span class='ocrx_word' id='word_1_482' title='bbox 1387 2361 1416 2389; x_wconf 88' lang='lat' dir='ltr'>et</span> <span class='ocrx_word' id='word_1_483' title='bbox 1432 2356 1677 2390; x_wconf 85' lang='lat' dir='ltr'>conductoribus</span> <span class='ocrx_word' id='word_1_484' title='bbox 1691 2356 1857 2399; x_wconf 90' lang='lat' dir='ltr'>bonorum,</span> 
     </span>
     <span class='ocr_line' id='line_1_90' title="bbox 1116 2410 1859 2444; baseline 0.003 -2"><span class='ocrx_word' id='word_1_485' title='bbox 1116 2410 1302 2443; x_wconf 84' lang='lat' dir='ltr'>introituum</span> <span class='ocrx_word' id='word_1_486' title='bbox 1328 2415 1357 2443; x_wconf 89' lang='lat' dir='ltr'>et</span> <span class='ocrx_word' id='word_1_487' title='bbox 1382 2410 1499 2443; x_wconf 89' lang='lat' dir='ltr'>iurium</span> <span class='ocrx_word' id='word_1_488' title='bbox 1518 2421 1662 2444; x_wconf 86' lang='lat' dir='ltr'>camerae</span> <span class='ocrx_word' id='word_1_489' title='bbox 1678 2416 1804 2444; x_wconf 87' lang='lat' dir='ltr'>nostrae</span> <span class='ocrx_word' id='word_1_490' title='bbox 1821 2411 1859 2444; x_wconf 84' lang='lat' dir='ltr'>ab</span> 
     </span>
     <span class='ocr_line' id='line_1_91' title="bbox 1116 2464 1858 2507; baseline 0.001 -11"><span class='ocrx_word' id='word_1_491' title='bbox 1116 2464 1183 2507; x_wconf 79' lang='lat' dir='ltr'>ipsa</span> <span class='ocrx_word' id='word_1_492' title='bbox 1209 2465 1350 2504; x_wconf 74' lang='lat' dir='ltr'>camera,</span> <span class='ocrx_word' id='word_1_493' title='bbox 1377 2474 1432 2496; x_wconf 88' lang='lat' dir='ltr'>seu</span> <span class='ocrx_word' id='word_1_494' title='bbox 1456 2464 1524 2497; x_wconf 89' lang='lat' dir='ltr'>aliis</span> <span class='ocrx_word' id='word_1_495' title='bbox 1549 2464 1633 2497; x_wconf 90' lang='lat' dir='ltr'>illius</span> <span class='ocrx_word' id='word_1_496' title='bbox 1656 2465 1802 2506; x_wconf 91' lang='lat' dir='ltr'>nomine,</span> <span class='ocrx_word' id='word_1_497' title='bbox 1828 2465 1858 2497; x_wconf 94' lang='lat' dir='ltr'>in</span> 
     </span>
     <span class='ocr_line' id='line_1_92' title="bbox 1116 2518 1858 2562; baseline 0.003 -12"><span class='ocrx_word' id='word_1_498' title='bbox 1116 2518 1299 2562; x_wconf 86' lang='lat' dir='ltr'>appaltuum</span> <span class='ocrx_word' id='word_1_499' title='bbox 1316 2523 1345 2550; x_wconf 89' lang='lat' dir='ltr'>et</span> <span class='ocrx_word' id='word_1_500' title='bbox 1369 2518 1560 2551; x_wconf 88' lang='lat' dir='ltr'>locationum</span> <span class='ocrx_word' id='word_1_501' title='bbox 1586 2518 1812 2561; x_wconf 56' lang='lat' dir='ltr'>instrumentis</span> <span class='ocrx_word' id='word_1_502' title='bbox 1830 2525 1858 2552; x_wconf 88' lang='lat' dir='ltr'>et</span> 
     </span>
     <span class='ocr_line' id='line_1_93' title="bbox 1123 2572 1587 2613; baseline 0.004 -9"><span class='ocrx_word' id='word_1_503' title='bbox 1123 2572 1251 2605; x_wconf 89' lang='lat' dir='ltr'>illorum</span> <span class='ocrx_word' id='word_1_504' title='bbox 1272 2572 1404 2613; x_wconf 88' lang='lat' dir='ltr'>ratione,</span> <span class='ocrx_word' id='word_1_505' title='bbox 1429 2582 1587 2606; x_wconf 88' lang='lat' dir='ltr'>concessa.</span> 
     </span>
    </p>
   </div>
   <div class='ocr_carea' id='block_1_9' title="bbox 1152 2643 1848 2725">
    <p class='ocr_par' dir='ltr' id='par_1_13' title="bbox 1152 2643 1848 2725">
     <span class='ocr_line' id='line_1_94' title="bbox 1155 2643 1655 2680; baseline 0.004 -10"><span class='ocrx_word' id='word_1_506' title='bbox 1155 2645 1165 2670; x_wconf 89' lang='lat'>1</span> <span class='ocrx_word' id='word_1_507' title='bbox 1189 2643 1281 2671; x_wconf 84' lang='lat' dir='ltr'>Potius</span> <span class='ocrx_word' id='word_1_508' title='bbox 1301 2643 1446 2679; x_wconf 84' lang='lat' dir='ltr'>legendum</span> <span class='ocrx_word' id='word_1_509' title='bbox 1465 2644 1532 2672; x_wconf 82' lang='lat' dir='ltr'>illae</span> <span class='ocrx_word' id='word_1_510' title='bbox 1552 2644 1589 2680; x_wconf 74' lang='lat' dir='ltr'>(a.</span> <span class='ocrx_word' id='word_1_511' title='bbox 1606 2645 1655 2680; x_wconf 85' lang='grc' dir='ltr'><strong>τ.).</strong></span> 
     </span>
     <span class='ocr_line' id='line_1_95' title="bbox 1152 2689 1848 2725; baseline 0.001 -9"><span class='ocrx_word' id='word_1_512' title='bbox 1152 2689 1167 2716; x_wconf 71' lang='lat'><strong>2</strong></span> <span class='ocrx_word' id='word_1_513' title='bbox 1183 2690 1236 2716; x_wconf 78' lang='lat' dir='ltr'>Aut</span> <span class='ocrx_word' id='word_1_514' title='bbox 1251 2689 1310 2724; x_wconf 78' lang='lat' dir='ltr'>lege</span> <span class='ocrx_word' id='word_1_515' title='bbox 1325 2690 1444 2725; x_wconf 77' lang='lat' dir='ltr'>censeri,</span> <span class='ocrx_word' id='word_1_516' title='bbox 1461 2692 1508 2718; x_wconf 87' lang='lat' dir='ltr'>aut</span> <span class='ocrx_word' id='word_1_517' title='bbox 1523 2691 1633 2718; x_wconf 78' lang='lat' dir='ltr'>censeri</span> <span class='ocrx_word' id='word_1_518' title='bbox 1646 2689 1743 2719; x_wconf 77' lang='lat' dir='ltr'>debere</span> <span class='ocrx_word' id='word_1_519' title='bbox 1756 2691 1793 2725; x_wconf 75' lang='lat' dir='ltr'>(a.</span> <span class='ocrx_word' id='word_1_520' title='bbox 1810 2696 1848 2723; x_wconf 79' lang='lat' dir='ltr'>T.)</span> 
     </span>
    </p>
   </div>
   <div class='ocr_carea' id='block_1_10' title="bbox 1863 276 2043 303">
    <p class='ocr_par' dir='ltr' id='par_1_14' title="bbox 1863 276 2043 303">
     <span class='ocr_line' id='line_1_96' title="bbox 1863 276 2043 303; baseline 0 -2"><span class='ocrx_word' id='word_1_521' title='bbox 1863 276 1910 302; x_wconf 76' lang='lat' dir='ltr'>An.</span> <span class='ocrx_word' id='word_1_522' title='bbox 1924 276 1952 303; x_wconf 91' lang='lat' dir='ltr'>C.</span> <span class='ocrx_word' id='word_1_523' title='bbox 1977 276 2043 303; x_wconf 70' lang='lat'>¹624</span> 
     </span>
    </p>
   </div>
   <div class='ocr_carea' id='block_1_11' title="bbox 1867 1084 2052 1265">
    <p class='ocr_par' dir='ltr' id='par_1_15' title="bbox 1867 1084 2052 1265">
     <span class='ocr_line' id='line_1_97' title="bbox 1884 1084 2050 1105; baseline 0 -1"><span class='ocrx_word' id='word_1_524' title='bbox 1884 1084 2050 1105; x_wconf 75' lang='lat' dir='ltr'>Revocatashu-</span> 
     </span>
     <span class='ocr_line' id='line_1_98' title="bbox 1867 1111 2051 1131; baseline 0 0"><span class='ocrx_word' id='word_1_525' title='bbox 1867 1111 1957 1131; x_wconf 80' lang='lat' dir='ltr'>iusmodi</span> <span class='ocrx_word' id='word_1_526' title='bbox 1999 1112 2051 1131; x_wconf 74' lang='lat' dir='ltr'>assi·</span> 
     </span>
     <span class='ocr_line' id='line_1_99' title="bbox 1867 1138 2051 1162; baseline 0 -5"><span class='ocrx_word' id='word_1_527' title='bbox 1867 1138 1977 1162; x_wconf 70' lang='lat' dir='ltr'>gnationes</span> <span class='ocrx_word' id='word_1_528' title='bbox 2016 1143 2051 1157; x_wconf 75' lang='lat' dir='ltr'>ra-</span> 
     </span>
     <span class='ocr_line' id='line_1_100' title="bbox 1868 1167 2052 1190; baseline -0.005 -6"><span class='ocrx_word' id='word_1_529' title='bbox 1868 1170 1937 1184; x_wconf 80' lang='lat' dir='ltr'>merae</span> <span class='ocrx_word' id='word_1_530' title='bbox 1965 1167 2052 1190; x_wconf 76' lang='lat' dir='ltr'>aposto-</span> 
     </span>
     <span class='ocr_line' id='line_1_101' title="bbox 1868 1192 2051 1211; baseline -0.011 0"><span class='ocrx_word' id='word_1_531' title='bbox 1868 1192 1921 1211; x_wconf 45' lang='lat' dir='ltr'>lis-,ie</span> <span class='ocrx_word' id='word_1_532' title='bbox 1948 1194 1967 1211; x_wconf 87' lang='lat' dir='ltr'>et</span> <span class='ocrx_word' id='word_1_533' title='bbox 1996 1197 2051 1210; x_wconf 79' lang='lat' dir='ltr'>cruu-</span> 
     </span>
     <span class='ocr_line' id='line_1_102' title="bbox 1868 1218 2050 1239; baseline -0.011 -1"><span class='ocrx_word' id='word_1_534' title='bbox 1868 1218 2007 1239; x_wconf 71' lang='lat' dir='ltr'>niunitalibus</span> <span class='ocrx_word' id='word_1_535' title='bbox 2021 1222 2050 1237; x_wconf 80' lang='lat' dir='ltr'>re-</span> 
     </span>
     <span class='ocr_line' id='line_1_103' title="bbox 1868 1248 1942 1265; baseline 0 0"><span class='ocrx_word' id='word_1_536' title='bbox 1868 1248 1942 1265; x_wconf 71' lang='lat' dir='ltr'>sumu,</span> 
     </span>
    </p>
   </div>
   <div class='ocr_carea' id='block_1_12' title="bbox 1871 1991 2058 2123">
    <p class='ocr_par' dir='ltr' id='par_1_16' title="bbox 1871 1991 2058 2123">
     <span class='ocr_line' id='line_1_104' title="bbox 1930 1991 2056 2011; baseline 0 0"><span class='ocrx_word' id='word_1_537' title='bbox 1930 1991 2056 2011; x_wconf 72' lang='lat' dir='ltr'>Praeservat</span> 
     </span>
     <span class='ocr_line' id='line_1_105' title="bbox 1872 2020 2058 2043; baseline 0 -6"><span class='ocrx_word' id='word_1_538' title='bbox 1872 2020 2058 2043; x_wconf 71' lang='lat' dir='ltr'>exemptionesec-</span> 
     </span>
     <span class='ocr_line' id='line_1_106' title="bbox 1872 2045 2057 2064; baseline 0 0"><span class='ocrx_word' id='word_1_539' title='bbox 1872 2045 1996 2064; x_wconf 81' lang='lat' dir='ltr'>ctesiasticis</span> <span class='ocrx_word' id='word_1_540' title='bbox 2036 2046 2057 2064; x_wconf 81' lang='lat' dir='ltr'>et</span> 
     </span>
     <span class='ocr_line' id='line_1_107' title="bbox 1871 2071 2055 2091; baseline 0 0"><span class='ocrx_word' id='word_1_541' title='bbox 1871 2071 1996 2091; x_wconf 81' lang='lat' dir='ltr'>astictuariis</span> <span class='ocrx_word' id='word_1_542' title='bbox 2035 2071 2055 2091; x_wconf 92' lang='lat' dir='ltr'>in</span> 
     </span>
     <span class='ocr_line' id='line_1_108' title="bbox 1871 2097 2030 2123; baseline -0.006 -5"><span class='ocrx_word' id='word_1_543' title='bbox 1871 2097 2014 2118; x_wconf 79' lang='lat' dir='ltr'>instrumentis</span> <span class='ocrx_word' id='word_1_544' title='bbox 2025 2104 2030 2123; x_wconf 84' lang='lat'>;</span> 
     </span>
    </p>
   </div>
  </div>
 </body>
</html>
