2269 3235
122 247 170 274 An.
187 246 214 273 C.
239 245 307 273 1625

164 519 259 539 Pontifex
274 519 304 539 in-

120 546 191 566 iuncta
213 545 247 566 hic
268 551 304 571 pe·

120 572 243 597 ragenubus
267 578 304 592 an-

172 598 222 619 1620
251 598 303 619 iubi-

120 625 162 646 lassi
197 625 304 651 indulgeu-

120 652 161 673 tias
177 651 285 677 elargitur.

935 246 1076 270 URBANUS
1099 245 1156 269 vm
1180 246 1227 269 1³1².

319 293 418 326 stibus
439 292 705 336 indulgentiarum
730 293 903 337 praesentis
924 293 995 325 anni
1014 294 1059 325 iu-
1094 293 1267 335 angelicam
1285 304 1342 336 pro
1361 298 1563 337 pcccatorum
1584 302 1713 325 suorum
1727 293 1836 325 remis-

319 346 412 378 bilaei
427 346 516 379 donis
534 358 569 379 ac
587 347 802 390 spiritualibus
816 346 970 379 thesauris
988 356 1060 378 con-

319 400 486 443 sequendis
510 411 573 433 non
597 400 765 433 accessisse
797 410 854 432 nec
884 399 987 431 minus
1012 409 1060 431 ac-

319 452 430 486 cedere
455 444 593 496 potuisse
610 464 711 495 neque
732 463 838 496 posse;

363 506 378 548 ξ
402 506 430 538 2.
458 506 493 538 Et
517 511 685 550 propterea
709 506 847 549 ipsarum
873 510 902 537 ct
927 505 1060 537 aliorum

319 570 593 603 quorumcumque
610 560 703 592 etiam
720 559 860 591 fidelium
885 559 1060 591 animarum

320 612 411 645 saluti
436 613 618 656 prospicere
644 613 798 653 volentes,
823 612 971 655 precibus
989 612 1061 644 cha-

320 666 435 698 rissimi
468 666 500 698 in
531 665 652 699 Christo
687 665 743 697 filii
777 665 876 698 nostri
913 665 1061 697 Ludoviei

320 719 514 752 Francorum
542 718 627 761 regis
658 718 909 750 christianissimi
934 719 1062 751 nominc

319 772 411 805 nobis
431 782 525 815 super
545 772 605 804 hoc
624 771 787 804 humiliter
802 772 956 815 porrectis
976 772 1061 805 incli-

319 825 394 866 nati,
419 825 457 858 de
478 825 701 868 omnipotentis
717 825 772 858 Dei
792 825 1011 859 misericordia
1027 836 1062 859 ac

318 878 481 911 beatorum
508 878 590 911 Petri
610 883 640 911 et
660 878 746 911 Pauli
762 879 979 922 apostolorum
997 879 1063 912 eius

320 931 504 964 auctoritate
533 931 665 972 confisi,
695 931 841 964 omnibus
869 937 899 964 et
932 932 1063 975 singulis

318 984 483 1028 utriusque
503 995 595 1018 sexus
615 984 872 1018 christifidelibus
885 985 1063 1029 praedictae

320 1037 452 1071 civitatis
477 1038 660 1071 Parisiensis
681 1043 711 1071 et
728 1038 810 1071 illius
827 1038 980 1072 dioecesis
1005 1044 1064 1072 ter-

319 1102 439 1132 rarum,
453 1092 598 1125 villarum
612 1097 642 1125 et
654 1092 798 1126 locorum
814 1093 1063 1127 conviciniorum

320 1144 501 1179 huiusmodi
522 1145 633 1179 incolis
657 1151 687 1178 et
710 1145 951 1189 habitatoribus,
973 1158 1008 1180 ac
1025 1157 1063 1180 eo

320 1206 379 1240 pro
404 1201 545 1240 tempore
569 1196 801 1237 accedentibus,
815 1207 888 1229 vere
905 1198 1063 1241 poeniten-

321 1249 404 1283 tibus
421 1255 451 1283 et
467 1250 626 1291 confessis,
644 1261 680 1283 ac
701 1250 899 1283 sanctissimo
916 1251 1063 1284 Euchari-

320 1302 397 1336 stiae
410 1307 607 1337 sacramento
621 1303 756 1344 refectis,
766 1302 814 1337 ut¹
829 1314 910 1337 anno
919 1305 1063 1348 proxime

320 1355 426 1390 futuro
447 1367 587 1391 MDCXXVI
604 1368 698 1390 unam
719 1368 774 1391 seu
792 1358 899 1402 plures
916 1358 1063 1391 ecclesias

320 1419 375 1442 seu
400 1410 582 1451 eeclesiam,
608 1421 666 1454 per
691 1411 902 1444 venerabilem
933 1412 1063 1445 fratrem

320 1462 594 1507 archiepiscopum
619 1464 827 1497 Parisiensem
853 1465 1063 1508 deputandam

320 1527 374 1549 seu
399 1516 602 1560 deputandas,
622 1528 679 1561 per
698 1518 878 1561 quindecim
904 1519 970 1551 dies
991 1530 1064 1552 con-

320 1569 425 1603 tinuos
449 1571 497 1603 vel
522 1571 726 1614 interpolatos
749 1572 841 1615 (quos
866 1583 924 1615 pro
945 1572 1065 1605 dioece-

320 1623 402 1655 sanis
426 1624 628 1667 pauperibus,
653 1624 798 1665 infirmis,
819 1625 957 1665 senibus,
978 1636 1065 1669 prae—

320 1676 501 1718 gnantibus,
512 1677 696 1720 virginibus,
708 1678 818 1719 viduis,
831 1683 860 1710 et
871 1679 939 1711 aliis
952 1679 1063 1722 quovis

320 1728 381 1762 alio
398 1729 539 1772 legitimo
556 1730 780 1773 impedimento
798 1730 942 1771 detentis,
964 1742 999 1764 ac
1017 1743 1064 1765 ca-

319 1781 435 1825 pitulis,
456 1783 765 1826 congregationibus,
791 1790 853 1817 tam
873 1785 1063 1817 secularium

321 1846 414 1879 quam
439 1836 643 1879 regularium,
664 1837 891 1880 sodalitatibuS,
914 1838 1064 1871 universi-

321 1889 436 1922 tatibus
451 1916 458 1929 ,
487 1890 795 1923 confraternitatibus
819 1891 984 1924 ecclesiam
1009 1902 1063 1924 seu

322 1942 469 1975 ecclesias
502 1943 684 1976 huiusmodi
717 1944 913 1977 visitantibus
927 1971 934 1985 ,
971 1950 1062 1988 atquc

321 1995 415 2028 etiam
433 1996 472 2029 ob
492 1996 568 2029 alias
585 2007 703 2039 causaS,
725 2003 820 2041 prout
839 1998 922 2031 dicto
940 1998 1063 2031 archic-

320 2048 452 2092 piscopo
476 2049 644 2091 videbitur,
661 2050 699 2082 ad
716 2050 871 2084 minorem
896 2061 1062 2084 numerum

321 2101 453 2135 arbitrio
473 2113 530 2136 suo
548 2103 666 2144 reduci,
683 2109 713 2137 et
729 2104 803 2136 alibi
829 2104 932 2147 etiam,
952 2109 1015 2137 tam
1033 2105 1063 2137 in

321 2154 403 2188 dicta
427 2156 550 2189 civitate
567 2167 662 2200 quam
688 2157 719 2189 in
743 2157 904 2201 quibusvis
924 2158 1063 2191 eiusdem

321 2208 474 2242 dioecesis
487 2210 589 2250 terris,
599 2210 718 2252 castris,
729 2211 810 2244 villis
827 2216 857 2244 et
868 2211 956 2255 locis,
970 2222 1063 2245 unam

323 2263 370 2295 vel
386 2264 494 2306 plures
511 2264 657 2298 ecclesias
682 2265 835 2299 visitando
845 2265 865 2309 ²,
890 2272 986 2310 prout
1003 2268 1065 2300 ani-

324 2326 446 2349 marum
472 2318 563 2350 saluti
578 2319 702 2352 noverit
721 2319 880 2363 expedire,
905 2320 989 2354 dicto
1014 2331 1064 2353 ar-

323 2369 416 2404 bitrio
437 2370 581 2415 deputari
606 2383 699 2416 posse
724 2373 881 2418 volumus)
900 2374 1011 2408 devote
1035 2381 1065 2408 et

322 2429 504 2456 reverenter
523 2424 686 2467 visitando,
704 2431 734 2458 et
753 2426 796 2459 ibi
817 2427 982 2470 quinquies
999 2438 1065 2461 ora-

323 2476 440 2510 tionem
465 2476 653 2511 dominicam
681 2483 711 2514 et
730 2481 821 2513 toties
846 2481 1064 2515 salutationem

359 2557 372 2583 1
392 2556 552 2584 Particulam
565 2560 597 2585 ut
611 2566 660 2584 nos
675 2558 798 2586 addimus
810 2560 849 2592 (n.
865 2561 914 2594 T.).

357 2602 375 2628 2
391 2602 482 2629 Potius
497 2602 555 2637 lege
571 2603 746 2637 visilandas;
766 2608 888 2632 ceterum
906 2606 998 2633 confer
1014 2606 1064 2633 loc.

323 2646 416 2682 parali.
435 2655 496 2682 pag.
511 2647 563 2675 293
577 2648 614 2680 (n.
630 2648 675 2681 T-).

1096 345 1204 386 sione',
1219 357 1254 379 ac
1268 357 1325 389 pro
1340 356 1415 389 pace
1430 346 1510 378 inter
1523 345 1681 389 principes
1695 345 1835 378 christia-

1095 409 1151 430 nos
1161 399 1384 439 conservanda,
1395 404 1424 431 ct
1434 400 1599 432 haeresum
1617 399 1834 442 extirpationc,

1095 456 1282 494 sanctaeque
1317 454 1460 485 lomanac
1478 453 1633 485 Ecclesiae
1651 452 1836 485 exaltatione

1095 504 1144 546 pie
1170 505 1207 536 ad
1233 505 1329 536 Deum
1355 506 1483 547 orando,
1498 507 1672 549 plenariam
1697 505 1835 539 eiusdem

1095 556 1166 589 anni
1184 557 1311 589 iubilaei
1330 558 1470 591 omnium
1490 563 1689 601 peccatorum
1707 570 1836 592 suorum

1097 609 1322 653 indulgentium
1349 616 1379 643 ct
1403 611 1622 644 remissionem
1649 623 1838 657 consequan-

1097 668 1157 703 tur,
1182 663 1312 706 perinde
1326 674 1361 696 ac
1376 664 1399 695 si
1414 664 1498 697 dicto
1523 665 1648 697 iubilaei
1665 676 1746 699 anno
1767 677 1839 709 qua-

1098 721 1168 749 tuor
1181 716 1329 749 ecclesias
1347 717 1447 750 dictae
1465 718 1565 750 almae
1587 718 1677 751 Urbis
1693 730 1751 762 pro
1770 730 1839 753 con-

1097 770 1256 813 sequendo
1271 770 1406 803 iubilaco
1417 771 1597 805 huiusmodi
1608 772 1768 815 deputatas
1782 778 1840 805 sta-

1096 823 1171 856 tutis
1191 823 1230 856 ad
1251 823 1281 856 id
1298 824 1409 857 diebus
1428 825 1637 868 personaliter
1653 825 1839 867 visitassent,

1097 882 1126 909 et
1150 877 1210 909 alia
1234 877 1272 910 ad
1297 878 1357 911 hoc
1382 878 1532 922 requisita
1555 878 1823 923 adimplevissent;

1141 930 1156 974 §
1179 930 1208 963 3.
1234 931 1271 963 Et
1288 931 1326 963 ad
1344 931 1491 965 effectum
1508 932 1700 973 huiusmodi,
1718 933 1788 974 illis,
1806 938 1840 965 ut

1097 984 1303 1027 consessores,
1322 995 1402 1028 quos
1419 985 1501 1018 idem
1522 986 1778 1031 archiepiscopus
1798 987 1841 1020 iu-

1096 1035 1189 1069 bilaei
1213 1037 1395 1071 huiusmodi
1407 1040 1501 1071 causa
1514 1039 1545 1071 in
1561 1039 1684 1073 statutis
1699 1040 1840 1073 ecclesiis

1096 1089 1282 1123 nominatim
1306 1091 1468 1134 delegerit,
1494 1091 1553 1125 sibi
1578 1093 1696 1136 eligere
1719 1093 1841 1126 valeant

1097 1144 1300 1188 presbyteros
1318 1146 1475 1178 seculares
1496 1146 1543 1178 vel
1561 1146 1698 1179 cuiusvis
1715 1147 1840 1181 Ordinis

1097 1198 1270 1240 regulares,
1288 1198 1341 1242 qui
1363 1199 1614 1232 confessionibus
1632 1210 1742 1233 eorum
1767 1200 1838 1233 dili—

1097 1254 1207 1292 genter
1231 1250 1345 1283 auditis
1365 1261 1419 1284 eos
1444 1256 1474 1284 et
1497 1262 1609 1285 eorum
1631 1252 1804 1296 quemlibet
1823 1263 1840 1285 a

1097 1304 1261 1347 quibusvis
1276 1306 1424 1349 peccatis,
1441 1306 1639 1347 criminibus,
1662 1307 1840 1340 excessibus

1097 1362 1128 1389 et
1140 1357 1272 1399 delictis,
1284 1364 1314 1391 et
1335 1364 1627 1403 quantumcumque
1644 1360 1792 1403 gravibus
1810 1365 1840 1393 et

1098 1412 1291 1454 enormibus,
1302 1412 1395 1445 etiam
1411 1412 1481 1446 Sedi
1494 1413 1692 1457 Apostolicae
1703 1424 1842 1447 reserva-

1098 1464 1146 1506 tis,
1171 1475 1207 1498 ac
1224 1466 1344 1507 litteris,
1367 1476 1446 1509 quae
1471 1466 1502 1498 in
1520 1466 1570 1499 die
1586 1466 1706 1500 Coenae
1719 1467 1840 1500 Domini

1099 1518 1159 1559 legi
1174 1524 1415 1558 consueverunt,
1428 1519 1592 1559 contentiS,
1606 1530 1641 1552 ac
1658 1520 1799 1553 censuris
1812 1525 1841 1552 et

1098 1571 1208 1613 poenis
1225 1572 1452 1614 ecclesiasticis,
1467 1572 1506 1604 ad
1523 1572 1670 1605 effectum
1686 1573 1785 1617 ipsius
1798 1572 1841 1605 iu-

1098 1625 1191 1657 bilaei
1208 1626 1464 1668 consequendum
1482 1630 1612 1667 tantum,
1637 1626 1778 1659 iniuncta
1797 1626 1840 1659 eis

1097 1679 1289 1722 poenitentia
1313 1680 1452 1721 salutari,
1470 1679 1653 1713 absolvere²
1670 1680 1807 1724 possint;

1141 1732 1156 1775 ᾗ
1180 1731 1209 1764 4.
1236 1733 1363 1766 Necnon
1387 1738 1422 1765 ut
1446 1733 1500 1775 illi,
1518 1733 1572 1776 qui
1590 1734 1722 1766 Romam
1747 1744 1841 1766 venc-

1098 1791 1180 1827 runt,
1198 1790 1228 1820 et
1244 1786 1317 1819 alibi
1335 1786 1428 1819 etiam
1449 1787 1619 1819 iubilaeum
1638 1787 1740 1830 ipsum
1762 1798 1840 1831 quo-

1098 1838 1143 1871 vis
1168 1839 1262 1872 modo
1289 1840 1473 1883 consequuti
1499 1845 1588 1880 sunt,
1617 1840 1720 1873 denuo
1746 1840 1840 1874 etiam

1097 1891 1174 1925 illud
1190 1893 1275 1925 iuxta
1292 1898 1435 1926 tenorem
1456 1894 1670 1937 praesentium
1688 1893 1840 1938 consequi

1097 1946 1228 1988 valeant,
1246 1946 1431 1979 auctoritate
1448 1947 1630 1990 apostolica,
1655 1948 1768 1980 harum
1794 1958 1841 1980 se·

1097 1999 1152 2040 rie,
1178 1999 1381 2032 concedimus
1406 2005 1435 2032 et
1459 2000 1669 2043 indulgemus.

1141 2053 1156 2096 ξ
1181 2052 1209 2085 5.
1236 2053 1402 2086 Praeterea
1433 2053 1493 2097 ipsi
1523 2054 1783 2098 archiepiscopo,
1807 2059 1842 2088 ut

1098 2105 1235 2139 cuiusvis
1258 2106 1382 2140 Ordinis
1405 2107 1594 2140 monialibus
1617 2113 1648 2141 et
1671 2108 1839 2152 orphanis,

1097 2159 1293 2204 aliarumque
1317 2161 1487 2193 mulierum
1513 2161 1543 2193 in
1561 2162 1721 2194 communi
1738 2162 1840 2195 viven-

1098 2213 1174 2246 tium
1193 2215 1501 2257 congregationibus,
1518 2215 1556 2248 ad
1573 2215 1744 2249 iubilaeum
1758 2215 1839 2249 intra

1098 2268 1297 2308 monasteria,
1314 2267 1463 2302 domosve
1483 2279 1555 2302 suas
1580 2269 1839 2313 consequendum

1097 2320 1306 2361 conditiones,
1332 2321 1461 2354 modum
1486 2326 1515 2355 et
1539 2327 1662 2366 tempus
1685 2323 1837 2366 praescri-

1098 2373 1201 2414 here³‚
1226 2378 1257 2406 et
1284 2374 1417 2417 denique
1440 2374 1472 2407 in
1492 2375 1673 2418 praemissis
1693 2376 1840 2409 omnibus

1098 2432 1127 2459 et
1145 2426 1275 2469 singulis
1295 2427 1429 2461 arbitrio
1445 2439 1502 2461 suo
1515 2429 1629 2469 facere,
1649 2429 1796 2463 ordinare
1810 2435 1839 2463 et

1098 2481 1283 2525 providere,
1308 2492 1343 2514 ac
1368 2492 1585 2526 quaecumque
1611 2483 1669 2516 sibi
1694 2483 1759 2516 visa
1784 2495 1838 2516 re-

1138 2562 1146 2587 1
1167 2560 1265 2596 Supple
1282 2562 1441 2596 recitando,
1457 2566 1503 2588 aut
1517 2562 1605 2590 simile
1620 2564 1656 2598 (R.
1673 2564 1720 2597 Τ,).

1135 2605 1150 2631 2
1167 2605 1237 2632 Edit.
1254 2605 1335 2632 Main.
1352 2605 1415 2640 legit
1430 2607 1539 2634 absolvi
1553 2610 1592 2640 (n.
1609 2608 1657 2643 T.).

1136 2650 1150 2676 3
1167 2650 1258 2685 lnepte
1270 2649 1310 2677 ed.
1326 2649 1403 2677 Main.
1416 2650 1479 2686 legit
1492 2653 1751 2686 prae-scribendum
1765 2655 1840 2689 (nr).

1740 235 1804 268 53:33
1850 245 1899 272 An.
1920 244 1948 271 c.
1967 245 2033 272 1625

1914 944 2039 965 Huiusmodi

1855 970 1970 992 iubilaeum
2012 971 2039 991 ad

1855 1003 1891 1018 eos
1917 1000 1980 1018 auam
2004 1003 2040 1018 ex-

1855 1023 1923 1045 tendit
1939 1024 1975 1050 qui
1996 1023 2040 1045 Ro-

1855 1057 1909 1072 mam
1925 1056 1980 1071 anno
1990 1056 2039 1071 aan-

1855 1080 1889 1098 cto
1905 1079 2012 1099 venerunt.

1884 1744 1923 1764 Dat
1935 1743 2041 1764 confessa-

1857 1771 1893 1791 riis
1920 1770 2041 1791 facultatem

1857 1797 1981 1817 absolvendi
1990 1801 2041 1816 aca-

1857 1823 1914 1844 sibus
1925 1823 1976 1844 Sod1
1987 1824 2041 1848 Apo-

1857 1851 1946 1870 stulu-ae
1975 1855 2041 1870 roser-

1858 1879 1918 1898 vatis.

1877 2064 2042 2090 archiepiscopo

1855 2090 1978 2111 facultatem
2006 2091 2043 2111 dat

1856 2117 1995 2141 monialibus,
2020 2123 2042 2137 2-

1855 2144 1932 2170 nisque
1964 2149 2040 2164 consu-

1855 2171 1919 2191 leudi.
