2269 3235
103 269 151 295 An.
172 267 202 295 C.
223 266 290 295 ¹624

154 808 287 829 Prooemium

104 838 125 857 et
140 841 217 856 causac
226 835 288 855 huius

104 862 271 884 constitutionis.

918 265 1061 291 vultanus
1082 266 1136 291 Vttt
1158 267 1205 291 ΓΡ.

314 344 317 347 .
345 326 418 349 mae
445 316 557 355 Urbis,
586 327 705 350 necnon
733 315 901 351 Orationis
925 325 962 348 xi,
987 315 1041 348 lco-

342 380 477 409 rarum,
505 381 577 403 cum
607 369 893 413 imlulqentiarnm
919 368 1040 410 clarof-

345 423 441 463 tz'onc‚
460 434 520 466 pro
538 424 625 456 reclei
649 423 754 456 dictae
777 422 976 455 visitationis
992 421 1042 453 di-

343 478 493 510 rectione.

508 548 645 576 Urbanus
660 547 833 581 Episcopus,

479 605 585 626 servus
614 604 770 624 servorum
799 596 862 629 Dei,

301 647 426 676 Dilectis
446 647 518 674 filiis
542 646 685 673 universo
710 647 791 673 clero
817 647 847 672 et
870 645 981 679 populo
996 652 1042 672 ro-

337 699 437 725 mano.
459 693 589 719 salutem
604 694 635 718 et
650 691 848 725 apostolicam
863 690 1044 718 benedictio-

338 744 414 764 nem.

347 798 528 831 Militantem
553 797 737 838 Ecclesiam,
762 808 852 841 quae,
877 797 924 830 vel
950 796 1046 830 caele-

303 851 359 884 stis
382 851 449 884 eius
474 851 581 896 sponsi
614 851 833 884 commendam
865 850 1045 894 praeconio.

303 905 506 949 progreditur
529 905 618 948 quasi
641 915 756 937 aurora
780 915 986 947 consurgens,
1015 904 1044 936 111

303 958 501 1001 evangelicae
515 958 716 1002 perfectionis
732 958 781 990 via
797 958 966 990 subsistere
983 969 1045 991 non

302 1011 402 1051 decet,
417 1012 470 1045 sed
487 1012 575 1044 novis
592 1022 717 1055 semper
733 1011 853 1054 gratiae
870 1011 1046 1054 fulgoribus

304 1065 489 1109 illustratam
514 1065 552 1097 ad
575 1065 756 1098 uberiorem
777 1065 870 1097 veluti
896 1065 1044 1097 virtutum

305 1119 409 1151 lucem
428 1129 465 1152 ac
485 1119 657 1151 sanctitatis
673 1118 820 1152 decorem
845 1129 981 1162 acquum
1001 1122 1047 1152 cst

306 1182 489 1216 properare.
516 1173 580 1205 Hac
604 1172 635 1204 in
659 1183 693 1204 re
710 1172 803 1204 uobis
823 1172 1044 1214 cogitationem

305 1226 531 1268 defigentibus,
555 1226 805 1269 anticipaverunt
825 1225 947 1268 vigilias
964 1226 1045 1258 oculi

306 1279 420 1319 nostri,
445 1290 480 1312 ac
504 1285 537 1311 ut
561 1279 772 1312 ecclesiastica
796 1289 846 1311 res
871 1279 992 1311 maiora
1018 1279 1046 1311 in

306 1332 372 1364 dics
396 1332 511 1375 ubique
541 1332 691 1375 suscipiat
723 1332 937 1372 incrementa,
964 1337 1047 1366 tanto

308 1385 408 1427 magis
417 1385 455 1416 ad
468 1395 526 1417 nos
535 1385 693 1428 pertinere
706 1385 921 1427 intelligimus,
931 1391 1048 1428 quanto

308 1438 339 1470 in
364 1439 424 1471 hoc
447 1449 556 1471 rerum
582 1439 697 1472 vertice
721 1439 892 1479 constituti,
910 1440 1049 1482 apertius

308 1493 520 1534 agnoscimus,
546 1493 809 1535 imperscrutabili
826 1493 1051 1536 omnipotentis

308 1545 362 1577 Dei
387 1545 584 1589 providentia
617 1556 675 1578 1105
704 1545 799 1578 fuisse
829 1551 973 1588 acceptos
998 1557 1051 1589 pa-

309 1609 397 1631 scere
422 1598 514 1631 Iacob
539 1609 664 1631 servum
690 1610 780 1631 suum
805 1604 834 1630 et
852 1598 946 1630 lsrael
972 1599 1052 1630 hac-

310 1652 475 1686 reditatem
501 1663 599 1685 suam.
625 1653 778 1692 Quoniam
804 1664 879 1685 vero
904 1653 989 1686 nulla
1006 1663 1053 1685 ra—

310 1706 395 1739 tione
419 1707 489 1739 fieri
507 1712 620 1750 potest,
639 1713 670 1739 ut
688 1708 718 1739 in
736 1718 813 1749 agro
831 1708 953 1740 Domini
972 1708 1054 1740 chri-

311 1760 427 1793 suanae
461 1761 592 1793 virtutes
626 1761 758 1793 feliciter
799 1762 960 1800 ferantur,
993 1761 1051 1793 nisi

311 1813 429 1857 spinae,
454 1824 535 1857 quae
559 1814 712 1846 suffocant
744 1819 915 1847 sementem
941 1815 1054 1857 patris-

312 1867 455 1908 familias,
478 1867 548 1900 inde
572 1868 660 1911 prius
677 1868 870 1907 evellantur,
888 1878 955 1907 nos,
974 1873 1006 1899 ut
1024 1868 1054 1900 id

313 1919 433 1952 facilius
466 1931 687 1964 assequamur,
713 1920 859 1953 eumdem
888 1931 1001 1963 agrum
1026 1926 1052 1953 et

313 1973 446 2013 vineam,
471 1984 564 2016 quam
590 1974 740 2017 plantavit
763 1974 891 2007 dextera
916 1974 992 2014 eius,
1010 1974 1056 2005 111-

313 2026 447 2069 ligcnter
466 2038 652 2070 repurgare,
676 2028 818 2071 nihilque
839 2038 948 2060 eorum
970 2038 1057 2071 prae-

313 2080 474 2114 termitere
498 2080 705 2121 decrevimus,
722 2092 801 2124 quae
819 2081 978 2125 corruptis
994 2092 1057 2114 mo-

314 2133 401 2167 ribus
430 2134 644 2177 corrigendis,
676 2135 854 2178 sanctisque
889 2135 1056 2178 operibus,

314 2198 394 2231 quae
418 2188 466 2220 vel
491 2188 642 2231 temporis
667 2188 798 2229 iniuria,
824 2188 870 2220 vcl
902 2188 1057 2220 humanae

315 2247 444 2274 naturae
464 2241 678 2275 imbecillitate
703 2242 734 2274 in
759 2242 998 2274 desuetudinem
1018 2252 1053 2274 am

315 2295 450 2336 bierunt,
475 2296 676 2329 restituendis
700 2301 879 2339 opportuna
896 2306 962 2328 esse
979 2295 1060 2327 arbi-

316 2354 445 2381 tramur.
463 2349 547 2382 Licet
563 2354 666 2382 autem
690 2349 861 2385 christiana
881 2349 1058 2392 respublica

317 2400 482 2443 multiplici
499 2401 654 2434 malorum
678 2412 794 2444 genere
820 2406 960 2438 vexetur,
985 2410 1055 2432 om-

317 2453 473 2496 nibusque
495 2454 561 2487 cius
585 2455 737 2498 partibus,
756 2454 840 2497 quod
857 2453 991 2486 maxime
1005 2453 1058 2485 de-

317 2507 505 2550 plorandum
522 2512 577 2548 est,
596 2508 749 2540 medicina
767 2520 846 2551 opus
864 2519 933 2541 esse
950 2507 1061 2540 intelli-

318 2571 446 2603 gamus,
468 2571 537 2593 cam
562 2566 667 2593 tainen
691 2562 792 2594 almae
818 2562 910 2595 Urbis
934 2566 1060 2594 nostrae

318 2625 380 2647 non
405 2625 468 2648 uno
485 2615 610 2647 nominc
628 2616 797 2658 praecipue
814 2616 959 2647 duximus
976 2614 1062 2646 adhi-

318 2668 470 2701 bendam:
496 2668 749 2712 quandoquidem
782 2669 859 2701 haee
884 2673 930 2701 est
954 2668 1061 2701 civitas

1077 326 1171 359 supra
1197 318 1335 348 montem
1361 313 1476 358 posita,
1506 322 1586 357 quae
1611 312 1706 345 totins
1729 313 1816 345 orbis

1076 374 1162 411 patet
1186 369 1323 401 obtutui:
1349 368 1425 400 haec
1450 367 1557 400 cadem
1576 366 1699 410 pictatis
1716 376 1818 398 exem-

1077 422 1161 464 plum
1188 422 1308 453 eunctis
1332 422 1369 453 ad
1396 421 1581 454 imitandum
1607 419 1816 463 propositum,

1078 475 1239 518 primaque
1254 475 1424 507 catholicae
1442 473 1604 515 roligionis
1617 474 1712 506 Sedes
1726 473 1819 505 tantis

1077 528 1180 560 divina
1194 528 1407 560 munificentia
1422 528 1577 560 honorum
1592 527 1819 571 praerogativis

1078 582 1235 621 docmata,
1262 586 1295 614 ut
1324 592 1396 613 vere
1417 581 1454 612 111·
1483 584 1518 613 ea
1543 582 1674 614 dicatur:
1701 581 1819 624 Diliqic

1079 635 1239 668 Doim'uus
1257 639 1368 678 portas
1383 635 1462 667 Si‘on
1482 645 1579 677 ‚snper
1595 636 1707 668 omnia
1721 635 1821 667 {aher-

1079 688 1201 720 nacnla
1225 688 1330 721 Jacob.

1124 745 1139 785 ξς
1162 742 1191 774 ’1.
1217 743 1292 775 Cum
1319 741 1416 784 igitur
1440 741 1519 774 haec
1543 740 1585 773 ita
1614 751 1646 774 sc
1670 741 1819 783 habeant,

1081 807 1138 839 pro
1164 801 1272 829 nostro
1297 795 1446 839 pastorali
1471 805 1602 827 munere
1628 795 1820 837 peculiarem

1081 850 1164 882 hunc
1181 860 1293 892 agrum
1312 854 1341 881 et
1359 859 1488 891 gregem
1510 854 1653 881 nostrum
1671 858 1823 890 recogno—

1081 914 1178 949 scere,
1196 908 1226 935 et
1251 904 1409 936 Romanae
1431 902 1522 935 Urbis
1546 912 1656 935 omnes
1681 907 1743 934 tam
1768 912 1822 944 pa-

1081 957 1281 997 triarchales,
1306 967 1401 1000 quam
1425 955 1626 998 colleg-inias,
1651 965 1823 998 earumque

1081 1011 1230 1054 capitula,
1255 1021 1376 1043 necnon
1401 1010 1616 1053 parochiales,
1641 1013 1824 1051 ceterasque

1081 1064 1156 1096 alias
1181 1064 1338 1105 ccclesias,
1364 1068 1395 1096 et
1419 1074 1587 1107 personas,
1614 1063 1687 1095 item
1713 1072 1823 1095 mona-

1082 1118 1187 1158 steria,
1212 1122 1395 1156 conventus,
1419 1123 1449 1149 et.
1465 1116 1615 1149 ecclesias
1639 1116 1825 1160 quorumvis

1080 1170 1231 1204 Ordinum
1258 1171 1439 1213 regulares,
1470 1176 1531 1203 tam
1565 1170 1705 1202 virorum
1731 1179 1824 1212 quam

1083 1224 1264 1262 nuilierum,
1289 1224 1464 1266 hospitalia,
1486 1223 1629 1265 collegia,
1654 1223 1826 1255 confrater-

1084 1278 1195 1309 nitates
1219 1277 1382 1317 laicorum,
1403 1277 1536 1310 Mentem
1562 1276 1697 1320 pietatis,
1717 1280 1826 1308 010111-

1085 1331 1145 1370 nia,
1170 1341 1371 1374 quocumque
1396 1330 1523 1362 nomine
1548 1334 1733 1367 censentur,
1758 1329 1826 1361 loca

1085 1384 1150 1427 pia,
1176 1395 1233 1427 per
1257 1384 1473 1427 infrascriptos
1496 1382 1771 1426 archiepiscopum
1797 1387 1827 1413 et

1085 1437 1252 1480 episcopos
1265 1437 1390 1470 visitare
1404 1437 1579 1469 statuimus.
1593 1435 1680 1474 Quod
1698 1434 1826 1478 quidem

1085 1491 1330 1523 saluberrimum
1355 1501 1451 1533 opus,
1476 1490 1532 1522 etsi
1565 1500 1622 1532 per
1654 1499 1710 1521 uos
1742 1488 1828 1531 ipsos

1086 1545 1245 1583 inchoare,
1263 1544 1411 1587 prosequi
1437 1549 1467 1575 ct
1492 1543 1645 1586 perficere
1663 1542 1829 1575 vehemen-

1086 1604 1133 1631 ter
1162 1604 1325 1642 optamus,
1351 1597 1574 1637 nihilominus,
1599 1597 1675 1629 dum
1707 1596 1746 1628 ad
1770 1596 1829 1628 alia

1087 1652 1333 1695 quamplurima,
1359 1662 1457 1694 eaque
1483 1650 1669 1693 gravissima
1693 1649 1829 1691 negotia,

1087 1715 1223 1747 quorum
1249 1705 1331 1736 mole
1356 1703 1479 1736 assidue
1504 1703 1691 1746 premimur,
1716 1702 1832 1744 cogita-

1089 1760 1204 1791 tionem
1230 1757 1454 1797 convertimus,
1469 1756 1537 1789 aliis
1551 1767 1619 1788 eam
1635 1754 1829 1799 provinciam

1088 1812 1233 1854 cogimur
1257 1811 1456 1843 demandare.
1482 1810 1678 1853 Quapropter
1702 1819 1832 1841 venera-

1087 1866 1203 1898 bilibus
1239 1865 1389 1898 sratribus
1426 1864 1560 1908 Ulpiano
1592 1863 1831 1907 archiepiscopo

1088 1919 1250 1957 Theatin0‚
1275 1929 1398 1951 necnon
1422 1917 1574 1961 Raptiaeti
1607 1915 1832 1960 Zaevntliiensi,

1089 1969 1216 2002 Octavio
1244 1968 1470 2009 Caballicensi,
1496 1968 1654 2001 Ludovico
1686 1967 1761 2000 olim
1794 1968 1834 1999 Λ-

1089 2023 1221 2063 driensi,
1245 2023 1380 2056 Antonio
1404 2023 1582 2063 Caseitano,
1603 2032 1638 2054 ae
1657 2020 1833 2054 Alexandro

1090 2087 1191 2120 nuper
1221 2077 1401 2109 llieraeensi
1431 2076 1603 2119 episcopis,
1628 2074 1666 2107 de
1697 2084 1833 2117 quorum

1091 2131 1204 2174 pietate
1230 2136 1260 2163 ct
1284 2130 1567 2163 ecclesiasticarum
1592 2139 1699 2161 rerum
1721 2127 1834 2172 peritia

1091 2196 1108 2217 a
1125 2185 1216 2218 nobis
1234 2184 1293 2228 ipsi
1312 2184 1410 2216 multa
1427 2194 1594 2227 possumus
1611 2181 1781 2226 polliceri¹‚
1796 2181 1834 2213 ad

1092 2238 1152 2270 hoc
1184 2248 1298 2269 munus
1332 2237 1512 2269 obeundum
1545 2241 1670 2268 maturo
1703 2235 1833 2267 consilio

1092 2292 1233 2331 delectis,
1258 2291 1296 2323 ad
1321 2291 1444 2323 laudem
1471 2296 1501 2323 et
1530 2290 1663 2333 gloriam
1689 2289 1834 2332 omnipo-

1093 2346 1185 2378 tentis
1198 2345 1261 2385 Dei,
1276 2350 1399 2377 sanctae
1413 2346 1571 2377 Romanae
1582 2343 1739 2376 Ecclesiae
1756 2342 1836 2375 exal-

1092 2399 1252 2439 tationem,
1268 2398 1478 2431 visitationem
1493 2396 1674 2430 huiusmodi
1689 2395 1834 2429 commit-

1094 2452 1198 2491 timus,
1213 2452 1360 2494 illamque
1378 2451 1466 2483 vobis
1486 2450 1632 2483 omnibus
1657 2449 1834 2489 indicimus,

1093 2517 1186 2549 quam
1202 2506 1231 2538 in
1245 2505 1389 2549 proxima
1408 2505 1511 2537 futura
1530 2502 1688 2536 dominica
1702 2503 1731 2535 in
1750 2503 1835 2535 Albis

1095 2560 1124 2592 in
1151 2560 1348 2592 sacrosancta
1375 2558 1527 2601 primaria
1557 2556 1759 2589 Lateranensi
1783 2567 1835 2589 ee-

1095 2615 1189 2647 clesia
1218 2613 1312 2645 iidem
1346 2612 1604 2655 archiepiscopus
1637 2616 1667 2643 et
1698 2609 1835 2654 episcopi

1130 2677 1141 2702 1
1158 2677 1193 2702 Au
1208 2675 1285 2702 lectio
1297 2674 1435 2705 mendosa,
1448 2674 1547 2701 iudicet
1563 2674 1646 2701 lector
1657 2673 1727 2701 scius
1740 2674 1775 2707 (n.
1787 2673 1834 2707 r).

1715 250 1782 287 195
1826 264 1874 291 An.
1895 264 1923 291 e.
1947 262 2014 291 1024

1862 749 1938 770 Indicit
1950 749 2020 770 Ponti-

1837 777 1867 796 fex
1879 779 2020 796 visitationem

1837 804 1974 823 ecclesiarum
2000 806 2021 822 et

1837 831 1919 854 piorum
1929 831 2020 849 locorum

1839 855 1915 879 urim,
1931 862 2021 881 eamque

1838 889 1872 902 sex
1915 888 2021 908 Ptht'ssplS

1837 911 1957 929 comminui.
