2269 3235
97 232 149 261 Αιι.
169 230 198 260 G.
214 230 281 259 1627

111 453 224 476 Audientes
233 457 283 472 con-

99 481 202 504 fessiones
244 479 283 499 ha·

99 509 164 530 beant
185 505 242 532 apud
260 511 282 526 se

99 537 137 558 has
151 535 240 557 litteras.

134 986 282 1012 Transumpto·

99 1018 145 1034 rum
161 1012 220 1033 tides.

174 1519 285 1540 Decretum

101 1546 200 1573 poenale.

913 224 1054 250 unnANUS
1078 225 1136 250 vm
1160 225 1207 248 PP-

298 274 402 310 divina
419 274 610 315 convenerit,
623 273 804 308 solemniter
819 273 987 318 publicent,
1005 278 1035 307 et

299 329 337 363 ad
362 328 613 363 christifidelium
638 333 757 361 mentes
781 326 941 367 reducant,
960 337 1035 359 nun-

299 383 378 417 tient
402 387 431 415 et
456 382 623 416 declarent.

343 437 358 480 ᾖ
383 435 435 469 028.
460 436 604 470 Ceterum
633 433 847 478 patriarchae,
871 432 1033 476 archiepi-

298 490 394 534 scopi,
412 489 563 533 episcopi,
578 487 692 531 aliique
708 487 850 519 locorum
868 485 1034 527 Ordinarii,

298 549 329 577 et
353 543 559 576 ecclesiarum
582 540 723 585 praelati,
739 549 861 572 necnon
886 544 1035 577 rectores,

298 597 456 640 ceterique
473 605 580 629 curam
599 593 774 626 animarum
793 597 983 633 exercentes,
1001 603 1035 625 ae

298 650 474 695 presbyteri
499 648 655 681 seculares
682 651 713 678 et
746 646 930 689 quorumvis
954 646 1036 678 ordi-

298 714 373 737 num
398 703 568 746 regulares,
586 700 625 733 ad
645 700 814 732 audiendas
836 703 1035 743 peecatorum

299 756 508 791 consessiones
537 753 646 797 quavis
669 753 855 786 auctoritate
880 752 1035 796 deputati⁷

299 813 530 851 transumptum
554 807 766 851 praesentium
792 807 968 839 litterarum
987 818 1037 850 pe-

297 873 352 895 nes
375 871 408 894 se
432 860 576 901 habeant,
602 870 716 903 easque
741 860 908 902 diligenter
931 860 1037 903 legere

299 921 328 949 et
352 916 516 960 percipere
541 915 693 948 studeant.

342 970 357 1013 g
379 968 430 1002 029.
449 969 603 1009 Volentes,
621 968 803 1001 earumdem
825 969 1037 1013 praesentium

299 1023 515 1066 transumptis,
537 1023 630 1056 etiam
655 1022 827 1066 impressis,
851 1023 965 1055 notarii
987 1035 1039 1066 pu-

298 1077 373 1110 blici
398 1087 509 1118 manu,
534 1077 722 1121 subscriptis
747 1082 777 1109 et
801 1077 904 1119 sigillo
928 1077 1038 1110 iudicis

300 1130 452 1164 ordinarii
470 1131 608 1163 Romane
625 1130 735 1163 Curiae
757 1131 803 1163 vel
825 1130 954 1163 alterius
971 1141 1039 1174 per-

299 1194 392 1217 sonae
418 1184 449 1216 in
473 1184 624 1227 dignitate
655 1183 865 1216 ecclesiastiea
890 1184 1038 1217 constitu-

300 1241 347 1270 tae
372 1237 502 1270 munitis
518 1265 525 1279 ,
552 1237 693 1270 eamdem
725 1248 856 1281 prorsus
888 1238 983 1270 tidem
1007 1238 1038 1270 in

299 1291 415 1324 iudicio
446 1294 476 1325 et
514 1296 601 1323 extra
636 1291 712 1324 illud
744 1291 860 1335 ubique
895 1292 1039 1324 locorum

299 1344 509 1378 adhibendam
539 1345 621 1385 sore,
653 1355 732 1389 quae
763 1345 839 1389 ipsis
871 1345 1040 1389 praesenti-

299 1399 358 1431 bus
382 1398 595 1439 adhiberetur,
625 1399 651 1431 si
678 1404 782 1432 essent
806 1399 963 1432 exhibitae
992 1400 1039 1431 vel

301 1457 453 1485 ostensae.

344 1506 358 1549 g
382 1505 434 1538 30.
459 1505 542 1539 Nulli
566 1516 643 1548 ergo
667 1506 795 1539 omnino
815 1506 980 1539 hominum
996 1507 1037 1540 li-

300 1565 368 1593 ceat
395 1560 475 1592 hanc
498 1560 646 1603 paginam
671 1565 795 1593 nostrae
827 1561 1040 1593 excommuni-

300 1613 439 1655 cationis,
457 1614 792 1654 anathematizationis,
813 1613 980 1654 interdicti,
999 1614 1041 1647 in-

299 1666 494 1709 novationis,
528 1666 760 1709 innodationis,
798 1667 1039 1709 declarationis,

299 1719 534 1764 protestationis
548 1748 555 1762 ,
582 1720 765 1753 sublationis
777 1747 784 1761 ,
809 1721 1019 1754 revocationis
1033 1749 1040 1763 ,

301 1773 547 1816 commissionis,
580 1773 718 1806 mandati
743 1778 772 1808 et
796 1774 963 1807 voluntatis
988 1774 1037 1807 in-

302 1827 440 1870 fringere
463 1827 512 1860 vel
536 1827 565 1860 ei
588 1838 667 1860 ausu
684 1828 852 1862 temerario
872 1828 1039 1862 contraire.

303 1881 334 1915 Si
358 1881 428 1925 quis
453 1886 558 1914 autem
574 1881 634 1914 hoc
652 1887 805 1915 attentare
823 1894 1042 1927 praesumpse-

303 1934 360 1975 rit,
385 1934 632 1977 indignationem
658 1936 881 1980 omnipotentis
906 1937 982 1977 Dei,
1006 1948 1042 1970 ac

302 1988 467 2022 beatorum
481 1989 566 2022 Petri
582 1994 612 2022 et
627 1989 714 2022 Pauli
731 1991 947 2035 apostolorum
965 1991 1042 2033 eius,

303 2051 335 2075 se
358 2041 482 2075 noverit
505 2041 718 2077 incursurum.

346 2095 457 2128 Datum
478 2097 605 2139 Romae,
632 2097 716 2141 apud
739 2097 768 2131 S.
798 2097 935 2141 Petrum,
960 2108 1042 2132 anno

304 2149 530 2183 Incarnationis
567 2150 749 2184 Dominicae
779 2161 954 2194 MDcxxvll,
988 2153 1042 2185 ka-

305 2203 405 2237 lendis
422 2203 538 2248 aprilis,
560 2204 760 2248 pontificatus
780 2206 881 2239 nostri
901 2216 982 2240 anno
999 2217 1041 2241 1v.

340 2264 399 2292 Dat.
419 2265 462 2293 die
479 2267 490 2294 1
508 2266 599 2303 aprilis
619 2266 697 2301 1627,
717 2267 815 2303 pontif.
834 2276 904 2296 anno
920 2276 956 2297 IV.

614 2395 732 2445 ccxci.

307 2470 517 2514 Confirmatio
541 2471 658 2506 decreti
683 2473 949 2517 Conyregyatiom's
968 2473 1044 2508 Con-

349 2525 437 2565 cilii,
464 2535 527 2569 quo
552 2525 738 2559 declaratur
766 2527 932 2570 reyulares
957 2538 1044 2560 excr-

349 2583 452 2613 centes
484 2589 597 2611 cztram
628 2580 819 2613 animarum
850 2580 887 2613 in
910 2581 1045 2614 dioecesi

1109 273 1235 317 piscopi
1259 272 1296 305 in
1321 272 1372 306 his
1389 281 1471 316 quae
1491 269 1534 304 ad
1559 269 1677 303 dictam
1696 279 1808 302 curam

1110 325 1298 370 pertinenffl.

1262 390 1399 416 Urbanus
1429 389 1508 422 Papa
1527 388 1611 421 VIII,

1193 435 1227 460 ad
1243 437 1419 467 perpetuam
1439 433 1483 459 rei
1504 432 1686 459 memoriam.

1113 486 1127 528 ξ
1152 486 1180 518 ’1.
1205 485 1325 528 Exponi
1351 485 1440 517 nobis
1466 496 1566 528 nuper
1583 485 1655 517 sec-it
1680 495 1808 517 venera-

1069 539 1140 571 bilis
1165 539 1261 570 frater
1283 538 1452 570 modernus
1472 538 1728 581 archiepiscopus
1752 538 1810 570 Ma-

1069 591 1198 625 nilensis
1217 591 1246 623 in
1261 591 1356 623 lndiis
1381 591 1577 634 Pliilippiuis,
1599 591 1682 634 quod
1700 591 1775 623 alias
1793 602 1809 623 a

1071 644 1302 678 venerabilibus
1328 643 1477 675 fratribus
1495 645 1523 676 S.
1543 644 1575 676 l't.
1595 644 1627 676 E,
1649 644 1811 676 cardinali-

1069 700 1128 732 bus
1153 699 1232 731 sacri
1250 697 1377 731 Concilii
1394 697 1566 730 Tridentini
1589 697 1811 740 interpretibus

1070 751 1412 789 emanavitdeeretum
1440 751 1556 783 tenoris
1581 751 1811 793 subsequentis,

1071 805 1229 838 videlicet:

1115 859 1220 892 Posito
1245 863 1334 892 motu
1354 857 1485 901 proprio
1502 856 1546 889 Pii
1564 857 1588 889 V
1608 866 1756 889 concesso
1775 857 1813 889 ad

1072 913 1211 946 savorem
1232 911 1426 955 regularium
1446 911 1475 943 in
1494 910 1636 954 partibus
1654 910 1813 943 indiarum

1072 966 1290 1007 existentium,
1323 965 1406 1008 quod
1434 964 1555 1008 incipit:
1591 964 1721 1007 Expone?
1752 975 1811 996 uo-

1073 1021 1131 1060 bis,
1159 1023 1233 1060 ete,
1259 1019 1316 1052 sub
1341 1019 1447 1051 datum
1473 1019 1589 1051 Romae
1614 1028 1688 1050 xxiv
1710 1018 1814 1052 martii

1073 1075 1252 1115 iianx'11¹,
1286 1073 1543 1117 archielssiiscopus
1576 1072 1752 1105 Manilensis
1784 1072 1815 1105 in

1075 1128 1167 1160 indiis
1192 1127 1379 1171 Philippiuis
1412 1126 1567 1170 supplicat
1598 1137 1703 1159 sacrae
1729 1126 1812 1159 Con-

1073 1181 1265 1224 gregationi,
1291 1181 1374 1224 quod
1399 1181 1546 1223 dignetur
1571 1180 1750 1213 declarare:
1777 1191 1816 1213 an

1073 1235 1156 1267 illius
1175 1235 1281 1278 rigore
1299 1234 1462 1276 regulares
1486 1234 1665 1266 huiusmodi
1687 1234 1747 1266 sint
1768 1246 1817 1267 ex-

1073 1288 1168 1331 empti
1193 1299 1210 1320 a
1235 1287 1468 1327 iurisdictione,
1497 1287 1672 1319 visitatione
1693 1292 1723 1321 et
1749 1299 1816 1321 cor-

1073 1342 1212 1374 rectione
1237 1340 1403 1382 Ordinarii,
1424 1340 1455 1372 in
1476 1340 1564 1373 euius
1582 1340 1717 1374 dioecesi
1735 1347 1815 1383 sunt,

1074 1396 1105 1428 in
1130 1396 1188 1436 iis,
1214 1406 1293 1439 quae
1317 1395 1354 1427 ad
1379 1405 1488 1427 curam
1513 1395 1688 1427 animarum
1715 1401 1742 1427 et
1769 1406 1816 1428 sa-

1075 1454 1309 1482 cramentorum
1326 1448 1629 1481 administrationem
1648 1448 1814 1492 pertinent,

1074 1513 1131 1535 nec
1155 1502 1217 1535 ne‘?

1118 1556 1173 1589 Die
1192 1566 1223 1589 vi
1243 1554 1394 1588 februarii
1412 1565 1563 1588 Mncxxvn
1580 1565 1669 1588 sacra
1686 1556 1818 1599 Congre-

1075 1610 1158 1652 gatio
1173 1609 1460 1642 illustrissimorum
1474 1609 1679 1642 cardinalium
1689 1610 1817 1643 Concilii

1074 1663 1246 1695 Tridentini
1263 1662 1480 1705 interpretum,
1495 1662 1596 1695 citatis
1610 1663 1818 1705 regularibus,

1075 1717 1196 1749 censuit
1226 1717 1389 1759 regulares
1414 1722 1593 1749 exercentes
1619 1728 1726 1750 curam
1753 1718 1818 1750 ani-

1075 1781 1199 1804 marum
1217 1771 1346 1803 subesse
1365 1770 1584 1809 iurisdictioni‚
1605 1771 1772 1805 visitationi
1790 1778 1820 1805 et

1076 1825 1264 1859 correctioni
1297 1825 1542 1869 archiepiscopi,
1576 1825 1608 1858 in
1639 1826 1687 1859 liis
1714 1832 1819 1859 [alneu

1076 1891 1155 1924 quae
1187 1880 1226 1912 ad
1258 1879 1374 1913 dietam
1407 1890 1516 1912 curam
1544 1880 1722 1923 pertinent,
1757 1891 1819 1914 non

1076 1935 1219 1968 obstante
1243 1934 1341 1967 Breve
1365 1944 1472 1966 sacrae
1497 1934 1671 1967 memoriae
1696 1934 1740 1966 Pii
1767 1935 1799 1967 V.

1328 1996 1453 2030 Cosmus
1471 1996 1555 2029 card.
1576 1996 1619 2029 DE
1637 1997 1772 2030 Tonnus.

1197 2049 1393 2084 Frumscus
1414 2050 1602 2091 PAL'Lu‘rius,
1619 2049 1817 2082 secretarius,

1143 2122 1241 2165 (Loco
1257 2124 1280 2163 †
1298 2121 1418 2164 sigilli).

1122 2202 1178 2247 §2
1199 2202 1276 2236 Cum
1301 2207 1416 2242 autem,
1434 2201 1514 2234 sicut
1533 2199 1640 2234 eadem
1667 2201 1819 2245 expositio

1077 2257 1296 2300 subiungebat,
1321 2256 1423 2289 dictus
1447 2255 1703 2299 archiepiscopus
1723 2255 1820 2299 pluri-

1078 2322 1165 2344 mum
1190 2311 1311 2355 cupiat,
1336 2310 1499 2342 decretum
1530 2309 1727 2351 huiusmodi,
1760 2320 1819 2352 pro

1077 2364 1212 2398 firmiori
1237 2364 1320 2397 illius
1345 2362 1545 2396 subsistentia
1576 2373 1612 2396 ac
1647 2362 1819 2396 inviolabili

1078 2418 1312 2460 observatione,
1334 2417 1525 2462 apostolieae
1553 2421 1679 2451 nostrae
1703 2417 1819 2451 confir-

1078 2472 1225 2506 mationis
1248 2472 1365 2506 robore
1389 2471 1596 2505 communiri:

1114 2555 1123 2581 1
1148 2553 1186 2580 Ex
1206 2553 1313 2588 Regest.
1334 2552 1361 2579 in
1382 2552 1487 2579 Secret.
1509 2552 1587 2579 Brev.

1112 2598 1128 2625 2
1148 2597 1201 2624 Sub
1217 2598 1267 2624 hoc
1283 2598 1376 2624 datum
1396 2597 1460 2623 nihil
1477 2600 1519 2623 est
1537 2596 1564 2623 in
1584 2596 1736 2631 Bullario;
1758 2596 1818 2624 vide

348 2632 527 2666 Manilenst'
542 2632 666 2665 subesse
680 2633 903 2667 iurisdictioni
922 2635 1044 2668 archie-
1077 2646 1168 2670 tamen
1187 2646 1251 2670 tom.
1272 2648 1319 2677 vu,
1340 2649 1402 2677 pag.
1422 2641 1474 2668 573
1490 2642 1528 2676 (a.
1545 2641 1595 2676 τ.).

388 2695 467 2723 Bull.
486 2696 563 2725 Rom.
584 2710 618 2714 —
641 2695 701 2724 Vol.
716 2695 796 2724 ΧΙΙΙ.
923 2696 958 2724 68

1709 210 1772 245 537
1820 220 1871 247 An.
1890 219 1919 247 c.
1938 219 2004 246 1627

1912 495 2009 515 ltu—sertui·

1829 522 2002 545 Corinnam-tuitus

1825 550 1914 569 (ὶιιιιι-ιΙιι
1935 548 2008 568 ‹lecre-

1826 580 1830 595 t
1835 583 1874 596 tttttt

1869 2205 2019 2231 Arvhiepisco-

1834 2240 1872 2258 pu<
1888 2233 1979 2253 Maniliae
1997 2232 2019 2252 il-

1836 2261 1869 2280 tud
1881 2262 1932 2285 petit
1943 2259 2018 2280 coufir-

1835 2293 1895 2308 inari.
