2269 3235
79 273 129 302 An.
143 273 172 301 C.
194 272 262 301 1625

100 1448 220 1470 Mandatum
232 1448 258 1470 de

74 1475 169 1503 parendo
177 1491 182 1497 .

148 2193 261 2222 Deruentio

80 2221 239 2241 contrariorum.

886 274 1028 299 unnnnus

275 321 380 354 niente
410 320 473 353 sive
499 321 705 363 succedente,
731 327 782 363 tu,
806 331 864 366 per
896 328 945 362 te,
970 322 1018 354 vel

276 373 388 415 alium,
415 383 469 406 seu
492 374 581 415 alis'JS,
606 374 777 408 secundum
803 374 849 408 rei
874 378 904 407 et
928 384 1017 407 casus

275 425 474 469 exigentiam,
493 428 702 472 corporalem,
720 428 836 460 realem
863 431 893 459 et
917 431 1018 460 actua-

275 480 336 512 lem
345 480 576 524 possessionem
589 480 730 521 ducatus,
740 480 909 522 civitatum,
920 480 1018 513 domi-

274 532 411 574 niorum,
429 533 630 577 oppidorum,
654 538 810 565 terrarum
828 537 858 566 et
873 533 1016 566 locorum

274 586 528 630 praedictorum,
554 595 727 629 eorumque
758 585 1015 629 territoriorum,

274 638 485 680 districtuum,
503 638 766 680 iurisdietionum,
783 638 1015 679 fortalitiorum,

275 692 339 726 sive
352 692 676 736 propugnaculorum,
693 692 921 733 membrorum,
939 691 1014 725 etc.¹

273 746 467 789 plenitudine
489 745 629 789 paribus,
654 750 684 779 te
709 745 742 778 in
765 750 895 779 eventus
912 746 944 779 in
961 746 1017 780 eis-

274 799 346 832 dem
369 798 481 832 litteris
505 808 671 843 expressos
695 799 871 841 dumtaxat,
899 804 930 832 et
952 809 1016 833 non

273 852 357 894 alias,
375 851 407 885 in
427 856 457 885 et
481 862 577 896 super
600 852 706 886 affictu
722 852 834 886 Montis
857 852 1014 895 Marciani,

273 905 377 949 quoad
393 915 560 946 annonam,
576 915 611 939 ac
628 905 832 940 bannitorum
850 906 1017 940 absolutio-

272 968 356 999 nem,
365 958 584 993 liberationem
595 963 625 992 et
635 959 865 1001 remissionem,
875 960 1016 1004 superin-

274 1012 453 1045 tendentem
471 1023 543 1046 cum
560 1012 707 1046 omnibus
724 1018 755 1046 et
771 1013 901 1056 singulis
921 1013 1016 1047 facul-

273 1065 410 1106 tatibus,
435 1066 544 1109 gratiis
569 1071 599 1099 et
622 1066 753 1100 indultis
778 1067 833 1100 tibi
859 1078 916 1112 per
940 1067 1015 1100 alias

272 1124 397 1153 nostras
421 1119 453 1152 in
477 1119 571 1152 simili
591 1120 693 1154 forma
717 1120 824 1154 Brevis
848 1130 942 1165 super
965 1131 1016 1153 an-

273 1174 356 1206 nona
376 1178 406 1206 et
428 1173 631 1206 bannitorum
655 1174 891 1218 praedictorum
915 1175 1011 1208 abso-

274 1226 413 1269 lutione,
438 1226 622 1259 liberatione
654 1230 683 1260 et
710 1227 896 1261 remissione
919 1228 1014 1262 hodie

274 1279 433 1322 expeditas
456 1278 576 1312 litteras
600 1279 768 1320 concessis,
792 1284 902 1314 tenore
927 1292 1014 1325 prae-

274 1331 417 1375 sentium,
435 1332 576 1373 facimus,
597 1333 816 1366 constituimus
833 1339 863 1367 et
883 1333 1013 1379 deputa-

273 1396 352 1418 mus.

317 1439 332 1482 g
355 1438 385 1471 2.
407 1439 585 1472 Mandantes
605 1445 782 1483 propterea,
799 1440 857 1473 sub
874 1441 1014 1484 indigna-

272 1491 367 1525 tionis
391 1496 421 1525 et
445 1491 514 1524 aliis
538 1492 660 1525 arbitrii
678 1493 777 1526 nostri
796 1494 917 1537 poenis,
938 1494 1012 1527 dieti

272 1545 334 1579 loci
358 1545 549 1587 affictuariis,
574 1556 747 1589 eorumque
771 1547 958 1581 officialibus
983 1543 1030 1583 et²

272 1598 435 1640 ministris,
453 1599 628 1644 ceterisque
645 1600 793 1634 omnibus
817 1606 847 1634 et
871 1601 1011 1645 singulis,

273 1653 311 1686 ad
328 1664 407 1697 quos
424 1659 542 1698 spectat
558 1659 589 1687 et
606 1664 666 1698 pro
683 1659 826 1699 tempore
842 1656 1013 1699 quomodo-

272 1706 349 1739 libet
364 1707 527 1751 spectabit,
543 1711 577 1740 ut
601 1712 630 1740 te
650 1707 682 1740 in
701 1708 1012 1752 superintendentem

271 1759 463 1802 huiusmodi,
477 1760 562 1794 iuxta
575 1765 715 1795 tenorem
732 1762 954 1805 praesentium,
968 1774 1013 1796 re-

272 1813 389 1858 cipiant
412 1820 442 1848 et
464 1820 715 1858 recognoscant,
739 1815 862 1860 tuisque
886 1817 1030 1864 monitis}

273 1872 303 1901 et
326 1867 480 1901 mandatis
503 1868 682 1902 salubribus
706 1875 854 1914 prompte
883 1865 1031 1914 pareant?

272 1927 303 1955 et
319 1921 475 1963 obediant,
491 1922 630 1967 alioquin
649 1923 845 1964 sententiam,
863 1924 927 1957 sive
942 1935 1014 1968 poe-

272 1985 355 2016 nam,
379 1985 474 2019 quam
497 1975 557 2009 rite
582 1976 708 2017 tuleris,
732 1986 789 2009 seu
812 1977 958 2010 statueris
981 1977 1013 2010 in

272 2028 427 2070 rebelles,
456 2034 556 2062 ratam
587 2029 773 2063 babebimus
802 2035 833 2063 et
863 2030 1013 2064 faciemus

273 2088 401 2116 auctore
424 2082 556 2117 Domino
580 2093 679 2142 usgue
703 2083 742 2116 ad
772 2073 1030 2118 satisfactionem¹

274 2135 461 2179 condignam
479 2136 700 2170 inviolabiliter
716 2136 886 2170 observari.
1029 2172 1030 2187 ¹

319 2189 334 2232 ξ
357 2188 386 2222 3.
411 2190 480 2223 Non
504 2190 700 2223 obstantibus
724 2190 868 2235 capitulis
892 2196 922 2224 et
939 2201 1030 2238 con-¹

276 2241 472 2276 ventionibus
502 2243 584 2277 inter
614 2254 773 2277 cameram
798 2240 1030 2289 apostolicam}

278 2299 308 2327 et
331 2294 468 2328 eiusdem
485 2296 597 2341 oppidi
613 2297 724 2330 Montis
741 2297 900 2338 Marciani,
914 2297 1013 2331 illius-
1029 2334 1030 2354 ¹

277 2359 338 2392 que
370 2348 463 2382 terris
494 2354 524 2384 et
554 2350 732 2384 tenimentis
763 2351 1030 2385 affictuariorum'

276 2401 371 2443 initis,
387 2412 444 2435 nec
456 2412 520 2437 non
537 2405 644 2448 regula
657 2407 764 2440 nostra
781 2406 819 2439 de
836 2406 903 2439 iure
920 2416 1014 2449 quae-
1029 2402 1030 2412 ³

276 2456 335 2489 sito
353 2465 417 2489 non
441 2456 589 2498 tollendo,
609 2468 644 2491 ac
667 2459 814 2493 omnibus
838 2460 909 2500 illis,
933 2470 1013 2504 quae

276 2508 307 2541 in
318 2508 430 2542 litteris
446 2509 613 2553 praedictis
625 2512 781 2546 voluimus
798 2522 861 2546 non
877 2513 1012 2553 obstare,

276 2562 451 2608 ceterisque
470 2564 636 2598 contrariis
654 2565 915 2610 quibuscumque.

313 2680 324 2706 1
341 2678 455 2714 Reliqua
469 2683 549 2714 prout
564 2679 591 2706 in
607 2680 796 2708 constitutione
810 2681 995 2717 praecedenti.

386 2731 464 2760 Bult.
479 2731 564 2760 Rom.
577 2748 608 2752 ——
629 2732 688 2761 Vot.
705 2733 787 2761 XIII.
950 2733 983 2761 38

1053 275 1109 299 vni
1133 275 1179 299 1²1².
1691 263 1754 297 997

1095 323 1205 356 Datum
1224 323 1350 363 Itomae,
1365 321 1447 366 apud
1468 321 1497 355 S.
1517 320 1654 361 Petrum,
1668 320 1725 352 sub
1741 330 1791 352 an-

1052 377 1126 410 nulo
1138 376 1315 417 piscatoris,
1330 376 1379 409 die
1390 386 1422 410 x1
1436 375 1540 409 martii
1557 385 1697 416 uncxxv,
1711 385 1790 419 pon-

1050 428 1186 462 tificatus
1203 429 1302 462 nostri
1320 439 1402 462 anno
1420 439 1450 462 11.

1086 488 1144 516 Dat.
1162 489 1205 517 die
1224 490 1250 516 11
1269 489 1358 516 martii
1376 489 1453 523 1625,
1470 490 1564 525 pontis.
1582 498 1651 517 anno
1671 496 1700 517 11.

1359 605 1483 638 cxxlv.

1049 674 1187 708 Mandat
1211 674 1434 718 metropolitae
1458 676 1605 716 Russiae,
1633 680 1668 708 ut
1694 686 1789 719 syno-

1094 727 1172 760 dum
1190 728 1426 771 provincialem
1444 727 1587 772 sz'nyulz's
1604 729 1785 772 quadrien-

1094 781 1158 814 niis
1182 781 1312 815 celebret
1326 780 1342 814 ¹.

1263 852 1398 880 Urbanus
1419 853 1498 887 Papa
1517 852 1594 885 VIII,

1191 898 1227 924 ad
1247 897 1381 924 futuram
1399 897 1444 925 rei
1465 897 1644 925 memoriam.

1093 959 1334 992 Sacrosanctum
1354 959 1547 1003 apostolatus
1572 959 1710 992 officium
1735 959 1790 991 hu-

1048 1012 1171 1045 militati
1202 1017 1328 1046 nostrae
1358 1023 1414 1056 per
1446 1012 1634 1045 ineffabilem
1667 1012 1789 1046 divinae

1049 1065 1217 1110 sapientiae
1251 1065 1478 1109 providentiam
1512 1066 1716 1099 commissum
1738 1076 1791 1110 po-

1048 1120 1152 1160 stulat,
1166 1124 1209 1160 ut,
1222 1119 1295 1152 licet
1312 1119 1393 1152 inter
1413 1120 1624 1163 gravissimas,
1638 1119 1789 1163 multipli-

1048 1181 1162 1215 cesque
1186 1172 1376 1215 apostolicae
1401 1172 1558 1206 servitutis
1582 1182 1673 1205 curas
1694 1182 1789 1216 super

1046 1224 1208 1257 universas
1233 1224 1319 1258 orbis
1344 1225 1491 1258 ecclesias
1515 1225 1600 1258 iuxta
1623 1225 1788 1269 pastoralis

1047 1278 1141 1311 officii
1173 1278 1314 1312 debitum
1345 1278 1567 1322 invigilemus,
1592 1278 1652 1311 illis
1685 1282 1788 1312 tamen

1047 1332 1240 1375 peculiarem
1276 1332 1517 1366 sollicitudinem
1547 1331 1786 1376 impendamus,

1046 1396 1125 1428 quae
1145 1396 1209 1419 non
1233 1386 1335 1419 solum
1352 1386 1384 1418 in
1406 1386 1587 1430 longinquis
1604 1385 1788 1428 regionibus

1047 1439 1253 1480 constitutae,
1277 1450 1388 1472 verum
1413 1439 1506 1474 etiam
1531 1439 1638 1472 multis
1662 1439 1789 1472 catholi-

1046 1504 1099 1526 cae
1112 1493 1185 1526 fidei
1199 1494 1336 1527 hostium
1353 1494 1502 1538 periculis
1515 1493 1674 1580 exposisse
1691 1495 1787 1536 opera

1046 1546 1133 1579 Sedis
1158 1547 1355 1590 Apostolicae
1379 1547 1495 1590 iugiter
1518 1556 1636 1581 noscun
1653 1558 1691 1580 ur
1710 1547 1788 1580 indi-

1046 1610 1130 1643 gere.

1091 1655 1105 1698 g
1122 1654 1150 1687 «1.
1168 1654 1248 1688 Hinc
1264 1660 1310 1688 est
1326 1654 1411 1698 quod
1426 1664 1493 1695 nos,
1510 1654 1592 1687 felici
1608 1659 1701 1698 atque
1718 1664 1788 1698 pro-

1046 1718 1140 1751 spero
1172 1708 1376 1741 ecclesiarum
1401 1708 1433 1740 in
1457 1707 1619 1751 provincia
1643 1708 1787 1740 Ruthena

1046 1772 1101 1794 seu
1125 1762 1226 1794 Rusca
1259 1761 1459 1794 existentium
1491 1761 1584 1794 statui
1614 1766 1706 1804 atque
1730 1772 1788 1804 gu-

1046 1814 1166 1856 bernio,
1184 1819 1334 1858 quantum
1361 1825 1432 1847 eum
1457 1814 1590 1847 Domino
1610 1824 1786 1858 possumus,

1046 1868 1211 1901 consulere
1236 1869 1390 1909 volentes,
1416 1868 1454 1901 de
1478 1867 1705 1900 venerabilium
1729 1868 1789 1900 sra-

1029 1928 1030 1939 ³
1047 1924 1130 1954 trum
1154 1925 1336 1955 nostrorum
1361 1921 1390 1954 S.
1412 1921 1446 1954 R.
1465 1921 1498 1954 E.
1516 1920 1720 1954 cardinalium
1739 1931 1790 1954 ne-

1047 1975 1133 2018 gotio
1168 1975 1389 2019 propagandae
1423 1975 1454 2008 in
1489 1975 1636 2008 universo
1671 1974 1789 2008 mundo

1046 2029 1119 2062 fidei
1151 2030 1406 2073 praepositorum
1438 2028 1588 2069 consilio,
1616 2028 1793 2061 venerabili,

1046 2083 1136 2116 fratri
1171 2083 1412 2127 archiepiscopo
1452 2082 1610 2116 Rioviensi
1647 2081 1789 2115 eiusdem

1029 2137 1227 2181 'provinciae
1263 2137 1481 2180 metropolitae
1515 2146 1572 2180 per
1607 2138 1789 2180 praesentes

1047 2191 1274 2223 committimus
1291 2194 1321 2224 et
1346 2189 1541 2230 mandamus,
1566 2194 1610 2229 ut,
1628 2189 1707 2222 infra
1731 2199 1791 2234 an·-

1046 2254 1121 2276 num
1135 2243 1326 2288 proximum,
1339 2242 1506 2276 concilium
1520 2242 1713 2286 provinciale
1727 2242 1787 2286 epi-

1046 2308 1234 2341 scoporum,
1255 2307 1364 2330 eorum
1389 2295 1526 2336 scilicet,
1552 2295 1604 2339 qui
1629 2306 1701 2328 cum
1726 2296 1785 2328 lto-

1046 2347 1138 2383 mana
1163 2350 1301 2384 Ecclesia
1318 2353 1461 2393 tempore
1480 2348 1578 2382 felicis
1594 2348 1787 2382 recordatio-

1046 2405 1094 2437 nis
1118 2404 1286 2438 Clementis
1315 2404 1417 2447 Papae
1443 2403 1507 2436 l'lll
1534 2402 1786 2446 praedecessoris

1046 2460 1144 2492 nostri
1169 2458 1247 2491 uniti
1271 2463 1352 2498 sunt,
1378 2457 1462 2490 iuxta
1485 2457 1713 2500 praescriptum
1738 2468 1786 2490 sar⁴

1047 2523 1174 2546 crorum
1192 2521 1346 2545 canonum
1363 2520 1485 2544 necnon
1501 2510 1697 2553 generalium
1715 2521 1788 2544 con—

1046 2566 1209 2606 ciliorum,
1234 2567 1384 2598 convocet
1401 2569 1493 2607 atque
1517 2564 1664 2597 celebret.

1084 2683 1094 2707 1
1118 2680 1155 2708 Ex
1175 2679 1282 2715 Regest.
1303 2678 1330 2706 in
1349 2678 1452 2706 Secret.
1473 2677 1550 2706 Brev.

1804 273 1851 299 ΛΠ,
1868 271 1896 299 C.
1919 272 1985 299 1625

1831 975 1972 997 Prooemium.

1829 1666 1915 1688 Mandat
1933 1667 1986 1687 infra

1803 1699 1878 1714 flnlltlm
1916 1699 1986 1713 convi-

1802 1721 1850 1741 lium
1857 1721 1986 1746 [ιτοηυιῑιᾶῐῡ

1802 1748 1857 1773 cogi.
