2269 3235
105 262 154 289 An.
170 261 198 288 C.
220 260 288 288 ¹625

122 427 276 449 Commissarw.

155 1488 180 1508 Et
196 1487 283 1508 custode

101 1514 210 1539 eligendis.

908 259 1049 282 UnnANUS
1074 258 1130 281 Vlll
1154 258 1202 282 PF.

299 306 472 340 discordias
489 311 519 339 et
531 306 611 348 lites,
628 312 733 340 custos
745 306 962 340 reformationis
975 315 1036 339 non

299 359 445 402 eligatur,
464 359 518 393 sed
543 359 674 403 ipsemet
698 359 841 392 minister
865 359 964 402 ipsam
989 368 1038 391 re-

300 412 518 446 formationem
532 418 621 456 regat
633 418 663 445 et
676 412 867 446 moderetur.
883 412 1037 452 Ceterum,

300 471 335 499 ut
356 466 594 499 necessitatibus
614 465 714 498 dictae
738 464 970 498 reformationis
987 475 1040 508 op-

300 519 467 562 portunius
491 518 711 563 provideatur,
736 517 837 550 dictus
861 522 949 560 pater
974 517 1036 549 mi-

299 571 407 614 nister,
433 571 535 605 statim
561 581 596 605 ac
620 571 714 604 suerit
738 571 871 611 electus,
898 573 1039 604 teneatur

300 635 397 658 unum
422 635 458 658 ex
483 625 531 665 iis,
555 625 608 668 qui
632 623 708 657 alias
733 623 878 656 custodes
902 623 1039 664 fuerunt,

301 678 348 710 vel
373 688 410 711 ex
434 677 578 711 discretis
603 676 830 710 custodialibus
854 676 1040 717 actualibus,

300 731 552 765 commissarium
569 730 743 770 instituere,
761 729 810 763 cui
828 740 916 763 suam
930 735 1038 763 aueto-

299 785 424 818 ritatem
442 784 559 817 tribuat
583 783 620 816 ad
643 783 758 816 dictam
782 783 1038 816 reformationem

301 837 506 877 visitandam,
534 836 798 880 quandocumque
829 836 895 880 ipse
926 847 983 880 per
1008 847 1040 869 se

299 890 330 922 id
354 890 456 922 facere
480 899 544 922 non
567 889 714 932 potuerit,
739 899 861 922 necnon
881 894 911 922 et
934 889 973 922 ad
993 900 1041 922 ca-

300 943 428 987 piendas
458 942 695 976 informationes
724 942 755 975 in
780 942 904 975 casibus
929 953 1040 976 occur-

299 996 455 1030 rentibus:
470 996 585 1040 quibus
602 995 712 1039 captis,
725 999 868 1029 teneatur
884 995 923 1029 de
942 995 1042 1029 omni-

299 1049 358 1082 bus
368 1049 536 1082 certiorem
553 1049 656 1082 facere
668 1048 787 1081 dictum
803 1048 1039 1092 provincialem,

300 1108 333 1136 ut
349 1103 427 1148 ipse,
444 1102 529 1146 qnod
554 1107 772 1147 opportunum
793 1102 851 1135 sibi
872 1102 1039 1144 videbitur⁷

299 1156 511 1190 determinare
534 1167 570 1189 ac
595 1156 742 1189 ordinare
766 1156 875 1188 valeat.
909 1156 942 1188 ln
967 1166 1041 1189 casu

298 1214 412 1250 autem,
430 1220 493 1253 quo
507 1209 608 1242 dictus
625 1209 860 1242 commissarius
877 1219 940 1242 non
956 1214 1041 1242 recte

297 1264 422 1297 functus
446 1263 541 1296 fuerit
556 1262 659 1296 officio
684 1273 751 1303 suo,
769 1267 843 1295 tunc
867 1262 1042 1306 provincia-

298 1317 336 1350 lis
359 1327 416 1360 per
440 1326 473 1349 se
497 1316 600 1350 solum
624 1316 723 1360 possit
748 1316 850 1359 ipsum
875 1315 913 1348 ab
938 1315 1040 1348 officio

298 1380 471 1413 removere,
486 1375 516 1403 et
540 1370 637 1403 alium
657 1375 692 1402 ut
716 1380 811 1414 supra
836 1369 873 1402 de
897 1379 979 1402 novo
1000 1369 1042 1401 in-

298 1423 437 1456 stituere.

343 1477 475 1520 Insuper
499 1475 743 1509 determinatum
767 1481 823 1516 est,
849 1480 881 1508 ut
905 1475 1043 1519 quando-

299 1541 436 1574 cumque
452 1530 595 1564 minister
609 1530 813 1574 provincialis
826 1530 921 1563 suerit
940 1530 1041 1563 refor-

301 1589 413 1625 matus,
430 1589 505 1617 tunc
529 1588 634 1617 custos
659 1583 831 1616 mittendus
855 1583 892 1616 ad
913 1583 1041 1616 comitia

300 1638 460 1681 generalia
479 1638 613 1681 eligatur
637 1648 674 1671 ex
698 1637 841 1681 patribus
858 1637 896 1670 de
914 1637 1039 1676 farnilitu

298 1695 329 1724 et
345 1691 506 1724 viceversa
522 1688 869 1734 quando‘provincialis
889 1690 983 1723 fuerit
1003 1701 1040 1723 cx

298 1744 449 1778 fratribus
473 1744 511 1777 de
534 1744 664 1785 familia,
681 1750 756 1777 tunc
780 1748 884 1778 custos
901 1743 1041 1788 supradi-

299 1803 367 1831 ctus
377 1798 416 1831 sit
430 1798 629 1838 reformatus,
643 1802 677 1830 ut
693 1802 827 1841 utraque
849 1808 922 1841 pars
942 1807 1040 1830 unum

300 1851 438 1885 vocalem
459 1850 572 1884 habeat
596 1851 627 1883 in
651 1851 741 1884 dictis
762 1851 897 1885 comitiis
914 1861 1042 1895 genera-

299 1904 391 1938 libus.

342 1957 481 1992 Ulterius
504 1957 747 1991 determinatum
780 1963 846 1999 est,
874 1963 909 1991 ut
931 1958 1037 1992 nomi-

298 2016 390 2045 netur
410 2022 428 2045 a
444 2012 584 2055 generali
603 2018 793 2056 procurator
817 2012 849 2044 in
874 2012 962 2045 curia
985 2023 1036 2056 pa-

300 2071 384 2099 trum
404 2066 658 2100 reformatorum.
684 2067 812 2109 Romae,
837 2066 888 2099 die
914 2076 968 2100 xiv
993 2066 1040 2099 iu-

299 2119 342 2152 nii
368 2130 545 2154 nncxxvnr.

564 2192 597 2225 F.
622 2192 655 2225 Α.
680 2192 769 2225 Card.
795 2192 824 2225 S.
850 2191 1038 2226 Hoxrrnnn.

653 2245 684 2278 P.
710 2245 878 2278 Ficxtxxrs
904 2246 987 2279 Secr.

336 2340 427 2369 Lecta
442 2344 472 2368 et
486 2342 639 2375 publicata
658 2342 742 2370 fuere
762 2343 898 2377 praefata
918 2344 1040 2371 decreta

302 2384 348 2412 die
364 2391 399 2411 xv
414 2385 490 2412 iunii
504 2392 644 2412 nocxxvm
657 2387 689 2413 in
704 2387 934 2422 congregatione
955 2395 1040 2422 qene-

301 2429 358 2457 rali
372 2429 458 2457 fratri
473 2429 618 2457 Minorum
634 2431 669 2458 de
684 2431 882 2459 observantia
904 2432 935 2459 in
956 2439 1039 2466 prae-

301 2473 401 2501 sentia
419 2473 620 2502 illustrissimi
636 2478 667 2502 et
681 2476 927 2503 reverendissimi
943 2477 1039 2504 cardi-

301 2518 379 2545 nalis
396 2517 487 2552 Gipsii
508 2518 709 2552 praesidentis
726 2520 860 2547 eiusdem
876 2521 1040 2556 congrega-

301 2562 404 2590 tionis.

385 2715 463 2742 Bull.
483 2714 568 2743 Rom.
585 2730 618 2736 ·-
637 2716 696 2744 Vol.
717 2715 798 2744 XIII.
955 2716 989 2745 53

1719 246 1755 279 sil
1765 247 1782 281 7

1359 283 1546 322 cmxxvii.
1582 331 1585 333 ,

1075 384 1285 427 Confirmatio
1305 385 1546 418 constitutionis
1565 384 1668 418 Pauli¹
1693 385 1715 416 V
1731 386 1814 417 elren

1118 438 1364 480 eleemosynam,
1393 449 1489 482 quam
1510 443 1644 471 rectores
1669 439 1815 471 ecctw‘a-

1120 501 1192 523 rum
1216 492 1460 534 parochialium
1482 492 1657 525 Indiarum
1677 492 1817 524 occiden-

1119 543 1237 576 talium
1260 547 1288 575 et
1313 545 1526 577 orientalium
1547 545 1663 577 hahere
1681 550 1815 588 poss-unt

1119 596 1159 628 ab
1177 596 1240 637 lits,
1257 597 1315 639 qui
1329 597 1365 629 in
1379 597 1518 630 ecclesiis
1540 598 1711 630 (lentorum
1733 599 1816 631 utri—

1118 659 1220 692 usque
1236 660 1331 682 sescus
1346 651 1490 694 praefati
1507 650 1641 683 Ordinis
1658 651 1690 684 S.
1710 652 1816 684 Fran-

1118 702 1193 734 cz'sci
1218 702 1256 735 cle
1284 701 1496 736 Obseruantia
1521 703 1733 746 sepeliuntur,
1760 709 1816 737 aut

1115 765 1175 799 pro
1200 765 1311 788 eorum
1335 756 1448 788 ane'nzti
1468 756 1584 788 missas
1609 756 1816 789 eelebraiulas

1118 808 1323 852 reliquerint,
1333 819 1403 841 cum
1417 808 1625 852 deputatione
1640 809 1817 841 haereticae

1115 861 1291 905 pravitatis
1312 862 1548 905 inquisitorum
1575 872 1634 904 pro
1659 862 1818 894 eiusmodi

1120 915 1361 948 constitutionis
1386 914 1597 948 executione&

1275 1004 1411 1031 Urbanus
1431 1003 1608 1038 Episcopus,

1252 1056 1358 1076 servus
1387 1056 1540 1077 servorum
1573 1048 1639 1084 Dei,

1074 1110 1198 1139 Dilectis
1216 1111 1289 1138 filiis
1310 1111 1482 1139 haereticae
1507 1110 1668 1145 pravitatis
1689 1110 1818 1144 inquisi-

1108 1156 1225 1183 toribus
1247 1157 1277 1182 in
1298 1155 1428 1182 Limanis
1449 1157 1479 1183 et
1500 1155 1665 1182 Mexicanis
1686 1155 1817 1188 aliisque

1110 1200 1302 1228 orientalium
1318 1203 1349 1227 et
1364 1200 1594 1227 occidentalium
1613 1200 1765 1227 Indiarum
1779 1200 1818 1226 ci-

1110 1245 1255 1272 vitatibus
1281 1247 1311 1272 et
1338 1245 1525 1272 dioecesibus
1555 1245 1815 1279 commorantihuS,

1111 1291 1241 1317 salutem
1259 1292 1290 1317 et
1310 1289 1505 1323 apostolicam
1532 1289 1781 1317 benedictionem.

1120 1370 1135 1413 g
1162 1370 1191 1402 Ἰ.
1219 1370 1301 1403 Alias
1326 1369 1439 1413 (felicis
1465 1370 1695 1404 recordationis
1721 1371 1818 1403 Panlo
1869 1384 1874 1393 =
1899 1390 1918 1402 1.

1076 1424 1158 1468 Papa
1183 1424 1206 1457 V
1231 1424 1468 1468 praedecessori
1492 1428 1620 1465 nostro,
1644 1436 1703 1468 pro
1728 1430 1815 1468 parte
1833 1417 1888 1456 2¹›11‘

1076 1482 1149 1510 tunc
1167 1477 1361 1510 inhumanis
1387 1478 1508 1520 agentis
1529 1478 1674 1511 Matthaei
1699 1478 1736 1511 de
1758 1479 1816 1511 lle·
1897 1498 1907 1508 ..
1923 1470 2017 1519 ...4121ss

1076 1530 1172 1571 ealde,
1182 1531 1275 1563 etiam
1287 1536 1360 1564 tunc
1374 1531 1650 1564 vicecommissarii
1661 1532 1817 1574 generalis
1833 1523 1875 1562 ’Ῐ-ΗΗ
1887 1524 1905 1564 '32

1075 1584 1235 1617 Indiarum
1267 1583 1509 1617 occidentalium
1535 1584 1659 1617 Ordinis
1684 1585 1817 1617 fratrum

1075 1637 1230 1670 Minorum
1256 1637 1285 1671 S.
1311 1637 1522 1670 Franciscide
1539 1638 1752 1679 Observantia,
1771 1648 1818 1671 ex-

1075 1690 1187 1734 posito,
1205 1690 1290 1734 quod
1314 1695 1454 1724 rectores
1470 1691 1700 1734 parochialium
1719 1691 1817 1724 cccle-

1075 1744 1193 1777 siarum
1213 1743 1374 1777 Indiarum
1395 1744 1637 1778 occidentalium
1663 1750 1692 1778 et
1712 1745 1817 1778 orien-

1075 1797 1200 1838 talium,
1224 1807 1263 1830 ne
1289 1798 1552 1839 christifidelium,
1578 1798 1631 1841 qui
1656 1809 1714 1842 pro
1740 1803 1818 1831 tem-

1074 1854 1152 1894 pore
1169 1850 1207 1882 ab
1223 1850 1370 1883 humanis
1387 1850 1587 1892 decedebant,
1607 1850 1758 1883 cadavera
1777 1851 1818 1883 ita

1074 1904 1241 1938 commode
1265 1905 1297 1936 in
1322 1904 1463 1937 ecclesiis
1486 1905 1620 1937 fratrum
1646 1910 1675 1938 et
1702 1905 1819 1938 monia-

1074 1958 1151 1991 lium
1164 1958 1239 1991 dicti
1251 1958 1375 1991 Ordinis
1390 1958 1617 1992 ecclesiasticae
1635 1959 1817 2002 sepulturae

1061 2012 1155 2045 .tradi
1179 2012 1327 2055 valerent,
1348 2012 1387 2045 de
1404 2012 1535 2046 consilio
1552 2013 1657 2045 forsan
1678 2013 1819 2056 superio-

1074 2076 1145 2098 rum
1170 2076 1311 2106 suorum,
1336 2066 1471 2098 abusum
1492 2065 1757 2106 introduxerunt,
1785 2071 1818 2099 ut

1074 2119 1226 2153 maiorem
1251 2119 1370 2153 scilicet
1396 2119 1629 2163 eleemosynam
1655 2119 1818 2161 exigerent

1074 2173 1112 2206 ab
1138 2173 1209 2214 illis,
1234 2173 1287 2217 qui
1312 2173 1343 2205 in
1368 2173 1509 2206 ecclesiis
1533 2173 1607 2205 dicti
1633 2172 1757 2206 Ordinis
1775 2184 1819 2206 se-

1074 2227 1282 2271 peliebantur,
1308 2237 1402 2270 quam
1420 2226 1445 2259 si
1469 2226 1500 2258 in
1524 2226 1661 2270 propriis
1678 2227 1818 2267 ecclesiis

1074 2280 1304 2324 sepelirentur,
1329 2279 1371 2312 ita
1388 2285 1422 2312 ut
1446 2279 1684 2321 christifideles,
1709 2280 1762 2323 qui
1787 2280 1818 2312 in

1074 2333 1215 2367 ecclesiis
1231 2333 1413 2367 huiusmodi
1439 2333 1565 2377 sepeliri
1587 2332 1815 2376 desiderabant,

1109 2442 1121 2468 1
1139 2440 1214 2468 Hane
1229 2440 1329 2468 Urbani
1340 2440 1398 2467 VlII
1414 2440 1635 2468 constitutionem
1649 2448 1708 2467 sero
1722 2440 1819 2476 depre-

1073 2486 1219 2512 hendimus
1244 2485 1371 2512 omissam
1391 2485 1539 2512 oscitanter
1557 2485 1640 2512 fuisse
1660 2485 1693 2512 ab
1713 2485 1818 2512 editore

1073 2530 1213 2563 Mainardi,
1225 2529 1340 2565 ideoque
1352 2537 1414 2556 eam
1430 2529 1473 2556 hic
1488 2529 1612 2564 ponimus
1628 2538 1659 2557 ex
1670 2529 1733 2557 edit.
1748 2530 1818 2557 Clie-

1073 2574 1183 2608 rubinii,
1201 2574 1248 2602 sed
1268 2574 1413 2601 referenda
1428 2573 1497 2601 foret
1516 2582 1598 2610 supra
1616 2574 1650 2602 ad
1669 2583 1732 2609 pag.
1755 2575 1816 2602 124.

1074 2621 1160 2647 Porro
1174 2619 1330 2646 constitutio
1349 2618 1423 2646 Pauli
1443 2618 1462 2645 V
1481 2627 1550 2654 quae
1566 2619 1609 2647 liic
1629 2620 1815 2654 confirmatur,

1074 2664 1172 2700 legitur
1188 2664 1215 2691 in
1231 2667 1296 2692 tom.
1313 2670 1349 2699 xi,
1366 2672 1428 2699 pag.
1444 2663 1496 2692 508
1510 2664 1549 2699 (n.
1566 2664 1613 2699 T.).

1829 256 1877 282 An.
1894 257 1922 282 tl.
1948 256 2012 284 1625
