2269 3235
262 220 313 246 An.
331 218 358 244 G.
377 217 444 245 1132ss

288 404 290 406 .
346 396 350 405 ι
381 394 400 404 «ι
422 391 443 405 *t*

261 414 324 433 tinnit
354 414 444 436 thuim-e-

261 443 337 463 μῑιῑιιιιιι
352 442 443 459 (liminati

262 467 283 486 lt«
294 473 311 485 ιιι
323 472 342 485 ιιι
380 468 442 485 imai-1

262 494 307 513 lesu
323 493 398 512 lssliristi

490 208 553 241 (¹178

460 266 700 309 praedecessore
732 270 839 297 nostro
872 267 973 297 erecta
1003 269 1032 296 et
1058 263 1197 295 instituta

460 319 525 351 l'uit.

503 373 517 415 ξ
542 372 570 404 ἓ.
591 370 791 404 Postmodum
810 380 884 402 vero
903 369 1110 413 primodietae
1128 379 1198 402 con-

460 425 650 467 gregationis
678 423 869 467 presbyteri,
895 423 1196 463 animadvertentes,

459 478 498 509 ob
523 477 668 519 exiguum
700 476 957 519 presbyterorum
990 475 1195 519 primodictae

459 529 711 572 congregationis
728 540 905 571 numerum,
920 528 1061 561 eamdem
1079 528 1197 572 primo-

459 583 571 615 ‹lictam
587 582 863 625 congregationem
878 582 1072 615 manuteneri
1087 587 1117 614 ct
1128 581 1197 625 piae

462 637 713 680 peregrinorum,
725 647 740 669 e
754 636 884 668 diversis
897 636 1040 679 partibus
1052 635 1090 668 ad
1103 636 1198 668 eccle·
1214 658 1215 666 ι

458 690 534 721 siam
563 689 770 732 primodictac
795 689 1049 731 congregationis
1082 698 1196 730 magno

458 753 589 775 numero
614 743 849 781 confluentium,
870 742 1027 775 devotioni
1052 741 1195 774 satisfieri

458 807 519 829 non
543 807 645 839 posse,
670 797 707 828 de
732 806 812 829 anno
838 806 941 829 mnexv
959 806 975 827 a
1000 795 1113 828 dilecto
1132 795 1196 827 silio

457 855 565 882 nostro
580 850 671 882 Petro
687 849 716 881 S.
735 850 768 881 n.
787 849 819 881 E.
838 848 1023 892 presbytero
1045 848 1194 880 cardinali

458 902 581 934 Iterullo
618 905 814 945 nuncupato,
850 906 920 933 tunc
954 901 985 932 in
1019 900 1196 932 minoribus

457 956 625 989 constituto
651 960 680 989 et
703 954 962 997 Congregationis
979 953 1114 987 Oratorii
1131 953 1191 986 Do-

456 1008 532 1040 mini
550 1009 653 1041 Nostri
666 1008 734 1040 lesu
754 1008 867 1041 Clu-isti
886 1008 916 1039 in
935 1017 1032 1049 regno
1045 1006 1195 1039 Franciae
1212 1021 1214 1028 ι

456 1062 603 1094 canonice
621 1062 778 1094 institutae
793 1061 974 1105 praeposito
988 1060 1136 1103 generali,
1146 1070 1196 1104 pe-

457 1115 571 1147 tierunt
597 1126 628 1147 se
657 1115 700 1147 uti
730 1115 906 1147 membrum
936 1117 965 1147 et
992 1113 1120 1146 domum
1148 1113 1197 1145 ui*-

457 1168 632 1200 timodietae
644 1167 897 1210 congregationis
906 1166 1194 1199 liuiusmodieidem

455 1221 667 1253 ultimodictae
692 1220 928 1263 congregationi
956 1219 1136 1252 huiusmodi
1165 1230 1195 1251 u-

455 1274 525 1314 niri,
543 1274 664 1306 annecti
690 1280 719 1307 et
744 1273 952 1317 incorporari,
971 1273 1011 1305 ita
1032 1277 1144 1312 tamen,
1163 1277 1195 1305 ut

456 1338 564 1359 eorum
582 1328 693 1360 domus
710 1332 791 1359 esset
809 1331 838 1360 et
854 1331 1034 1359 censeretur
1059 1325 1195 1358 secunda

458 1381 550 1413 totius
574 1381 789 1413 ultiniodictae
814 1380 1066 1423 congregationis
1091 1380 1197 1412 liuius-

403 1451 412 1462 ι
456 1435 550 1475 modi,
576 1434 785 1478 omnibusspie
810 1434 994 1478 privilegiis,
1015 1433 1133 1476 gratiis,
1152 1434 1194 1466 sa-

296 2030 360 2053 Qnam
380 2031 438 2050 tinio-

257 2058 438 2082 nriupeliltttmpii·

256 2084 330 2102 sintina
350 2086 438 2103 :turturi-

257 2112 299 2129 tat·-
319 2110 412 2130 ialntaii.

285 2347 340 2367 Consi
345 2349 393 2368 rmat
399 2354 426 2368 nr.

455 1487 621 1520 vilitatibus
653 1493 679 1520 et
713 1487 914 1530 indulgentiis
944 1487 1044 1519 eidem
1069 1487 1194 1519 ultimo-

454 1541 554 1573 ‹lictae
579 1541 815 1583 congregationi
840 1541 878 1573 ab
902 1540 960 1573 hac.
984 1540 1095 1572 Sancta
1116 1540 1194 1572 Sede

455 1594 610 1626 concessis
634 1594 792 1626 frueretur
809 1598 838 1625 et
856 1593 1015 1635 gauderet.
1042 1592 1127 1625 Unde
1147 1593 1194 1624 di·
1211 1615 1212 1618 =

454 1651 521 1678 ctus
537 1647 644 1679 Petrus
659 1647 834 1686 cardinalis,
850 1646 919 1690 pio¹
934 1646 1192 1689 presbyterorum

455 1700 686 1743 praedictorum
719 1701 875 1733 desiderio
906 1701 1083 1733 satisfacere
1113 1699 1193 1732 desi-

454 1754 587 1794 derans,
612 1754 754 1786 eamdem
780 1754 1057 1796 congregationem
1083 1753 1211 1795 Beatae,

454 1807 567 1839 Mariae
600 1807 777 1840 Gratiarum
810 1807 986 1850 praedictae
1018 1802 1193 1848 Cbngrega-

455 1861 530 1893 tioni
556 1860 690 1893 Oratorii
718 1861 875 1901 Franciae,
901 1864 1059 1893 reservato
1084 1865 1192 1893 nostro

455 1919 481 1945 et
503 1913 590 1946 Sedis
614 1914 812 1957 Apostolicae
833 1914 1048 1958 beneplacito,
1076 1913 1190 1955 univit,

454 1967 601 2005 annexuit
617 1972 647 1999 et
660 1967 881 2011 incorporavit.

498 2021 512 2064 ἓ
535 2020 565 2053 3.
591 2021 666 2053 Cum
691 2024 804 2061 autem,
822 2021 901 2054 sicut
917 2021 1026 2053 eadem
1040 2020 1192 2064 expositio

454 2075 679 2117 subiungebat,
705 2075 879 2119 presbyteri
913 2075 1063 2118 praedicti
1093 2075 1210 2119 pluris

456 2140 538 2161 inum
564 2129 709 2172 cupiant,
735 2129 903 2169 unionem,
928 2129 1137 2162 annexionem
1163 2134 1210 2161 et:

1208 2181 1394 2222 '‘auditores,
1420 2181 1552 2214 iudicari
1578 2187 1607 2215 et
1631 2182 1755 2215 definiri
1783 2182 1910 2222 debere,
1933 2193 1969 2215 ac

456 2182 742 2226 incorporationem
767 2183 957 2226 praedictas,
982 2193 1040 2225 pro
1065 2182 1190 2215 illarum

455 2237 610 2270 validitate
635 2242 664 2270 et
688 2237 898 2277 subsistentia,
925 2237 1114 2280 apostolicae
1138 2248 1192 2270 no-

455 2295 535 2322 strae
553 2290 801 2324 confirmationis
818 2290 933 2323 robore
952 2290 1158 2323 communiri:

499 2344 513 2386 ξ,
537 2344 566 2375 4.
587 2345 659 2384 Nos,
677 2344 802 2377 eosdem
828 2343 1029 2387 presbyteros
1054 2343 1192 2387 speciali-

455 2396 512 2428 bus
529 2397 685 2437 favoribus
703 2403 732 2429 et
749 2397 857 2440 gratiis
874 2397 1020 2441 prosequi
1041 2398 1191 2438 volentes,

456 2456 480 2481 et
501 2462 608 2483 eorum
631 2451 803 2493 singulares
822 2462 971 2494 personas
989 2462 1006 2483 a
1030 2451 1192 2494 quibusvis

457 2504 796 2543 t·xcommunieationis,
815 2504 1026 2548 suspensionis
1052 2509 1081 2536 et
1101 2505 1193 2537 inter-

456 2556 493 2587 ὡς
508 2558 538 2590 τι,
557 2557 684 2600 aliisque
699 2558 915 2591 ecclesiasticis
933 2558 1102 2599 sententiis,
1122 2568 1193 2591 cen-

496 2620 501 2643 “.
525 2617 665 2653 Perperam
681 2619 724 2645 ed.
740 2619 817 2646 Main,
834 2619 894 2653 legit
908 2628 961 2654 pro
976 2620 1013 2654 (u.
1030 2620 1076 2645 Τ..

1038 216 1215 239 minantum
1240 215 1394 240 nontANUM

1232 264 1312 295 suris
1342 268 1372 295 et
1398 263 1522 306 poenis,
1548 274 1565 296 a
1593 264 1661 296 iure
1685 265 1733 297 vel
1760 265 1800 297 ab
1826 264 1969 306 homine,

1232 315 1340 358 quavis
1354 316 1518 349 occasione
1534 316 1581 349 vel
1598 317 1692 350 causa
1715 316 1795 357 latis,
1813 317 1838 350 si
1856 318 1970 362 quibus

1231 369 1468 412 quomodolibet
1484 368 1649 402 innodatae
1670 369 1814 412 existunt,
1834 369 1872 402 ad
1896 371 1970 404 effc-

1231 428 1315 456 ctum
1340 423 1554 467 praesentium
1584 423 1745 456 dumtaxat
1774 434 1969 467 consequen-

1231 476 1316 519 dum,
1328 477 1440 509 barum
1459 476 1540 509 serie
1557 476 1752 509 absolventes
1766 481 1796 510 et
1811 477 1969 510 absolutas

1230 530 1297 562 sore
1321 535 1502 571 censentes,
1529 529 1811 573 supplicationibus
1842 529 1969 563 illorum

1231 582 1357 616 nomine
1377 583 1468 616 nobis
1488 593 1583 627 snper
1602 583 1663 616 hoc
1684 583 1847 616 humiliter
1863 592 1970 626 porre-

1231 636 1288 668 ctis
1321 636 1479 676 inelinati,
1504 636 1673 677 unionem,
1704 636 1910 670 annexionem
1941 641 1966 669 et

1233 689 1517 733 incorporationem
1543 689 1801 733 Congregationis
1833 689 1969 723 Oratorii

1232 742 1341 774 Beatae
1366 742 1479 775 Mariae
1504 743 1681 775 Gratiarum
1707 743 1807 775 eidem
1833 742 1970 785 Congre-

1232 795 1348 836 gationi
1360 794 1494 828 Oratorii
1508 795 1631 828 Domini
1644 795 1749 830 Nostri
1764 795 1832 828 Iesu
1846 794 1970 834 Christi,

1231 858 1300 880 cum
1328 847 1475 880 omnibus
1499 847 1820 892 pi¹ivilegiis,⁰g1·atiis,
1845 849 1970 882 faculta-

1231 900 1313 933 tibus
1325 905 1354 933 et
1367 900 1568 943 indulgentiis
1581 901 1774 942 huiusmodi,
1783 912 1840 944 per
1851 901 1969 934 dictum

1231 954 1358 986 Petrum
1383 953 1586 995 cardinalem,
1603 957 1637 987 ut
1660 954 1849 998 praefertur,
1864 954 1969 995 saetas,

1230 1006 1401 1039 dummodo
1430 1011 1534 1039 tamen
1565 1007 1752 1050 privilegia,
1786 1007 1970 1047 facultates,

1230 1060 1349 1102 gratiae
1374 1064 1404 1091 et.
1427 1059 1545 1093 indulta
1570 1059 1750 1092 huiusmodi
1771 1059 1833 1092 sint
1857 1059 1888 1091 in
1911 1070 1970 1092 usu

1230 1117 1259 1144 et
1283 1122 1346 1145 non
1364 1112 1425 1144 sint
1441 1117 1595 1154 revocata,
1611 1122 1714 1156 neque
1731 1112 1789 1145 sub
1814 1112 1970 1156 aliquibus

1230 1165 1481 1198 revocationibus
1496 1165 1734 1209 comprehensa,
1752 1165 1911 1208 sacrisque
1925 1175 1971 1198 ca-

1212 1229 1213 1233 *
1229 1219 1364 1251 nonibus
1381 1224 1410 1251 et
1426 1218 1555 1252 Concilii
1572 1218 1745 1251 Tridentini
1770 1217 1904 1251 decretis
1935 1228 1970 1250 ac

1203 1270 1205 1272 ’
1230 1271 1506 1304 constitutionibus
1522 1272 1702 1315 apostolicis
1721 1281 1785 1304 non
1805 1271 1971 1304 adversen-

1230 1330 1291 1366 tur,
1305 1325 1476 1369 apostoliea
1493 1325 1686 1368 auctoritate,
1702 1331 1812 1359 tenore
1828 1335 1971 1369 praesen-

1230 1379 1319 1420 tium,
1328 1379 1542 1423 approbamus
1555 1385 1585 1412 et
1598 1379 1834 1422 confirmamus,
1847 1379 1969 1423 illisque

1230 1433 1417 1466 inviolabilis
1449 1434 1640 1477 apostolicae
1679 1433 1837 1467 firmitatis
1872 1433 1971 1466 robur

1229 1487 1402 1529 adiicimus,
1421 1497 1456 1520 ac
1474 1498 1583 1520 omnes
1600 1492 1630 1520 et.
1647 1487 1787 1530 singulos
1803 1492 1867 1520 tam
1892 1487 1970 1519 iuris

1229 1550 1321 1583 quain
1347 1540 1418 1573 sacti
1443 1540 1592 1583 defectus,
1618 1540 1643 1573 si
1667 1541 1720 1584 qui
1745 1541 1880 1585 desuper
1896 1550 1970 1584 quo-

1228 1592 1399 1625 modolibet
1416 1593 1649 1635 intervenerint,
1667 1594 1859 1637 supplemus.

1272 1647 1287 1689 §
1312 1646 1340 1679 5.
1362 1647 1571 1679 Decernentes
1587 1647 1745 1687 unionem,
1763 1647 1968 1680 annexionem

1228 1705 1257 1732 et
1300 1700 1588 1743 incorporationem
1625 1701 1806 1734 huiusmodi
1847 1711 1970 1734 necnon

1227 1759 1407 1797 praesentes
1426 1753 1546 1788 litteras
1566 1765 1691 1798 semper
1707 1754 1834 1796 validas,
1851 1754 1969 1794 sirmas,

1228 1806 1267 1839 et‘
1282 1808 1422 1840 efficaces
1447 1807 1581 1840 existere
1601 1811 1631 1841 et
1654 1808 1730 1850 sore,
1755 1818 1891 1851 suosque
1907 1808 1970 1851 ple.-

1226 1860 1332 1893 narios
1357 1865 1386 1893 et
1410 1860 1550 1903 integros
1575 1860 1704 1894 effeetus
1729 1861 1835 1894 sortiri
1860 1866 1890 1894 et
1913 1861 1969 1894 ob-

1228 1913 1344 1954 tinere,
1368 1923 1404 1946 ac
1431 1913 1532 1946 dictae
1557 1914 1811 1957 congregationis
1835 1913 1969 1948 Oratorii

1227 1967 1337 2000 Beatae
1364 1967 1478 2000 Mariae
1509 1968 1687 2001 Gratiarum
1714 1968 1745 2000 in
1771 1967 1916 2001 omnibus
1941 1972 1970 2000 et

1227 2032 1282 2064 per
1306 2021 1412 2054 onmia
1437 2022 1620 2065 plenissime
1644 2021 1833 2065 suffragari;
1859 2021 1969 2065 sicque

1227 2085 1283 2117 per
1307 2085 1523 2118 quoscumque
1541 2075 1659 2108 iudices
1676 2075 1853 2108 ordinarios
1870 2079 1901 2107 et
1917 2075 1969 2107 de-

1227 2128 1357 2170 legatos,
1378 2128 1470 2160 ctiam
1493 2139 1657 2161 causarum
1676 2128 1783 2172 palatii
1806 2128 1969 2172 apostolici

1226 2236 1351 2268 irritum
1389 2240 1418 2268 et
1451 2236 1543 2268 inane
1574 2235 1599 2268 si
1635 2247 1725 2269 secus
1755 2246 1851 2280 super
1879 2236 1928 2269 liis
1952 2247 1969 2269 a

1225 2299 1394 2333 quoquam,
1420 2288 1528 2332 quavis
1549 2289 1744 2329 auctoritate,
1769 2289 1903 2322 scienter
1922 2290 1968 2322 vel

1226 2342 1416 2385 ignoranter,
1441 2342 1609 2385 contigerit
1633 2343 1788 2376 attentari.

1270 2396 1284 2439 ξ
1308 2397 1337 2429 o.
1362 2397 1431 2429 Non
1461 2396 1658 2429 obstantibus
1690 2395 1968 2430 constitutionibus

1226 2455 1255 2483 et
1279 2450 1529 2483 ordinationibus
1545 2450 1737 2493 apostolicis,
1756 2460 1877 2484 necnon
1894 2461 1966 2483 con-

1226 2504 1444 2547 gregationum
1470 2504 1724 2548 praedictarum,
1749 2504 1842 2537 etiam
1876 2503 1965 2537 iura-

1227 2561 1341 2597 mento,
1352 2557 1591 2590 confirmatione
1604 2557 1787 2600 apostolica,
1799 2557 1846 2590 vel
1859 2557 1968 2601 quavis

1227 2611 1373 2644 tirmitate
1391 2610 1451 2643 alia
1472 2611 1637 2651 roboratis,
1657 2611 1777 2645 statutis
1798 2616 1828 2644 et
1841 2621 1968 2645 consue-

1986 217 2035 246 An.
2052 217 2081 245 C.
2099 217 2168 246 1628

2012 1661 2131 1684 clausulae.

2035 2416 2168 2438 Otistantium

1983 2443 2102 2469 derogatio.
