2269 3235
211 315 262 343 Λη.
273 314 301 342 C.
326 315 391 343 1624
439 306 502 340 146

240 1121 393 1146 Privatim-<qno

208 1148 305 1169 hortatur
317 1147 343 1167 ad
359 1153 393 1172 pta

210 1180 274 1199 opera
297 1176 315 1193 et
332 1180 392 1198 prae-

209 1207 271 1225 cipue
289 1201 315 1221 ad
334 1206 392 1224 pere-

318 1228 391 1246 sutrii·-

208 1253 307 1274 mendum
317 1253 391 1274 arden-

209 1283 257 1301 ῑιυε.

209 1228 273 1253 grint<

407 375 465 408 pax
491 375 526 397 ac
551 364 718 397 concordia
750 369 904 408 perpetuo
933 370 1145 398 conservetur.

407 417 571 451 Postremo
595 418 703 451 docete
724 429 786 457 eos,
810 429 881 450 cum
902 422 1039 452 sanctam
1060 430 1146 463 pere-

407 473 616 515 grinationem
649 473 861 516 susceperint,
885 485 946 517 qua
976 474 1146 515 modestia,

408 536 468 568 qua
493 525 668 565 devotione,
685 537 746 569 qua
771 527 925 559 fraternae
943 527 1026 570 pacis
1044 527 1148 560 obser-

408 577 509 609 vantia
525 577 666 609 conuecti
681 589 734 609 eos
750 584 902 622 oporteat,
915 585 944 611 ut
960 579 1018 611 sint
1033 580 1146 612 Christi

408 630 509 662 bonus
533 630 612 662 odor
629 630 658 662 iu
677 631 762 663 omni
783 632 860 665 loco.
877 632 1025 666 Praebete
1042 638 1146 665 autem

408 694 463 716 vos
481 682 574 726 ipsos,
592 684 704 717 fratres
721 685 923 725 venerabiles,
937 691 967 718 et
984 697 1076 719 omne
1090 687 1148 719 cle-

408 747 490 776 rum,
511 737 688 781 exemplum
714 737 745 770 in
770 739 880 782 primis
904 740 1060 772 bonorum
1078 750 1148 784 ope-

407 800 478 822 rum
504 795 534 823 et
553 790 686 823 sormam
705 792 821 834 gregis,
838 797 871 825 ut
887 798 1008 826 vestrae
1025 793 1148 826 virtutis

408 853 444 875 ac
464 843 627 886 religionis
644 845 737 877 veluti
756 845 818 877 sale
836 846 932 878 ceteri
950 846 1146 886 condiantur,

408 901 439 930 et
454 908 578 931 omnem
597 899 714 942 peccati
733 900 930 943 putredinem
945 900 1147 941 abhorreant,

409 955 438 983 et
455 951 589 995 denique
603 962 713 985 omnes
730 952 894 984 unanimes
913 953 943 984 in
960 963 1021 986 uno
1035 954 1147 997 spiritu

409 1003 596 1036 christianae
620 1005 791 1043 charitatis,
815 1010 908 1048 atque
925 1005 955 1037 in
976 1006 1061 1039 omni
1079 1017 1148 1039 san-

409 1058 514 1091 ctitate
538 1063 566 1089 et
588 1057 703 1089 iustitia
728 1057 791 1090 Deo
815 1058 997 1092 serviamus.

453 1111 468 1153 ς
493 1110 521 1143 5.
548 1110 719 1143 Hortamur
742 1122 868 1154 quoque
892 1117 920 1144 et
946 1123 1096 1156 rogamus
1118 1114 1147 1147 in

408 1164 541 1196 Domino
566 1163 769 1197 charissimos
794 1165 824 1197 in
848 1165 971 1199 Christo
995 1166 1077 1199 tilios
1097 1178 1150 1201 no-

408 1223 490 1250 stros
514 1218 738 1261 imperatorem
765 1218 920 1259 electum,
945 1230 980 1253 ac
1004 1231 1095 1263 reges
1119 1227 1148 1254 et

407 1271 566 1314 principes
590 1281 699 1303 omncs
723 1271 904 1312 catholicos,
925 1278 958 1305 ut
978 1285 1041 1317 quo
1058 1275 1148 1318 plura

408 1328 437 1357 et
462 1324 563 1367 magis
595 1324 726 1357 illustria
757 1325 909 1358 beneficia
943 1327 981 1359 ab
1006 1328 1067 1367 Eo,
1092 1340 1148 1371 per

408 1388 501 1421 quem
534 1388 626 1420 reges
650 1384 803 1420 regnant,
829 1385 1038 1423 acceperunt,
1065 1385 1148 1415 tanto

408 1430 580 1471 ardentius,
597 1434 630 1464 ut
654 1442 710 1474 par
727 1435 782 1471 est,
800 1432 837 1464 ad
856 1432 910 1465 Dei
928 1433 1062 1475 gloriam
1079 1445 1148 1477 pro-

408 1484 578 1517 curandam
603 1484 656 1528 pio
681 1485 747 1518 zelo
761 1486 955 1525 excitentur;
980 1488 1148 1531 praecipue

409 1548 483 1570 vero
508 1538 640 1570 fratrum
666 1544 847 1571 nostrorum
869 1539 1091 1583 episcoporum
1119 1546 1166 1588 et3

409 1591 610 1635 superiorum
622 1592 795 1624 antistitum
809 1594 997 1636 pastoralem
1008 1594 1150 1629 sedulita-
1165 1592 1167 1607 ”

410 1649 474 1676 tem
488 1649 518 1676 et
531 1645 723 1687 vigilantiam
738 1646 893 1687 adiuvent,
905 1652 934 1679 et
946 1647 1045 1689 magis
1058 1658 1075 1680 a
1086 1648 1150 1681 suis

411 1750 493 1791 dent,
513 1757 547 1783 ut
572 1752 793 1796 improborum
814 1753 938 1786 licentia
956 1756 1149 1796 coerceatur,

411 1809 441 1836 et
465 1805 621 1838 'bonorum
652 1806 752 1838 studia
786 1813 912 1840 eorum*
928 1809 1013 1851 regia
1037 1820 1096 1852 ope
1121 1815 1150 1842 et

410 1857 511 1899 gratia
534 1858 714 1899 soveantur;
735 1860 871 1893 maxime
888 1865 991 1894 autem
1008 1873 1082 1905 erga
1100 1874 1151 1906 pe-

411 1970 588 2005 exerceant,
613 1973 784 2010 curentque
801 1973 833 2000 ut
852 1968 926 2001 tutis
943 1969 1088 2002 incedant
1106 1970 1152 2003 iti-

984 318 1161 341 BULLAIHUM
1187 319 1338 342 ROMANUM

1166 1854 1168 1874 ³
1185 1859 1281 1892 lectae
1305 1865 1334 1893 et
1355 1861 1543 1904 publicatae
1565 1863 1699 1905 fuerunt
1719 1863 1753 1895 in
1771 1863 1857 1896 atrio
1873 1863 1927 1896 ba-

410 1911 555 1954 regrinos
591 1912 829 1946 beneficentiam
865 1920 894 1947 et
930 1906 1168 1959 liberalitatem]

1933 325 1982 351 An.
1995 325 2024 352 C.
2050 327 2117 354 1624

1224 366 1240 409 ξ,
1264 365 1293 399 6.
1319 366 1357 399 Ut
1373 376 1448 399 vero
1465 371 1645 410 praesentes
1662 367 1785 403 litterae
1800 369 1838 403 ad
1855 381 1919 405 om-
1960 389 2064 415 Εωηψη,
2078 389 2118 410 m..

1180 419 1266 451 nium
1292 419 1431 452 fidelium
1450 419 1481 452 in
1498 419 1749 465 quibuscumque
1765 423 1842 456 locis
1858 425 1920 457 exi·
1933 416 1965 463 ,Ἧῖ
1979 416 2117 464 ῗΓῖῗῧωξὲῗζῖ

1181 472 1344 506 stentium¹
1359 473 1500 506 notitiam
1518 473 1638 506 facilius
1655 475 1848 517 perveniant,
1866 487 1919 510 vo-
1934 469 1976 490 ‘¹³¹'

1181 526 1285 558 hunus
1309 536 1417 558 earum
1443 527 1605 570 exemplis,
1625 527 1718 559 etiam
1741 527 1918 572 impressis,

1182 589 1275 611 manu
1299 579 1412 611 notarii
1438 579 1553 623 publici
1579 580 1775 624 subscriptis,
1793 591 1828 614 ac
1851 593 1921 625 per-

1181 642 1274 664 sonae
1291 632 1322 664 in
1339 632 1490 675 dignitate
1507 633 1717 665 ecclesiastica
1735 633 1920 668 constitutae

1181 685 1285 727 sigillo
1316 686 1465 725 munitis,
1495 686 1638 719 eamdem
1670 697 1802 730 prorsus
1826 687 1920 721 fidem

1180 738 1301 777 haberi,
1325 749 1404 782 quae
1429 739 1598 772 haberetur
1618 739 1727 772 iisdem
1752 740 1922 784 praesenti-

1181 791 1250 831 bus,
1274 791 1299 823 si
1324 791 1481 825 exhibitae
1494 793 1597 826 forent
1613 793 1661 825 vel
1677 798 1830 826 ostensae.

1226 845 1241 887 5
1265 844 1294 877 7.
1319 845 1402 878 Nulli
1431 855 1509 888 ergo
1536 845 1665 880 omnino
1693 846 1857 880 hominum
1887 846 1921 880 li-

1182 902 1249 930 ceat
1280 898 1361 931 hanc
1391 899 1537 942 paginam
1569 903 1694 933 nostrae
1724 900 1920 942 indictionis,

1181 951 1455 994 promulgationis,
1486 952 1708 995 concessionis,
1732 953 1921 998 impartitio-

1181 1004 1239 1041 nis,
1264 1004 1466 1044 hortationis,
1490 1005 1663 1047 rogationis
1693 1012 1724 1040 et
1753 1008 1921 1042 voluntatis

1183 1057 1365 1100 intringere,
1380 1058 1427 1090 vel
1441 1058 1468 1090 ei
1480 1068 1557 1091 ausu
1570 1060 1741 1093 temerario
1753 1061 1921 1095 contraire.

1182 1110 1212 1143 Si
1238 1110 1308 1154 quis
1332 1115 1435 1143 autem
1453 1110 1513 1143 hoc
1537 1116 1690 1145 attentare
1706 1123 1924 1158 praesumpse-

1182 1164 1241 1203 rit,
1267 1163 1514 1207 indignationem
1539 1165 1764 1210 omnipotentis
1788 1167 1864 1208 Dei,
1888 1178 1924 1202 ac

1182 1217 1345 1250 beatorum
1364 1218 1446 1251 Petri
1463 1223 1493 1251 et
1510 1219 1596 1252 Pauli
1613 1220 1829 1264 apostolorum
1846 1221 1923 1263 eius,
2230 1246 2243 1257 .

1183 1282 1215 1304 se
1235 1271 1358 1304 noverit
1382 1271 1594 1305 incursurum.

1225 1325 1336 1357 Datum
1362 1326 1489 1366 Romae,
1514 1326 1597 1369 apud
1622 1325 1650 1359 S.
1677 1327 1816 1368 Petrum,
1842 1338 1923 1362 anno

1183 1378 1408 1411 incarnationis
1429 1379 1611 1412 Dominicae
1632 1389 1785 1421 tincxx1V,
1810 1391 1844 1415 111
1868 1382 1924 1415 ka-

1182 1432 1290 1465 lendas
1310 1432 1394 1473 maii,
1414 1433 1616 1476 pontificatus
1632 1434 1732 1467 nostri
1750 1445 1831 1469 anno
1848 1445 1868 1469 1.

2099 522 2110 535 1

1967 866 2054 888 Sanctio
2069 872 2118 894 poo-

1934 894 1996 914 nabs.

1217 1503 1276 1530 Dat.
1297 1503 1340 1531 die
1360 1504 1393 1531 29
1413 1504 1506 1539 aprilis
1527 1505 1605 1540 1624,
1626 1505 1721 1541 pontis.
1743 1514 1814 1534 anno
1833 1515 1853 1534 1.

1226 1592 1324 1625 Anno
1336 1603 1356 1625 a
1368 1593 1551 1627 Nativitate
1563 1594 1700 1627 Domini
1712 1605 1863 1636 iuncxx1V‚
1877 1597 1926 1630 in-

1165 1644 1307 1691 vditione
1332 1656 1392 1687 vn,
1417 1647 1469 1679 die
1492 1658 1564 1680 rero
1588 1658 1642 1681 ΧΠ
1667 1649 1768 1689 maii,
1793 1649 1926 1692 pontifi-

411 1698 647 1740 magistratibus
669 1709 704 1732 ac
729 1700 881 1733 ministris
905 1701 1045 1734 adiuvari
1067 1695 1167 1734 man-³

1166 1746 1319 1786 ³D01nini
1348 1755 1452 1787 nostri
1480 1755 1518 1788 D.
1547 1755 1672 1788 Urbani
1700 1756 1812 1799 Papae
1844 1756 1929 1790 VIII

1183 1703 1273 1732 catus
1298 1699 1506 1733 Sanctissimi
1538 1701 1574 1734 in
1600 1702 1728 1736 Christo
1752 1702 1866 1735 Patris
1897 1706 1926 1736 et

1184 1817 1271 1839 anno
1285 1817 1311 1847 1,
1335 1808 1579 1852 suprascriptae
1593 1809 1720 1841 litterae
1733 1809 1927 1853 apostolicae

1184 1914 1296 1947 silicae
1319 1914 1489 1958 Principis
1520 1916 1740 1959 apostolorum
1773 1915 1810 1949 de
1844 1916 1927 1950 Urbe

1182 1978 1241 2011 per
1264 1979 1313 2001 me
1338 1969 1589 2013 infrascriptum
1610 1969 1866 2003 abbreviatorem
1888 1970 1927 2004 de

410 2019 558 2059 neribus,
583 2025 612 2052 et
640 2021 725 2053 nulla
757 2021 921 2054 hominum
953 2023 1150 2066 perditorum
1167 2058 1168 2074 χ
1184 2022 1288 2056 eurici.

410 2073 572 2106 vexatione
596 2075 838 2117 perturbentur;
865 2075 918 2107 sed
933 2076 1168 2121 hospitalibus„
1232 2103 1434 2137 Amusrmns
1452 2104 1624 2137 HURANDUS
1652 2104 1738 2137 ΑΜΕ
1765 2104 1803 2137 de
1820 2104 1912 2139 Curi&

410 2125 557 2159 domibus
574 2132 603 2159 et
627 2127 761 2170 publicis
779 2128 922 2171 hospitiis
945 2135 1086 2163 amanter
1103 2126 1168 2174 ex-l3
1274 2129 1275 2132 ’
1628 2132 1635 2145 '
1741 2131 1747 2137 ”
1918 2131 1923 2137 ’

411 2180 502 2224 cepti,
520 2186 550 2213 et
566 2187 742 2214 commeatu
767 2187 797 2215 et
821 2182 916 2215 rebus
932 2182 970 2215 ad
989 2183 1083 2215 vitam
1101 2194 1151 2216 ne·
1166 2206 1167 2237 t
1227 2185 1326 2218 Anno
1343 2184 1478 2218 Domini
1501 2195 1653 2225 itincxxtv,
1671 2185 1851 2219 indictione
1870 2195 1925 2227 vn,

410 2235 555 2268 cessariis
580 2236 732 2276 recreati,
757 2237 822 2269 sine
847 2238 910 2270 ulla
944 2238 1149 2271 concussione
1166 2242 1167 2277 t
1184 2238 1236 2270 ilie
1259 2247 1325 2270 xvu
1356 2238 1449 2278 maii,
1482 2238 1694 2281 pontificatus
1718 2239 1928 2272 Sanctissimi

411 2294 441 2323 et
465 2289 580 2323 iniuria
601 2290 777 2324 institutum
802 2291 861 2325 iter
885 2291 957 2324 laeti
981 2298 1149 2335 peragant,
1165 2280 1168 2319 l
1183 2292 1319 2325 Domini
1334 2292 1438 2324 nostri
1460 2291 1584 2325 Urbani
1606 2292 1697 2332 VIII,
1715 2293 1927 2336 pontificatus

411 2349 441 2376 et
465 2355 535 2376 cum
557 2344 671 2386 gaudio
705 2344 736 2376 in
765 2344 899 2388 patriam
932 2350 1148 2379 revertantur:

410 2397 459 2430 his
476 2398 559 2431 enim
578 2398 688 2431 hostiis
705 2409 796 2441 reges
812 2399 1010 2442 potissimum
1026 2405 1053 2433 et
1068 2400 1150 2444 prin-

411 2452 496 2494 cipes
516 2452 613 2484 Deum
638 2452 695 2484 sibi
726 2453 909 2496 placabilem
941 2454 1092 2495 reddent,
1118 2458 1150 2489 ut

411 2503 463 2536 diu
490 2506 518 2536 in
544 2505 637 2537 terris
662 2505 767 2538 felices
788 2505 899 2545 vivant,
918 2512 947 2539 et
970 2507 1098 2540 demum
1118 2507 1149 2540 in

410 2562 536 2591 aeterna
565 2558 763 2592 tabernacula
795 2560 987 2604 recipiantur
1018 2561 1057 2593 ab
1090 2561 1150 2594 illis

411 2610 487 2655 ipsis
503 2612 705 2655 pauperibus,
719 2623 794 2655 erga
807 2624 886 2657 quos
899 2614 1149 2648 misericordiam

412 2665 630 2706 exercuerint,
656 2666 687 2699 in
711 2667 825 2710 quibus
849 2667 989 2702 Christus
1013 2668 1151 2712 pascitur
1187 2670 1330 2699 terarum
1355 2665 1575 2709 origJinalibas
1606 2667 1757 2710 appensis
1782 2677 1841 2710 per
1863 2667 1927 2700 ali-

412 2722 443 2750 εἰ
466 2718 611 2750 nutritur.

1181 2399 1366 2443 publicatae
1390 2403 1419 2431 et
1442 2399 1561 2442 affixae
1583 2400 1717 2442 suerunt
1748 2399 1789 2432 ad
1816 2400 1927 2434 valvas
2264 2415 2267 2437 ι

1183 2346 1236 2378 sni
1259 2355 1288 2386 i,
1315 2345 1558 2389 suprascriptae
1583 2345 1710 2378 litterae
1734 2346 1928 2390 apostolicae

1185 2453 1394 2486 basilicarum
1419 2452 1451 2486 S.
1479 2452 1615 2485 Ioannis
1639 2452 1870 2486 Lateranensis
1898 2457 1928 2487 et

1188 2505 1350 2549 Principis
1374 2506 1593 2549 apostoloram
1618 2505 1656 2538 de
1683 2506 1775 2547 Urbe,
1796 2517 1833 2540 ac
1853 2517 1928 2541 can·

1183 2559 1335 2592 cellariae
1359 2559 1575 2603 apostolicae,
1607 2563 1635 2592 et
1660 2561 1694 2592 in
1718 2559 1788 2593 acie
1812 2560 1928 2604 Campi

1183 2612 1313 2652 Florae,
1341 2612 1486 2645 cliniissis
1514 2612 1636 2645 ibidem
1664 2612 1851 2645 earumdem
1877 2613 1928 2647 lit-

1223 2730 1231 2755 1
1253 2728 1319 2756 Male
1335 2729 1398 2756 edit.
1416 2728 1494 2756 Main.
1514 2729 1577 2765 legit
1590 2730 1780 2757 caeistentibus
1793 2730 1830 2766 (n.
1842 2729 1891 2764 τ.).
2262 2743 2264 2759 ι
