2269 3235
280 203 328 231 Λη.
345 203 373 230 C.
396 204 462 231 10⁹2ss
509 195 572 227 (1(ἲῦ

298 254 302 258 ”
479 264 572 296 super
604 253 843 297 quomodolibet
874 254 1113 296 intervenerint,
1144 266 1218 299 sup-

479 306 608 349 plenius.

524 359 538 401 ᾗ
563 360 591 390 t).
621 359 782 391 Praeterea
813 359 954 391 eamdem
981 359 1219 393 confraternita-

280 428 321 446 11..-
401 406 463 446 -,.’·’]ἶ
480 418 551 454 tem,
570 424 640 445 eum
659 412 803 444 <mutibus
824 418 850 445 et
870 413 1000 455 singulis
1019 413 1219 457 indulgentiis

280 455 514 501 i'fsiim-nu·iii-'fii'ac
539 471 739 509 peccatorum
774 466 1014 499 remissionilms
1045 472 1074 499 ct
1110 467 1218 511 poeni-

280 507 325 528 s⁶¹⁴⁴
481 520 647 551 teutiarum
675 519 921 552 relaxationilms
946 520 989 552 illi
1015 524 1072 564 pei*
1095 531 1162 563 nos,
1188 526 1221 554 ut

480 584 584 616 supra,
603 573 769 615 concessis,
788 584 803 605 a
822 573 980 617 praedicta
1001 575 1131 607 ecclesia
1152 586 1221 607 san-

480 626 520 657 cti
545 626 663 658 nicolai
689 627 726 658 ad
751 627 914 669 ecclesiam
941 628 969 659 S.
992 627 1148 660 Laurentii
1166 629 1222 661 1111-

480 680 639 720 iusmodi,
673 691 795 714 necnon
832 681 1060 724 indulgentiam
1101 687 1220 726 septem

480 743 635 765 annorum
665 737 695 767 et
724 734 853 767 totidem
887 735 1162 778 quadragenarum
1191 736 1222 768 in

480 786 699 830 Conceptionis
735 788 844 821 Boutae
881 789 993 821 Mariae
1026 789 1160 831 Virginis
1193 794 1223 821 01,

481 840 578 873 sancti
596 841 719 873 Antonii
739 842 822 874 sestis
840 842 950 874 dicbus
967 854 1022 885 per
1039 853 1095 875 nos
1113 843 1222 875 simili-

482 899 529 927 tcr
546 905 735 935 concessam,
754 896 791 927 ad
810 895 948 928 ciusdem
969 896 997 928 S.
1016 896 1175 928 Laurentii
1193 902 1222 928 et

482 948 510 982 S.
531 948 688 993 Hippolyti
707 950 801 982 festos
819 949 885 981 dies
903 949 961 992 (ita
980 955 1011 981 ut
1030 949 1129 982 dictae
1148 960 1220 982 con-

482 1000 684 1033 fraternitatis
706 1002 879 1035 confratres
904 1002 1077 1045 praemissa
1095 1002 1125 1034 111
1148 1002 1222 1046 ipsis

482 1055 567 1087 sestis
591 1055 711 1095 dicbus,
729 1055 767 1087 ad
792 1066 871 1099 quos
897 1055 1068 1095 translatio,
1086 1056 1222 1096 utinsra,

482 1108 554 1149 fiet,
585 1109 792 1152 adimplentes
823 1110 965 1142 eamdem
998 1109 1222 1152 indulgentiam

483 1172 613 1204 prorsus
645 1163 890 1206 consequantur)
916 1163 1101 1196 auctoritate
1126 1168 1155 1196 et
1180 1168 1223 1196 tc—

483 1225 560 1248 nore
585 1216 732 1258 pract'atis
758 1217 983 1249 transferimus.

528 1269 543 1311 g
568 1268 618 1301 to.
645 1270 853 1302 Decernentes
873 1270 1045 1313 praemissa
1070 1269 1175 1303 omnia
1195 1275 1224 1302 et

484 1321 605 1364 singula
635 1333 756 1356 necnon
786 1328 968 1367 praesentes
996 1323 1115 1356 litteras
1140 1327 1170 1357 ct
1194 1324 1224 1356 in

484 1375 528 1407 eis
553 1381 697 1409 contenta
715 1388 932 1420 quaecumque
958 1378 1067 1418 valida,
1086 1377 1176 1410 tirma
1196 1383 1225 1410 ct

484 1429 621 1462 efficacia
647 1431 779 1463 cxistcrc
804 1436 833 1463 et
858 1432 933 1473 fore7
959 1441 1095 1475 suosque
1123 1432 1227 1475 plena-

484 1482 548 1515 rios
563 1488 592 1515 et
607 1483 746 1526 integros
764 1484 892 1517 effectus
906 1485 1012 1517 sortiri
1026 1489 1056 1517 et
1073 1485 1225 1527 obtinere,

485 1547 520 1569 ac
545 1537 645 1569 eidem
679 1538 928 1570 confraternitati
959 1539 988 1570 in
1021 1539 1168 1572 omnibus
1197 1544 1227 1572 et.

486 1601 543 1634 per
567 1591 672 1623 onmia
696 1592 876 1635 plenissime
901 1592 1076 1635 suffragari.

531 1645 545 1688 g
570 1645 620 1677 11.
647 1645 759 1689 Sicquc
783 1657 840 1689 per
865 1657 1082 1691 quoscumque
1107 1647 1226 1681 iudices

487 1698 665 1732 ordinarios
689 1704 719 1732 et
743 1700 912 1742 delegatos,
938 1701 1030 1733 ctiam
1058 1712 1225 1734 causarum

488 1752 593 1795 palatii
612 1753 776 1796 apostolici
797 1753 965 1794 auditores,
983 1754 1113 1787 indicari
1132 1759 1161 1787 et
1178 1754 1227 1787 dc-

488 1804 571 1837 finiri
589 1805 716 1846 debere,
733 1817 768 1839 ac
786 1806 910 1839 irritum
928 1810 957 1840 et
974 1807 1076 1847 inane,
1096 1807 1120 1840 si
1139 1818 1227 1841 secus

489 1869 582 1902 super
602 1859 651 1892 his
675 1870 692 1892 a
716 1870 885 1903 quoquam,
907 1861 1014 1904 quavis
1032 1861 1226 1903 auctoritate,

490 1912 625 1945 scienter
649 1913 696 1946 vel
721 1913 913 1956 ignoranter,
939 1914 1107 1957 contigerit
1131 1920 1229 1947 atten-

491 1965 558 1998 tari.

535 2021 549 2063 g
574 2020 624 2053 1102.
650 2021 719 2054 Non
744 2021 940 2055 obstantibus
971 2021 1170 2065 praemissis7
1196 2032 1231 2055 ac

491 2074 766 2108 constitutionibus
791 2080 820 2108 et
843 2075 1094 2109 ordinationibus
1110 2081 1233 2120 aposto-

491 2128 569 2171 licis,
587 2139 719 2169 necnon,
733 2134 886 2172 quatenus
900 2140 978 2173 opus
992 2129 1040 2170 sit,
1050 2130 1232 2162 monasterii

493 2187 521 2215 et
539 2183 793 2225 congregationis
813 2182 991 2216 huiusmodi
1018 2183 1123 2226 (etiam
1150 2183 1233 2216 iura-

494 2241 608 2277 mento,
628 2235 867 2269 confirmatione
888 2236 1072 2280 apostolica,
1090 2237 1137 2269 vel
1162 2247 1235 2280 qna-

494 2289 538 2321 ris
573 2289 721 2321 firmitate
754 2289 813 2322 1111ῑὶ
842 2290 1019 2333 roboratis)
1050 2290 1172 2323 statutis
1206 2295 1235 2325 et

495 2342 782 2384 consuetudinibus,
800 2343 975 2386 privilegiis
988 2354 1123 2387 quoque,
1138 2343 1235 2376 indul-

497 2401 533 2427 tis
566 2400 595 2427 ct
627 2395 737 2428 litteris
767 2396 948 2440 apostolicis
978 2397 1008 2429 in
1040 2398 1233 2430 contrarium

497 2448 741 2491 praemissorum
781 2450 1019 2493 quomodolibet
1058 2451 1234 2492 concessis,

498 2502 690 2535 confirmatis
714 2508 743 2535 et
768 2503 928 2537 innovatis.
950 2505 1070 2544 Quibus
1090 2505 1236 2538 omnibus

500 2559 527 2585 ct
553 2555 693 2598 singulis,
711 2566 821 2589 corum
841 2558 982 2590 omnium
1000 2563 1126 2591 tenores
1146 2569 1236 2602 prae-

501 2608 637 2641 sentibus
654 2619 712 2652 pro
729 2610 819 2654 plene
836 2616 865 2644 et
878 2611 1069 2646 sufficienter
1082 2613 1238 2657 expressis

306 374 330 393 1·ἶὶ
348 379 358 392 ι’
400 381 403 393 1
432 382 438 393 1

279 403 345 421 nunh-

325 428 344 447 in

319 460 331 473 u

311 1275 428 1296 clausulae.

361 2021 474 2047 Douganii

292 2051 454 2070 contrariorum.

1056 207 1234 231 BULLARIUM
1258 208 1413 233 ROMANUM

1251 256 1423 297 babentes,
1448 256 1508 289 illis
1533 257 1607 291 alias
1632 258 1663 291 in
1687 268 1744 292 suo
1778 259 1894 294 robore
1917 270 1989 305 per-

1252 309 1418 351 mansuris,
1435 311 1493 343 bac
1510 311 1576 344 vice
1597 311 1757 345 dumtaxat
1769 314 1945 356 specialiter
1961 319 1991 349 et

1253 373 1398 406 expresse
1415 363 1614 408 derogamus,
1633 365 1808 409 ceterisque
1825 368 1991 401 contrariis

1254 416 1514 460 quilmseumque.

1298 470 1408 501 Datum
1435 471 1561 513 nomae,
1585 470 1667 513 apud
1691 471 1721 504 S.
1745 471 1873 504 Mariam
1898 472 1992 507 Maio-

1255 532 1332 563 rem,
1353 523 1411 554 sub
1438 523 1553 556 annulo
1578 523 1754 564 Piscatoris,
1769 524 1819 557 die
1842 535 1895 557 >nv
1916 525 1992 558 iunii

1255 586 1429 617 iuncxxvm,
1454 576 1655 620 pontificatus
1678 577 1778 611 nostri
1799 587 1880 612 anno
1898 589 1926 612 v.

1292 638 1350 666 Dat.
1368 639 1410 666 die
1429 639 1460 666 11
1475 639 1542 667 iunii
1560 639 1643 674 1628,
1665 639 1757 675 pontif.
1776 647 1845 668 anno
1861 647 1887 667 v.

1555 755 1698 789 CCXCIII.

1256 826 1359 870 Super
1373 826 1603 870 prohibitione,
1620 837 1658 860 ne
1671 827 1848 860 sacerdotes
1862 827 1996 861 Ordinis

1300 878 1332 911 S.
1350 879 1486 911 Ioannis
1518 879 1625 922 officia
1657 880 1818 920 habeant,
1848 881 1997 924 sequitur

1301 932 1489 971 dcclaratm,
1511 943 1594 975 quae
1611 933 1798 965 nonm'nibus
1815 933 1997 976 officiorum

1302 989 1329 1017 et
1360 985 1563 1028 dz‘synz'tsztzcm
1593 985 1810 1028 iuteltiqenda
1844 987 1930 1027 sint,
1961 997 1998 1019 ac

1300 1048 1480 1082 yioenarmn
1504 1039 1643 1081 ‘inflictio
1660 1038 1852 1082 eligentibus
1876 1050 1912 1072 ac
1937 1039 1997 1072 ele-

1302 1092 1361 1124 ctis
1398 1096 1510 1125 contra
1539 1092 1679 1135 formam
1714 1092 1812 1125 huius
1841 1093 1997 1126 constitu:

1258 1149 1261 1153 '
1304 1145 1411 1178 tionis.

1459 1217 1595 1244 Urbanus
1617 1217 1695 1252 Papa
1715 1218 1792 1251 vm,

1376 1261 1411 1288 ad
1432 1265 1608 1296 perpetuam
1627 1262 1671 1289 rei
1691 1262 1873 1290 memoriam.

1304 1324 1318 1367 g
1343 1323 1371 1355 1.
1402 1323 1484 1356 Alias
1509 1323 1620 1366 (seticis
1652 1324 1879 1357 recordationis
1904 1325 1999 1358 Paulo

1260 1377 1359 1421 Papae
1385 1377 1405 1409 V
1430 1377 1670 1420 praedecessori
1695 1381 1885 1421 nostro-pro
1910 1384 2000 1422 parte

1260 1436 1332 1464 tunc
1357 1431 1516 1464 existentis
1541 1430 1649 1464 vicarii
1674 1432 1829 1474 generalis
1864 1437 1893 1464 et
1925 1443 1999 1466 con—

1259 1485 1391 1518 fratrum
1415 1484 1675 1527 Congrcgationis
1698 1484 1822 1518 Ioannis
1838 1486 1893 1518 Dei
1909 1497 2002 1530 expo-

1260 1539 1334 1579 sito,
1360 1539 1445 1582 quod
1469 1549 1578 1571 omncs
1603 1539 1715 1572 domus
1739 1540 1902 1582 regulares
1926 1540 2002 1574 Con-

1260 1592 1452 1635 gregationis
1469 1592 1646 1636 praedictae
1672 1603 1786 1635 magna
1803 1593 2003 1627 incommoda

1261 1651 1289 1679 et
1304 1646 1417 1678 damna
1433 1646 1631 1689 patiebantur
1649 1656 1685 1678 ex
1700 1656 1747 1687 co,
1766 1646 1849 1689 quod
1867 1647 2002 1689 quadam

1261 1698 1484 1732 constitutione
1518 1699 1587 1742 piae
1628 1698 1799 1732 memoriae
1836 1700 2003 1733 Clementis

1262 1753 1361 1796 Papae
1381 1753 1461 1793 VIII,
1487 1752 1580 1785 ctiam
1609 1752 1861 1796 praedecessoris
1885 1754 2003 1795 nostri,

1262 1807 1319 1839 sub
1337 1807 1443 1839 datum
1462 1806 1512 1839 die
1529 1808 1610 1839 nona
1629 1806 1817 1850 septembris
1837 1807 2004 1841 millesimo

1262 1860 1515 1903 quingentesimo
1539 1860 1856 1903 nonagesimosexto‚
1878 1861 2005 1904 pontifi-

1263 1919 1349 1946 catus
1375 1913 1423 1945 sui
1448 1923 1529 1946 anno
1549 1923 1578 1955 v,
1605 1913 1686 1946 inter
1705 1913 1774 1956 alia,
1795 1914 2006 1947 confratribus

1264 1967 1364 1999 dictae
1384 1966 1643 2009 Congrcgationis
1667 1977 1813 1999 ascensus
1838 1966 1876 1999 ad
1900 1977 2006 2001 sacros

1265 2020 1396 2054 Ordines
1413 2021 1596 2054 interdictus
1613 2025 1679 2054 erat
1686 2032 1693 2061 3
1709 2021 1862 2065 siquidem
1880 2021 2008 2066 presby-

1265 2079 1350 2107 teros
1367 2074 1535 2115 seculares,
1553 2074 1606 2118 qui
1623 2085 1798 2118 pauperum
1813 2075 1844 2107 in
1861 2075 2006 2108 domibus

1266 2128 1433 2172 praedictis
1457 2131 1662 2171 exceptorum
1687 2128 1898 2161 consessiones
1922 2128 2008 2161 audi-

1267 2187 1353 2223 rent,
1379 2186 1574 2214 sacramenta
1604 2181 1820 2214 ministrarent
1844 2187 1873 2214 et
1897 2182 2007 2225 agoni-

1267 2235 1404 2268 zantium
1437 2235 1556 2267 animas
1592 2234 1798 2278 omnipotenti
1829 2235 1883 2268 Dei
1915 2246 2004 2269 com-

1268 2289 1463 2329 mendarent,
1477 2288 1591 2321 babere
1606 2286 1693 2321 valde
1707 2288 1954 2332 dispendiosum,
1968 2294 2008 2331 et,

1268 2343 1352 2387 quod
1377 2342 1515 2375 deterius
1532 2347 1608 2384 erat,
1626 2342 1699 2375 dicti
1720 2343 1896 2387 presbytcri
1920 2353 2009 2376 secu·

1269 2397 1360 2437 lares,
1372 2401 1443 2440 post
1456 2396 1649 2429 celebratum
1666 2396 1704 2428 ab
1715 2395 1758 2428 eis
1775 2401 2009 2429 sacrosanctum

1270 2451 1383 2483 missac
1404 2449 1605 2492 sacrificium,
1630 2459 1647 2482 a
1671 2449 1840 2493 praedictis
1864 2449 2010 2483 domibus

1270 2503 1469 2547 regularibus
1486 2514 1545 2547 pro
1570 2503 1682 2536 maiori
1702 2508 1791 2546 parte
1816 2503 1878 2536 diei
1898 2508 1929 2536 et
1947 2505 2011 2538 tota

1270 2562 1363 2591 nocte
1396 2557 1546 2599 aberant,
1570 2556 1602 2589 in
1631 2557 1803 2589 maximum
1835 2557 2010 2589 animarum

1271 2612 1427 2646 dictorum
1456 2621 1631 2655 pauperum
1658 2610 1902 2655 praeiudicium)
1926 2609 2010 2643 idern

2004 213 2052 241 An.
2069 214 2097 241 C.
2120 214 2187 242 1628

2042 1338 2119 1358 Paulus
2134 1337 2152 1358 V
2167 1338 2198 1359 iu-

2015 1365 2076 1385 dntsit
2086 1364 2136 1385 utin
2146 1370 2198 1391 qua-

2015 1391 2199 1417 bbetdomoregu·

2015 1418 2054 1438 tari
2069 1418 2132 1439 huius
2147 1417 2199 1438 Con-

2016 1444 2145 1471 greganouts
2175 1449 2200 1464 11-

2016 1477 2054 1491 11115
2094 1471 2200 1491 consi-ater

2016 1498 2044 1518 ad
2060 1503 2131 1518 saci-os
2146 1496 2200 1518 ordi-

2016 1530 2053 1544 nes
2082 1523 2201 1550 promoveri

2017 1554 2095 1578 posset.
