2269 3235
119 254 169 281 An.
186 253 215 280 C.
234 252 301 281 1625

148 475 300 496 Examinatori·

116 503 156 524 bus
208 504 301 531 statutae

117 534 206 556 poenae,
214 534 230 548 si
241 534 301 549 mini-

117 561 150 576 mo
165 555 252 576 idoneos
263 560 301 581 ap-

117 582 262 609 probaverint.

160 1061 299 1091 Approbatio7

115 1094 167 1112 nos.
192 1094 253 1109 secus
282 1094 299 1108 si

116 1117 166 1137 fiant
183 1117 299 1137 irritantur.

142 1436 260 1458 Ctausulae.

168 1917 301 1937 obstantium

116 1944 234 1969 derogatio.

930 252 1072 278 tinnANUs
1097 254 1153 278 vul
1178 254 1224 278 1¹1².

316 300 566 344 praecipiuntur,
593 302 787 334 examinatus
811 306 841 335 et.
865 302 1057 345 approbatus

317 353 421 394 suerit,
441 354 611 398 apostolica
628 355 822 396 auctoritate,
840 359 948 387 tenore
966 364 1056 397 prae-

316 407 461 448 sentium,
487 408 652 441 statuimus
677 413 707 441 et.
728 407 921 441 ordinamus.

361 459 376 502 ξ
399 458 428 492 3.
455 459 633 493 Mandantes
652 465 820 503 propterea
844 458 962 491 eisdem
988 468 1058 491 cxa-

317 512 535 555 minatoribus,
549 516 582 546 ut
597 513 785 556 praefertur,
805 511 1000 555 deputandis,
1027 511 1057 543 in

317 561 430 599 virtute
447 571 571 600 sanctae
588 565 793 607 obedientiae,
809 575 844 597 ae
861 564 920 598 sub
937 575 1058 598 excom-

316 620 537 654 municationis
555 648 561 663 ,
596 629 718 653 necnon
753 619 937 663 privationis
973 619 1057 652 vocis

316 673 433 706 activae
451 678 481 707 et
497 672 646 717 passivae,
665 672 862 715 aliorumque
879 672 1055 705 officiorum

316 736 372 771 per
388 737 441 760 eos
458 726 667 768 obtentorum,
682 725 750 770 ipso
763 726 845 758 facto
859 725 1056 759 incurrendis

316 780 437 824 poenis,
451 790 489 813 ne
506 779 687 824 quempiam
703 778 827 811 Ordinis
843 782 872 811 et
884 778 1057 822 provincia-

316 844 387 866 rum
419 832 600 866 huiusmodi
634 832 817 875 religiosum
852 832 993 867 doctrina
1027 837 1057 865 et

315 887 435 920 meritis
451 885 678 920 sufficientibus
691 886 730 918 ad
743 885 922 919 huiusmodi
940 885 1057 929 gradus

315 939 531 983 suscipiendos
555 949 617 973 non
638 939 816 983 praeditum
833 939 1056 983 quoquomodo

315 993 492 1037 approbent
516 994 563 1026 vel
588 992 762 1025 admittant.

359 1047 375 1091 ἓ
391 1046 420 1079 4.
438 1047 476 1080 Et
492 1047 697 1080 nihilominus
713 1057 928 1091 quascumque
952 1047 1058 1080 huius-

316 1100 401 1134 modi
418 1100 660 1144 approbationes
677 1105 730 1133 aut
751 1100 790 1133 ad
807 1101 922 1143 gradus
943 1101 1057 1133 admis-

316 1154 419 1187 siones
437 1159 546 1187 contra
562 1154 774 1198 praesentium
795 1159 937 1187 tenorem
959 1155 1056 1198 (quod

314 1208 407 1251 absit)
421 1208 683 1252 quandocumque
693 1211 746 1242 aut
759 1207 1056 1253 quomodocumque

314 1261 480 1303 faciendas,
505 1262 606 1294 nullas
629 1271 760 1305 prorsus
773 1266 803 1294 et
816 1261 978 1302 invalidas,
992 1262 1058 1294 nul-

314 1314 437 1359 liusque
460 1315 585 1348 roboris
611 1320 640 1347 et
664 1315 815 1348 momenti
838 1315 905 1348 fore
922 1320 952 1348 et
973 1325 1055 1356 esse,

314 1380 350 1402 ae
373 1369 450 1402 nulli
470 1379 601 1412 prorsus
626 1368 792 1411 suffragari
816 1366 922 1412 posse,

333 1463 339 1468 ι
359 1422 373 1466 ἓ
393 1422 422 1455 5.
441 1422 564 1465 Sicque,
582 1426 612 1454 et
628 1432 691 1454 non
708 1422 808 1463 aliter,
826 1422 857 1454 in
874 1422 1057 1466 praemissis

313 1486 370 1520 per
394 1485 610 1519 quoscumque
628 1475 746 1508 iudices
768 1475 945 1509 ordinarios
962 1481 991 1509 et
1006 1476 1058 1509 de-

314 1531 434 1573 legatos
458 1529 552 1562 etiam
577 1539 743 1562 causarum
768 1530 872 1573 palatii
892 1530 1056 1573 apostolici

314 1583 474 1617 auditores
498 1583 630 1617 iudicari
655 1588 685 1616 et
705 1583 828 1616 definiri
846 1583 972 1623 debere,
989 1594 1057 1616 nec-

314 1647 378 1671 non
401 1637 528 1670 irritum
554 1642 583 1670 et
607 1637 698 1669 inane
722 1636 873 1680 quicquid
892 1647 981 1669 secus
1006 1647 1057 1669 su-

315 1702 370 1735 per
394 1691 443 1724 his
468 1701 485 1724 a
509 1701 691 1735 quoquam,
717 1690 826 1734 quavis
849 1690 1034 1723 auctoritate
1049 1718 1056 1731 ,

315 1744 449 1778 scienter
473 1744 522 1777 vel
545 1744 739 1787 ignoranter,
764 1743 932 1786 contigerit
956 1749 1057 1777 atten-

316 1798 385 1840 tari,
401 1798 586 1832 auctoritate
604 1803 634 1831 et
649 1803 758 1831 tenore
779 1797 992 1841 praesentium
1009 1797 1058 1831 de-

317 1852 476 1886 cernimus
500 1857 530 1884 et
553 1851 759 1885 declaramus.

360 1905 376 1949 5
392 1905 421 1938 6.
440 1906 508 1939 Non
526 1905 721 1939 obstantibus
735 1904 1011 1939 constitutionibus
1028 1911 1058 1938 et

317 1958 565 1992 ordinationibus
590 1959 787 2003 apostolicis,
818 1969 871 1999 ac,
904 1963 1057 2002 quatenus

316 2022 395 2056 opus
420 2012 468 2054 sit,
493 2012 617 2046 Ordinis
642 2018 672 2045 et
695 2012 932 2057 provinciarum
954 2013 1058 2046 huius-

316 2066 401 2100 modi
413 2066 520 2109 (etiam
535 2065 721 2107 iuramento,
735 2067 975 2101 confirmatione
987 2078 1058 2111 apo-

316 2119 435 2160 stolica,
450 2120 498 2152 vel
522 2120 632 2164 quavis
649 2120 796 2154 firmitate
812 2120 873 2153 alia
888 2120 1056 2165 roboratis)

316 2173 437 2208 statutis
453 2178 483 2206 et
500 2173 973 2218 consuetudinibus,privilegiis
983 2185 1058 2218 quo-

315 2236 386 2270 que,
403 2226 532 2259 indultis
549 2231 579 2259 et
595 2226 706 2260 litteris
724 2227 916 2271 apostolicis,
934 2238 1057 2261 eorum-

316 2279 387 2312 dem
423 2279 546 2313 Ordinis
578 2286 608 2313 et
638 2280 871 2324 provinciarum
889 2281 1056 2323 religiosis,

317 2332 374 2366 sub
392 2332 644 2378 quibuscumque
664 2333 825 2367 tenoribus
843 2339 872 2367 et
892 2334 1057 2375 sormis,ae

317 2396 388 2419 cum
414 2386 574 2429 quibusvis
599 2386 692 2419 etiam
714 2387 988 2430 derogatoriarum
1008 2388 1059 2420 de-

316 2439 494 2483 rogatoriis,
519 2439 649 2483 aliisque
670 2440 898 2474 efficacioribus
923 2446 953 2474 et
979 2441 1058 2474 inso-

316 2492 425 2534 solitis,
438 2502 560 2526 necnon
578 2493 772 2527 irritantibus
786 2499 816 2526 et
828 2494 897 2527 aliis
913 2494 1056 2535 decretis,

315 2546 347 2580 in
371 2556 487 2590 genere
511 2547 558 2579 vel
583 2547 614 2579 in
639 2547 751 2591 specie,
777 2559 812 2581 ac
832 2548 907 2581 alias
932 2548 963 2580 in
988 2558 1058 2581 con-

316 2600 449 2633 trarium
468 2600 717 2645 praemissorum
735 2601 972 2646 quomodolibet
988 2611 1058 2634 con-

317 2653 434 2694 cessis,
460 2653 653 2687 contirmatis
688 2659 715 2686 et
752 2654 914 2688 innovatis.
939 2653 1057 2692 Quibus

435 2718 512 2746 Bull.
530 2718 610 2747 Rom.
627 2734 662 2740 —
681 2718 738 2746 Vol.
756 2718 836 2746 XIII.
984 2719 1013 2745 tt

1737 246 1794 279 321

1090 302 1239 335 omnibus
1264 307 1293 335 ct
1317 302 1457 345 singulis,
1483 302 1604 335 etiamsi
1628 302 1666 335 de
1685 302 1746 336 illis
1763 314 1832 348 spe-

1090 354 1185 395 cialis,
1196 355 1341 399 specifica
1355 360 1384 388 et
1398 366 1546 399 expressa
1560 356 1677 389 mentio
1690 356 1833 389 habenda

1090 413 1179 448 esset,
1205 419 1315 441 corum
1341 410 1482 442 omnium
1509 415 1536 443 et
1566 409 1764 453 singulorum
1789 415 1833 443 te-

1090 470 1183 493 nores
1206 462 1423 504 praescntibus
1443 474 1502 506 pro
1519 464 1610 507 plene
1631 468 1661 496 et
1681 463 1834 496 sufficien-

1090 518 1137 545 ter
1158 514 1315 557 expressis
1328 520 1358 546 et
1372 515 1496 548 insertis
1510 516 1670 557 babentes,
1685 517 1744 549 illis
1758 517 1834 549 alias

1091 566 1121 598 in
1134 576 1191 599 suo
1207 566 1320 599 robore
1345 569 1570 610 permansuris,
1591 570 1649 602 hac
1666 570 1732 602 vice
1747 569 1832 602 dum-

1092 622 1171 652 taxat
1197 619 1375 663 specialiter
1400 625 1429 653 ct
1453 631 1599 664 expresse
1620 623 1830 666 derogamus,

1091 673 1265 716 ceterisque
1290 674 1457 706 contrariis
1481 675 1742 721 quibuscumque.

1135 727 1150 769 ξ
1181 726 1207 759 7.
1241 727 1392 760 Volumus
1417 732 1539 768 autem,
1562 732 1596 762 ut
1618 731 1832 772 praesentium

1090 780 1309 824 transumptis,
1334 780 1428 813 etiam
1453 781 1628 825 impressis,
1652 793 1747 815 manu
1771 784 1830 816 ali-

1090 834 1179 867 cuius
1204 834 1317 868 notarii
1340 834 1457 878 publici
1475 835 1671 880 subscriptis,
1686 841 1716 869 et
1731 837 1834 880 sigillo

1090 887 1222 920 alicuius
1238 898 1392 931 personae
1409 888 1439 920 in
1456 888 1607 931 dignitate
1621 890 1833 923 ecclesiastica

1091 941 1276 974 constitutae
1301 941 1439 984 munitis,
1466 942 1574 975 eadem
1600 953 1731 987 prorsus
1756 943 1833 977 fides

1091 995 1293 1035 adhibeatur,
1318 1006 1397 1039 quae
1421 996 1642 1039 praesentibus
1657 996 1833 1031 adhibere-

1092 1054 1155 1091 tur,
1182 1048 1206 1081 si
1231 1049 1334 1082 forent
1359 1049 1517 1083 exhibitae
1542 1050 1589 1083 vel
1615 1055 1765 1084 ostensae.

1134 1102 1246 1135 Datum
1272 1103 1409 1144 Romae,
1435 1103 1518 1147 apud
1543 1104 1572 1137 S.
1599 1104 1725 1137 Petrum
1741 1131 1748 1145 ,
1774 1105 1831 1138 sub

1091 1156 1206 1189 annulo
1218 1155 1395 1197 piscatoris,
1420 1156 1469 1188 die
1490 1166 1554 1190 xxv
1568 1157 1675 1200 aprilis
1691 1168 1832 1199 mcxxv,

1090 1209 1289 1252 pontificatus
1302 1209 1402 1242 nostri
1417 1220 1499 1242 anno
1516 1220 1547 1242 11.

1127 1270 1184 1298 Dat.
1203 1270 1246 1298 die
1260 1271 1294 1299 25
1309 1271 1402 1307 aprilis
1422 1271 1499 1306 1625,
1516 1272 1610 1308 pontit.
1627 1281 1697 1301 anno
1713 1280 1741 1300 11.

1849 256 1899 282 An.
1917 256 1944 281 C.
1964 255 2031 283 ¹625

1887 744 2031 769 'fransumptis

1849 770 1919 790 danda
1933 770 1991 791 fidon.

1394 1398 1528 1431 CXXXV.

1108 1468 1303 1511 Proroqatio
1325 1469 1473 1513 proccimi
1493 1469 1634 1514 capituli
1655 1471 1817 1515 qeneralis

1148 1521 1292 1554 Militiae
1318 1523 1526 1556 Christianae
1549 1523 1592 1556 ad
1616 1524 1771 1557 annum‘.

1292 1594 1428 1621 Urbanus
1448 1594 1625 1628 Episcopus,

1268 1645 1374 1665 servus
1404 1646 1557 1666 servorum
1590 1639 1657 1673 Dei,

1215 1684 1250 1709 ad
1266 1686 1444 1717 perpetuam
1463 1682 1506 1711 rei
1527 1684 1707 1711 memoriam.

1134 1743 1353 1777 Ortohodoxae
1376 1744 1460 1787 fidei,
1485 1745 1712 1790 religionisque
1737 1747 1833 1787 zelus,
1876 1756 1995 1777 normam.

1089 1797 1235 1831 nobilitas
1260 1798 1384 1841 generis
1399 1826 1407 1840 ,
1431 1809 1466 1832 ac
1499 1797 1630 1832 eximiae
1655 1799 1831 1834 devotionis

1090 1851 1229 1892 affectus,
1247 1862 1309 1896 quo
1328 1852 1461 1885 dilectus
1481 1852 1565 1885 silius
1582 1853 1697 1887 nobilis
1715 1854 1762 1886 vir
1781 1854 1834 1888 Ca-

1090 1906 1176 1938 rolus
1200 1905 1263 1938 dux
1295 1905 1497 1939 Nivernensis
1522 1916 1580 1939 nos
1604 1912 1635 1939 et
1660 1908 1832 1940 Romanam

1090 1964 1253 1992 reveretur
1269 1959 1452 2000 Ecclesiam,
1469 1965 1702 2004 promerentur,
1720 1966 1763 2001 ut,
1780 1971 1834 2005 pe-

1090 2012 1216 2045 titiones
1241 2022 1312 2045 suas
1336 2012 1374 2045 ad
1393 2013 1601 2046 exauditionis
1625 2013 1759 2056 gratiam
1785 2014 1835 2047 ad-

1090 2065 1269 2107 mittentes,
1296 2076 1331 2098 ea
1362 2066 1577 2099 favorabiliter
1602 2067 1833 2106 concedamus,

1090 2129 1146 2162 per
1166 2129 1245 2164 quae
1264 2119 1457 2163 reipublicae
1481 2119 1670 2153 christianae
1689 2130 1833 2164 progres-

1090 2173 1148 2214 sui,
1166 2173 1295 2206 semotis
1313 2173 1553 2217 impedimentis,
1574 2174 1758 2207 consulitur.

1135 2226 1149 2269 ξ
1178 2227 1202 2258 l.
1228 2227 1334 2270 Nuper
1359 2227 1530 2271 siquidem,
1554 2227 2033 2284 supplicationibusUbiiaqdaverqt

1090 2280 1164 2313 dicti
1181 2280 1281 2313 Caroli
1305 2280 1392 2313 ducis
1412 2280 1503 2313 nobis
1522 2281 1679 2324 porrectis
1696 2292 1833 2315 annuen-
1848 2269 2033 2321 ιυῖυῗυὲερὲῗῖιῖ

1091 2338 1144 2375 tes,
1172 2333 1314 2365 militiam
1341 2333 1543 2366 christianam
1570 2334 1627 2366 sub
1652 2316 1976 2368 denomina-{2332u3920
1995 2316 2031 2336 Μ’

1092 2387 1174 2420 tione
1199 2387 1418 2431 Conceptionis
1438 2388 1590 2431 Deiparae
1615 2388 1750 2432 Virginis
1775 2390 1834 2422 Im-

1092 2441 1264 2474 maculatae
1281 2441 1453 2484 apostolica
1471 2442 1654 2475 auctoritate
1677 2442 1834 2476 ereximus

1092 2499 1121 2526 ct
1146 2493 1357 2535 instituimus,
1383 2505 1418 2527 ac
1442 2494 1525 2527 illius
1557 2495 1662 2538 magni
1688 2496 1833 2539 magistri

1091 2547 1275 2580 electionem
1303 2558 1401 2591 usque
1426 2548 1464 2580 ad
1489 2548 1658 2592 capitulum
1685 2550 1833 2592 generale

1129 2620 1136 2644 t
1162 2619 1198 2645 De
1218 2619 1269 2646 hac
1296 2618 1389 2646 militia
1414 2618 1473 2647 vide
1499 2627 1582 2655 supra
1601 2628 1662 2656 pag.
1686 2621 1735 2647 114
1756 2629 1831 2656 seqq.

1089 2663 1127 2696 (a.
1145 2663 1193 2697 T.).
