<?xml version="1.0" encoding="UTF-8"?>
<!DOCTYPE html PUBLIC "-//W3C//DTD XHTML 1.0 Transitional//EN"
    "http://www.w3.org/TR/xhtml1/DTD/xhtml1-transitional.dtd">
<html xmlns="http://www.w3.org/1999/xhtml" xml:lang="en" lang="en">
 <head>
  <title>
</title>
<meta http-equiv="Content-Type" content="text/html;charset=utf-8" />
  <meta name='ocr-system' content='tesseract 3.04.00' />
  <meta name='ocr-capabilities' content='ocr_page ocr_carea ocr_par ocr_line ocrx_word'/>
</head>
<body>
  <div class='ocr_page' id='page_1' title='image "./bullarumdiplomat13cath_0625.png"; bbox 0 0 2269 3235; ppageno 0'>
   <div class='ocr_carea' id='block_1_1' title="bbox 118 254 300 284">
    <p class='ocr_par' dir='ltr' id='par_1_1' title="bbox 118 254 300 284">
     <span class='ocr_line' id='line_1_1' title="bbox 118 254 300 284; baseline -0.005 -2"><span class='ocrx_word' id='word_1_1' title='bbox 118 255 166 284; x_wconf 80' lang='lat' dir='ltr'><strong>An.</strong></span> <span class='ocrx_word' id='word_1_2' title='bbox 188 255 217 284; x_wconf 83' lang='lat' dir='ltr'><strong>C.</strong></span> <span class='ocrx_word' id='word_1_3' title='bbox 234 254 300 282; x_wconf 79' lang='lat'>1627</span> 
     </span>
    </p>
   </div>
   <div class='ocr_carea' id='block_1_2' title="bbox 318 255 1069 1669">
    <p class='ocr_par' dir='ltr' id='par_1_2' title="bbox 922 255 1064 279">
     <span class='ocr_line' id='line_1_2' title="bbox 922 255 1064 279; baseline 0 0"><span class='ocrx_word' id='word_1_4' title='bbox 922 255 1064 279; x_wconf 69' lang='lat' dir='ltr'><strong>nnnANUS</strong></span> 
     </span>
    </p>

    <p class='ocr_par' dir='ltr' id='par_1_3' title="bbox 318 302 1060 717">
     <span class='ocr_line' id='line_1_3' title="bbox 362 302 1057 346; baseline 0 -12"><span class='ocrx_word' id='word_1_5' title='bbox 362 302 522 336; x_wconf 86' lang='lat' dir='ltr'><strong>Praelatus</strong></span> <span class='ocrx_word' id='word_1_6' title='bbox 554 303 704 346; x_wconf 83' lang='lat' dir='ltr'><strong>propriae</strong></span> <span class='ocrx_word' id='word_1_7' title='bbox 735 303 826 336; x_wconf 83' lang='lat' dir='ltr'><strong>etiam</strong></span> <span class='ocrx_word' id='word_1_8' title='bbox 853 312 963 335; x_wconf 88' lang='lat' dir='ltr'><strong>manus</strong></span> <span class='ocrx_word' id='word_1_9' title='bbox 988 302 1057 335; x_wconf 89' lang='lat' dir='ltr'><strong>sub-</strong></span> 
     </span>
     <span class='ocr_line' id='line_1_4' title="bbox 318 355 1058 400; baseline 0 -13"><span class='ocrx_word' id='word_1_10' title='bbox 318 355 488 399; x_wconf 79' lang='lat' dir='ltr'>scriptione</span> <span class='ocrx_word' id='word_1_11' title='bbox 513 356 543 389; x_wconf 94' lang='lat' dir='ltr'><strong>in</strong></span> <span class='ocrx_word' id='word_1_12' title='bbox 563 356 624 389; x_wconf 86' lang='lat' dir='ltr'><strong>fine</strong></span> <span class='ocrx_word' id='word_1_13' title='bbox 649 356 839 400; x_wconf 80' lang='lat' dir='ltr'><strong>exemplaris</strong></span> <span class='ocrx_word' id='word_1_14' title='bbox 863 356 963 388; x_wconf 89' lang='lat' dir='ltr'><strong>dictae</strong></span> <span class='ocrx_word' id='word_1_15' title='bbox 987 366 1058 398; x_wconf 87' lang='lat' dir='ltr'><strong>pro-</strong></span> 
     </span>
     <span class='ocr_line' id='line_1_5' title="bbox 318 407 1055 451; baseline 0 -12"><span class='ocrx_word' id='word_1_16' title='bbox 318 407 460 441; x_wconf 80' lang='lat' dir='ltr'><strong>sessionis</strong></span> <span class='ocrx_word' id='word_1_17' title='bbox 493 408 676 451; x_wconf 84' lang='lat' dir='ltr'><strong>testabitur,</strong></span> <span class='ocrx_word' id='word_1_18' title='bbox 702 419 770 442; x_wconf 89' lang='lat' dir='ltr'><strong>eam</strong></span> <span class='ocrx_word' id='word_1_19' title='bbox 795 419 812 441; x_wconf 88' lang='lat' dir='ltr'><strong>a</strong></span> <span class='ocrx_word' id='word_1_20' title='bbox 837 419 869 441; x_wconf 87' lang='lat' dir='ltr'><strong>se</strong></span> <span class='ocrx_word' id='word_1_21' title='bbox 899 412 1055 451; x_wconf 79' lang='lat' dir='ltr'><strong>receptam</strong></span> 
     </span>
     <span class='ocr_line' id='line_1_6' title="bbox 318 460 1054 505; baseline 0.001 -12"><span class='ocrx_word' id='word_1_22' title='bbox 318 461 414 494; x_wconf 84' lang='lat' dir='ltr'><strong>fuisse</strong></span> <span class='ocrx_word' id='word_1_23' title='bbox 439 462 496 494; x_wconf 91' lang='lat' dir='ltr'><strong>sub</strong></span> <span class='ocrx_word' id='word_1_24' title='bbox 521 462 579 495; x_wconf 86' lang='lat' dir='ltr'><strong>hac</strong></span> <span class='ocrx_word' id='word_1_25' title='bbox 603 462 717 495; x_wconf 74' lang='lat' dir='ltr'><strong>forma:</strong></span> <span class='ocrx_word' id='word_1_26' title='bbox 744 463 809 505; x_wconf 80' lang='lat' dir='ltr'><strong>Ego</strong></span> <span class='ocrx_word' id='word_1_27' title='bbox 826 461 860 494; x_wconf 90' lang='lat' dir='ltr'><strong>N.</strong></span> <span class='ocrx_word' id='word_1_28' title='bbox 882 460 953 493; x_wconf 83' lang='lat' dir='ltr'><strong>fidei</strong></span> <span class='ocrx_word' id='word_1_29' title='bbox 979 472 1054 504; x_wconf 88' lang='lat' dir='ltr'><strong>pro-</strong></span> 
     </span>
     <span class='ocr_line' id='line_1_7' title="bbox 319 514 1059 558; baseline -0.001 -12"><span class='ocrx_word' id='word_1_30' title='bbox 319 514 484 548; x_wconf 81' lang='lat' dir='ltr'><strong>fessionem</strong></span> <span class='ocrx_word' id='word_1_31' title='bbox 510 515 594 548; x_wconf 90' lang='lat' dir='ltr'><strong>iuxta</strong></span> <span class='ocrx_word' id='word_1_32' title='bbox 619 515 863 558; x_wconf 84' lang='lat' dir='ltr'><strong>suprascriptam</strong></span> <span class='ocrx_word' id='word_1_33' title='bbox 888 514 1022 546; x_wconf 85' lang='lat' dir='ltr'><strong>sormam</strong></span> <span class='ocrx_word' id='word_1_34' title='bbox 1043 524 1059 545; x_wconf 86' lang='lat' dir='ltr'><strong>a</strong></span> 
     </span>
     <span class='ocr_line' id='line_1_8' title="bbox 319 567 1059 601; baseline -0.001 -2"><span class='ocrx_word' id='word_1_35' title='bbox 319 567 353 600; x_wconf 82' lang='lat' dir='ltr'><strong>R.</strong></span> <span class='ocrx_word' id='word_1_36' title='bbox 380 567 410 600; x_wconf 93' lang='lat' dir='ltr'><strong>P.</strong></span> <span class='ocrx_word' id='word_1_37' title='bbox 429 568 462 600; x_wconf 91' lang='lat' dir='ltr'><strong>D.</strong></span> <span class='ocrx_word' id='word_1_38' title='bbox 481 568 516 601; x_wconf 92' lang='lat' dir='ltr'><strong>N.</strong></span> <span class='ocrx_word' id='word_1_39' title='bbox 538 568 569 601; x_wconf 95' lang='lat' dir='ltr'><strong>in</strong></span> <span class='ocrx_word' id='word_1_40' title='bbox 594 568 738 601; x_wconf 90' lang='lat' dir='ltr'><strong>manibus</strong></span> <span class='ocrx_word' id='word_1_41' title='bbox 763 567 840 600; x_wconf 87' lang='lat' dir='ltr'><strong>meis</strong></span> <span class='ocrx_word' id='word_1_42' title='bbox 864 567 903 600; x_wconf 87' lang='lat' dir='ltr'><strong>ad</strong></span> <span class='ocrx_word' id='word_1_43' title='bbox 929 567 1059 599; x_wconf 87' lang='lat' dir='ltr'><strong>verbum</strong></span> 
     </span>
     <span class='ocr_line' id='line_1_9' title="bbox 319 621 1060 665; baseline -0.001 -12"><span class='ocrx_word' id='word_1_44' title='bbox 319 621 465 654; x_wconf 89' lang='lat' dir='ltr'><strong>emissam</strong></span> <span class='ocrx_word' id='word_1_45' title='bbox 489 621 605 665; x_wconf 89' lang='lat' dir='ltr'><strong>recepi,</strong></span> <span class='ocrx_word' id='word_1_46' title='bbox 632 626 662 654; x_wconf 93' lang='lat' dir='ltr'><strong>ct</strong></span> <span class='ocrx_word' id='word_1_47' title='bbox 681 621 723 654; x_wconf 86' lang='lat' dir='ltr'><strong>ita</strong></span> <span class='ocrx_word' id='word_1_48' title='bbox 748 625 844 654; x_wconf 88' lang='lat' dir='ltr'><strong>testor</strong></span> <span class='ocrx_word' id='word_1_49' title='bbox 869 630 963 653; x_wconf 87' lang='lat' dir='ltr'><strong>manu</strong></span> <span class='ocrx_word' id='word_1_50' title='bbox 987 630 1060 663; x_wconf 88' lang='lat' dir='ltr'><strong>pro-</strong></span> 
     </span>
     <span class='ocr_line' id='line_1_10' title="bbox 318 673 397 717; baseline 0 -11"><span class='ocrx_word' id='word_1_51' title='bbox 318 673 397 717; x_wconf 80' lang='lat' dir='ltr'><strong>pria.</strong></span> 
     </span>
    </p>

    <p class='ocr_par' dir='ltr' id='par_1_4' title="bbox 319 726 1064 1092">
     <span class='ocr_line' id='line_1_11' title="bbox 362 726 1060 771; baseline -0.003 -11"><span class='ocrx_word' id='word_1_52' title='bbox 362 726 493 760; x_wconf 86' lang='lat' dir='ltr'><strong>Demum</strong></span> <span class='ocrx_word' id='word_1_53' title='bbox 525 727 666 760; x_wconf 90' lang='lat' dir='ltr'><strong>notarius</strong></span> <span class='ocrx_word' id='word_1_54' title='bbox 683 754 690 768; x_wconf 93' lang='lat'><strong>,</strong></span> <span class='ocrx_word' id='word_1_55' title='bbox 719 727 772 771; x_wconf 83' lang='lat' dir='ltr'><strong>qui</strong></span> <span class='ocrx_word' id='word_1_56' title='bbox 801 737 950 771; x_wconf 87' lang='lat' dir='ltr'><strong>praesens</strong></span> <span class='ocrx_word' id='word_1_57' title='bbox 982 726 1060 767; x_wconf 85' lang='lat' dir='ltr'><strong>suit,</strong></span> 
     </span>
     <span class='ocr_line' id='line_1_12' title="bbox 319 780 1062 823; baseline 0 -11"><span class='ocrx_word' id='word_1_58' title='bbox 319 780 446 823; x_wconf 89' lang='lat' dir='ltr'><strong>publico</strong></span> <span class='ocrx_word' id='word_1_59' title='bbox 485 780 692 814; x_wconf 88' lang='lat' dir='ltr'><strong>instrumento</strong></span> <span class='ocrx_word' id='word_1_60' title='bbox 730 781 761 813; x_wconf 93' lang='lat' dir='ltr'><strong>in</strong></span> <span class='ocrx_word' id='word_1_61' title='bbox 800 781 884 814; x_wconf 88' lang='lat' dir='ltr'><strong>calce</strong></span> <span class='ocrx_word' id='word_1_62' title='bbox 922 780 1062 813; x_wconf 87' lang='lat' dir='ltr'><strong>eiusdem</strong></span> 
     </span>
     <span class='ocr_line' id='line_1_13' title="bbox 320 833 1064 878; baseline -0.001 -12"><span class='ocrx_word' id='word_1_63' title='bbox 320 834 523 878; x_wconf 85' lang='lat' dir='ltr'><strong>exemplaris,</strong></span> <span class='ocrx_word' id='word_1_64' title='bbox 552 834 731 868; x_wconf 79' lang='lat' dir='ltr'><strong>immediate</strong></span> <span class='ocrx_word' id='word_1_65' title='bbox 764 839 834 878; x_wconf 85' lang='lat' dir='ltr'><strong>post</strong></span> <span class='ocrx_word' id='word_1_66' title='bbox 862 833 1064 877; x_wconf 89' lang='lat' dir='ltr'><strong>subscriptio-</strong></span> 
     </span>
     <span class='ocr_line' id='line_1_14' title="bbox 320 888 1061 932; baseline -0.001 -12"><span class='ocrx_word' id='word_1_67' title='bbox 320 897 391 920; x_wconf 87' lang='lat' dir='ltr'><strong>nem</strong></span> <span class='ocrx_word' id='word_1_68' title='bbox 415 888 546 932; x_wconf 85' lang='lat' dir='ltr'><strong>praelati</strong></span> <span class='ocrx_word' id='word_1_69' title='bbox 571 888 771 932; x_wconf 77' lang='lat' dir='ltr'><strong>inquirentis,</strong></span> <span class='ocrx_word' id='word_1_70' title='bbox 797 893 942 930; x_wconf 80' lang='lat' dir='ltr'><strong>extenso,</strong></span> <span class='ocrx_word' id='word_1_71' title='bbox 969 888 1061 920; x_wconf 84' lang='lat' dir='ltr'><strong>fidem</strong></span> 
     </span>
     <span class='ocr_line' id='line_1_15' title="bbox 323 941 1060 986; baseline 0 -13"><span class='ocrx_word' id='word_1_72' title='bbox 323 941 414 974; x_wconf 85' lang='lat' dir='ltr'><strong>saciet</strong></span> <span class='ocrx_word' id='word_1_73' title='bbox 448 941 487 974; x_wconf 89' lang='lat' dir='ltr'><strong>de</strong></span> <span class='ocrx_word' id='word_1_74' title='bbox 522 942 702 986; x_wconf 80' lang='lat' dir='ltr'><strong>praedictae</strong></span> <span class='ocrx_word' id='word_1_75' title='bbox 734 941 939 986; x_wconf 81' lang='lat' dir='ltr'><strong>professionis</strong></span> <span class='ocrx_word' id='word_1_76' title='bbox 964 941 1060 974; x_wconf 84' lang='lat' dir='ltr'><strong>emis-</strong></span> 
     </span>
     <span class='ocr_line' id='line_1_16' title="bbox 321 994 1063 1039; baseline -0.001 -13"><span class='ocrx_word' id='word_1_77' title='bbox 321 994 408 1027; x_wconf 87' lang='lat' dir='ltr'><strong>sione</strong></span> <span class='ocrx_word' id='word_1_78' title='bbox 432 1005 467 1027; x_wconf 86' lang='lat' dir='ltr'><strong>ac</strong></span> <span class='ocrx_word' id='word_1_79' title='bbox 484 995 665 1039; x_wconf 82' lang='lat' dir='ltr'><strong>receptione</strong></span> <span class='ocrx_word' id='word_1_80' title='bbox 682 995 902 1039; x_wconf 85' lang='lat' dir='ltr'><strong>praesentibus</strong></span> <span class='ocrx_word' id='word_1_81' title='bbox 923 994 1063 1034; x_wconf 75' lang='lat' dir='ltr'><strong>testibus,</strong></span> 
     </span>
     <span class='ocr_line' id='line_1_17' title="bbox 321 1049 1062 1092; baseline 0 -12"><span class='ocrx_word' id='word_1_82' title='bbox 321 1058 457 1091; x_wconf 84' lang='lat' dir='ltr'><strong>quorum</strong></span> <span class='ocrx_word' id='word_1_83' title='bbox 481 1049 609 1082; x_wconf 87' lang='lat' dir='ltr'><strong>nomina</strong></span> <span class='ocrx_word' id='word_1_84' title='bbox 634 1054 664 1082; x_wconf 86' lang='lat' dir='ltr'><strong>et</strong></span> <span class='ocrx_word' id='word_1_85' title='bbox 687 1049 875 1092; x_wconf 73' lang='lat' dir='ltr'><strong>cognomina</strong></span> <span class='ocrx_word' id='word_1_86' title='bbox 900 1049 1062 1092; x_wconf 81' lang='lat' dir='ltr'><strong>exprimet.</strong></span> 
     </span>
    </p>

    <p class='ocr_par' dir='ltr' id='par_1_5' title="bbox 322 1102 1069 1669">
     <span class='ocr_line' id='line_1_18' title="bbox 367 1102 1065 1145; baseline -0.001 -10"><span class='ocrx_word' id='word_1_87' title='bbox 367 1102 500 1135; x_wconf 82' lang='lat' dir='ltr'><strong>Maxime</strong></span> <span class='ocrx_word' id='word_1_88' title='bbox 524 1103 700 1135; x_wconf 87' lang='lat' dir='ltr'><strong>curandum</strong></span> <span class='ocrx_word' id='word_1_89' title='bbox 725 1109 790 1144; x_wconf 87' lang='lat' dir='ltr'><strong>est,</strong></span> <span class='ocrx_word' id='word_1_90' title='bbox 815 1108 849 1135; x_wconf 90' lang='lat' dir='ltr'><strong>ut</strong></span> <span class='ocrx_word' id='word_1_91' title='bbox 873 1102 1065 1145; x_wconf 87' lang='lat' dir='ltr'><strong>exemplaria</strong></span> 
     </span>
     <span class='ocr_line' id='line_1_19' title="bbox 322 1155 1065 1199; baseline -0.001 -11"><span class='ocrx_word' id='word_1_92' title='bbox 322 1155 526 1199; x_wconf 78' lang='lat' dir='ltr'><strong>professionis</strong></span> <span class='ocrx_word' id='word_1_93' title='bbox 558 1155 632 1188; x_wconf 82' lang='lat' dir='ltr'><strong>fidei</strong></span> <span class='ocrx_word' id='word_1_94' title='bbox 667 1155 916 1190; x_wconf 79' lang='lat' dir='ltr'><strong>transmittantur</strong></span> <span class='ocrx_word' id='word_1_95' title='bbox 947 1155 1065 1198; x_wconf 90' lang='lat' dir='ltr'><strong>absque</strong></span> 
     </span>
     <span class='ocr_line' id='line_1_20' title="bbox 323 1208 1065 1254; baseline -0.001 -13"><span class='ocrx_word' id='word_1_96' title='bbox 323 1209 455 1249; x_wconf 91' lang='lat' dir='ltr'><strong>mendis,</strong></span> <span class='ocrx_word' id='word_1_97' title='bbox 480 1219 518 1241; x_wconf 86' lang='lat' dir='ltr'><strong>ne</strong></span> <span class='ocrx_word' id='word_1_98' title='bbox 543 1209 664 1242; x_wconf 80' lang='lat' dir='ltr'><strong>levibus</strong></span> <span class='ocrx_word' id='word_1_99' title='bbox 685 1209 828 1254; x_wconf 85' lang='lat' dir='ltr'><strong>quidem,</strong></span> <span class='ocrx_word' id='word_1_100' title='bbox 854 1220 926 1242; x_wconf 88' lang='lat' dir='ltr'><strong>cum</strong></span> <span class='ocrx_word' id='word_1_101' title='bbox 950 1219 1007 1241; x_wconf 90' lang='lat' dir='ltr'><strong>nec</strong></span> <span class='ocrx_word' id='word_1_102' title='bbox 1035 1208 1065 1240; x_wconf 92' lang='lat' dir='ltr'><strong>in</strong></span> 
     </span>
     <span class='ocr_line' id='line_1_21' title="bbox 323 1262 1066 1296; baseline 0 -2"><span class='ocrx_word' id='word_1_103' title='bbox 323 1262 462 1295; x_wconf 89' lang='lat' dir='ltr'><strong>minimis</strong></span> <span class='ocrx_word' id='word_1_104' title='bbox 487 1263 579 1296; x_wconf 88' lang='lat' dir='ltr'><strong>liccat</strong></span> <span class='ocrx_word' id='word_1_105' title='bbox 602 1262 770 1295; x_wconf 86' lang='lat' dir='ltr'><strong>immutare</strong></span> <span class='ocrx_word' id='word_1_106' title='bbox 795 1262 929 1296; x_wconf 86' lang='lat' dir='ltr'><strong>sormam</strong></span> <span class='ocrx_word' id='word_1_107' title='bbox 954 1273 972 1295; x_wconf 87' lang='lat' dir='ltr'><strong>a</strong></span> <span class='ocrx_word' id='word_1_108' title='bbox 988 1262 1066 1295; x_wconf 85' lang='lat' dir='ltr'><strong>Sede</strong></span> 
     </span>
     <span class='ocr_line' id='line_1_22' title="bbox 324 1316 1067 1361; baseline 0 -13"><span class='ocrx_word' id='word_1_109' title='bbox 324 1316 504 1360; x_wconf 76' lang='lat' dir='ltr'><strong>Apostolica</strong></span> <span class='ocrx_word' id='word_1_110' title='bbox 538 1317 786 1361; x_wconf 85' lang='lat' dir='ltr'><strong>praescriptam,</strong></span> <span class='ocrx_word' id='word_1_111' title='bbox 811 1316 968 1360; x_wconf 87' lang='lat' dir='ltr'><strong>nimisque</strong></span> <span class='ocrx_word' id='word_1_112' title='bbox 1003 1326 1067 1349; x_wconf 92' lang='lat' dir='ltr'><strong>non</strong></span> 
     </span>
     <span class='ocr_line' id='line_1_23' title="bbox 324 1369 1068 1414; baseline 0.001 -13"><span class='ocrx_word' id='word_1_113' title='bbox 324 1369 418 1402; x_wconf 85' lang='lat' dir='ltr'><strong>niodo</strong></span> <span class='ocrx_word' id='word_1_114' title='bbox 443 1369 557 1403; x_wconf 90' lang='lat' dir='ltr'><strong>notarii</strong></span> <span class='ocrx_word' id='word_1_115' title='bbox 583 1370 748 1403; x_wconf 82' lang='lat' dir='ltr'><strong>scribentis</strong></span> <span class='ocrx_word' id='word_1_116' title='bbox 778 1370 832 1403; x_wconf 88' lang='lat' dir='ltr'><strong>sed</strong></span> <span class='ocrx_word' id='word_1_117' title='bbox 856 1370 948 1403; x_wconf 86' lang='lat' dir='ltr'><strong>etiam</strong></span> <span class='ocrx_word' id='word_1_118' title='bbox 976 1380 1068 1414; x_wconf 83' lang='lat' dir='ltr'><strong>prae—</strong></span> 
     </span>
     <span class='ocr_line' id='line_1_24' title="bbox 324 1422 1068 1467; baseline 0.001 -13"><span class='ocrx_word' id='word_1_119' title='bbox 324 1422 415 1466; x_wconf 81' lang='lat' dir='ltr'><strong>cipue</strong></span> <span class='ocrx_word' id='word_1_120' title='bbox 450 1423 579 1466; x_wconf 89' lang='lat' dir='ltr'><strong>praelati</strong></span> <span class='ocrx_word' id='word_1_121' title='bbox 613 1423 799 1467; x_wconf 85' lang='lat' dir='ltr'><strong>inquirentis</strong></span> <span class='ocrx_word' id='word_1_122' title='bbox 829 1423 952 1456; x_wconf 86' lang='lat' dir='ltr'><strong>incuria</strong></span> <span class='ocrx_word' id='word_1_123' title='bbox 985 1423 1068 1456; x_wconf 83' lang='lat' dir='ltr'><strong>cirea</strong></span> 
     </span>
     <span class='ocr_line' id='line_1_25' title="bbox 324 1475 1067 1521; baseline 0 -13"><span class='ocrx_word' id='word_1_124' title='bbox 324 1475 384 1508; x_wconf 85' lang='lat' dir='ltr'><strong>hoc</strong></span> <span class='ocrx_word' id='word_1_125' title='bbox 408 1480 535 1509; x_wconf 83' lang='lat' dir='ltr'><strong>notetur</strong></span> <span class='ocrx_word' id='word_1_126' title='bbox 560 1476 592 1509; x_wconf 90' lang='lat' dir='ltr'><strong>in</strong></span> <span class='ocrx_word' id='word_1_127' title='bbox 617 1487 707 1510; x_wconf 84' lang='lat' dir='ltr'><strong>sacro</strong></span> <span class='ocrx_word' id='word_1_128' title='bbox 726 1477 923 1517; x_wconf 87' lang='lat' dir='ltr'><strong>consistorio,</strong></span> <span class='ocrx_word' id='word_1_129' title='bbox 941 1476 1067 1521; x_wconf 85' lang='lat' dir='ltr'><strong>quando</strong></span> 
     </span>
     <span class='ocr_line' id='line_1_26' title="bbox 325 1529 1066 1573; baseline 0.001 -12"><span class='ocrx_word' id='word_1_130' title='bbox 325 1529 356 1561; x_wconf 90' lang='lat' dir='ltr'><strong>in</strong></span> <span class='ocrx_word' id='word_1_131' title='bbox 382 1540 418 1562; x_wconf 85' lang='lat' dir='ltr'><strong>eo</strong></span> <span class='ocrx_word' id='word_1_132' title='bbox 443 1530 478 1562; x_wconf 81' lang='lat' dir='ltr'><strong>fit</strong></span> <span class='ocrx_word' id='word_1_133' title='bbox 502 1530 613 1562; x_wconf 89' lang='lat' dir='ltr'><strong>relatio</strong></span> <span class='ocrx_word' id='word_1_134' title='bbox 637 1541 815 1573; x_wconf 75' lang='lat' dir='ltr'><strong>processus,</strong></span> <span class='ocrx_word' id='word_1_135' title='bbox 834 1536 861 1563; x_wconf 90' lang='lat' dir='ltr'><strong>et</strong></span> <span class='ocrx_word' id='word_1_136' title='bbox 880 1530 1066 1563; x_wconf 88' lang='lat' dir='ltr'><strong>mendorum</strong></span> 
     </span>
     <span class='ocr_line' id='line_1_27' title="bbox 326 1582 1069 1627; baseline 0.001 -13"><span class='ocrx_word' id='word_1_137' title='bbox 326 1582 357 1614; x_wconf 92' lang='lat' dir='ltr'><strong>in</strong></span> <span class='ocrx_word' id='word_1_138' title='bbox 374 1582 570 1626; x_wconf 81' lang='lat' dir='ltr'><strong>professione</strong></span> <span class='ocrx_word' id='word_1_139' title='bbox 594 1582 667 1615; x_wconf 77' lang='lat' dir='ltr'><strong>fidei</strong></span> <span class='ocrx_word' id='word_1_140' title='bbox 692 1588 911 1627; x_wconf 87' lang='lat' dir='ltr'><strong>repertorum,</strong></span> <span class='ocrx_word' id='word_1_141' title='bbox 927 1593 997 1616; x_wconf 90' lang='lat' dir='ltr'><strong>cum</strong></span> <span class='ocrx_word' id='word_1_142' title='bbox 1019 1593 1069 1615; x_wconf 87' lang='lat' dir='ltr'><strong>ne-</strong></span> 
     </span>
     <span class='ocr_line' id='line_1_28' title="bbox 325 1634 1068 1669; baseline 0.003 -2"><span class='ocrx_word' id='word_1_143' title='bbox 325 1634 412 1668; x_wconf 82' lang='lat' dir='ltr'><strong>cess’e</strong></span> <span class='ocrx_word' id='word_1_144' title='bbox 442 1635 482 1668; x_wconf 82' lang='lat' dir='ltr'><strong>sit</strong></span> <span class='ocrx_word' id='word_1_145' title='bbox 513 1646 549 1668; x_wconf 88' lang='lat' dir='ltr'><strong>ea</strong></span> <span class='ocrx_word' id='word_1_146' title='bbox 580 1636 673 1669; x_wconf 82' lang='lat' dir='ltr'><strong>etiam</strong></span> <span class='ocrx_word' id='word_1_147' title='bbox 707 1636 894 1669; x_wconf 88' lang='lat' dir='ltr'><strong>nominatim</strong></span> <span class='ocrx_word' id='word_1_148' title='bbox 928 1637 1068 1669; x_wconf 83' lang='lat' dir='ltr'><strong>referre:</strong></span> 
     </span>
    </p>
   </div>
   <div class='ocr_carea' id='block_1_3' title="bbox 326 1689 1078 1734">
    <p class='ocr_par' dir='ltr' id='par_1_6' title="bbox 326 1689 1078 1734">
     <span class='ocr_line' id='line_1_29' title="bbox 326 1689 1078 1734; baseline 0.001 -13"><span class='ocrx_word' id='word_1_149' title='bbox 326 1689 396 1722; x_wconf 88' lang='lat' dir='ltr'><strong>ideo</strong></span> <span class='ocrx_word' id='word_1_150' title='bbox 421 1689 589 1734; x_wconf 84' lang='lat' dir='ltr'><strong>expediens</strong></span> <span class='ocrx_word' id='word_1_151' title='bbox 613 1690 690 1731; x_wconf 82' lang='lat' dir='ltr'><strong>erit,</strong></span> <span class='ocrx_word' id='word_1_152' title='bbox 713 1690 751 1722; x_wconf 86' lang='lat' dir='ltr'><strong>ad</strong></span> <span class='ocrx_word' id='word_1_153' title='bbox 784 1690 954 1723; x_wconf 86' lang='lat' dir='ltr'><strong>tollendam</strong></span> <span class='ocrx_word' id='word_1_154' title='bbox 979 1694 1078 1723; x_wconf 86' lang='lat' dir='ltr'><strong>occa-&#39;</strong></span> 
     </span>
    </p>
   </div>
   <div class='ocr_carea' id='block_1_4' title="bbox 327 1743 1073 2260">
    <p class='ocr_par' dir='ltr' id='par_1_7' title="bbox 327 1743 1073 2260">
     <span class='ocr_line' id='line_1_30' title="bbox 327 1743 1069 1788; baseline 0 -12"><span class='ocrx_word' id='word_1_155' title='bbox 327 1743 447 1776; x_wconf 86' lang='lat' dir='ltr'><strong>sionem</strong></span> <span class='ocrx_word' id='word_1_156' title='bbox 469 1755 616 1777; x_wconf 89' lang='lat' dir='ltr'><strong>errorum</strong></span> <span class='ocrx_word' id='word_1_157' title='bbox 640 1744 891 1788; x_wconf 75' lang='lat' dir='ltr'><strong>provenientium</strong></span> <span class='ocrx_word' id='word_1_158' title='bbox 918 1755 955 1777; x_wconf 83' lang='lat' dir='ltr'><strong>ex</strong></span> <span class='ocrx_word' id='word_1_159' title='bbox 979 1745 1069 1777; x_wconf 88' lang='lat' dir='ltr'><strong>incu-</strong></span> 
     </span>
     <span class='ocr_line' id='line_1_31' title="bbox 328 1797 1070 1842; baseline 0.003 -14"><span class='ocrx_word' id='word_1_160' title='bbox 328 1797 375 1829; x_wconf 71' lang='lat' dir='ltr'><strong>ria</strong></span> <span class='ocrx_word' id='word_1_161' title='bbox 410 1798 596 1839; x_wconf 86' lang='lat' dir='ltr'><strong>scribentis,</strong></span> <span class='ocrx_word' id='word_1_162' title='bbox 627 1802 659 1832; x_wconf 87' lang='lat' dir='ltr'><strong>ut</strong></span> <span class='ocrx_word' id='word_1_163' title='bbox 694 1799 812 1842; x_wconf 87' lang='lat' dir='ltr'><strong>ubique</strong></span> <span class='ocrx_word' id='word_1_164' title='bbox 847 1799 1070 1842; x_wconf 68' lang='lat' dir='ltr'><strong>imprimantin&#39;</strong></span> 
     </span>
     <span class='ocr_line' id='line_1_32' title="bbox 329 1851 1071 1895; baseline 0.003 -12"><span class='ocrx_word' id='word_1_165' title='bbox 329 1851 528 1894; x_wconf 85' lang='lat' dir='ltr'><strong>exemplaria,</strong></span> <span class='ocrx_word' id='word_1_166' title='bbox 546 1851 630 1884; x_wconf 84' lang='lat' dir='ltr'><strong>iuxta</strong></span> <span class='ocrx_word' id='word_1_167' title='bbox 650 1852 784 1885; x_wconf 88' lang='lat' dir='ltr'><strong>sormam</strong></span> <span class='ocrx_word' id='word_1_168' title='bbox 803 1853 920 1885; x_wconf 84' lang='lat' dir='ltr'><strong>Romae</strong></span> <span class='ocrx_word' id='word_1_169' title='bbox 942 1852 1071 1895; x_wconf 88' lang='lat' dir='ltr'><strong>impres-</strong></span> 
     </span>
     <span class='ocr_line' id='line_1_33' title="bbox 330 1905 1070 1948; baseline 0.001 -12"><span class='ocrx_word' id='word_1_170' title='bbox 330 1914 407 1944; x_wconf 89' lang='lat' dir='ltr'><strong>sam,</strong></span> <span class='ocrx_word' id='word_1_171' title='bbox 425 1909 455 1937; x_wconf 85' lang='lat' dir='ltr'><strong>et</strong></span> <span class='ocrx_word' id='word_1_172' title='bbox 472 1905 606 1937; x_wconf 86' lang='lat' dir='ltr'><strong>maxima</strong></span> <span class='ocrx_word' id='word_1_173' title='bbox 631 1905 792 1948; x_wconf 75' lang='lat' dir='ltr'><strong>diligentia</strong></span> <span class='ocrx_word' id='word_1_174' title='bbox 817 1905 1014 1945; x_wconf 82' lang='lat' dir='ltr'><strong>adhibeatur,</strong></span> <span class='ocrx_word' id='word_1_175' title='bbox 1032 1915 1070 1937; x_wconf 88' lang='lat' dir='ltr'><strong>ne</strong></span> 
     </span>
     <span class='ocr_line' id='line_1_34' title="bbox 330 1958 1071 2002; baseline 0.001 -12"><span class='ocrx_word' id='word_1_176' title='bbox 330 1958 480 1991; x_wconf 88' lang='lat' dir='ltr'><strong>mendose</strong></span> <span class='ocrx_word' id='word_1_177' title='bbox 504 1958 735 2002; x_wconf 84' lang='lat' dir='ltr'><strong>imprimantur.</strong></span> <span class='ocrx_word' id='word_1_178' title='bbox 761 1960 837 1992; x_wconf 86' lang='lat' dir='ltr'><strong>Cum</strong></span> <span class='ocrx_word' id='word_1_179' title='bbox 863 1970 937 1992; x_wconf 87' lang='lat' dir='ltr'><strong>vero</strong></span> <span class='ocrx_word' id='word_1_180' title='bbox 970 1964 1071 1992; x_wconf 87' lang='lat' dir='ltr'><strong>trans-</strong></span> 
     </span>
     <span class='ocr_line' id='line_1_35' title="bbox 330 2011 1071 2056; baseline 0.001 -13"><span class='ocrx_word' id='word_1_181' title='bbox 330 2011 482 2044; x_wconf 87' lang='lat' dir='ltr'><strong>mittenda</strong></span> <span class='ocrx_word' id='word_1_182' title='bbox 516 2017 588 2044; x_wconf 89' lang='lat' dir='ltr'><strong>sunt</strong></span> <span class='ocrx_word' id='word_1_183' title='bbox 623 2012 831 2045; x_wconf 87' lang='lat' dir='ltr'><strong>instrumenta</strong></span> <span class='ocrx_word' id='word_1_184' title='bbox 867 2012 1071 2056; x_wconf 82' lang='lat' dir='ltr'><strong>professionis</strong></span> 
     </span>
     <span class='ocr_line' id='line_1_36' title="bbox 330 2065 1070 2110; baseline 0.003 -13"><span class='ocrx_word' id='word_1_185' title='bbox 330 2065 412 2107; x_wconf 85' lang='lat' dir='ltr'><strong>fidei,</strong></span> <span class='ocrx_word' id='word_1_186' title='bbox 425 2066 502 2099; x_wconf 86' lang='lat' dir='ltr'><strong>haee</strong></span> <span class='ocrx_word' id='word_1_187' title='bbox 516 2066 584 2110; x_wconf 89' lang='lat' dir='ltr'><strong>ipsa</strong></span> <span class='ocrx_word' id='word_1_188' title='bbox 597 2067 838 2101; x_wconf 79' lang='lat' dir='ltr'><strong>subscribantur</strong></span> <span class='ocrx_word' id='word_1_189' title='bbox 857 2078 874 2099; x_wconf 89' lang='lat' dir='ltr'><strong>a</strong></span> <span class='ocrx_word' id='word_1_190' title='bbox 894 2067 1070 2110; x_wconf 83' lang='lat' dir='ltr'><strong>profitente,</strong></span> 
     </span>
     <span class='ocr_line' id='line_1_37' title="bbox 331 2120 1073 2164; baseline 0.001 -12"><span class='ocrx_word' id='word_1_191' title='bbox 331 2124 360 2152; x_wconf 89' lang='lat' dir='ltr'><strong>et</strong></span> <span class='ocrx_word' id='word_1_192' title='bbox 385 2130 401 2152; x_wconf 89' lang='lat' dir='ltr'><strong>a</strong></span> <span class='ocrx_word' id='word_1_193' title='bbox 420 2120 560 2163; x_wconf 85' lang='lat' dir='ltr'><strong>praelato</strong></span> <span class='ocrx_word' id='word_1_194' title='bbox 584 2120 771 2164; x_wconf 82' lang='lat' dir='ltr'><strong>inquirente,</strong></span> <span class='ocrx_word' id='word_1_195' title='bbox 791 2126 819 2153; x_wconf 88' lang='lat' dir='ltr'><strong>et</strong></span> <span class='ocrx_word' id='word_1_196' title='bbox 837 2121 867 2153; x_wconf 88' lang='lat' dir='ltr'><strong>in</strong></span> <span class='ocrx_word' id='word_1_197' title='bbox 885 2121 1002 2153; x_wconf 82' lang='lat' dir='ltr'><strong>eisdem</strong></span> <span class='ocrx_word' id='word_1_198' title='bbox 1020 2131 1073 2153; x_wconf 90' lang='lat' dir='ltr'><strong>no-</strong></span> 
     </span>
     <span class='ocr_line' id='line_1_38' title="bbox 330 2173 1072 2218; baseline 0.001 -13"><span class='ocrx_word' id='word_1_199' title='bbox 330 2173 428 2206; x_wconf 89' lang='lat' dir='ltr'><strong>tarius</strong></span> <span class='ocrx_word' id='word_1_200' title='bbox 453 2174 598 2208; x_wconf 82' lang='lat' dir='ltr'><strong>extendat</strong></span> <span class='ocrx_word' id='word_1_201' title='bbox 622 2174 876 2217; x_wconf 82' lang='lat' dir='ltr'><strong>instrumentum,</strong></span> <span class='ocrx_word' id='word_1_202' title='bbox 904 2179 999 2218; x_wconf 84' lang='lat' dir='ltr'><strong>prout</strong></span> <span class='ocrx_word' id='word_1_203' title='bbox 1028 2174 1072 2207; x_wconf 89' lang='lat' dir='ltr'><strong>di-</strong></span> 
     </span>
     <span class='ocr_line' id='line_1_39' title="bbox 333 2231 496 2260; baseline 0.012 -2"><span class='ocrx_word' id='word_1_204' title='bbox 333 2231 416 2259; x_wconf 92' lang='lat' dir='ltr'><strong>ctum</strong></span> <span class='ocrx_word' id='word_1_205' title='bbox 441 2232 496 2260; x_wconf 86' lang='lat' dir='ltr'><strong>est.</strong></span> 
     </span>
    </p>
   </div>
   <div class='ocr_carea' id='block_1_5' title="bbox 363 2289 1040 2363">
    <p class='ocr_par' dir='ltr' id='par_1_8' title="bbox 363 2289 1040 2363">
     <span class='ocr_line' id='line_1_40' title="bbox 363 2289 1040 2325; baseline 0.001 -9"><span class='ocrx_word' id='word_1_206' title='bbox 363 2289 595 2325; x_wconf 71' lang='lat' dir='ltr'><strong>Interrogatoria</strong></span> <span class='ocrx_word' id='word_1_207' title='bbox 610 2298 662 2324; x_wconf 84' lang='lat' dir='ltr'><strong>pro</strong></span> <span class='ocrx_word' id='word_1_208' title='bbox 676 2289 816 2318; x_wconf 71' lang='lat' dir='ltr'><strong>habenda</strong></span> <span class='ocrx_word' id='word_1_209' title='bbox 828 2290 1040 2318; x_wconf 79' lang='lat' dir='ltr'><strong>informatione</strong></span> 
     </span>
     <span class='ocr_line' id='line_1_41' title="bbox 558 2335 847 2363; baseline 0 0"><span class='ocrx_word' id='word_1_210' title='bbox 558 2335 663 2363; x_wconf 77' lang='lat' dir='ltr'><strong>Status</strong></span> <span class='ocrx_word' id='word_1_211' title='bbox 683 2335 847 2363; x_wconf 79' lang='lat' dir='ltr'><strong>Ecclesiae.</strong></span> 
     </span>
    </p>
   </div>
   <div class='ocr_carea' id='block_1_6' title="bbox 334 2387 1073 2700">
    <p class='ocr_par' dir='ltr' id='par_1_9' title="bbox 334 2387 1073 2700">
     <span class='ocr_line' id='line_1_42' title="bbox 378 2387 1072 2433; baseline 0.001 -13"><span class='ocrx_word' id='word_1_212' title='bbox 378 2387 407 2420; x_wconf 55' lang='lat'><strong>¹1.</strong></span> <span class='ocrx_word' id='word_1_213' title='bbox 432 2389 478 2421; x_wconf 82' lang='lat' dir='ltr'><strong>An</strong></span> <span class='ocrx_word' id='word_1_214' title='bbox 502 2388 587 2421; x_wconf 81' lang='lat' dir='ltr'><strong>testis</strong></span> <span class='ocrx_word' id='word_1_215' title='bbox 612 2389 688 2422; x_wconf 89' lang='lat' dir='ltr'><strong>sciat</strong></span> <span class='ocrx_word' id='word_1_216' title='bbox 704 2389 735 2422; x_wconf 91' lang='lat' dir='ltr'><strong>in</strong></span> <span class='ocrx_word' id='word_1_217' title='bbox 755 2399 815 2433; x_wconf 87' lang='lat' dir='ltr'><strong>qua</strong></span> <span class='ocrx_word' id='word_1_218' title='bbox 834 2388 997 2433; x_wconf 75' lang='lat' dir='ltr'><strong>provincia</strong></span> <span class='ocrx_word' id='word_1_219' title='bbox 1015 2389 1072 2421; x_wconf 87' lang='lat' dir='ltr'><strong>sita</strong></span> 
     </span>
     <span class='ocr_line' id='line_1_43' title="bbox 334 2441 1073 2486; baseline 0.001 -13"><span class='ocrx_word' id='word_1_220' title='bbox 334 2441 374 2474; x_wconf 84' lang='lat' dir='ltr'><strong>sit</strong></span> <span class='ocrx_word' id='word_1_221' title='bbox 394 2441 500 2474; x_wconf 89' lang='lat' dir='ltr'><strong>civitas</strong></span> <span class='ocrx_word' id='word_1_222' title='bbox 516 2442 562 2482; x_wconf 83' lang='lat' dir='ltr'><strong>N.;</strong></span> <span class='ocrx_word' id='word_1_223' title='bbox 580 2443 668 2475; x_wconf 85' lang='lat' dir='ltr'><strong>cuius</strong></span> <span class='ocrx_word' id='word_1_224' title='bbox 686 2443 772 2484; x_wconf 90' lang='lat' dir='ltr'><strong>situs,</strong></span> <span class='ocrx_word' id='word_1_225' title='bbox 790 2442 948 2486; x_wconf 85' lang='lat' dir='ltr'><strong>qualitatis</strong></span> <span class='ocrx_word' id='word_1_226' title='bbox 965 2448 995 2475; x_wconf 87' lang='lat' dir='ltr'><strong>et</strong></span> <span class='ocrx_word' id='word_1_227' title='bbox 1011 2453 1073 2475; x_wconf 89' lang='lat' dir='ltr'><strong>ma-</strong></span> 
     </span>
     <span class='ocr_line' id='line_1_44' title="bbox 335 2495 1073 2539; baseline 0.003 -12"><span class='ocrx_word' id='word_1_228' title='bbox 335 2495 506 2538; x_wconf 82' lang='lat' dir='ltr'><strong>gnitudinis</strong></span> <span class='ocrx_word' id='word_1_229' title='bbox 524 2495 575 2535; x_wconf 74' lang='lat' dir='ltr'><strong>sit,</strong></span> <span class='ocrx_word' id='word_1_230' title='bbox 592 2501 668 2539; x_wconf 83' lang='lat' dir='ltr'><strong>quot</strong></span> <span class='ocrx_word' id='word_1_231' title='bbox 692 2496 845 2530; x_wconf 87' lang='lat' dir='ltr'><strong>conssetur</strong></span> <span class='ocrx_word' id='word_1_232' title='bbox 869 2496 1024 2538; x_wconf 88' lang='lat' dir='ltr'><strong>domibus,</strong></span> <span class='ocrx_word' id='word_1_233' title='bbox 1044 2501 1073 2529; x_wconf 84' lang='lat' dir='ltr'><strong>et</strong></span> 
     </span>
     <span class='ocr_line' id='line_1_45' title="bbox 334 2548 1072 2591; baseline 0.003 -11"><span class='ocrx_word' id='word_1_234' title='bbox 334 2559 352 2580; x_wconf 89' lang='lat' dir='ltr'><strong>a</strong></span> <span class='ocrx_word' id='word_1_235' title='bbox 374 2553 450 2591; x_wconf 88' lang='lat' dir='ltr'><strong>quot</strong></span> <span class='ocrx_word' id='word_1_236' title='bbox 474 2548 728 2582; x_wconf 87' lang='lat' dir='ltr'><strong>christifidelibus</strong></span> <span class='ocrx_word' id='word_1_237' title='bbox 752 2549 960 2589; x_wconf 67' lang='lat' dir='ltr'><strong>inliabiteturg</strong></span> <span class='ocrx_word' id='word_1_238' title='bbox 984 2549 1072 2582; x_wconf 88' lang='lat' dir='ltr'><strong>euius</strong></span> 
     </span>
     <span class='ocr_line' id='line_1_46' title="bbox 335 2602 1071 2647; baseline 0.003 -12"><span class='ocrx_word' id='word_1_239' title='bbox 335 2602 475 2636; x_wconf 92' lang='lat' dir='ltr'><strong>dominio</strong></span> <span class='ocrx_word' id='word_1_240' title='bbox 506 2603 537 2635; x_wconf 91' lang='lat' dir='ltr'><strong>in</strong></span> <span class='ocrx_word' id='word_1_241' title='bbox 568 2604 796 2647; x_wconf 86' lang='lat' dir='ltr'><strong>temporalibus</strong></span> <span class='ocrx_word' id='word_1_242' title='bbox 831 2604 1010 2645; x_wconf 72' lang='lat' dir='ltr'><strong>subiaceat,</strong></span> <span class='ocrx_word' id='word_1_243' title='bbox 1041 2610 1071 2637; x_wconf 89' lang='lat' dir='ltr'><strong>ct</strong></span> 
     </span>
     <span class='ocr_line' id='line_1_47' title="bbox 335 2656 792 2700; baseline 0.002 -11"><span class='ocrx_word' id='word_1_244' title='bbox 335 2666 414 2700; x_wconf 86' lang='lat' dir='ltr'><strong>quae</strong></span> <span class='ocrx_word' id='word_1_245' title='bbox 439 2656 478 2690; x_wconf 86' lang='lat' dir='ltr'><strong>sit</strong></span> <span class='ocrx_word' id='word_1_246' title='bbox 503 2667 596 2691; x_wconf 87' lang='lat' dir='ltr'><strong>causa</strong></span> <span class='ocrx_word' id='word_1_247' title='bbox 619 2657 792 2690; x_wconf 79' lang='lat' dir='ltr'><strong>scientiae‘?</strong></span> 
     </span>
    </p>
   </div>
   <div class='ocr_carea' id='block_1_7' title="bbox 1090 254 1858 2701">
    <p class='ocr_par' dir='ltr' id='par_1_10' title="bbox 1090 254 1216 278">
     <span class='ocr_line' id='line_1_48' title="bbox 1090 254 1216 278; baseline 0 0"><span class='ocrx_word' id='word_1_248' title='bbox 1090 254 1146 278; x_wconf 83' lang='lat' dir='ltr'><strong>vm</strong></span> <span class='ocrx_word' id='word_1_249' title='bbox 1168 255 1216 278; x_wconf 77' lang='lat'>1²1².</span> 
     </span>
    </p>

    <p class='ocr_par' dir='ltr' id='par_1_11' title="bbox 1091 299 1833 556">
     <span class='ocr_line' id='line_1_49' title="bbox 1135 299 1832 335; baseline -0.004 0"><span class='ocrx_word' id='word_1_250' title='bbox 1135 304 1163 335; x_wconf 59' lang='grc' dir='ltr'><strong>τὶ.</strong></span> <span class='ocrx_word' id='word_1_251' title='bbox 1190 302 1235 335; x_wconf 88' lang='lat' dir='ltr'><strong>An</strong></span> <span class='ocrx_word' id='word_1_252' title='bbox 1261 301 1336 334; x_wconf 85' lang='lat' dir='ltr'><strong>sciat</strong></span> <span class='ocrx_word' id='word_1_253' title='bbox 1362 301 1392 333; x_wconf 93' lang='lat' dir='ltr'><strong>in</strong></span> <span class='ocrx_word' id='word_1_254' title='bbox 1418 301 1470 333; x_wconf 75' lang='lat' dir='ltr'><strong>illa</strong></span> <span class='ocrx_word' id='word_1_255' title='bbox 1496 299 1618 333; x_wconf 86' lang='lat' dir='ltr'><strong>civitate</strong></span> <span class='ocrx_word' id='word_1_256' title='bbox 1643 309 1710 331; x_wconf 81' lang='lat' dir='ltr'><strong>csse</strong></span> <span class='ocrx_word' id='word_1_257' title='bbox 1735 300 1832 332; x_wconf 80' lang='lat' dir='ltr'><strong>cccle—</strong></span> 
     </span>
     <span class='ocr_line' id='line_1_50' title="bbox 1091 352 1831 396; baseline -0.005 -9"><span class='ocrx_word' id='word_1_258' title='bbox 1091 356 1167 388; x_wconf 85' lang='lat' dir='ltr'><strong>siam</strong></span> <span class='ocrx_word' id='word_1_259' title='bbox 1201 355 1433 396; x_wconf 82' lang='lat' dir='ltr'><strong>cathedralem,</strong></span> <span class='ocrx_word' id='word_1_260' title='bbox 1459 354 1505 386; x_wconf 82' lang='lat' dir='ltr'><strong>vel</strong></span> <span class='ocrx_word' id='word_1_261' title='bbox 1535 352 1831 396; x_wconf 84' lang='lat' dir='ltr'><strong>metropolitanam,</strong></span> 
     </span>
     <span class='ocr_line' id='line_1_51' title="bbox 1092 407 1833 451; baseline -0.007 -11"><span class='ocrx_word' id='word_1_262' title='bbox 1092 408 1150 440; x_wconf 78' lang='lat' dir='ltr'><strong>sub</strong></span> <span class='ocrx_word' id='word_1_263' title='bbox 1174 419 1235 451; x_wconf 89' lang='lat' dir='ltr'><strong>qua</strong></span> <span class='ocrx_word' id='word_1_264' title='bbox 1260 408 1464 449; x_wconf 84' lang='lat' dir='ltr'><strong>invocatione,</strong></span> <span class='ocrx_word' id='word_1_265' title='bbox 1490 407 1578 440; x_wconf 79' lang='lat' dir='ltr'><strong>cuius</strong></span> <span class='ocrx_word' id='word_1_266' title='bbox 1603 409 1777 439; x_wconf 80' lang='lat' dir='ltr'><strong>structurae</strong></span> <span class='ocrx_word' id='word_1_267' title='bbox 1803 410 1833 437; x_wconf 83' lang='lat' dir='ltr'><strong>et</strong></span> 
     </span>
     <span class='ocr_line' id='line_1_52' title="bbox 1092 458 1831 504; baseline -0.003 -13"><span class='ocrx_word' id='word_1_268' title='bbox 1092 461 1260 504; x_wconf 85' lang='lat' dir='ltr'><strong>qualitatis,</strong></span> <span class='ocrx_word' id='word_1_269' title='bbox 1277 471 1316 493; x_wconf 88' lang='lat' dir='ltr'><strong>an</strong></span> <span class='ocrx_word' id='word_1_270' title='bbox 1341 460 1444 503; x_wconf 84' lang='lat' dir='ltr'><strong>aliqua</strong></span> <span class='ocrx_word' id='word_1_271' title='bbox 1462 459 1658 503; x_wconf 81' lang='lat' dir='ltr'><strong>reparatione</strong></span> <span class='ocrx_word' id='word_1_272' title='bbox 1684 458 1831 501; x_wconf 75' lang='lat' dir='ltr'><strong>indigeat,</strong></span> 
     </span>
     <span class='ocr_line' id='line_1_53' title="bbox 1093 513 1604 556; baseline -0.004 -11"><span class='ocrx_word' id='word_1_273' title='bbox 1093 518 1123 545; x_wconf 90' lang='lat' dir='ltr'><strong>ct</strong></span> <span class='ocrx_word' id='word_1_274' title='bbox 1147 524 1226 556; x_wconf 83' lang='lat' dir='ltr'><strong>quac</strong></span> <span class='ocrx_word' id='word_1_275' title='bbox 1249 513 1288 545; x_wconf 79' lang='lat' dir='ltr'><strong>sit</strong></span> <span class='ocrx_word' id='word_1_276' title='bbox 1310 523 1403 545; x_wconf 80' lang='lat' dir='ltr'><strong>caiisa</strong></span> <span class='ocrx_word' id='word_1_277' title='bbox 1429 513 1575 545; x_wconf 81' lang='lat' dir='ltr'><strong>scientiae</strong></span> <span class='ocrx_word' id='word_1_278' title='bbox 1591 513 1604 543; x_wconf 75' lang='lat'><strong>⁴?</strong></span> 
     </span>
    </p>

    <p class='ocr_par' dir='ltr' id='par_1_12' title="bbox 1094 565 1836 813">
     <span class='ocr_line' id='line_1_54' title="bbox 1137 565 1833 608; baseline -0.003 -11"><span class='ocrx_word' id='word_1_279' title='bbox 1137 566 1166 598; x_wconf 94' lang='grc'><strong>.3.</strong></span> <span class='ocrx_word' id='word_1_280' title='bbox 1193 565 1223 597; x_wconf 77' lang='lat' dir='ltr'><strong>Si</strong></span> <span class='ocrx_word' id='word_1_281' title='bbox 1248 570 1294 598; x_wconf 90' lang='lat' dir='ltr'><strong>est</strong></span> <span class='ocrx_word' id='word_1_282' title='bbox 1319 566 1449 598; x_wconf 84' lang='lat' dir='ltr'><strong>ecclesia</strong></span> <span class='ocrx_word' id='word_1_283' title='bbox 1473 565 1765 608; x_wconf 75' lang='lat' dir='ltr'><strong>archiepiscopalis,</strong></span> <span class='ocrx_word' id='word_1_284' title='bbox 1795 575 1833 595; x_wconf 89' lang='lat' dir='ltr'><strong>an</strong></span> 
     </span>
     <span class='ocr_line' id='line_1_55' title="bbox 1094 618 1833 662; baseline -0.001 -11"><span class='ocrx_word' id='word_1_285' title='bbox 1094 619 1180 661; x_wconf 80' lang='lat' dir='ltr'><strong>sciat,</strong></span> <span class='ocrx_word' id='word_1_286' title='bbox 1198 624 1274 662; x_wconf 88' lang='lat' dir='ltr'><strong>quot</strong></span> <span class='ocrx_word' id='word_1_287' title='bbox 1292 619 1458 662; x_wconf 75' lang='lat' dir='ltr'><strong>episcopos</strong></span> <span class='ocrx_word' id='word_1_288' title='bbox 1480 619 1695 660; x_wconf 73' lang='lat' dir='ltr'><strong>sull&#39;ragancos</strong></span> <span class='ocrx_word' id='word_1_289' title='bbox 1712 618 1833 658; x_wconf 75' lang='lat' dir='ltr'><strong>lrabeat,</strong></span> 
     </span>
     <span class='ocr_line' id='line_1_56' title="bbox 1095 671 1834 716; baseline -0.003 -11"><span class='ocrx_word' id='word_1_290' title='bbox 1095 678 1124 705; x_wconf 89' lang='lat' dir='ltr'><strong>et</strong></span> <span class='ocrx_word' id='word_1_291' title='bbox 1145 673 1199 716; x_wconf 86' lang='lat' dir='ltr'><strong>qui</strong></span> <span class='ocrx_word' id='word_1_292' title='bbox 1221 673 1295 712; x_wconf 87' lang='lat' dir='ltr'><strong>sint;</strong></span> <span class='ocrx_word' id='word_1_293' title='bbox 1313 671 1339 705; x_wconf 91' lang='lat' dir='ltr'><strong>si</strong></span> <span class='ocrx_word' id='word_1_294' title='bbox 1359 676 1405 704; x_wconf 88' lang='lat' dir='ltr'><strong>cst</strong></span> <span class='ocrx_word' id='word_1_295' title='bbox 1423 671 1618 715; x_wconf 76' lang='lat' dir='ltr'><strong>episcopalis,</strong></span> <span class='ocrx_word' id='word_1_296' title='bbox 1637 682 1674 703; x_wconf 87' lang='lat' dir='ltr'><strong>an</strong></span> <span class='ocrx_word' id='word_1_297' title='bbox 1693 672 1769 704; x_wconf 86' lang='lat' dir='ltr'><strong>sciat</strong></span> <span class='ocrx_word' id='word_1_298' title='bbox 1786 671 1834 704; x_wconf 86' lang='lat' dir='ltr'><strong>eui</strong></span> 
     </span>
     <span class='ocr_line' id='line_1_57' title="bbox 1095 724 1836 770; baseline -0.003 -12"><span class='ocrx_word' id='word_1_299' title='bbox 1095 725 1336 770; x_wconf 85' lang='lat' dir='ltr'><strong>archiepiscopo</strong></span> <span class='ocrx_word' id='word_1_300' title='bbox 1356 725 1394 757; x_wconf 82' lang='lat' dir='ltr'><strong>sit</strong></span> <span class='ocrx_word' id='word_1_301' title='bbox 1415 724 1630 768; x_wconf 67' lang='lat' dir='ltr'><strong>sutl&#39;raganca,</strong></span> <span class='ocrx_word' id='word_1_302' title='bbox 1648 730 1677 757; x_wconf 88' lang='lat' dir='ltr'><strong>ct</strong></span> <span class='ocrx_word' id='word_1_303' title='bbox 1695 735 1773 768; x_wconf 83' lang='lat' dir='ltr'><strong>quae</strong></span> <span class='ocrx_word' id='word_1_304' title='bbox 1798 725 1836 757; x_wconf 77' lang='lat' dir='ltr'><strong>sit</strong></span> 
     </span>
     <span class='ocr_line' id='line_1_58' title="bbox 1097 779 1462 813; baseline -0.011 0"><span class='ocrx_word' id='word_1_305' title='bbox 1097 790 1189 813; x_wconf 88' lang='lat' dir='ltr'><strong>causa</strong></span> <span class='ocrx_word' id='word_1_306' title='bbox 1207 779 1379 813; x_wconf 66' lang='lat' dir='ltr'><strong>scientiae?</strong></span> <span class='ocrx_word' id='word_1_307' title='bbox 1450 792 1462 806; x_wconf 58' lang='grc' dir='ltr'><strong><em>φ</em></strong></span> 
     </span>
    </p>

    <p class='ocr_par' dir='ltr' id='par_1_13' title="bbox 1097 831 1858 1349">
     <span class='ocr_line' id='line_1_59' title="bbox 1141 831 1858 883; baseline -0.004 -17"><span class='ocrx_word' id='word_1_308' title='bbox 1141 832 1171 865; x_wconf 73' lang='grc'><strong>4.</strong></span> <span class='ocrx_word' id='word_1_309' title='bbox 1197 833 1278 872; x_wconf 82' lang='lat' dir='ltr'><strong>Quot</strong></span> <span class='ocrx_word' id='word_1_310' title='bbox 1295 837 1325 865; x_wconf 86' lang='lat' dir='ltr'><strong>et</strong></span> <span class='ocrx_word' id='word_1_311' title='bbox 1342 832 1450 876; x_wconf 82' lang='lat' dir='ltr'><strong>quales</strong></span> <span class='ocrx_word' id='word_1_312' title='bbox 1475 831 1536 864; x_wconf 92' lang='lat' dir='ltr'><strong>sint</strong></span> <span class='ocrx_word' id='word_1_313' title='bbox 1557 831 1588 863; x_wconf 90' lang='lat' dir='ltr'><strong>in</strong></span> <span class='ocrx_word' id='word_1_314' title='bbox 1606 831 1687 864; x_wconf 78' lang='lat' dir='ltr'><strong>dicta</strong></span> <span class='ocrx_word' id='word_1_315' title='bbox 1705 831 1858 883; x_wconf 64' lang='lat' dir='ltr'><strong>ecclesia⁴</strong></span> 
     </span>
     <span class='ocr_line' id='line_1_60' title="bbox 1097 884 1839 929; baseline -0.005 -9"><span class='ocrx_word' id='word_1_316' title='bbox 1097 886 1263 929; x_wconf 76' lang='lat' dir='ltr'><strong>dignitates</strong></span> <span class='ocrx_word' id='word_1_317' title='bbox 1287 890 1316 920; x_wconf 89' lang='lat' dir='ltr'><strong>et</strong></span> <span class='ocrx_word' id='word_1_318' title='bbox 1341 885 1541 919; x_wconf 82' lang='lat' dir='ltr'><strong>canonicatus</strong></span> <span class='ocrx_word' id='word_1_319' title='bbox 1559 890 1588 918; x_wconf 91' lang='lat' dir='ltr'><strong>et</strong></span> <span class='ocrx_word' id='word_1_320' title='bbox 1608 885 1667 917; x_wconf 83' lang='lat' dir='ltr'><strong>alia</strong></span> <span class='ocrx_word' id='word_1_321' title='bbox 1687 884 1839 917; x_wconf 81' lang='lat' dir='ltr'><strong>beneficia</strong></span> 
     </span>
     <span class='ocr_line' id='line_1_61' title="bbox 1097 938 1838 983; baseline -0.005 -10"><span class='ocrx_word' id='word_1_322' title='bbox 1097 941 1330 981; x_wconf 85' lang='lat' dir='ltr'><strong>ecclesiastica,</strong></span> <span class='ocrx_word' id='word_1_323' title='bbox 1354 940 1425 983; x_wconf 83' lang='lat' dir='ltr'><strong>quis</strong></span> <span class='ocrx_word' id='word_1_324' title='bbox 1456 940 1494 972; x_wconf 91' lang='lat' dir='ltr'><strong>sit</strong></span> <span class='ocrx_word' id='word_1_325' title='bbox 1519 949 1671 972; x_wconf 83' lang='lat' dir='ltr'><strong>numerus</strong></span> <span class='ocrx_word' id='word_1_326' title='bbox 1696 938 1838 971; x_wconf 89' lang='lat' dir='ltr'><strong>omnium</strong></span> 
     </span>
     <span class='ocr_line' id='line_1_62' title="bbox 1097 991 1840 1038; baseline -0.007 -11"><span class='ocrx_word' id='word_1_327' title='bbox 1097 994 1353 1038; x_wconf 61' lang='lat' dir='ltr'><strong>presbyterorum</strong></span> <span class='ocrx_word' id='word_1_328' title='bbox 1371 1000 1401 1026; x_wconf 89' lang='lat' dir='ltr'><strong>et</strong></span> <span class='ocrx_word' id='word_1_329' title='bbox 1426 994 1614 1026; x_wconf 88' lang='lat' dir='ltr'><strong>clericorum</strong></span> <span class='ocrx_word' id='word_1_330' title='bbox 1636 991 1711 1024; x_wconf 89' lang='lat' dir='ltr'><strong>inibi</strong></span> <span class='ocrx_word' id='word_1_331' title='bbox 1737 992 1769 1024; x_wconf 91' lang='lat' dir='ltr'><strong>in</strong></span> <span class='ocrx_word' id='word_1_332' title='bbox 1793 991 1840 1023; x_wconf 88' lang='lat' dir='ltr'><strong>di-</strong></span> 
     </span>
     <span class='ocr_line' id='line_1_63' title="bbox 1098 1045 1841 1090; baseline -0.004 -11"><span class='ocrx_word' id='word_1_333' title='bbox 1098 1047 1176 1080; x_wconf 90' lang='lat' dir='ltr'><strong>vinis</strong></span> <span class='ocrx_word' id='word_1_334' title='bbox 1190 1046 1435 1087; x_wconf 78' lang='lat' dir='ltr'><strong>inservientium,</strong></span> <span class='ocrx_word' id='word_1_335' title='bbox 1448 1057 1527 1090; x_wconf 86' lang='lat' dir='ltr'><strong>quae</strong></span> <span class='ocrx_word' id='word_1_336' title='bbox 1543 1046 1581 1078; x_wconf 89' lang='lat' dir='ltr'><strong>sit</strong></span> <span class='ocrx_word' id='word_1_337' title='bbox 1595 1045 1730 1088; x_wconf 77' lang='lat' dir='ltr'><strong>dignitas</strong></span> <span class='ocrx_word' id='word_1_338' title='bbox 1741 1045 1841 1077; x_wconf 83' lang='lat' dir='ltr'><strong>maior</strong></span> 
     </span>
     <span class='ocr_line' id='line_1_64' title="bbox 1098 1098 1842 1144; baseline -0.004 -11"><span class='ocrx_word' id='word_1_339' title='bbox 1098 1105 1169 1144; x_wconf 92' lang='lat' dir='ltr'><strong>post</strong></span> <span class='ocrx_word' id='word_1_340' title='bbox 1184 1100 1408 1144; x_wconf 78' lang='lat' dir='ltr'><strong>pontificalem,</strong></span> <span class='ocrx_word' id='word_1_341' title='bbox 1426 1100 1534 1142; x_wconf 82' lang='lat' dir='ltr'><strong>quales</strong></span> <span class='ocrx_word' id='word_1_342' title='bbox 1552 1098 1612 1131; x_wconf 89' lang='lat' dir='ltr'><strong>sint</strong></span> <span class='ocrx_word' id='word_1_343' title='bbox 1638 1098 1778 1131; x_wconf 83' lang='lat' dir='ltr'><strong>redditus</strong></span> <span class='ocrx_word' id='word_1_344' title='bbox 1798 1098 1842 1130; x_wconf 92' lang='lat' dir='ltr'><strong>di-</strong></span> 
     </span>
     <span class='ocr_line' id='line_1_65' title="bbox 1100 1152 1842 1197; baseline -0.003 -11"><span class='ocrx_word' id='word_1_345' title='bbox 1100 1154 1264 1197; x_wconf 76' lang='lat' dir='ltr'><strong>gnitatum,</strong></span> <span class='ocrx_word' id='word_1_346' title='bbox 1281 1154 1521 1187; x_wconf 86' lang='lat' dir='ltr'><strong>canonicatuum</strong></span> <span class='ocrx_word' id='word_1_347' title='bbox 1536 1158 1565 1186; x_wconf 89' lang='lat' dir='ltr'><strong>et</strong></span> <span class='ocrx_word' id='word_1_348' title='bbox 1582 1153 1715 1186; x_wconf 87' lang='lat' dir='ltr'><strong>aliorum</strong></span> <span class='ocrx_word' id='word_1_349' title='bbox 1729 1152 1842 1184; x_wconf 80' lang='lat' dir='ltr'><strong>beneti-</strong></span> 
     </span>
     <span class='ocr_line' id='line_1_66' title="bbox 1100 1206 1842 1251; baseline -0.004 -10"><span class='ocrx_word' id='word_1_350' title='bbox 1100 1208 1232 1250; x_wconf 90' lang='lat' dir='ltr'><strong>ciorum,</strong></span> <span class='ocrx_word' id='word_1_351' title='bbox 1248 1213 1329 1241; x_wconf 87' lang='lat' dir='ltr'><strong>etan</strong></span> <span class='ocrx_word' id='word_1_352' title='bbox 1342 1208 1443 1241; x_wconf 87' lang='lat' dir='ltr'><strong>adsint</strong></span> <span class='ocrx_word' id='word_1_353' title='bbox 1459 1207 1639 1251; x_wconf 85' lang='lat' dir='ltr'><strong>praebenda</strong></span> <span class='ocrx_word' id='word_1_354' title='bbox 1656 1206 1842 1249; x_wconf 78' lang='lat' dir='ltr'><strong>tlieologalis</strong></span> 
     </span>
     <span class='ocr_line' id='line_1_67' title="bbox 1100 1260 1843 1306; baseline -0.004 -11"><span class='ocrx_word' id='word_1_355' title='bbox 1100 1267 1130 1295; x_wconf 89' lang='lat' dir='ltr'><strong>et</strong></span> <span class='ocrx_word' id='word_1_356' title='bbox 1154 1262 1404 1306; x_wconf 86' lang='lat' dir='ltr'><strong>poenitentiaria,</strong></span> <span class='ocrx_word' id='word_1_357' title='bbox 1422 1267 1451 1295; x_wconf 87' lang='lat' dir='ltr'><strong>et</strong></span> <span class='ocrx_word' id='word_1_358' title='bbox 1468 1272 1547 1305; x_wconf 89' lang='lat' dir='ltr'><strong>quae</strong></span> <span class='ocrx_word' id='word_1_359' title='bbox 1572 1261 1611 1293; x_wconf 86' lang='lat' dir='ltr'><strong>sit</strong></span> <span class='ocrx_word' id='word_1_360' title='bbox 1636 1271 1728 1294; x_wconf 83' lang='lat' dir='ltr'><strong>causa</strong></span> <span class='ocrx_word' id='word_1_361' title='bbox 1748 1260 1843 1293; x_wconf 84' lang='lat' dir='ltr'><strong>scien-</strong></span> 
     </span>
     <span class='ocr_line' id='line_1_68' title="bbox 1101 1316 1185 1349; baseline -0.012 0"><span class='ocrx_word' id='word_1_362' title='bbox 1101 1316 1160 1349; x_wconf 88' lang='lat' dir='ltr'><strong>tiae</strong></span> <span class='ocrx_word' id='word_1_363' title='bbox 1170 1316 1185 1348; x_wconf 78' lang='lat'><strong>⁴?</strong></span> 
     </span>
    </p>

    <p class='ocr_par' dir='ltr' id='par_1_14' title="bbox 1101 1370 1843 1521">
     <span class='ocr_line' id='line_1_69' title="bbox 1145 1370 1842 1408; baseline -0.003 -6"><span class='ocrx_word' id='word_1_364' title='bbox 1145 1370 1175 1403; x_wconf 82' lang='lat'><strong>5.</strong></span> <span class='ocrx_word' id='word_1_365' title='bbox 1200 1370 1247 1402; x_wconf 84' lang='lat' dir='ltr'><strong>An</strong></span> <span class='ocrx_word' id='word_1_366' title='bbox 1262 1370 1293 1402; x_wconf 91' lang='lat' dir='ltr'><strong>in</strong></span> <span class='ocrx_word' id='word_1_367' title='bbox 1313 1372 1349 1403; x_wconf 75' lang='lat' dir='ltr'><strong>ea</strong></span> <span class='ocrx_word' id='word_1_368' title='bbox 1363 1381 1437 1403; x_wconf 92' lang='lat' dir='ltr'><strong>cura</strong></span> <span class='ocrx_word' id='word_1_369' title='bbox 1455 1370 1631 1402; x_wconf 87' lang='lat' dir='ltr'><strong>animarum</strong></span> <span class='ocrx_word' id='word_1_370' title='bbox 1649 1374 1842 1408; x_wconf 75' lang='lat' dir='ltr'><strong>exerceatur,</strong></span> 
     </span>
     <span class='ocr_line' id='line_1_70' title="bbox 1101 1422 1843 1468; baseline -0.003 -12"><span class='ocrx_word' id='word_1_371' title='bbox 1101 1433 1157 1468; x_wconf 84' lang='lat' dir='ltr'><strong>per</strong></span> <span class='ocrx_word' id='word_1_372' title='bbox 1182 1434 1287 1467; x_wconf 89' lang='lat' dir='ltr'><strong>quem,</strong></span> <span class='ocrx_word' id='word_1_373' title='bbox 1305 1434 1344 1456; x_wconf 89' lang='lat' dir='ltr'><strong>an</strong></span> <span class='ocrx_word' id='word_1_374' title='bbox 1365 1424 1404 1456; x_wconf 84' lang='lat' dir='ltr'><strong>sit</strong></span> <span class='ocrx_word' id='word_1_375' title='bbox 1428 1424 1459 1456; x_wconf 92' lang='lat' dir='ltr'><strong>in</strong></span> <span class='ocrx_word' id='word_1_376' title='bbox 1484 1425 1520 1456; x_wconf 76' lang='lat' dir='ltr'><strong>ea</strong></span> <span class='ocrx_word' id='word_1_377' title='bbox 1545 1424 1614 1455; x_wconf 83' lang='lat' dir='ltr'><strong>sons</strong></span> <span class='ocrx_word' id='word_1_378' title='bbox 1638 1422 1843 1466; x_wconf 74' lang='lat' dir='ltr'><strong>baptismalis,</strong></span> 
     </span>
     <span class='ocr_line' id='line_1_71' title="bbox 1102 1477 1614 1521; baseline -0.004 -11"><span class='ocrx_word' id='word_1_379' title='bbox 1102 1482 1131 1510; x_wconf 89' lang='lat' dir='ltr'><strong>ct</strong></span> <span class='ocrx_word' id='word_1_380' title='bbox 1156 1488 1235 1521; x_wconf 89' lang='lat' dir='ltr'><strong>quae</strong></span> <span class='ocrx_word' id='word_1_381' title='bbox 1261 1478 1299 1510; x_wconf 88' lang='lat' dir='ltr'><strong>sit</strong></span> <span class='ocrx_word' id='word_1_382' title='bbox 1324 1488 1417 1510; x_wconf 86' lang='lat' dir='ltr'><strong>causa</strong></span> <span class='ocrx_word' id='word_1_383' title='bbox 1442 1477 1614 1510; x_wconf 60' lang='lat' dir='ltr'><strong>scientiae?</strong></span> 
     </span>
    </p>

    <p class='ocr_par' dir='ltr' id='par_1_15' title="bbox 1103 1529 1847 1842">
     <span class='ocr_line' id='line_1_72' title="bbox 1147 1529 1845 1564; baseline -0.003 -1"><span class='ocrx_word' id='word_1_384' title='bbox 1147 1530 1176 1564; x_wconf 78' lang='grc' dir='ltr'><strong>ὓ.</strong></span> <span class='ocrx_word' id='word_1_385' title='bbox 1194 1532 1240 1564; x_wconf 70' lang='lat' dir='ltr'><strong>An</strong></span> <span class='ocrx_word' id='word_1_386' title='bbox 1264 1531 1377 1564; x_wconf 86' lang='lat' dir='ltr'><strong>habeat</strong></span> <span class='ocrx_word' id='word_1_387' title='bbox 1399 1531 1570 1563; x_wconf 83' lang='lat' dir='ltr'><strong>sacrarium</strong></span> <span class='ocrx_word' id='word_1_388' title='bbox 1592 1530 1782 1562; x_wconf 84' lang='lat' dir='ltr'><strong>sufficienter</strong></span> <span class='ocrx_word' id='word_1_389' title='bbox 1804 1529 1845 1561; x_wconf 94' lang='lat' dir='ltr'><strong>in—</strong></span> 
     </span>
     <span class='ocr_line' id='line_1_73' title="bbox 1103 1583 1846 1628; baseline -0.003 -11"><span class='ocrx_word' id='word_1_390' title='bbox 1103 1588 1257 1618; x_wconf 80' lang='lat' dir='ltr'><strong>structum</strong></span> <span class='ocrx_word' id='word_1_391' title='bbox 1271 1587 1359 1617; x_wconf 75' lang='lat' dir='ltr'><strong>sacra</strong></span> <span class='ocrx_word' id='word_1_392' title='bbox 1377 1584 1594 1628; x_wconf 83' lang='lat' dir='ltr'><strong>suppellectili,</strong></span> <span class='ocrx_word' id='word_1_393' title='bbox 1609 1583 1783 1627; x_wconf 87' lang='lat' dir='ltr'><strong>ceterisque</strong></span> <span class='ocrx_word' id='word_1_394' title='bbox 1801 1594 1846 1616; x_wconf 88' lang='lat' dir='ltr'><strong>re-</strong></span> 
     </span>
     <span class='ocr_line' id='line_1_74' title="bbox 1103 1636 1846 1679; baseline -0.003 -10"><span class='ocrx_word' id='word_1_395' title='bbox 1103 1638 1162 1670; x_wconf 86' lang='lat' dir='ltr'><strong>bus</strong></span> <span class='ocrx_word' id='word_1_396' title='bbox 1187 1638 1225 1670; x_wconf 87' lang='lat' dir='ltr'><strong>ad</strong></span> <span class='ocrx_word' id='word_1_397' title='bbox 1249 1637 1390 1670; x_wconf 72' lang='lat' dir='ltr'><strong>divinum</strong></span> <span class='ocrx_word' id='word_1_398' title='bbox 1410 1637 1540 1677; x_wconf 83' lang='lat' dir='ltr'><strong>cultum,</strong></span> <span class='ocrx_word' id='word_1_399' title='bbox 1558 1642 1585 1669; x_wconf 88' lang='lat' dir='ltr'><strong>et</strong></span> <span class='ocrx_word' id='word_1_400' title='bbox 1604 1636 1698 1669; x_wconf 89' lang='lat' dir='ltr'><strong>ctiam</strong></span> <span class='ocrx_word' id='word_1_401' title='bbox 1716 1637 1753 1668; x_wconf 89' lang='lat' dir='ltr'><strong>ad</strong></span> <span class='ocrx_word' id='word_1_402' title='bbox 1771 1646 1846 1679; x_wconf 89' lang='lat' dir='ltr'><strong>pon-</strong></span> 
     </span>
     <span class='ocr_line' id='line_1_75' title="bbox 1105 1690 1845 1731; baseline -0.003 -8"><span class='ocrx_word' id='word_1_403' title='bbox 1105 1691 1230 1724; x_wconf 75' lang='lat' dir='ltr'><strong>tificalia</strong></span> <span class='ocrx_word' id='word_1_404' title='bbox 1260 1691 1435 1723; x_wconf 84' lang='lat' dir='ltr'><strong>exercenda</strong></span> <span class='ocrx_word' id='word_1_405' title='bbox 1460 1690 1665 1731; x_wconf 78' lang='lat' dir='ltr'><strong>necessariis,</strong></span> <span class='ocrx_word' id='word_1_406' title='bbox 1691 1690 1845 1728; x_wconf 82' lang='lat' dir='ltr'><strong>chormn,</strong></span> 
     </span>
     <span class='ocr_line' id='line_1_76' title="bbox 1104 1743 1847 1788; baseline -0.003 -11"><span class='ocrx_word' id='word_1_407' title='bbox 1104 1756 1268 1787; x_wconf 76' lang='lat' dir='ltr'><strong>organum,</strong></span> <span class='ocrx_word' id='word_1_408' title='bbox 1281 1744 1453 1788; x_wconf 86' lang='lat' dir='ltr'><strong>campanile</strong></span> <span class='ocrx_word' id='word_1_409' title='bbox 1469 1755 1539 1777; x_wconf 88' lang='lat' dir='ltr'><strong>cum</strong></span> <span class='ocrx_word' id='word_1_410' title='bbox 1554 1743 1724 1786; x_wconf 84' lang='lat' dir='ltr'><strong>campanis,</strong></span> <span class='ocrx_word' id='word_1_411' title='bbox 1736 1748 1765 1775; x_wconf 88' lang='lat' dir='ltr'><strong>et</strong></span> <span class='ocrx_word' id='word_1_412' title='bbox 1779 1754 1847 1775; x_wconf 86' lang='lat' dir='ltr'><strong>coe-</strong></span> 
     </span>
     <span class='ocr_line' id='line_1_77' title="bbox 1104 1797 1780 1842; baseline -0.004 -11"><span class='ocrx_word' id='word_1_413' title='bbox 1104 1799 1282 1840; x_wconf 86' lang='lat' dir='ltr'><strong>meterium,</strong></span> <span class='ocrx_word' id='word_1_414' title='bbox 1298 1803 1327 1830; x_wconf 90' lang='lat' dir='ltr'><strong>ct</strong></span> <span class='ocrx_word' id='word_1_415' title='bbox 1344 1809 1425 1842; x_wconf 87' lang='lat' dir='ltr'><strong>quae</strong></span> <span class='ocrx_word' id='word_1_416' title='bbox 1443 1798 1479 1830; x_wconf 84' lang='lat' dir='ltr'><strong>sit</strong></span> <span class='ocrx_word' id='word_1_417' title='bbox 1499 1808 1591 1830; x_wconf 85' lang='lat' dir='ltr'><strong>causa</strong></span> <span class='ocrx_word' id='word_1_418' title='bbox 1608 1797 1755 1830; x_wconf 87' lang='lat' dir='ltr'><strong>scientiae</strong></span> <span class='ocrx_word' id='word_1_419' title='bbox 1766 1798 1780 1828; x_wconf 68' lang='lat'><strong>‘2&#39;</strong></span> 
     </span>
    </p>

    <p class='ocr_par' dir='ltr' id='par_1_16' title="bbox 1105 1850 1847 2002">
     <span class='ocr_line' id='line_1_78' title="bbox 1150 1850 1846 1894; baseline -0.009 -8"><span class='ocrx_word' id='word_1_420' title='bbox 1150 1853 1177 1886; x_wconf 88' lang='lat'><strong>7.</strong></span> <span class='ocrx_word' id='word_1_421' title='bbox 1203 1853 1249 1885; x_wconf 85' lang='lat' dir='ltr'><strong>An</strong></span> <span class='ocrx_word' id='word_1_422' title='bbox 1274 1852 1335 1885; x_wconf 88' lang='lat' dir='ltr'><strong>sint</strong></span> <span class='ocrx_word' id='word_1_423' title='bbox 1359 1852 1391 1884; x_wconf 88' lang='lat' dir='ltr'><strong>in</strong></span> <span class='ocrx_word' id='word_1_424' title='bbox 1416 1853 1451 1884; x_wconf 77' lang='lat' dir='ltr'><strong>c&#39;i</strong></span> <span class='ocrx_word' id='word_1_425' title='bbox 1477 1861 1628 1894; x_wconf 88' lang='lat' dir='ltr'><strong>corpora,</strong></span> <span class='ocrx_word' id='word_1_426' title='bbox 1654 1851 1700 1883; x_wconf 90' lang='lat' dir='ltr'><strong>vel</strong></span> <span class='ocrx_word' id='word_1_427' title='bbox 1726 1850 1846 1893; x_wconf 71' lang='lat' dir='ltr'><strong>aliqua«¹</strong></span> 
     </span>
     <span class='ocr_line' id='line_1_79' title="bbox 1105 1904 1847 1949; baseline -0.007 -10"><span class='ocrx_word' id='word_1_428' title='bbox 1105 1906 1244 1949; x_wconf 81' lang='lat' dir='ltr'><strong>insignes</strong></span> <span class='ocrx_word' id='word_1_429' title='bbox 1275 1905 1429 1948; x_wconf 82' lang='lat' dir='ltr'><strong>reliquiae</strong></span> <span class='ocrx_word' id='word_1_430' title='bbox 1457 1910 1661 1944; x_wconf 81' lang='lat' dir='ltr'><strong>sanctorum,</strong></span> <span class='ocrx_word' id='word_1_431' title='bbox 1687 1904 1847 1947; x_wconf 87' lang='lat' dir='ltr'><strong>quomodo</strong></span> 
     </span>
     <span class='ocr_line' id='line_1_80' title="bbox 1106 1957 1814 2002; baseline -0.006 -10"><span class='ocrx_word' id='word_1_432' title='bbox 1106 1964 1315 2001; x_wconf 70' lang='lat' dir='ltr'><strong>asserventur,</strong></span> <span class='ocrx_word' id='word_1_433' title='bbox 1335 1963 1364 1992; x_wconf 89' lang='lat' dir='ltr'><strong>ct</strong></span> <span class='ocrx_word' id='word_1_434' title='bbox 1381 1969 1460 2002; x_wconf 85' lang='lat' dir='ltr'><strong>quae</strong></span> <span class='ocrx_word' id='word_1_435' title='bbox 1478 1958 1516 1991; x_wconf 84' lang='lat' dir='ltr'><strong>sit</strong></span> <span class='ocrx_word' id='word_1_436' title='bbox 1533 1969 1625 1991; x_wconf 83' lang='lat' dir='ltr'><strong>causa</strong></span> <span class='ocrx_word' id='word_1_437' title='bbox 1643 1957 1789 1991; x_wconf 82' lang='lat' dir='ltr'><strong>scientiae</strong></span> <span class='ocrx_word' id='word_1_438' title='bbox 1800 1958 1814 1988; x_wconf 68' lang='grc' dir='ltr'><strong>ἶ)</strong></span> 
     </span>
    </p>

    <p class='ocr_par' dir='ltr' id='par_1_17' title="bbox 1106 2010 1849 2217">
     <span class='ocr_line' id='line_1_81' title="bbox 1150 2010 1847 2055; baseline -0.003 -10"><span class='ocrx_word' id='word_1_439' title='bbox 1150 2012 1178 2045; x_wconf 77' lang='lat'><strong>8.</strong></span> <span class='ocrx_word' id='word_1_440' title='bbox 1195 2014 1242 2046; x_wconf 83' lang='lat' dir='ltr'><strong>An</strong></span> <span class='ocrx_word' id='word_1_441' title='bbox 1258 2013 1370 2045; x_wconf 86' lang='lat' dir='ltr'><strong>habeat</strong></span> <span class='ocrx_word' id='word_1_442' title='bbox 1387 2012 1515 2044; x_wconf 84' lang='lat' dir='ltr'><strong>domum</strong></span> <span class='ocrx_word' id='word_1_443' title='bbox 1542 2022 1600 2055; x_wconf 91' lang='lat' dir='ltr'><strong>pro</strong></span> <span class='ocrx_word' id='word_1_444' title='bbox 1618 2010 1847 2054; x_wconf 85' lang='lat' dir='ltr'><strong>archicpiscopi</strong></span> 
     </span>
     <span class='ocr_line' id='line_1_82' title="bbox 1106 2064 1846 2110; baseline -0.004 -12"><span class='ocrx_word' id='word_1_445' title='bbox 1106 2066 1152 2099; x_wconf 87' lang='lat' dir='ltr'><strong>vel</strong></span> <span class='ocrx_word' id='word_1_446' title='bbox 1181 2065 1321 2110; x_wconf 85' lang='lat' dir='ltr'><strong>episcopi</strong></span> <span class='ocrx_word' id='word_1_447' title='bbox 1346 2065 1550 2105; x_wconf 77' lang='lat' dir='ltr'><strong>liabitatiom·,</strong></span> <span class='ocrx_word' id='word_1_448' title='bbox 1576 2064 1639 2104; x_wconf 85' lang='lat' dir='ltr'><strong>ubi,</strong></span> <span class='ocrx_word' id='word_1_449' title='bbox 1658 2070 1687 2097; x_wconf 84' lang='lat' dir='ltr'><strong>et</strong></span> <span class='ocrx_word' id='word_1_450' title='bbox 1711 2065 1846 2108; x_wconf 79' lang='lat' dir='ltr'><strong>qualem,</strong></span> 
     </span>
     <span class='ocr_line' id='line_1_83' title="bbox 1106 2120 1849 2165; baseline -0.005 -11"><span class='ocrx_word' id='word_1_451' title='bbox 1106 2126 1256 2165; x_wconf 83' lang='lat' dir='ltr'><strong>quantuni</strong></span> <span class='ocrx_word' id='word_1_452' title='bbox 1276 2121 1369 2154; x_wconf 82' lang='lat' dir='ltr'><strong>distet</strong></span> <span class='ocrx_word' id='word_1_453' title='bbox 1391 2120 1429 2152; x_wconf 83' lang='lat' dir='ltr'><strong>ab</strong></span> <span class='ocrx_word' id='word_1_454' title='bbox 1455 2120 1598 2160; x_wconf 78' lang='lat' dir='ltr'><strong>ecclesia,</strong></span> <span class='ocrx_word' id='word_1_455' title='bbox 1616 2124 1645 2152; x_wconf 88' lang='lat' dir='ltr'><strong>et</strong></span> <span class='ocrx_word' id='word_1_456' title='bbox 1665 2129 1703 2151; x_wconf 87' lang='lat' dir='ltr'><strong>an</strong></span> <span class='ocrx_word' id='word_1_457' title='bbox 1723 2129 1849 2162; x_wconf 86' lang='lat' dir='ltr'><strong>repara-</strong></span> 
     </span>
     <span class='ocr_line' id='line_1_84' title="bbox 1108 2172 1847 2217; baseline -0.004 -10"><span class='ocrx_word' id='word_1_458' title='bbox 1108 2175 1190 2208; x_wconf 86' lang='lat' dir='ltr'><strong>tione</strong></span> <span class='ocrx_word' id='word_1_459' title='bbox 1207 2175 1354 2217; x_wconf 76' lang='lat' dir='ltr'><strong>indigeat,</strong></span> <span class='ocrx_word' id='word_1_460' title='bbox 1369 2179 1398 2207; x_wconf 88' lang='lat' dir='ltr'><strong>et</strong></span> <span class='ocrx_word' id='word_1_461' title='bbox 1412 2184 1492 2217; x_wconf 87' lang='lat' dir='ltr'><strong>quae</strong></span> <span class='ocrx_word' id='word_1_462' title='bbox 1511 2173 1549 2206; x_wconf 89' lang='lat' dir='ltr'><strong>sit</strong></span> <span class='ocrx_word' id='word_1_463' title='bbox 1566 2184 1659 2206; x_wconf 81' lang='lat' dir='ltr'><strong>eausa</strong></span> <span class='ocrx_word' id='word_1_464' title='bbox 1676 2172 1847 2205; x_wconf 76' lang='lat' dir='ltr'><strong>scicntiae‘?</strong></span> 
     </span>
    </p>

    <p class='ocr_par' dir='ltr' id='par_1_18' title="bbox 1107 2226 1850 2583">
     <span class='ocr_line' id='line_1_85' title="bbox 1151 2226 1848 2262; baseline -0.006 0"><span class='ocrx_word' id='word_1_465' title='bbox 1151 2229 1179 2262; x_wconf 77' lang='lat'><strong>9.</strong></span> <span class='ocrx_word' id='word_1_466' title='bbox 1206 2229 1251 2261; x_wconf 80' lang='lat' dir='ltr'><strong>An</strong></span> <span class='ocrx_word' id='word_1_467' title='bbox 1277 2228 1354 2261; x_wconf 84' lang='lat' dir='ltr'><strong>sciat</strong></span> <span class='ocrx_word' id='word_1_468' title='bbox 1375 2238 1483 2260; x_wconf 87' lang='lat' dir='ltr'><strong>verum</strong></span> <span class='ocrx_word' id='word_1_469' title='bbox 1505 2228 1642 2260; x_wconf 88' lang='lat' dir='ltr'><strong>valorem</strong></span> <span class='ocrx_word' id='word_1_470' title='bbox 1669 2226 1848 2259; x_wconf 84' lang='lat' dir='ltr'><strong>reddituum</strong></span> 
     </span>
     <span class='ocr_line' id='line_1_86' title="bbox 1108 2279 1848 2325; baseline -0.004 -11"><span class='ocrx_word' id='word_1_471' title='bbox 1108 2292 1233 2315; x_wconf 89' lang='lat' dir='ltr'><strong>mensae</strong></span> <span class='ocrx_word' id='word_1_472' title='bbox 1258 2281 1543 2325; x_wconf 82' lang='lat' dir='ltr'><strong>archiepiscopalis,</strong></span> <span class='ocrx_word' id='word_1_473' title='bbox 1570 2280 1618 2313; x_wconf 88' lang='lat' dir='ltr'><strong>vel</strong></span> <span class='ocrx_word' id='word_1_474' title='bbox 1644 2279 1848 2323; x_wconf 82' lang='lat' dir='ltr'><strong>episcopalis,</strong></span> 
     </span>
     <span class='ocr_line' id='line_1_87' title="bbox 1107 2333 1849 2379; baseline -0.004 -11"><span class='ocrx_word' id='word_1_475' title='bbox 1107 2336 1145 2368; x_wconf 88' lang='lat' dir='ltr'><strong>ad</strong></span> <span class='ocrx_word' id='word_1_476' title='bbox 1157 2347 1251 2379; x_wconf 85' lang='lat' dir='ltr'><strong>quam</strong></span> <span class='ocrx_word' id='word_1_477' title='bbox 1269 2346 1424 2368; x_wconf 83' lang='lat' dir='ltr'><strong>sumniam</strong></span> <span class='ocrx_word' id='word_1_478' title='bbox 1446 2334 1606 2367; x_wconf 86' lang='lat' dir='ltr'><strong>annuatim</strong></span> <span class='ocrx_word' id='word_1_479' title='bbox 1621 2333 1799 2373; x_wconf 82' lang='lat' dir='ltr'><strong>ascendant,</strong></span> <span class='ocrx_word' id='word_1_480' title='bbox 1818 2333 1849 2365; x_wconf 92' lang='lat' dir='ltr'><strong>in</strong></span> 
     </span>
     <span class='ocr_line' id='line_1_88' title="bbox 1107 2387 1850 2433; baseline -0.005 -11"><span class='ocrx_word' id='word_1_481' title='bbox 1107 2390 1220 2433; x_wconf 85' lang='lat' dir='ltr'><strong>quibus</strong></span> <span class='ocrx_word' id='word_1_482' title='bbox 1245 2389 1424 2429; x_wconf 87' lang='lat' dir='ltr'><strong>consistant,</strong></span> <span class='ocrx_word' id='word_1_483' title='bbox 1443 2399 1480 2420; x_wconf 85' lang='lat' dir='ltr'><strong>an</strong></span> <span class='ocrx_word' id='word_1_484' title='bbox 1499 2388 1557 2421; x_wconf 86' lang='lat' dir='ltr'><strong>sint</strong></span> <span class='ocrx_word' id='word_1_485' title='bbox 1579 2387 1683 2430; x_wconf 86' lang='lat' dir='ltr'><strong>aliqua</strong></span> <span class='ocrx_word' id='word_1_486' title='bbox 1700 2387 1850 2430; x_wconf 84' lang='lat' dir='ltr'><strong>pensione</strong></span> 
     </span>
     <span class='ocr_line' id='line_1_89' title="bbox 1107 2440 1850 2485; baseline -0.007 -9"><span class='ocrx_word' id='word_1_487' title='bbox 1107 2443 1238 2483; x_wconf 86' lang='lat' dir='ltr'><strong>onerati,</strong></span> <span class='ocrx_word' id='word_1_488' title='bbox 1255 2442 1293 2475; x_wconf 87' lang='lat' dir='ltr'><strong>ad</strong></span> <span class='ocrx_word' id='word_1_489' title='bbox 1311 2442 1399 2475; x_wconf 92' lang='lat' dir='ltr'><strong>cuius</strong></span> <span class='ocrx_word' id='word_1_490' title='bbox 1425 2442 1472 2474; x_wconf 81' lang='lat' dir='ltr'><strong>vel</strong></span> <span class='ocrx_word' id='word_1_491' title='bbox 1497 2452 1632 2485; x_wconf 87' lang='lat' dir='ltr'><strong>quorum</strong></span> <span class='ocrx_word' id='word_1_492' title='bbox 1650 2441 1790 2473; x_wconf 82' lang='lat' dir='ltr'><strong>favorem</strong></span> <span class='ocrx_word' id='word_1_493' title='bbox 1808 2440 1850 2472; x_wconf 91' lang='lat' dir='ltr'><strong>di-</strong></span> 
     </span>
     <span class='ocr_line' id='line_1_90' title="bbox 1107 2494 1848 2540; baseline -0.004 -12"><span class='ocrx_word' id='word_1_494' title='bbox 1107 2501 1155 2529; x_wconf 80' lang='lat' dir='ltr'><strong>eta</strong></span> <span class='ocrx_word' id='word_1_495' title='bbox 1178 2496 1288 2540; x_wconf 87' lang='lat' dir='ltr'><strong>pensio</strong></span> <span class='ocrx_word' id='word_1_496' title='bbox 1308 2495 1347 2528; x_wconf 86' lang='lat' dir='ltr'><strong>sit</strong></span> <span class='ocrx_word' id='word_1_497' title='bbox 1363 2500 1531 2535; x_wconf 86' lang='lat' dir='ltr'><strong>reservata,</strong></span> <span class='ocrx_word' id='word_1_498' title='bbox 1549 2498 1579 2529; x_wconf 90' lang='lat' dir='ltr'><strong>ct</strong></span> <span class='ocrx_word' id='word_1_499' title='bbox 1595 2505 1675 2538; x_wconf 82' lang='lat' dir='ltr'><strong>quae</strong></span> <span class='ocrx_word' id='word_1_500' title='bbox 1693 2494 1733 2526; x_wconf 89' lang='lat' dir='ltr'><strong>sit</strong></span> <span class='ocrx_word' id='word_1_501' title='bbox 1756 2503 1848 2527; x_wconf 88' lang='lat' dir='ltr'><strong>causa</strong></span> 
     </span>
     <span class='ocr_line' id='line_1_91' title="bbox 1107 2550 1275 2583; baseline -0.012 0"><span class='ocrx_word' id='word_1_502' title='bbox 1107 2550 1275 2583; x_wconf 58' lang='lat' dir='ltr'><strong>scientiae?</strong></span> 
     </span>
    </p>

    <p class='ocr_par' dir='ltr' id='par_1_19' title="bbox 1108 2602 1852 2701">
     <span class='ocr_line' id='line_1_92' title="bbox 1152 2602 1851 2642; baseline 0.001 -6"><span class='ocrx_word' id='word_1_503' title='bbox 1152 2604 1202 2637; x_wconf 76' lang='lat'><strong>10.</strong></span> <span class='ocrx_word' id='word_1_504' title='bbox 1228 2603 1309 2642; x_wconf 83' lang='lat' dir='ltr'><strong>Quot</strong></span> <span class='ocrx_word' id='word_1_505' title='bbox 1333 2602 1465 2637; x_wconf 85' lang='lat' dir='ltr'><strong>existant</strong></span> <span class='ocrx_word' id='word_1_506' title='bbox 1488 2602 1519 2635; x_wconf 83' lang='lat' dir='ltr'><strong>in</strong></span> <span class='ocrx_word' id='word_1_507' title='bbox 1540 2602 1593 2635; x_wconf 77' lang='lat' dir='ltr'><strong>illa</strong></span> <span class='ocrx_word' id='word_1_508' title='bbox 1615 2602 1738 2636; x_wconf 86' lang='lat' dir='ltr'><strong>civitate</strong></span> <span class='ocrx_word' id='word_1_509' title='bbox 1756 2604 1851 2637; x_wconf 82' lang='lat' dir='ltr'><strong>ecclc-</strong></span> 
     </span>
     <span class='ocr_line' id='line_1_93' title="bbox 1108 2657 1852 2701; baseline 0 -11"><span class='ocrx_word' id='word_1_510' title='bbox 1108 2657 1170 2691; x_wconf 85' lang='lat' dir='ltr'><strong>siae</strong></span> <span class='ocrx_word' id='word_1_511' title='bbox 1187 2657 1396 2701; x_wconf 80' lang='lat' dir='ltr'><strong>parochiales,</strong></span> <span class='ocrx_word' id='word_1_512' title='bbox 1414 2662 1444 2690; x_wconf 88' lang='lat' dir='ltr'><strong>et</strong></span> <span class='ocrx_word' id='word_1_513' title='bbox 1461 2667 1499 2690; x_wconf 93' lang='lat' dir='ltr'><strong>an</strong></span> <span class='ocrx_word' id='word_1_514' title='bbox 1517 2667 1722 2701; x_wconf 88' lang='lat' dir='ltr'><strong>unaquaeque</strong></span> <span class='ocrx_word' id='word_1_515' title='bbox 1738 2657 1852 2690; x_wconf 83' lang='lat' dir='ltr'><strong>habeat</strong></span> 
     </span>
    </p>
   </div>
   <div class='ocr_carea' id='block_1_8' title="bbox 1735 243 2025 282">
    <p class='ocr_par' dir='ltr' id='par_1_20' title="bbox 1735 243 2025 282">
     <span class='ocr_line' id='line_1_94' title="bbox 1735 243 2025 282; baseline 0.01 -7"><span class='ocrx_word' id='word_1_516' title='bbox 1735 243 1797 276; x_wconf 84' lang='lat'><strong>587</strong></span> <span class='ocrx_word' id='word_1_517' title='bbox 1845 251 1893 277; x_wconf 74' lang='lat' dir='ltr'><strong>An.</strong></span> <span class='ocrx_word' id='word_1_518' title='bbox 1914 250 2025 282; x_wconf 57' lang='lat'><strong>‹21627</strong></span> 
     </span>
    </p>
   </div>
  </div>
 </body>
</html>
