2269 3235
240 265 328 292 Aac.
351 264 418 291 tt32ss

464 254 528 288 438

438 312 580 356 partibus
604 311 674 351 illis,
687 311 814 343 dederat
831 309 861 341 in
879 307 1039 349 mandatis,
1057 311 1089 341 ut
1108 310 1192 350 per-¹

439 375 531 398 sonas
555 364 703 404 idoneas,
731 363 783 406 qui
816 362 913 395 dictas
943 360 1121 404 provincias
1146 365 1177 393 et

439 418 599 452 dioeceses
628 417 855 459 distinguerent
881 420 909 448 et
934 414 1117 454 limitarent,
1140 424 1176 447 ac

440 471 544 504 dotem
569 470 721 503 dictarum
752 468 956 501 ecclesiarum
982 478 998 500 a
1024 472 1178 500 monaste-

440 524 494 557 riis
518 529 546 556 et
571 522 798 567 praeposituris
822 521 879 554 sub
904 521 964 554 illis
986 519 1178 554 consistenti-

439 577 496 608 bus
513 576 786 615 dismrmbrarent,
805 585 876 608 cum
900 580 1052 618 potestate
1072 573 1177 607 omnia
1193 596 1194 603 ,

440 630 469 661 in
484 629 532 662 liis
546 629 721 662 necessaria
737 628 878 669 faciendi,
897 628 963 660 vice
980 629 1034 660 sua
1051 627 1178 670 deputa·
1194 638 1195 644 ¹

439 682 505 726 ret]
519 682 650 716 dilectus
664 682 747 715 silius
764 686 870 714 noster
884 680 1036 714 Antonius
1049 680 1077 714 S.
1095 680 1129 713 R.
1143 679 1176 712 E.

440 736 602 780 presbyter
627 735 793 768 cardinalis
825 733 1037 767 Atrebatensis
1060 743 1179 765 nuncu-

440 794 541 831 patus,
554 794 627 821 tunc
643 788 809 832 episcopus
822 785 1043 826 Atrebatensis,
1058 796 1093 818 ac
1106 796 1179 828 qua-

440 847 511 875 tuor
541 842 592 874 alii
624 842 752 874 scientia
777 846 805 873 et
831 840 987 884 probitate
1020 839 1177 881 insignes,

439 906 518 938 quos
543 895 608 939 ipse
632 895 774 928 Salvator
792 894 958 938 episcopus
982 898 1011 925 et
1035 892 1178 932 nuncius,

440 949 523 983 dicto
540 949 783 993 praedecessore
797 948 920 981 interim
937 947 975 979 de
993 945 1096 979 medio
1110 945 1179 978 sub-

440 1003 502 1036 lato
521 1030 528 1043 ,
562 1003 670 1045 vigore
700 1013 755 1036 scu
788 1006 950 1045 praetextu
983 999 1120 1032 mandati
1150 1003 1179 1031 et

439 1056 651 1098 posteriorum
672 1055 848 1089 litterarum
865 1052 1048 1087 huiusmodi
1068 1051 1180 1085 substi-

441 1113 542 1140 tuerat
566 1109 652 1151 (licet
674 1109 779 1141 forsan
804 1118 915 1141 eorum
939 1105 1036 1149 aliqui
1057 1105 1095 1138 de
1119 1104 1197 1137 illis¹

440 1161 583 1205 personis
606 1172 670 1195 non
694 1167 798 1195 essent
822 1171 901 1212 quae
925 1160 964 1192 ad
983 1159 1014 1192 id
1031 1158 1180 1191 canonice

441 1214 640 1258 subdelegari
675 1215 849 1259 poterant),
874 1214 953 1246 saeta
978 1211 1181 1245 nihilominus

440 1278 498 1310 per
514 1277 567 1301 eos
592 1267 733 1310 diligenti
759 1278 866 1300 rerum
893 1266 1048 1308 indagine,
1065 1275 1101 1297 ac
1118 1275 1199 1298 om·-

441 1321 532 1354 uibus
557 1326 678 1353 mature
702 1320 848 1364 pensatis,
879 1318 1180 1359 animadvertentes,

441 1374 525 1418 quod
549 1386 605 1419 per
637 1374 931 1407 dismembrationes
962 1373 1120 1405 bonorum
1150 1371 1182 1403 in

442 1429 640 1461 monasteriis
665 1434 692 1462 et
716 1427 942 1472 praeposituris
962 1425 1138 1470 praedictis,
1157 1425 1180 1457 si

443 1482 563 1522 tierent,
579 1482 681 1514 cuitus
697 1481 961 1515 monasteriorum
979 1490 1043 1513 non
1062 1479 1182 1512 medio-

443 1535 537 1568 criter
549 1535 735 1577 laederetur,
757 1535 823 1578 ipsa
844 1533 1034 1567 monasteria
1051 1538 1080 1565 et
1096 1542 1183 1575 prae-

444 1589 600 1632 posituras
620 1589 736 1621 mensis
760 1588 929 1632 praedictis
946 1598 1006 1631 pro
1022 1586 1094 1619 dote
1111 1596 1181 1619 sua-

444 1653 515 1674 rum
551 1642 777 1682 ecclesiarum,
808 1641 846 1673 ad
878 1641 938 1673 hoc
975 1645 1005 1672 ut
1043 1638 1182 1683 episcopi

444 1695 537 1728 etiam
561 1695 687 1728 illorum
713 1705 819 1727 curam
836 1694 965 1738 perinde
983 1698 1074 1736 atque
1095 1702 1182 1725 suam

444 1749 604 1792 propriam
628 1753 780 1792 perpetuo
805 1753 970 1791 gererent,
990 1746 1093 1790 potius
1117 1756 1184 1779 esse

445 1801 590 1843 unienda,
615 1812 649 1834 ac
674 1801 906 1845 designationes
930 1806 960 1833 et
982 1799 1184 1833 limitationes

446 1855 691 1898 provinciarum,
704 1866 738 1888 ac
752 1855 942 1893 dioecesum,
953 1853 1184 1896 divisionesque

446 1913 477 1940 et
509 1908 745 1941 distributiones
781 1908 970 1951 oppidorum
999 1913 1028 1939 et
1057 1906 1183 1939 iurisdi-

447 1961 585 1994 ctionum
600 1988 607 2001 ,
638 1961 669 1994 in
697 1961 855 1994 nonnullis
879 1961 1019 2005 partibus
1044 1960 1183 2003 ipsarum

447 2014 636 2055 dioecesum,
662 2014 892 2048 commodiores
917 2014 991 2055 illis,
1024 2024 1103 2057 quae
1129 2023 1185 2056 per

446 2068 650 2111 primodie-tas
681 2068 800 2101 litteras
831 2073 1030 2107 statimntur,
1062 2076 1185 2100 necnon

448 2121 684 2154 constitutiones
709 2127 737 2154 et
762 2121 987 2164 assignationes
1012 2120 1131 2161 dotum,
1156 2124 1183 2152 et

448 2174 582 2218 denique
606 2186 773 2208 numerum
794 2185 1003 2219 personarum
1024 2184 1059 2207 ae
1086 2174 1186 2217 digni-

450 2233 568 2269 tatum,
600 2229 873 2273 praebendarum,
899 2229 1125 2262 beneficiorum
1157 2233 1187 2260 et

450 2281 636 2324 officiorum,
662 2287 775 2315 statum
800 2292 925 2326 quoque
950 2286 980 2315 ct
1003 2282 1137 2315 formam
1155 2280 1187 2312 in

450 2335 594 2378 praefatis
619 2336 775 2377 ecclesiis,
808 2336 900 2370 etiam
927 2346 984 2379 per
1006 2334 1187 2368 huiusmodi

450 2388 760 2430 dismembrationes,
778 2389 1002 2434 applicationes
1016 2417 1022 2431 ,
1042 2399 1188 2432 suppres-

451 2442 562 2482 siones,
580 2443 808 2485 translationes,
825 2454 920 2478 novas
934 2443 1145 2477 institutiones
1158 2447 1188 2475 et

452 2496 527 2528 ¹ilias
561 2498 593 2529 in
617 2498 797 2531 universum
829 2497 1015 2531 accomodas
1050 2496 1187 2529 rationes

452 2549 619 2592 habendas,
634 2551 821 2593 censuerint,
846 2557 875 2584 et
900 2561 994 2595 super
1018 2550 1130 2584 maiori
1155 2550 1188 2582 il-

455 2604 556 2638 iurum
588 2610 676 2649 parte
707 2616 893 2649 processus.
929 2604 1058 2647 digestis
1094 2603 1187 2636 rebus

453 2659 608 2700 omnibus,
632 2659 811 2693 formandos
835 2658 1022 2698 curaverint,
1043 2663 1082 2700 et,
1107 2658 1188 2691 inter

1015 259 1191 283 nummulum
1217 257 1370 281 ROMANUM

1208 306 1285 346 alia,
1302 305 1403 337 dictae
1427 303 1577 337 ecclesiae
1601 303 1721 347 iprensi
1741 307 1772 336 et
1789 313 1848 348 pro
1872 307 1948 337 tem-

1208 369 1285 403 pore
1301 358 1448 403 episcopo
1468 356 1589 402 iprensi
1605 355 1765 390 districtus
1786 356 1947 400 parochia-

1209 413 1285 446 lium
1310 411 1524 452 ecclcsiarum,
1550 409 1711 450 videlicet,
1735 409 1767 442 in
1790 409 1948 453 archipre-

1210 466 1369 511 sbyteratu
1392 464 1565 498 civitatensi
1590 463 1619 497 S.
1644 462 1768 496 Martini
1791 462 1947 506 iprensis,

1210 520 1238 553 S.
1253 520 1366 553 Mariae
1382 519 1420 552 de
1437 518 1549 558 Priela,
1566 517 1594 551 S.
1609 517 1692 550 Petri
1705 516 1851 561 iprensis,
1868 515 1950 549 S.1a-

1210 573 1280 607 cobi
1305 572 1452 617 iprensis,
1470 572 1498 605 S.
1515 570 1633 605 Nicolai
1647 569 1793 614 iprensis,
1810 569 1840 602 S.
1864 568 1950 602 Ioan-

1210 627 1258 660 nis
1282 627 1365 671 apud
1390 627 1492 670 Ipras;
1510 625 1540 658 in
1558 624 1710 658 decanatu
1723 622 1949 664 Warnestensi,

1211 680 1425 713 Varnestensis
1462 679 1668 723 (Sequuntur
1695 677 1832 711 nomina
1870 675 1950 710 loco-

1211 744 1286 766 rum
1313 733 1515 766 diversorum
1540 731 1759 765 decanatuum
1782 729 1890 773 etc.)¹:

1255 787 1318 820 tvos
1342 785 1407 830 [qui
1435 785 1553 818 dudum
1586 785 1666 817 inter
1690 784 1750 816 alia
1774 783 1950 825 voluimus,

1211 839 1295 882 quod
1320 849 1446 882 semper
1463 838 1494 872 in
1511 837 1681 871 unionibus
1698 836 1879 871 commissio
1895 836 1952 869 fie-

1212 897 1259 925 ret
1283 891 1322 924 ad
1345 897 1461 935 partes,
1485 891 1602 924 vocatis
1621 901 1757 934 quorum
1778 890 1952 931 interesset,

1213 945 1329 989 quique
1354 955 1456 988 nuper
1473 944 1686 977 cathedralem
1710 944 1876 977 ecclesiam
1891 943 1954 976 Mo-

1212 999 1381 1039 rinensem,
1409 1003 1496 1030 certo
1520 1003 1595 1031 tunc
1618 1007 1769 1041 expresso
1792 996 1887 1030 modo
1902 1006 1954 1040 pa-

1213 1052 1306 1085 storis
1331 1051 1441 1084 solatio
1465 1050 1656 1091 destitutam,
1680 1060 1717 1083 ac
1740 1050 1846 1083 sedem
1869 1049 1954 1082 illius

1213 1105 1440 1148 episcopalem,
1461 1109 1491 1136 et
1515 1103 1547 1136 in
1580 1103 1625 1136 eis
1649 1102 1755 1136 omnia
1778 1106 1809 1136 et
1821 1101 1954 1145 singula

1213 1157 1404 1202 episcopalia
1428 1157 1514 1198 iura,
1538 1161 1566 1190 et
1592 1155 1780 1189 cathedralis
1804 1155 1954 1189 ecclesiae

1215 1211 1349 1255 insignia
1367 1212 1379 1255 <
1387 1222 1445 1255 pro
1465 1221 1502 1244 eo
1519 1210 1604 1254 quod
1627 1209 1702 1243 alias
1725 1220 1782 1253 per
1806 1209 1956 1243 conditio-

1214 1276 1269 1298 nes
1299 1265 1384 1309 pacis
1409 1265 1490 1298 inter
1524 1264 1698 1308 praefatum
1722 1262 1901 1306 Philippum
1925 1267 1956 1295 et

1215 1319 1319 1352 clarae
1352 1317 1524 1350 memoriae
1555 1316 1727 1349 Henrieum
1759 1315 1953 1348 Francorum

1216 1383 1307 1415 reges
1331 1372 1474 1405 firmatae
1499 1370 1557 1403 sub
1574 1370 1675 1403 dictae
1698 1369 1786 1403 Sedis
1809 1369 1957 1413 benepla-

1216 1426 1277 1460 cito
1291 1426 1453 1459 decretum
1466 1425 1576 1466 fuerat,
1587 1423 1672 1468 quod
1685 1423 1793 1456 civitas
1803 1423 1958 1456 Morinen-

1216 1480 1258 1513 sis
1281 1486 1356 1513 tunc
1380 1479 1447 1512 solo
1472 1483 1604 1522 aequata
1626 1487 1691 1511 non
1714 1481 1955 1518 restauraretur,

1217 1533 1270 1565 sed
1295 1533 1378 1566 illius
1403 1532 1533 1565 ecclesia
1559 1537 1588 1565 et
1612 1530 1765 1564 dioecesis
1788 1529 1957 1573 praefatae,

1217 1597 1252 1619 ac
1275 1585 1446 1627 beneficia,
1470 1585 1695 1618 beneficiorum
1721 1584 1904 1617 collationes
1928 1588 1958 1616 et

1199 1645 1389 1684 zproventus
1420 1639 1451 1671 in
1476 1639 1553 1671 duas
1586 1643 1692 1682 partes
1721 1637 1957 1677 dividerentur,

1218 1704 1353 1738 quarum
1377 1693 1475 1725 altera
1498 1692 1667 1732 Franciae,
1691 1691 1790 1724 altera
1813 1701 1888 1723 vero
1914 1690 1959 1722 in-

1218 1746 1344 1779 ferioris
1363 1745 1548 1780 Germaniae
1565 1745 1658 1788 esset)
1675 1744 1799 1788 penitus
1815 1753 1960 1787 suppres-

1219 1800 1316 1832 simus
1349 1804 1378 1832 et
1403 1799 1613 1841 extinximus,
1639 1803 1669 1830 et
1699 1796 1868 1830 dioecesim
1894 1796 1959 1828 Mo-

1218 1853 1388 1893 rinensem,
1408 1863 1443 1885 ac
1463 1852 1570 1885 omnia
1593 1857 1624 1884 et
1647 1851 1770 1894 singula
1793 1849 1851 1884 sub
1867 1850 1905 1882 ea
1930 1854 1959 1882 et

1220 1906 1251 1938 in
1264 1906 1391 1939 decreto
1404 1905 1565 1949 praedicto
1579 1904 1824 1948 comprehensa,
1837 1903 1869 1936 in
1882 1902 1959 1935 duas

1219 1966 1335 2004 partes,
1352 1970 1486 2003 quarum
1511 1969 1573 1992 una
1592 1957 1753 1999 Franciae,
1771 1958 1869 1991 altera
1884 1967 1959 1990 vero

1216 2013 1376 2051 >inferioris
1400 2013 1585 2047 Germaniae
1605 2011 1798 2052 huiusmodi,
1815 2011 1900 2044 iuxta
1916 2009 1961 2043 di-

1220 2072 1303 2100 ctum
1329 2066 1509 2106 decretum,
1538 2071 1640 2106 esset,
1665 2070 1696 2098 et
1718 2065 1851 2097 ulterius
1875 2063 1959 2096 illam

1220 2120 1372 2154 dioecesis
1404 2119 1590 2153 Morinensis
1614 2124 1737 2163 partem
1761 2117 1795 2150 in
1818 2116 1959 2150 inferiori

1220 2174 1386 2208 Germania
1406 2173 1587 2207 huiusmodi
1611 2173 1804 2213 existentem,
1818 2181 1891 2205 eum
1908 2170 1962 2204 bo-

1220 2227 1288 2269 nis,
1314 2227 1458 2260 censibus
1473 2254 1480 2267 ,
1504 2226 1626 2268 feudis,
1654 2225 1805 2266 decimis,
1830 2224 1961 2268 aliisque

1220 2281 1425 2324 proventibus
1457 2280 1515 2313 sub
1546 2281 1583 2312 ea
1615 2278 1873 2323 comprehensis,
1907 2277 1961 2321 qui

1221 2334 1359 2367 valorem
1384 2344 1523 2366 annuum
1546 2333 1681 2366 duorum
1707 2332 1841 2365 millium
1865 2331 1961 2364 duca-

1221 2393 1326 2421 torum
1343 2388 1412 2420 auri
1432 2388 1470 2421 de
1491 2389 1617 2421 camera
1634 2385 1808 2419 secundum
1823 2395 1962 2419 commu-

1221 2452 1293 2475 nem
1317 2441 1567 2476 aestimationem
1591 2440 1804 2480 constituunt,
1829 2439 1862 2472 in
1885 2438 1962 2472 duas

1221 2495 1320 2529 atiasss
1344 2495 1490 2540 aequales
1512 2499 1617 2539 partes
1637 2499 1667 2527 et
1683 2493 1760 2527 duas
1781 2493 1856 2526 alias
1876 2492 1963 2526 dioe-

1258 2578 1269 2603 1
1291 2576 1358 2603 Heic
1377 2575 1480 2611 aliquid
1508 2575 1603 2603 deesse
1623 2574 1739 2609 videtur,
1760 2582 1802 2602 ex.
1828 2581 1868 2609 g.‚
1887 2573 1962 2602 assi—

1220 2621 1374 2655 amaverint
1391 2621 1430 2655 (n.
1446 2622 1494 2651 Τ.).

1256 2666 1272 2692 2
1291 2665 1358 2693 Male
1377 2665 1440 2693 edit.
1463 2665 1542 2693 Main.
1563 2665 1628 2700 legit
1647 2665 1720 2693 alitis
1740 2665 1778 2700 (n.
1793 2664 1842 2698 Τ.)-

1963 253 2014 281 An.
2025 252 2054 280 C.
2073 252 2144 280 1626
