2269 3235
241 250 291 276 Διὶ.
314 249 342 276 C.
363 248 426 276 1027

263 997 372 1017 (Ilausulae
381 1003 418 1022 pro

257 1028 377 1043 ukutuuu
388 1026 419 1044 tu-

259 1057 328 1071 rarmu
357 1051 417 1071 lirim-

275 2332 417 2356 Evequutorcs

235 2358 376 2383 designantur.

475 240 537 271 580

439 297 488 329 tiri
503 303 528 328 ct
546 296 682 338 gaiidcrc
696 299 824 338 possunt
838 298 863 325 et
885 297 1031 336 poterunt
1046 302 1176 335 quomo-

438 351 551 383 dolibet
576 350 605 382 iu
623 352 771 387 t'uturum,
794 358 854 379 uon
876 347 976 378 solum
1002 345 1039 378 ad
1065 356 1174 379 corum

439 405 542 445 instar,
553 403 606 435 sed
622 413 719 444 aeque
733 400 946 444 principaliter
960 405 989 431 rt,
1001 399 1176 442 parisormi-

439 463 483 489 tcr
502 456 692 488 inmunibus
710 460 739 485 ct
757 465 812 497 per
832 453 935 485 oumia
957 453 1010 491 uti,
1028 452 1122 495 potiri
1147 456 1176 485 et

436 510 573 551 gaudere
599 508 728 546 valeant,
753 507 834 538 dieta
854 505 1038 537 auctoritate
1059 505 1176 548 pariter

436 567 588 605 perpetuo
613 560 650 591 de
677 559 801 602 speciali
827 558 927 600 gratia
954 558 1173 600 indulgemus:

436 614 606 645 districtius
632 612 818 651 inhibentes,
836 622 873 643 nc
894 611 973 653 quis,
991 611 1099 654 quavis
1124 622 1175 643 au-

436 667 579 699 ctoritate
604 666 758 706 suffultus,
777 664 944 711 collegium
967 675 1019 696 scu
1041 664 1175 696 semina-

436 721 515 752 rium
532 719 721 760 huiusmodi,
741 719 884 761 illiusque
906 718 1175 758 rectorcm,scl10-

436 773 710 815 lares-,magistros
728 777 958 815 praeceptores,
973 781 1174 812 oeconomos,

434 827 582 859 officiales
600 832 629 858 ct
650 826 809 858 ministros
831 824 1015 868 praedictos,
1041 835 1095 857 seu
1120 835 1174 857 eo-

434 891 504 912 rum
525 880 671 922 aliquem,
690 879 719 910 in
744 878 924 921 praemissis
944 878 1054 920 quovis
1079 878 1174 912 modo

434 934 578 966 molestet
602 938 653 965 aut
678 932 838 964 molestari
863 931 1032 975 permittat.

477 988 492 1030 g
522 987 567 1019 12.
588 988 631 1019 Ac
651 986 864 1026 decernentes,
889 985 1049 1029 praedicta
1068 986 1174 1019 omnia

434 1052 468 1073 ae
494 1041 624 1083 singula,
650 1051 685 1073 ac
709 1040 834 1072 casdem
859 1045 1061 1083 praesentes,
1086 1040 1173 1073 nullo

433 1104 581 1136 umquam
600 1098 751 1137 tempore,
766 1094 829 1125 sive
846 1104 882 1125 cx
897 1104 933 1126 eo
952 1093 1036 1136 quod
1051 1104 1172 1134 causae,

432 1152 562 1191 propter
580 1158 657 1190 quas
675 1147 751 1179 haec
771 1147 877 1179 omnia
901 1147 980 1180 sacta
1000 1152 1088 1188 sunt,
1114 1158 1170 1181 co-

433 1211 498 1232 ram
523 1211 581 1243 pro
606 1205 746 1243 tempore
772 1200 920 1233 existente
951 1200 1051 1233 dictae
1081 1200 1172 1234 Urbis

433 1253 557 1295 vicario,
583 1254 630 1285 vel
655 1263 854 1296 quocun‘ique
879 1253 940 1286 alio
961 1258 1105 1286 exactore
1126 1264 1174 1285 ve-

432 1306 568 1339 riticatac
593 1311 622 1338 et
641 1306 844 1349 approbatae,
865 1316 900 1338 ac
918 1306 1109 1350 quicumque
1126 1307 1173 1339 in-

433 1364 548 1392 teresse
572 1360 724 1391 habentes
742 1360 779 1391 ad
797 1359 827 1391 id
850 1360 949 1392 vocati
965 1370 1029 1393 non
1045 1361 1170 1402 suerint,

431 1413 493 1445 sive
507 1413 581 1445 alias
598 1423 633 1445 ex
652 1413 906 1456 (puluiscumquc
922 1413 1034 1454 causis,
1049 1413 1086 1446 de
1100 1414 1172 1446 sub-

430 1466 604 1510 reptionis,
637 1467 684 1499 vel
714 1466 908 1510 obreptionis
939 1472 992 1500 aut
1020 1467 1171 1500 nullitatis

431 1520 513 1562 vitio,
535 1531 589 1553 seu
606 1521 786 1553 intentionis
806 1526 942 1562 nostrae,
957 1521 1004 1553 vel
1022 1531 1172 1564 quocum-

429 1584 489 1617 que
514 1573 574 1606 alio
600 1573 722 1606 defectu
746 1574 863 1614 notari,
889 1574 1090 1617 impugnari,
1114 1585 1168 1607 re-

430 1627 576 1668 tractari,
603 1637 656 1659 seu
686 1627 778 1659 etiam
807 1628 969 1669 revocari,
1003 1628 1170 1671 suspendi,

430 1681 588 1723 restringi,
612 1681 750 1722 limitari,
776 1687 828 1714 aut
853 1682 901 1714 ius
921 1682 968 1714 vel
987 1687 1170 1715 controver-

430 1734 506 1767 siam
531 1735 647 1775 vocari,
672 1745 727 1767 seu
744 1735 782 1767 ad
797 1735 948 1768 terminos
970 1735 1048 1768 iuris
1062 1736 1169 1769 reduci

430 1799 537 1832 posse,
560 1789 665 1832 sicque
682 1800 739 1832 per
756 1800 974 1833 quoscumque
991 1789 1110 1822 iudices
1124 1801 1171 1823 or-

431 1842 567 1875 dinarios
593 1848 622 1875 ct
646 1842 825 1885 delegatos,
851 1844 964 1887 quavis
985 1844 1171 1877 auctoritate

429 1896 605 1938 fungentes,
630 1896 722 1928 etiam
741 1908 905 1929 causarum
924 1897 1031 1941 palatii
1049 1901 1171 1941 aposto-

430 1950 480 1981 lici
505 1951 673 1991 auditores,
699 1962 733 1984 ac
749 1952 777 1984 S.
800 1952 833 1984 R.
853 1952 884 1984 E.
904 1951 1089 1992 cardinales,
1103 1952 1172 1984 snb-

431 2003 491 2036 lata
516 2004 560 2036 cis
585 2008 614 2038 ct
637 2015 747 2037 corum
773 2005 916 2047 cuilibet,
942 2005 1051 2048 quavis
1081 2005 1171 2038 aliter

430 2056 585 2089 iudicandi
607 2063 634 2090 et
660 2058 886 2101 interpretandi
910 2059 1055 2092 facultate
1072 2064 1102 2092 et
1121 2070 1172 2092 au-

432 2110 583 2147 ctoritate,
594 2111 709 2153 ubique
723 2111 852 2144 iudicari
866 2116 895 2144 et
908 2111 1030 2144 deliniri
1046 2112 1170 2152 debere3

432 2163 554 2197 irritum
580 2176 705 2208 quoque
730 2171 760 2197 ct
783 2165 874 2198 inane
900 2165 1053 2209 quidquid
1081 2177 1171 2199 secus

432 2228 526 2261 super
551 2218 609 2257 bis,
628 2229 644 2250 a
662 2230 830 2263 quospiam,
849 2219 957 2262 quavis
975 2219 1169 2262 auctoritate,

433 2271 566 2303 scienter
577 2272 623 2303 vel
636 2271 827 2313 ignoranter,
838 2272 1003 2314 contigerit
1016 2273 1169 2306 attentari.

476 2325 490 2367 ξ
514 2324 565 2356 13.
590 2324 759 2366 Quocirca,
788 2326 961 2359 venerabili
985 2326 1073 2360 fratri
1099 2327 1167 2370 epi-

433 2388 528 2421 scopo
542 2378 685 2419 Ostiensi,
698 2391 733 2412 ac
745 2381 906 2424 praedicto
920 2386 1028 2414 nostro
1042 2381 1073 2413 in
1088 2381 1170 2414 Urbe

433 2432 559 2471 ciuzqiuj·
585 2432 727 2466 districtu
751 2434 883 2475 vicario,
908 2445 1032 2467 necnon
1056 2434 1170 2468 dilecto

433 2486 497 2515 lilio
515 2496 678 2519 causarum
697 2488 802 2520 curiae
819 2499 963 2521 camerae
980 2489 1170 2531 apostolicae

433 2549 452 2569 e
467 2539 571 2570 mastali
591 2540 736 2581 auditori,
753 2545 839 2575 motu
858 2541 952 2574 simili
974 2541 1168 2584 mandamus,

434 2598 585 2634 quatenus
600 2593 667 2636 ipsi,
678 2595 724 2626 vel
739 2595 810 2633 duo,
823 2601 870 2628 aut
888 2607 967 2629 unus
981 2607 1102 2638 corum,
1114 2607 1170 2640 per

434 2658 476 2687 sc,
494 2647 542 2680 vcl
559 2648 664 2692 alium,
682 2660 736 2683 scu
753 2650 839 2694 alios,
856 2657 1036 2696 praesentes
1051 2653 1170 2687 litteras

1007 243 1187 268 BI'LLARIUM
1210 242 1365 267 ROMANUM

1209 297 1239 323 et
1267 291 1296 323 in
1326 292 1370 324 eis
1401 296 1545 324 contenta
1571 301 1806 336 quaecumque,
1835 293 1888 326 ubi
1919 298 1949 327 et

1209 345 1333 387 quando
1347 347 1428 389 'opus
1450 344 1553 385 suerit,
1577 355 1613 377 ac
1634 345 1757 388 quoties
1782 356 1839 389 pro
1860 351 1948 390 parte

1210 390 1350 441 rectoris,
1378 399 1581 439 scholarium,
1600 398 1836 441 magistrorum,
1856 410 1948 443 prae-

1209 457 1395 494 ceptorum,
1421 461 1689 493 oeconomorum,
1714 451 1894 484 officialium
1919 457 1950 485 ct

1210 505 1429 539 ministrorum
1454 504 1706 548 praedictorum,
1733 515 1787 538 seu
1819 505 1949 538 alicuius

1208 568 1330 598 corum,
1349 558 1463 591 suerint
1480 557 1633 601 requisiti,
1651 557 1836 590 solemniter
1849 558 1951 602 publi-

1209 616 1323 651 cantes,
1348 610 1471 654 illisque
1496 611 1630 644 efficacis
1654 610 1843 644 defensionis
1862 622 1951 655 prae-

1209 664 1287 697 sidio
1304 665 1492 706 assistentes,
1514 665 1627 698 saciant
1643 665 1829 698 auctoritate
1841 667 1950 699 nostra

1208 718 1332 751 easdem
1359 723 1550 762 praesentes,
1570 718 1645 752 etin
1660 718 1703 751 eis
1729 723 1875 751 contenta
1895 719 1951 752 hu-

1208 771 1354 812 iusmodi,
1372 772 1410 804 ab
1435 772 1594 813 omnibus,
1612 772 1650 804 ad
1675 783 1754 815 quos
1778 777 1897 816 spectat
1921 776 1951 806 et

1208 835 1266 867 pro
1291 829 1434 869 tempore
1459 825 1622 869 spectabit,
1648 825 1782 858 firmiter
1803 830 1832 858 et
1853 825 1950 859 invio-

1208 878 1344 911 labiliter
1355 878 1526 920 observari,
1544 889 1579 911 ac
1590 883 1757 921 rectorem,
1777 879 1949 920 scholares,

1208 931 1386 973 magistros,
1411 937 1641 975 praeceptoreS,
1667 942 1867 974 oeconomos,
1886 932 1951 966 offi-

1208 984 1301 1018 ciales
1326 988 1356 1018 et
1376 985 1537 1017 ministros
1561 985 1749 1028 praedictos,
1763 991 1950 1029 'eorumque

1207 1038 1357 1081 singulos,
1376 1038 1437 1070 illis
1457 1038 1587 1082 pacifice
1599 1039 1660 1071 frui
1678 1044 1708 1072 et
1724 1039 1872 1082 gaudere,
1886 1050 1950 1073 non

1206 1091 1423 1135 permittentes
1438 1102 1490 1124 eos
1503 1092 1639 1135 desuper
1655 1103 1712 1136 per
1730 1103 1951 1137 quoscumque

1207 1145 1324 1177 directe
1334 1145 1380 1177 vel
1394 1144 1556 1187 indirecte,
1568 1145 1679 1188 quovis
1689 1146 1830 1189 quaesito
1844 1147 1950 1180 colore

1207 1199 1254 1231 vel
1277 1198 1412 1241 ingenio,
1431 1198 1671 1242 quomodolibet
1690 1199 1827 1234 indebite
1860 1202 1950 1235 nole-

1207 1252 1298 1291 stari;
1322 1251 1570 1285 contradictores
1591 1253 1748 1295 quoslibet
1768 1258 1797 1286 et
1816 1213 1950 1288 rsselles

1206 1316 1262 1348 per
1287 1316 1437 1338 censuras
1450 1310 1480 1338 et
1493 1316 1610 1349 poenas
1626 1306 1865 1349 ecclesiasticas,
1879 1308 1951 1341 alia-

1206 1369 1265 1402 que
1290 1364 1468 1402 opportuna
1492 1359 1570 1392 iuris
1594 1364 1625 1392 et
1640 1360 1711 1393 faeti
1729 1361 1878 1403 remedia,
1899 1372 1951 1406 ap-

1205 1412 1374 1455 pellatione
1406 1412 1598 1456 postposita,
1631 1415 1881 1458 compescendo,
1913 1426 1949 1449 ac

1206 1477 1354 1499 censuras
1379 1471 1409 1499 et
1432 1477 1549 1510 poenas
1576 1467 1675 1511 ipsas,
1701 1470 1822 1501 servata
1847 1469 1949 1502 forma

1204 1520 1334 1554 Concilii
1357 1520 1541 1562 Tridentini,
1566 1521 1660 1555 etiam
1684 1521 1804 1555 iteratis
1828 1522 1949 1556 vicibus

1205 1574 1427 1616 aggravand0;
1453 1574 1598 1608 invocato
1627 1575 1721 1608 etiam
1751 1576 1789 1608 ad
1814 1576 1897 1618 hoc,
1923 1576 1949 1609 si

1205 1639 1284 1672 opus
1308 1628 1411 1668 suerit,
1437 1629 1553 1661 auxilio
1578 1629 1699 1662 brachii
1724 1630 1883 1663 secularis.

1249 1683 1263 1725 ξ
1289 1682 1340 1714 14.
1366 1683 1435 1715 Non
1466 1682 1662 1716 obstantibus
1685 1684 1886 1727 praemissis,
1911 1694 1947 1717 ac

1205 1789 1283 1829 licis,
1299 1799 1335 1821 ac
1351 1789 1453 1829 Urbis,
1473 1789 1616 1822 locorum
1635 1795 1665 1822 et
1684 1801 1828 1824 camerae
1842 1791 1949 1824 huius-

1205 1842 1289 1875 modi
1301 1843 1753 1885 (iuramento,confirmatione
1765 1844 1947 1888 apostolica,

1205 1897 1252 1929 vel
1273 1897 1382 1940 quavis
1399 1897 1549 1930 firmitate
1566 1898 1626 1930 alia
1641 1898 1811 1942 roboratis)
1826 1899 1948 1932 statutis

1205 1955 1235 1982 et
1254 1950 1546 1992 consuetudinibus,
1561 1951 1737 1995 privilegiis
1751 1962 1887 1996 quoque,
1905 1952 1950 1985 in-

1205 2003 1300 2037 dultis
1324 2009 1354 2037 et
1378 2004 1490 2038 litteris
1522 2005 1725 2049 apostolicis,
1751 2005 1813 2039 illis
1842 2016 1878 2039 ac
1902 2006 1948 2039 vi-

1205 2058 1300 2099 cario,
1326 2058 1473 2101 senatori,
1495 2059 1778 2101 conservatoribus,
1798 2060 1948 2093 reforma-

1206 2111 1344 2151 toribus,
1370 2111 1714 2156 Ordinariis,aliisque
1738 2113 1893 2146 iudicibus
1918 2117 1948 2147 et

1205 2166 1400 2208 officialibus,
1425 2176 1459 2199 ac
1484 2166 1669 2207 camerario,
1694 2167 1948 2210 praesidentibus

1206 2225 1235 2252 et
1259 2220 1381 2253 clericis
1405 2220 1584 2264 praedictis,
1609 2231 1645 2253 ac
1664 2221 1827 2264 quibusvis
1847 2221 1947 2254 doha-

1205 2274 1315 2315 neriis,
1342 2274 1568 2307 commissariis
1593 2279 1622 2308 et
1647 2275 1715 2308 aliis
1740 2275 1885 2325 personis
1909 2275 1948 2308 ad

1205 2328 1398 2361 exactionem
1424 2328 1632 2372 pedagiorum
1658 2334 1688 2361 et
1711 2329 1847 2362 aliorum
1873 2340 1948 2363 one-

1204 2392 1275 2413 rum
1309 2382 1491 2415 huiusmodi
1517 2393 1577 2426 pro
1601 2386 1744 2426 tempore
1769 2383 1947 2427 deputatis,

1204 2446 1239 2468 ac
1263 2436 1382 2479 populo
1414 2436 1578 2476 Romano,
1609 2441 1639 2468 et
1671 2447 1947 2481 quorumcumque

1203 2489 1347 2522 locorum
1373 2489 1665 2532 communitatibus,
1691 2490 1948 2524 universitatibus

1204 2548 1234 2576 et
1258 2540 1448 2583 hominibus,
1474 2544 1531 2576 sub
1551 2543 1804 2587 quibuscumque
1823 2545 1944 2578 tenori-

1203 2597 1262 2631 bus
1287 2603 1317 2630 et
1340 2597 1469 2640 formis,
1503 2603 1533 2631 et
1563 2609 1635 2631 cnm
1663 2598 1827 2642 quibusvis
1852 2598 1946 2631 ctiam

1203 2652 1476 2696 derogator-iarum
1494 2652 1713 2697 derogatoriis‚
1727 2652 1821 2686 etiam
1846 2652 1947 2687 effica-

1958 245 2010 272 An.
2032 244 2060 273 C.
2079 244 2145 273 ¹627

1996 1689 2094 1711 clausula
2112 1690 2148 1711 de-

1962 1718 2070 1743 rogatui-ia
2104 1722 2149 1738 am-

1205 1735 1481 1769 constitutionibus
1499 1739 1528 1769 et
1547 1736 1799 1770 ordinationibus
1819 1743 1947 1781 aposto·
1961 1744 2064 1771 missum-
