2269 3235
91 189 142 215 Am.
157 187 187 215 C.
206 186 277 215 1623

899 186 1038 209 t'nnANtts
1064 185 1119 209 VIII
1144 186 1190 208 ΓΡ.

1730 175 1775 207 w
1819 184 1907 210 Aac.
1931 184 1998 211 1023

288 234 488 267 multifariam
519 234 707 278 praedietis,
740 234 851 277 plenus
880 233 1003 265 diei-uni
1020 261 1026 273 ‚
1042 237 1045 253 ¹
1062 245 1176 277 corpus
1201 232 1397 265 reconditum
1421 236 1483 271 est,
1509 231 1546 263 ad
1576 231 1678 275 ipsum
1708 242 1799 264 vene·
1816 247 1898 265 minae
1931 245 1997 266 miei-

288 292 398 321 octavo
430 286 577 320 kalendas
612 287 711 327 iunii,
743 296 824 319 anno
860 285 1026 319 millesimo

288 340 540 384 quingentesimo
556 338 881 383 nonagesimoquinto‚
899 348 960 381 qua
977 338 1026 371 die

288 393 442 427 Dominici
454 393 602 437 Corporis
619 392 782 425 celebritas
799 391 941 434 contigit,
954 402 1025 423 cum

287 457 379 480 mane
398 446 575 480 vehementi
599 444 773 478 devotionis
797 444 920 488 spiritu,
938 444 1024 487 quasi

287 510 363 544 prae
377 500 493 534 laetitia
509 499 688 539 concinens,
705 504 939 532 sacrosanctum
957 498 1027 530 mis-

288 563 340 587 sae
364 553 552 586 sacrificium
577 552 786 592 celebrasset,
811 557 841 585 et
867 551 1027 584 nonnullis

289 607 489 648 adstantium,
499 617 634 651 quorum
651 606 862 640 consessiones
875 605 1026 643 audierat,

289 660 495 694 eucharistiae
531 664 763 693 sacramentum
797 658 1026 698 ministrasset,

290 714 446 748 consuetis
470 713 744 748 exercitationibus
764 713 801 746 de
818 723 908 746 more
925 712 1028 756 exple—

289 768 338 808 tis,
355 772 426 811 post
444 767 579 800 mediam
604 772 740 807 noctem,
765 767 802 799 ea
826 776 887 810 qua
906 765 1028 809 praedi-

289 827 377 854 xerat
399 821 489 862 hora,
507 820 713 864 omnipotenti
730 820 804 861 Deo,
822 820 872 853 cui
893 819 1028 851 fideliter

290 874 454 914 servierat,
478 873 623 917 spiritum
647 873 857 917 placidissime
881 871 1027 911 reddidit,

289 930 408 971 etpost
431 926 551 960 obitum
576 936 671 970 quam
691 925 848 969 plurimis,
872 930 934 957 tam
959 925 1024 956 Ro-

289 990 360 1013 mae
383 990 478 1023 quarn
499 979 583 1020 alibi,
604 979 723 1021 gloriae
740 979 881 1011 claritate
900 976 1028 1009 illustris

290 1033 443 1077 apparuit.
655 1030 657 1032 ’

336 1086 351 1129 ξ
375 1085 426 1118 76.
451 1085 489 1118 Et
511 1096 635 1118 summo
660 1095 761 1125 mane,
786 1084 867 1117 servi
890 1084 944 1116 Dei
961 1094 1029 1116 cor-

291 1149 369 1183 pore
393 1139 424 1172 in
447 1139 579 1172 ecclesia
596 1149 692 1182 super
708 1138 858 1170 feretrum
875 1136 1027 1180 exposito,

293 1192 404 1226 mortis
427 1191 623 1224 felicissimae
653 1191 735 1223 sama
765 1191 826 1222 iam
851 1190 1026 1232 divulgata,

292 1244 529 1278 innumerabilis
553 1244 705 1286 cuiusque
725 1242 912 1276 conditionis
929 1242 1028 1275 horni-

292 1308 366 1330 num
391 1298 465 1330 illuc
489 1296 655 1330 multitudo
673 1296 834 1335 convenit,
852 1296 932 1328 inter
948 1305 1027 1338 quos

292 1351 381 1383 multi
405 1361 442 1382 ex
466 1350 541 1382 viris
568 1349 779 1393 principibus,
810 1348 1026 1392 praesulibus,

291 1409 382 1447 atque
421 1403 632 1436 cardinalibus
668 1402 869 1441 confluxere,
903 1407 933 1434 et
963 1407 1028 1434 toto

290 1457 376 1490 bidui
400 1457 509 1500 spatio,
533 1467 595 1499 quo
620 1466 745 1499 corpus,
766 1461 933 1498 antequam
959 1465 1029 1487 con-

290 1510 429 1549 deretur,
453 1510 485 1542 in
508 1510 641 1542 ecelesia
664 1509 715 1552 pie
738 1514 934 1541 reservatum
965 1513 1027 1547 est,

290 1561 426 1606 ingenti¹
451 1562 558 1606 populi
582 1561 767 1604 frequentia,
792 1561 909 1604 absque
935 1562 1028 1593 inter-

289 1616 456 1656 missione,
481 1625 609 1655 manus,
640 1615 798 1658 pedesque
830 1614 1026 1655 exosculari,

290 1680 423 1703 coronas
447 1674 538 1713 atque
562 1669 683 1701 rosaria
703 1668 881 1701 venerando
900 1668 1027 1712 corpori

289 1724 457 1757 admovere
470 1733 533 1756 non
553 1722 686 1761 destitit;
711 1727 741 1754 et
764 1722 803 1763 ii,
823 1722 937 1765 quibus
953 1733 1028 1766 prae

290 1776 489 1810 multitudine
513 1775 552 1808 ad
576 1786 690 1818 corpus
721 1785 783 1808 non
815 1775 946 1809 dabatur
971 1786 1025 1808 ac-

291 1841 414 1872 cessus,
438 1831 588 1863 seretrum
615 1830 646 1862 in
670 1840 732 1874 quo
756 1829 876 1862 iacebat
906 1829 1028 1862 oscula-

290 1885 413 1918 bantur.

336 1939 351 1981 ξ
376 1938 426 1971 77.
452 1938 496 1971 Eo
521 1937 646 1970 interim
671 1942 813 1981 tempore
831 1937 929 1970 multa
946 1942 1028 1977 sunt,

292 1991 359 2025 eius
371 1991 615 2034 suffragantibus
627 1990 757 2031 meritis,
768 1990 850 2023 edita
867 1990 1027 2022 miracula.

336 2046 351 2088 g
382 2043 432 2078 78.
466 2045 550 2077 Inter
573 2049 695 2077 ceteros
718 2044 800 2077 enim
826 2043 1029 2084 adolescens,

291 2099 354 2132 una
378 2108 450 2131 cum
471 2108 598 2139 sorore,
622 2097 751 2130 strumis
768 2096 821 2129 diu
841 2096 1028 2137 laborantes,

292 2152 373 2185 servi
397 2151 451 2185 Dei
472 2162 567 2184 manu
588 2151 658 2184 loco
675 2150 801 2184 admota
823 2150 876 2183 ubi
898 2150 1030 2183 morbus

292 2206 458 2247 residebat,
482 2206 637 2249 extemplo
661 2205 760 2238 curati
785 2208 866 2239 sunt.

337 2260 352 2302 ἓ
376 2259 426 2292 79.
451 2258 719 2298 Quemadmodum
744 2263 774 2291 et
798 2257 912 2291 mulier
928 2267 1026 2301 quae-

294 2310 366 2343 dam
389 2321 407 2344 a
430 2311 548 2344 diutina
572 2311 753 2344 difficultate
777 2310 975 2354 respirandi,
1001 2316 1030 2343 et

295 2364 347 2396 alii
370 2365 570 2408 quamplures
587 2375 604 2397 a
627 2364 721 2398 variis
739 2364 957 2398 infirmitatum
975 2374 1029 2407 ge-

295 2417 423 2450 neribus
435 2418 630 2451 convaluere.

339 2470 354 2513 §
378 2469 429 2503 80.
454 2470 526 2504 Post
547 2471 634 2512 haec,
657 2471 711 2504 ubi
731 2471 887 2505 selectiori
912 2472 944 2504 in
961 2472 1030 2505 loeo

105 1097 135 1118 Aa
145 1097 191 1117 etus
201 1101 276 1122 eorpus

94 1124 166 1170 p'qputi
181 1124 277 1149 frequen-

116 1941 217 1963 Mil-acuta
228 1944 277 1963 tunc

95 1969 159 1989 edita.

121 2048 210 2069 strumis
219 2048 277 2079 labo-

95 2078 166 2096 rantes
179 2078 255 2096 curati.

125 2258 183 2279 Multi
206 2259 280 2280 infirmi

99 2285 174 2306 sanau.

113 2496 115 2499 ι
123 2471 233 2495 Appensae
252 2471 279 2491 ad

97 2501 142 2517 eius
147 2497 281 2523 sepulchrum

330 2542 342 2568 1
364 2540 510 2570 Videretur
535 2541 679 2577 legendum
707 2544 808 2577 ‘inqens
836 2543 876 2570 vel
905 2543 1031 2577 inqentis

294 2585 333 2620 (a.
350 2586 399 2620 τ.).

1815 271 1855 291 lae.

1061 286 1195 318 randum
1222 285 1330 330 populi
1361 294 1535 318 concursus
1562 284 1651 323 sieri,
1680 285 1799 318 votivae

1061 339 1175 371 deferri
1190 339 1332 379 tabellae,
1342 338 1471 372 donaria
1485 338 1646 382 permulta
1654 336 1798 381 appendi,

1060 404 1096 426 ac
1113 394 1316 426 suavissimus
1332 393 1460 436 quidam
1475 392 1554 425 odor
1570 402 1586 424 a
1604 392 1710 424 multis
1729 391 1800 423 inde

1061 446 1180 489 percipi
1201 447 1290 489 cepit.

1106 500 1120 542 g
1145 499 1195 531 811.
1221 500 1346 543 Septem
1371 503 1474 533 autem
1504 504 1574 543 post
1605 509 1702 532 annos
1728 498 1802 530 inte·
1842 508 1892 529 Post
1919 511 1999 534 sepiem

1061 563 1153 596 grum
1180 559 1350 596 repertum,
1375 555 1497 585 summai
1523 552 1665 585 oninium
1685 551 1801 584 laetitia
1816 541 2000 587 ῗῗὲἕπῖωηῖἶῖᾞῗ

1062 606 1247 639 translatum
1272 611 1319 639 est
1348 606 1378 638 in
1403 606 1551 638 sacellum
1584 610 1723 638 ereetum
1757 591 1903 637 at-¹'⁴“'¹¹¹¹¹'

1061 670 1121 703 que
1146 665 1292 693 ornatum
1311 670 1328 692 a
1345 659 1503 703 quondam
1521 660 1615 692 ‘Nerio
1631 659 1668 692 de
1686 659 1800 701 Nigris,

1063 713 1159 746 nobili
1192 713 1374 746 Florentino
1399 718 1428 745 et
1453 712 1620 745 domicello
1649 722 1802 752 romano,

1063 768 1112 800 cui
1136 767 1218 800 Deus
1238 766 1335 799 saneti
1352 766 1444 799 liuius
1462 765 1686 799 intercessione
1703 765 1803 798 silium

1062 821 1217 854 concessit
1245 821 1425 864 Philippum
1461 825 1629 863 propterea
1653 830 1671 851 a
1694 829 1804 862 paren-

1062 874 1145 907 tibus
1169 875 1365 908 nominatum
1381 900 1388 913 ,
1413 883 1506 916 quem
1523 876 1594 916 post
1614 882 1738 904 menses
1755 871 1805 903 de-

1063 939 1131 960 cem
1165 933 1195 960 et
1224 932 1294 960 octo
1326 927 1414 970 gravi
1446 927 1558 960 morbo
1595 930 1800 969 correptum,

1064 981 1221 1024 mortique
1248 981 1308 1012 iam
1333 980 1524 1023 proximum,
1549 980 1659 1012 beatus
1676 979 1724 1011 vir
1743 978 1801 1011 sibi

1063 1034 1316 1067 commendatum
1333 1034 1484 1078 pristinae
1497 1034 1601 1066 statim
1617 1032 1738 1067 sanitati
1759 1042 1804 1065 re-

1063 1088 1170 1120 stituit.

1107 1141 1122 1184 g
1146 1140 1197 1174 82.
1219 1140 1278 1173 Sed
1303 1151 1341 1173 ne
1366 1141 1527 1173 videamur
1551 1140 1675 1183 singula
1699 1150 1803 1173 recen·
1897 1175 1901 1178 Α

1064 1203 1133 1226 sere
1157 1193 1317 1233 miracula,
1337 1193 1450 1237 quibus
1475 1204 1584 1226 servus
1608 1203 1699 1225 suurn
1720 1193 1804 1226 miri·
1818 1175 2002 1222 ffissi'tiii'titigifuia'f

1063 1246 1167 1279 ficavit
1191 1247 1386 1287 Ahissimus,
1411 1252 1503 1280 nos'se
1528 1248 1602 1280 satis
1627 1247 1701 1286 erit,
1725 1247 1803 1280 alios

1062 1297 1255 1340 praecordiis
1280 1298 1419 1330 eiusdem
1445 1304 1579 1338 sanatos,
1604 1303 1637 1330 ut
1661 1298 1803 1330 Theodo-

1064 1351 1140 1383 siam
1170 1351 1339 1384 monialem
1372 1351 1553 1384 monasterii
1578 1351 1607 1383 S.
1632 1351 1745 1383 Luciae
1774 1350 1804 1382 in

1061 1403 1152 1437 Siliee
1167 1404 1205 1437 de
1219 1405 1312 1445 [rl)e,
1327 1415 1416 1448 quae,
1431 1405 1548 1448 splenis
1565 1404 1678 1437 morbo
1695 1404 1803 1437 decem

1061 1462 1090 1491 et
1111 1458 1249 1501 quinque
1267 1468 1365 1490 annos
1381 1457 1506 1493 afflicta,
1523 1458 1679 1501 extemplo
1697 1462 1803 1490 curata

1062 1511 1138 1547 suin

1106 1565 1120 1607 ξ
1144 1563 1194 1597 83.
1220 1565 1304 1597 Alios
1328 1574 1403 1596 vero
1427 1564 1557 1607 capillis,
1575 1569 1608 1596 ut
1633 1563 1802 1607 puerulum
1854 1571 1956 1592 puerulus
1973 1572 2002 1592 vi-

1061 1622 1167 1650 llatum
1194 1622 1366 1656 mortuum,
1392 1616 1455 1660 qui,
1480 1622 1514 1649 ut
1537 1617 1694 1659 baptismo
1719 1617 1803 1649 ablui
1819 1601 1853 1619 ’ἂρ
1869 1599 1970 1619 ΝΜυῶ

1061 1675 1176 1713 posset,
1194 1675 1241 1702 est
1264 1673 1429 1703 revocatus
1454 1669 1492 1701 ad
1514 1670 1626 1704 vitam:

1106 1724 1120 1766 g
1145 1723 1195 1755 ssi.
1221 1723 1306 1756 Alios
1331 1722 1517 1766 quibusdam
1543 1723 1623 1755 servi
1641 1723 1694 1755 Dei
1716 1733 1804 1757 eoro-

1061 1777 1119 1813 nis,
1144 1782 1177 1809 ut
1201 1777 1337 1809 Felicem
1363 1776 1587 1816 Sebastianam,
1605 1786 1684 1819 quac
1704 1787 1721 1808 a
1741 1777 1805 1809 diu-

1062 1830 1162 1863 turnis
1180 1830 1321 1862 crurium
1338 1829 1498 1862 ulceribus
1515 1829 1617 1861 statim
1636 1830 1803 1869 convaluit,

1107 1885 1122 1927 ξ
1146 1882 1197 1915 85.
1223 1883 1308 1915 Alios
1332 1882 1478 1923 linteoliS,
1496 1888 1530 1915 ut
1546 1882 1727 1926 Septimiam
1748 1884 1805 1917 Ne·
1818 1891 1950 1937 mSvrtimia
1964 1891 2003 1911 Ne-

1062 1937 1163 1977 riam,
1196 1946 1275 1979 quae
1306 1936 1448 1969 interiori
1479 1936 1562 1968 oculi
1593 1942 1681 1979 parte
1705 1936 1804 1978 ignito
1837 1931 1857 1940 “’

1063 1991 1146 2023 ferro
1171 1990 1293 2022 incaute
1321 2000 1338 2021 a
1372 1999 1481 2022 sorore
1513 1989 1667 2032 perculsa,
1700 1989 1804 2022 illaesa

1062 2043 1191 2076 omnino
1218 2042 1383 2081 remansit;

1107 2098 1122 2140 ἓ
1142 2096 1193 2128 86.
1211 2096 1248 2128 Et
1264 2096 1432 2139 Ioseplium
1449 2096 1635 2135 Sermeium,
1652 2095 1716 2139 qui,
1734 2105 1804 2128 cum
1843 2103 1942 2129 ¹0=01>hu³
1954 2103 2004 2133 Ser-

1063 2151 1102 2184 ob
1127 2161 1255 2194 gravem
1280 2150 1495 2183 infirmitatem
1516 2160 1552 2183 eo
1569 2149 1754 2189 devenisset,
1772 2155 1805 2182 ut
1819 2137 1886 2151 mm
1900 2132 1977 2153 '‘³⁰³²''

1063 2205 1204 2238 omnium
1239 2204 1354 2237 iudicio
1386 2215 1458 2237 mox
1484 2203 1644 2236 efflaturus
1668 2204 1805 2236 animam

1063 2258 1256 2297 crederetur,
1271 2268 1364 2290 sanus
1377 2262 1505 2301 repente
1522 2257 1630 2297 sactus,
1645 2267 1662 2288 a
1679 2256 1804 2295 lectulo,

1063 2311 1093 2344 in
1119 2322 1180 2354 quo
1201 2311 1330 2351 iacebat,
1352 2310 1526 2343 incredibili
1547 2310 1689 2343 omnium
1711 2309 1806 2341 admi-

1064 2365 1185 2398 ratione
1210 2364 1362 2403 surrexit,

1108 2419 1122 2461 ξ
1139 2417 1190 2451 87.
1210 2417 1305 2457 Alios,
1323 2417 1391 2449 aliis
1407 2416 1548 2449 eiusdem
1564 2416 1717 2459 reliquiis7
1736 2425 1806 2458 gra-

1064 2471 1198 2504 vissimis
1219 2470 1443 2503 tentationibus
1468 2475 1604 2514 ereptos,
1629 2475 1663 2502 ut
1679 2469 1806 2513 Stepha—

1064 2534 1139 2557 num
1171 2523 1407 2563 Calcinardum,
1432 2523 1485 2566 qui
1519 2522 1558 2555 ab
1590 2522 1805 2566 impurissima

1064 2578 1197 2621 quadam
1229 2577 1343 2610 semina
1380 2576 1585 2617 sollicitatus,
1617 2576 1714 2609 sancti
1746 2575 1804 2608 viri

1868 1147 2002 1177 *Theodosia

1840 1758 1843 1759 V
1859 1730 1916 1750 felix
1936 1730 2003 1751 Seba-

1819 1759 1887 1777 §trina
1896 1773 1901 1781 ‚

1882 2422 2002 2448 Stephanus

1820 2448 1964 2472 catciuamus,
