2269 3235
230 210 277 235 Λιι.
296 209 324 235 (ἶ.
345 209 410 236 ¹(th

279 1172 411 1194 indulgentia

227 1200 374 1229 l'ortmucutae
398 1205 410 1229 a

226 1233 332 1251 suspensis
342 1232 412 1247 eximi-

254 1598 345 1628 Derngat
359 1604 410 1619 con-

227 1628 304 1646 Iratus.

458 201 522 234 '100

428 258 567 299 andam',
585 263 614 291 ct
632 269 729 301 usque
754 259 792 290 ad
819 260 910 291 tinem
936 259 1076 292 eiusdem
1094 260 1165 293 anni

427 311 628 352 duraturam,
653 321 762 344 omues
786 316 815 343 ct
839 312 978 354 singulas
1003 312 1166 356 indulgen-

429 364 502 402 tias.
528 366 620 397 etiam
647 370 825 409 perpetuas,
845 370 873 398 et,
894 372 1094 409 peccatorum
1120 377 1167 400 re-

428 417 602 459 missiones,
617 418 779 461 quibusvis
794 419 944 460 ecelesiis,
959 419 1165 461 monasteriis,

428 470 633 514 hospitalibus
654 476 679 502 et
703 471 772 503 aliis
790 471 866 504 loris
883 472 953 515 piis,
970 473 1166 505 secularibus

427 528 454 555 et
481 524 665 567 quorumvis
689 524 840 557 Ordinum
870 526 962 559 etiam
993 526 1167 560 Mcndican-

427 577 503 609 tium
530 577 739 620 regularilJus,
764 579 821 611 sub
845 579 1097 624 quilmscumquc
1121 585 1166 613 te-

426 630 558 662 noribus
575 635 601 663 ct
621 630 740 671 formis,
758 643 792 664 ac
816 643 887 665 cum
905 633 1069 676 quibusvis
1086 633 1166 666 clau-

426 683 501 716 sulis
522 689 551 715 ct
569 683 714 725 decretis,
739 686 975 729 quomodolibet
991 697 1164 727 concessas,

425 736 463 769 de
487 737 678 780 apostolicae
702 739 864 782 potestatis
887 739 1082 783 plenitudine
1102 751 1165 773 sus-

425 790 637 833 pendet-imus,
656 796 685 823 et
710 802 875 835 suspensas
900 803 968 825 esse
992 793 1165 826 declarave-

425 842 534 884 rimus,
559 854 672 887 easque
697 845 808 877 eodem
832 855 914 878 anno
938 845 1071 878 durante
1087 846 1164 878 nulli

424 897 573 940 prodesse
598 903 650 931 aut
674 898 841 941 suffragari
875 899 989 931 debere
1018 899 1164 932 decreve-

424 950 534 991 rimus,
559 956 655 994 prout
679 951 710 983 in
736 951 851 983 nostris
876 952 933 984 sub
959 952 1090 994 plumbo
1115 951 1166 983 de-

425 1014 519 1046 super
545 1003 698 1046 expeditis
724 1004 855 1043 litteris,
881 1014 1014 1047 quarum
1040 1009 1165 1037 tenores

425 1056 643 1099 praesentibus
656 1067 714 1100 pro
725 1057 881 1100 expressis
891 1057 999 1090 haberi
1009 1058 1176 1098 volumus,

424 1109 547 1152 plenius
570 1109 747 1143 continetur
758 1109 782 1142 ¹²:

470 1162 485 1205 ξ
510 1162 538 1194 l.
565 1163 637 1203 Nos,
658 1162 829 1206 cupientes,
854 1169 888 1196 ut
913 1164 1044 1197 ecclesia
1061 1164 1089 1197 S.
1108 1165 1165 1197 Ma-

425 1215 490 1248 riac
515 1217 708 1259 Angelorum
739 1216 852 1250 domus
883 1216 1008 1251 Ordinis
1033 1218 1164 1251 fratrum

425 1268 580 1301 Minorum
592 1269 620 1301 S.
632 1270 788 1303 Francisci
802 1270 839 1303 de
853 1270 1054 1304 Observantia
1065 1282 1166 1315 prope

425 1325 454 1355 ct
478 1325 565 1355 extra
590 1333 698 1355 muros
729 1323 861 1356 civitatis
884 1324 1066 1357 Assisiensis
1091 1335 1165 1357 eon-

425 1375 511 1417 gruis
536 1376 752 1419 frequentetur
771 1376 955 1417 honoribus,
975 1378 1013 1410 ad
1035 1388 1165 1422 eamque

425 1429 643 1461 christifideles
667 1440 704 1463 eo
737 1430 884 1464 libentius
914 1431 1077 1472 accedant,
1103 1443 1165 1476 quo

425 1482 534 1515 exinde
559 1483 774 1527 spiritualibus
791 1484 899 1527 gratiis
920 1495 952 1518 se
973 1485 1101 1518 uberius
1118 1497 1166 1519 re-

424 1535 520 1569 fectos
545 1537 781 1581 conspexerint:

469 1590 484 1633 g
508 1590 537 1622 02.
563 1591 683 1623 Tenore
716 1592 928 1634 praesentium
958 1592 1164 1634 declaramus,

425 1642 538 1675 mentis
551 1646 581 1676 et
594 1643 774 1677 intentionis
787 1649 912 1677 nostrae
927 1645 1057 1678 minime
1069 1646 1164 1679 fuisse

425 1705 482 1728 nee
512 1706 580 1728 esse
614 1696 671 1728 sub
702 1697 862 1740 praedicta
898 1697 1163 1741 indulgentiarum

426 1749 629 1792 suspensione
646 1749 874 1793 indulgentiam
891 1751 1057 1795 utriusque
1073 1763 1164 1785 sexus

425 1802 683 1835 christifidelibus
706 1803 899 1847 praedictam
924 1805 1088 1838 ecclesiam
1114 1805 1163 1839 die

425 1855 561 1887 secunda
579 1856 694 1889 mensis
712 1857 835 1900 augusti
855 1868 872 1890 a
891 1857 1002 1901 primis
1023 1859 1163 1902 vesperis

425 1919 524 1951 usque
548 1908 586 1941 ad
611 1919 757 1942 occasum
786 1911 861 1944 solis
890 1911 951 1943 diei
984 1911 1162 1945 huiusmodi

425 1961 622 1995 visitantibus
643 1968 672 1996 et
696 1963 845 2007 requisita
862 1975 919 2008 pro
936 1964 1045 1997 eadem
1063 1965 1164 1998 indul-

426 2016 530 2058 gentia
554 2017 774 2060 consequenda
796 2010 1021 2061 peragentibus
1041 2030 1164 2053 conces-

426 2079 492 2101 sam
516 2070 795 2113 comprehendere,
820 2076 914 2115 prout
934 2072 1062 2106 minime
1083 2084 1164 2106 com-

426 2122 662 2166 prehendimus,
686 2134 743 2157 nec
767 2126 1028 2168 comprehensam
1048 2137 1116 2160 esse
1133 2127 1164 2159 in

426 2176 522 2210 verbo
552 2177 685 2210 Romani
717 2178 876 2212 Pontificis
907 2184 1100 2213 attestamur.
1131 2181 1164 2213 In

426 2230 620 2263 contrarium
632 2231 815 2275 facientibus
824 2242 886 2265 non
895 2232 1091 2266 obstantibus
1101 2233 1165 2278 qui—

425 2283 633 2329 buscumque.

469 2338 580 2372 Datum
598 2339 725 2379 Romae,
753 2340 837 2384 apud
865 2341 893 2374 S.
918 2341 1046 2374 Mariam
1074 2341 1165 2375 Maio-

425 2386 573 2432 rem‚'sub
590 2394 706 2427 annulo
733 2394 909 2435 piscatoris,
931 2395 979 2428 die
1002 2405 1077 2428 xxxl
1099 2395 1165 2428 iulii

426 2455 577 2486 uncxxzv,
602 2447 802 2490 pontificatus
822 2448 920 2481 nostri
940 2459 1022 2482 anno
1039 2459 1057 2482 1.

462 2498 520 2525 bat.
538 2499 581 2527 die
596 2502 626 2527 32
646 2501 703 2527 iulii
722 2502 804 2536 1624,
826 2503 918 2537 pontif.
936 2510 979 2529 an.
996 2509 1014 2529 1.

466 2572 474 2598 1
493 2571 647 2600 Lectionem
659 2574 762 2609 corrige
773 2578 801 2601 ut
811 2583 894 2610 supra
908 2583 969 2610 pag.
982 2575 1029 2602 1⁴7
1039 2583 1057 2602 α
1066 2575 1103 2610 (n.
1116 2575 1165 2610 T.)-

462 2616 479 2644 2
493 2616 563 2647 Quas
579 2618 640 2646 vide
654 2628 736 2655 supra
752 2628 814 2656 pag.
834 2621 881 2647 147
897 2623 934 2655 (R.
952 2619 1000 2655 T.).

1011 211 1190 236 mmmmm!
1215 211 1370 237 ROMANUM

1491 259 1644 293 Lxxvnl.

1200 340 1247 374 Ne
1261 342 1378 384 fratres
1396 339 1577 384 Reformati
1590 340 1784 374 Discalceatz·
1799 341 1938 375 Sanctis-

1243 395 1344 428 simae
1372 395 1544 427 Trinitatis
1568 393 1807 437 Redemptionis
1833 394 1939 437 Capti-

1242 459 1356 481 vorum
1380 448 1562 491 Hispaniae
1590 450 1660 490 post
1687 447 1838 479 emissam
1860 457 1937 490 pro-

1243 502 1423 544 fessionem,
1443 501 1501 533 sub
1518 500 1631 544 quovis
1647 503 1828 543 praetextu,
1852 503 1939 533 tran-

1243 559 1333 588 seant
1357 555 1400 587 acl
1424 554 1506 587 alios
1531 563 1748 597 quoscumque
1776 551 1935 593 Ordines,

1244 609 1343 641 eliam
1367 609 1511 651 fratrum
1531 607 1696 639 Minorum
1715 605 1748 639 S.
1769 605 1939 638 Francisci

1243 660 1281 693 de
1312 661 1442 701 Paula,
1478 664 1604 704 excepto
1641 657 1938 694 Gartlmsianorum

1245 713 1377 747 Ordine.

1406 779 1542 811 Urbanus
1556 784 1637 817 Papa
1650 783 1728 816 vm,

1322 828 1359 856 ad
1378 831 1554 862 perpetuam
1572 828 1617 856 rei
1637 826 1818 855 memoriam.

1242 897 1406 933 Commissi
1430 899 1522 933 nobis
1538 910 1594 943 per
1611 899 1835 932 abundantiam
1859 898 1937 931 divi-

1199 962 1256 984 nae
1281 952 1400 995 gratiae
1423 952 1589 995 pastoralis
1614 952 1708 985 officii
1725 952 1865 985 debitum
1885 962 1939 996 po-

1199 1005 1302 1045 stulat,
1328 1009 1362 1037 ut
1386 1004 1424 1037 ad
1444 1015 1480 1038 ea
1497 1005 1611 1037 mentis
1635 1010 1761 1038 nostrae
1778 1005 1877 1038 aciem
1893 1016 1940 1039 se-

1199 1058 1273 1091 dulo
1298 1058 1505 1099 intendamus,
1526 1069 1582 1102 per
1606 1069 1685 1102 quae
1708 1060 1870 1102 regulares
1886 1059 1940 1092 Or-

1199 1111 1286 1145 dines
1301 1111 1332 1145 in
1346 1112 1484 1146 Ecclesia
1498 1112 1551 1145 Dei
1566 1112 1734 1145 militantes
1747 1112 1938 1146 felicioribus

1199 1165 1231 1198 in
1255 1165 1320 1198 dies
1344 1165 1510 1209 proficiant
1534 1165 1745 1199 incrementis.

1244 1220 1307 1263 §¹l.
1334 1220 1416 1253 Alias
1444 1219 1599 1264 siquidem
1625 1219 1722 1252 felicis
1744 1219 1938 1253 recordatio-

1199 1272 1246 1305 nis
1272 1273 1384 1305 Paulus
1408 1273 1490 1316 Papa
1515 1273 1537 1305 V
1561 1272 1786 1316 praedecessor
1815 1277 1938 1312 noster,

1199 1336 1354 1369 prospero
1367 1326 1498 1359 fratrum
1508 1325 1633 1359 Ordinis
1643 1325 1864 1359 Sanctissimae
1875 1326 1940 1358 Tri-

1198 1379 1302 1412 nitatis
1316 1378 1551 1423 Redemptionis
1560 1378 1758 1422 Captivorum
1769 1378 1939 1411 Discalcea-

1199 1436 1302 1465 torum
1321 1432 1573 1465 Reformatorum
1595 1435 1847 1476 nuncupatorum
1863 1431 1939 1465 Con·
1954 1447 1966 1468 q

1198 1486 1390 1529 gregationis
1410 1486 1630 1529 Hispaniarum
1653 1485 1800 1528 regimini
1825 1495 1938 1518 consu-

1199 1539 1262 1572 lere
1283 1540 1400 1580 xolens,
1415 1539 1496 1572 inter
1512 1539 1573 1572 alia
1590 1539 1696 1572 statuit
1718 1544 1748 1572 et
1772 1538 1937 1579 ordinavit,

1198 1592 1283 1636 quod
1306 1593 1410 1625 nullus
1438 1592 1567 1626 omnino
1594 1597 1658 1625 tam
1681 1592 1815 1625 fratrum
1842 1601 1937 1635 quam

1198 1645 1387 1678 donatorum
1423 1645 1524 1679 dictae
1557 1645 1832 1689 Congregationis,
1868 1647 1939 1688 post

1198 1698 1343 1731 emissam
1368 1699 1400 1731 in
1424 1702 1461 1732 ea
1486 1698 1714 1742 professionem
1746 1697 1937 1737 huiusmodi,

1198 1752 1315 1797 absque
1347 1752 1474 1796 speciali
1505 1763 1564 1796 pro
1603 1756 1743 1796 tempore
1779 1751 1938 1785 existentis

1198 1805 1330 1838 Romani
1343 1805 1503 1838 Pontiticis
1519 1805 1654 1845 licentia,
1668 1808 1786 1839 certam
1802 1809 1877 1838 tunc
1890 1814 1939 1837 ex-

1198 1870 1339 1903 pressam
1361 1860 1553 1893 mentionem
1574 1859 1716 1899 faciente,
1735 1859 1773 1892 ad
1795 1858 1938 1892 modera-

1199 1918 1255 1953 105,
1281 1923 1336 1946 seu
1360 1913 1528 1956 mitigatos,
1548 1913 1594 1945 vel
1619 1913 1697 1945 alios
1721 1912 1850 1953 fratres,
1874 1917 1937 1944 tam

1198 1967 1417 2000 Sanctissimae
1427 1966 1584 2000 Trinitatis
1597 1966 1831 2010 Redemptionis
1839 1966 1939 2010 Capti-

1199 2031 1311 2054 vorum
1328 2020 1518 2061 huiusmodi,
1536 2031 1630 2064 quam
1643 2020 1777 2053 aliorum
1790 2029 1938 2063 quorum-

1198 2074 1243 2106 vis
1267 2074 1430 2114 Ordinum,
1455 2074 1735 2117 congregationum
1756 2078 1786 2106 et
1809 2072 1937 2115 religio-

1198 2137 1290 2167 num,
1316 2127 1409 2160 etiam
1442 2126 1619 2160 emissionis
1643 2126 1746 2170 quarti
1778 2125 1861 2166 voti,
1885 2130 1939 2158 aut

1199 2180 1259 2214 alio
1283 2191 1482 2224 quocumque
1505 2185 1668 2224 praetextu
1697 2179 1938 2223 (Carthusiano-

1199 2246 1269 2268 rum
1295 2235 1409 2268 Ordine
1433 2234 1594 2268 dumtaxat
1617 2234 1760 2278 excepto)
1788 2233 1937 2274 transire,

1199 2298 1252 2321 seu
1278 2299 1310 2321 se
1335 2288 1515 2329 transferre,
1539 2293 1591 2321 aut
1616 2288 1691 2320 alias
1715 2298 1732 2320 a
1757 2287 1839 2320 dicta
1863 2287 1939 2321 Con-

1198 2343 1381 2386 gregatione
1407 2353 1439 2376 se
1463 2342 1659 2383 subtrahere,
1676 2353 1730 2376 seu
1745 2353 1781 2376 ex
1795 2344 1831 2375 ea
1852 2342 1937 2376 exire

1200 2396 1325 2435 valeret,
1339 2402 1369 2429 et
1382 2396 1467 2438 alias,
1482 2402 1575 2440 prout
1589 2396 1619 2429 in
1636 2396 1735 2440 ipsius
1750 2395 1836 2429 Pauli
1852 2405 1939 2440 prae-

1200 2449 1373 2482 decessoris
1399 2450 1429 2482 in
1454 2449 1548 2482 simili
1568 2450 1669 2483 forma
1690 2449 1796 2482 Brevis
1812 2449 1870 2482 sub
1887 2448 1936 2481 die

1201 2515 1278 2538 xvm
1291 2504 1414 2548 augusti
1433 2513 1530 2538 uncxt
1548 2503 1699 2548 expeditis
1713 2501 1851 2544 litteris¹‚
1865 2512 1937 2546 qua-

1239 2622 1248 2648 1
1268 2619 1404 2656 Nonvputo
1419 2628 1464 2649 eas
1481 2628 1541 2649 esse
1556 2620 1583 2648 in
1598 2620 1732 2650 Bullario
1748 2622 1785 2656 (R.
1799 2619 1847 2654 ¹12).

1942 211 1999 240 ·Αη.
2016 211 2047 240 G.
2067 211 2134 240 ¹624

1979 909 2120 932 Prooemium.

2027 1229 2105 1250 Pauius
2121 1229 2142 1250 V.

1954 1255 2064 1281 prohibuit
2105 1255 2138 1276 his

1953 1281 2052 1304 tratribus
2064 1283 2139 1303 transi-

1954 1310 1996 1329 tum
2027 1310 2055 1330 ad
2083 1309 2138 1330 altos

1954 1336 2141 1383 3ῗὲἔέωέἒᾶἒὲ

1953 1378 2059 1409 siano'rum
2077 1388 2139 1409 Ordi-

1953 1421 1978 1436 ne
1989 1415 2139 1441 excepto,abs-

2048 1441 2137 1462 Romani

1952 1468 2060 1489 Pontificis
2072 1468 2137 1489 licon-
