2269 3235
242 269 291 297 An.
313 268 341 297 C.
363 269 431 297 1⁶22

256 1315 259 1317 Α
274 1289 332 1308 vanu
346 1293 400 1314 papa
412 1287 429 1307 V

248 1317 330 1335 [Μίνωι-
369 1321 431 1333 ‚weu-

241 1344 325 1365 flentur.

280 1768 360 1789 Causae
377 1773 434 1787 reio-

253 1796 313 1815 camli
353 1795 436 1820 praedi>

254 1824 298 1842 ctas
318 1823 396 1842 tutem
417 1827 426 1840 e

254 1849 374 1873 proxim-ias

254 1875 352 1896 Peraiba.
362 1875 435 1895 {lama

255 1901 437 1926 iat-astitogranatq

254 1931 275 1948 et
314 1928 436 1949 nisantium

255 1955 357 1975 ecclesiae
370 1957 437 1976 sancti

255 1981 436 2003 Salvatorisresti-

255 2009 332 2029 tuentii.

482 261 542 294 184

441 318 572 352 subinde
590 329 694 352 rerum
713 319 903 363 experientia
920 318 1079 360 suadente,
1094 324 1124 352 et
1140 329 1176 352 cx

442 371 614 405 maioribus
639 372 881 415 ‹·a11sis‚quil·us
905 372 1091 415 praesertim
1116 372 1179 416 epi-

442 435 608 468 scoporum
638 424 816 458 :autoritati
846 430 875 457 ct
904 425 1110 458 iurisdictioni
1140 425 1178 458 ad

442 477 635 517 visitationis,
656 478 859 511 correctionis
880 483 909 511 et
935 478 1068 511 iustitiae
1093 478 1180 511 mini-

442 531 571 563 ¹sterium
598 531 788 563 fructuosius
813 531 1032 573 exercendum,
1057 542 1178 565 necnon

442 584 616 616 animarum
634 584 736 624 saluti,
753 584 932 628 litibusque,
950 596 985 618 ac
1002 590 1180 618 controver-

442 636 495 668 siis
521 637 600 669 inter
617 637 742 671 eosdem
761 638 935 682 episcopos,
953 644 983 671 et
1003 639 1080 671 alies
1097 639 1179 671 chri-

443 690 590 723 stifideles
610 691 639 723 in
662 691 881 724 remotissimis
899 692 1076 724 christianis
1093 692 1180 725 orbis

442 744 584 788 partibus
608 745 773 777 existentes
793 744 917 777 obviam
944 745 1014 784 itur,
1035 756 1070 778 ac
1094 745 1182 789 spiri-

444 791 516 830 titali
537 798 674 841 ipsorum
690 798 941 830 christifidelium
962 798 1180 838 aedificationi,

443 851 573 895 pacique
590 854 619 884 ct
637 850 850 894 tranquillitati
868 851 1052 891 consulitur,
1072 851 1181 883 alterat

444 910 473 937 et
491 904 643 943 immutat,
662 904 692 935 in
708 904 818 946 hisque
836 903 1054 935 sollicitudinis
1071 909 1100 936 et
1114 915 1182 947 pro-

445 958 597 990 videntiae
623 968 696 989 suae
721 957 858 989 studium
883 956 1064 1000 interponit,
1088 962 1182 1000 prout

444 1011 496 1054 pia
521 1011 749 1053 catholigorum
775 1020 886 1051 regum
917 1015 987 1042 vota
1019 1010 1048 1042 id
1081 1021 1178 1053 expo-

444 1067 543 1101 scunt,
557 1066 584 1095 et
600 1062 675 1105 ipse,
692 1061 838 1095 cuntibus
856 1072 974 1101 rerum,
992 1067 1183 1106 temporum-

444 1128 505 1161 que
536 1116 737 1159 qualitatibus
774 1117 895 1148 matura
933 1115 1183 1150 consideratione

444 1169 595 1214 pensatis,
621 1169 774 1213 conspicit
807 1169 836 1201 in
861 1168 994 1202 Domino
1018 1169 1184 1203 salubriter

445 1223 603 1268 expedire.

491 1277 505 1319 ξ
536 1276 559 1308 l.
586 1276 667 1308 Alias
691 1276 844 1319 siquidem
872 1286 890 1308 a
920 1276 1017 1308 felicis
1042 1275 1186 1309 reeorda-

448 1329 540 1361 tionis
557 1329 651 1361 Paulo
678 1330 758 1372 Papa
776 1330 798 1360 V
815 1328 1059 1372 praedecessore
1075 1334 1185 1361 nostro

448 1388 629 1416 emanarunt
667 1383 787 1415 litterae
813 1382 931 1414 tenoris
956 1382 1186 1425 subsequentis,

450 1437 600 1469 videlicet:

662 1508 790 1541 Paulus
818 1508 906 1550 Papa
936 1507 974 1548 V,

543 1572 586 1604 ad
608 1575 798 1615 perpetuam
822 1570 871 1602 rei
894 1570 1094 1602 memoriam.

487 1653 519 1685 ln
532 1651 775 1695 supereminenti
787 1650 957 1690 militantis,
968 1654 1025 1684 etc.
1036 1651 1189 1695 (Reliqua

453 1705 516 1749 qui
533 1709 667 1748 possunt
684 1705 719 1736 in
738 1708 810 1736 lom.
830 1713 971 1747 nepas).
993 1704 1034 1737 '10
1051 1708 1080 1738 et
1097 1705 1185 1749 271).

495 1762 510 1802 ᾗ
534 1758 563 1791 2.
589 1758 664 1791 Cum
689 1763 803 1797 autem,
829 1757 908 1789 sicut
932 1758 1134 1791 charissimus
1159 1759 1190 1791 in

452 1811 573 1845 Christo
588 1811 670 1843 lilius
679 1815 785 1844 noster
796 1811 960 1856 Philippus
970 1811 1189 1855 Hispaniarum

453 1876 507 1898 rex
533 1865 705 1897 catholicus
730 1864 819 1897 nobis
843 1874 945 1908 nuper
969 1865 1082 1908 exponi
1108 1866 1190 1906 l'ecit,

453 1919 635 1953 earumdem
671 1917 906 1961 proxinciarum
939 1918 1094 1960 vicarius,
1127 1920 1190 1952 sive

453 1973 697 2013 administrator,
716 1972 747 2004 in
767 1972 1086 2015 vim·praedictarum
1105 1974 1189 2006 Pauli

453 2027 705 2072 praedecessoris
733 2026 912 2059 huiusmodi
942 2027 1116 2060 litterarum
1143 2028 1192 2061 de-

454 2087 589 2126 putatus,
607 2081 689 2113 diem
711 2081 858 2113 clauserit
878 2086 1069 2123 extremum,
1096 2083 1192 2115 ecclc-

455 2137 580 2180 siaeque
594 2136 622 2168 S.
637 2135 805 2168 Salvatoris
822 2135 999 2178 praedictae
1017 2140 1102 2168 certo
1120 2141 1192 2169 tunc

455 2201 604 2234 expresso
629 2189 722 2222 modo
739 2189 873 2233 pastoris
894 2189 1004 2222 solatio
1028 2189 1192 2222 destitutae

455 2244 493 2276 de
527 2253 607 2276 novo
643 2248 767 2286 pastore
804 2242 976 2285 apostolica
1010 2242 1193 2276 auctoritate

454 2308 555 2340 nuper
580 2297 740 2340 provisum
761 2296 867 2335 suerit,
888 2296 1126 2328 dismembratio
1143 2306 1194 2328 au-

455 2356 517 2382 tem.
543 2355 569 2382 et
592 2349 748 2393 separatio
770 2349 807 2381 ab
832 2349 962 2381 eeclesia
980 2349 1008 2381 S
1026 2349 1194 2381 Salvatoris

456 2405 611 2447 lja-aedicto
639 2403 676 2435 de
701 2403 783 2435 dicta
804 2403 964 2446 provincia
989 2403 1026 2435 de
1052 2403 1196 2435 Pernam-

456 2459 547 2490 lun-u.
573 2458 717 2501 illiusque
743 2457 773 2489 in
794 2457 941 2489 vicariam
967 2456 1030 2489 sive
1055 2456 1193 2488 admini-

457 2512 638 2544 strationem
653 2511 847 2555 spiritualem
862 2510 978 2543 erectio
993 2516 1022 2543 et¹
1033 2510 1195 2551 institutio,

456 2574 578 2597 necnon
603 2564 835 2607 provinciarum
861 2564 1095 2608 capitanearum
1120 2574 1196 2596 nun-

458 2624 642 2661 cupatarum
673 2618 710 2650 de
734 2618 882 2658 Peraiba,
908 2618 1098 2659 ltamaraca,
1123 2617 1195 2651 Rio-

1024 271 1200 296 RULLARIUM
1225 270 1378 296 Romnum

1212 319 1336 353 illarum
1361 319 1399 352 ab
1424 319 1534 352 eadem
1565 320 1697 353 ecclesia
1726 323 1755 354 S.
1781 321 1949 355 Salvatoris

1212 373 1407 416 separatione
1425 377 1454 405 et
1466 372 1752 414 dismembrafione,
1762 373 1863 407 eidem
1880 384 1950 419 pro·

1214 425 1331 459 vinciae
1356 426 1393 459 de
1418 425 1635 459 l‘ernambuco
1651 426 1725 459 unio
1745 431 1775 459 ct
1794 427 1952 462 adiunctio

1213 490 1269 524 per
1293 479 1438 513 eumdem
1460 479 1589 512 Paulum
1615 479 1898 523 praedecessorem,
1919 486 1953 516 ut

1214 534 1399 576 praefertur,
1417 534 1596 573 sactae,non
1615 532 1715 565 solum
1731 532 1761 564 in
1782 533 1952 567 maximum

1214 586 1404 630 oppidorum
1430 591 1459 619 et
1483 586 1625 619 locorum
1651 585 1805 618 dictarum
1830 587 1953 629 provin-

1215 639 1353 680 ciarum,
1378 639 1565 683 illarumque
1595 639 1769 672 incolarum
1794 640 1953 683 praeiudi-

1215 692 1298 725 cium
1323 697 1353 725 et
1376 693 1525 725 damnum
1550 692 1711 733 cesserint,
1730 703 1837 725 verum
1859 693 1953 726 etiam

1215 747 1370 779 continuis
1387 746 1534 786 dissidiis,
1552 746 1658 780 litibus
1678 751 1707 778 et
1731 746 1954 779 controversiis

1217 799 1297 843 inter
1322 799 1505 843 episcopum
1530 800 1558 833 S.
1585 799 1809 839 Salvium-{301
1835 810 1955 832 earum-

1216 852 1286 885 dem
1304 850 1538 896 provi'nciarum
1553 853 1702 886 vicarium
1720 860 1750 886 ct
1762 853 1956 886 administra-

1217 910 1328 946 torem,
1346 906 1399 949 qui
1424 917 1482 950 pro
1498 912 1640 950 tempore
1667 908 1804 947 suerunt,
1829 917 1955 940 causam

1217 958 1370 999 dederint,
1388 969 1450 992 non
1468 959 1533 992 sine
1553 960 1648 992 divini
1674 961 1776 993 cultus
1800 965 1830 993 et
1854 961 1958 994 catho-

1218 1011 1295 1044 licae
1320 1011 1482 1053 religionis
1506 1012 1704 1052 detrimento,
1729 1014 1879 1057 gravique
1904 1024 1957 1047 eo-

1219 1064 1361 1097 rumdem
1380 1065 1554 1098 incolarum
1573 1065 1811 1109 perturbatione
1828 1070 1857 1100 et
1873 1076 1958 1099 scan-

1218 1118 1299 1157 dalo,
1318 1117 1408 1151 nobis
1425 1123 1592 1161 propterea
1605 1118 1707 1151 dictus
1724 1118 1887 1162 Philippus
1904 1129 1958 1151 rex

1219 1171 1381 1204 humiliter
1405 1170 1573 1214 supplicari
1599 1171 1680 1211 feeit,
1705 1176 1739 1204 ut
1762 1182 1857 1215 super
1873 1182 1959 1216 prae-

1220 1224 1323 1257 missis
1336 1230 1513 1268 opportune
1529 1224 1697 1268 providere
1714 1224 1751 1258 de
1768 1225 1959 1268 benignitate

1220 1277 1391 1322 apostoliea
1411 1277 1633 1320 dignaremur:

1264 1332 1279 1374 ξ,
1302 1330 1332 1364 3.
1358 1332 1420 1364 Nos
1445 1331 1551 1374 igitur,
1570 1331 1623 1375 qui
1649 1332 1733 1364 omni
1760 1331 1959 1374 cogitatione,

1221 1385 1369 1428 omnique
1392 1386 1469 1417 cura
1488 1385 1517 1417 in
1538 1385 1567 1417 id
1588 1385 1809 1428 incumbimus,
1826 1390 1860 1417 ut
1877 1385 1960 1418 chri-

1222 1438 1382 1478 stifideles,
1400 1448 1508 1470 earum
1533 1438 1721 1485 praesertim
1746 1438 1912 1481 regionum
1930 1438 1961 1470 in

1222 1491 1336 1534 quibus
1360 1490 1438 1523 fides
1454 1491 1607 1524 catholica
1626 1491 1746 1531 nonita
1764 1491 1887 1534 pridem
1905 1501 1962 1535 per

1223 1544 1408 1576 immensam
1429 1544 1495 1576 ·Dei
1525 1544 1774 1577 misericordiam
1808 1544 1962 1587 plantata,

1224 1598 1371 1632 continua
1392 1597 1517 1631 illorum
1542 1598 1733 1641 populorum
1754 1597 1792 1629 ad
1818 1597 1962 1630 eamdem

1224 1651 1318 1684 fidem
1336 1651 1541 1684 conversione
1558 1651 1690 1684 feliciter
1710 1655 1914 1695 propagatur,
1933 1651 1964 1683 in

1224 1705 1308 1749 pacis
1317 1704 1513 1738 ‘amoenitate
1530 1710 1560 1738 et
1577 1705 1711 1737 iustitiae
1731 1705 1816 1737 cultu
1834 1704 1966 1737 reddant

1224 1759 1358 1792 Domino
1393 1759 1587 1791 abundanter
1622 1759 1742 1792 fructus
1778 1769 1850 1792 suos
1864 1785 1872 1798 ,
1911 1758 1964 1802 pio

1225 1813 1322 1857 ipsius
1346 1813 1481 1856 Phihppi
1506 1812 1590 1855 regis
1622 1812 1789 1853 desiderio,
1813 1818 1965 1855 quantum

1224 1866 1314 1899 nobis
1327 1876 1364 1899 ex
1381 1866 1443 1899 alto
1458 1865 1651 1906 conceditur,
1661 1876 1799 1898 annuere
1817 1866 1966 1906 volentes,

1225 1919 1406 1952 huiusmodi
1424 1919 1706 1963 supplicationibus
1720 1919 1870 1960 inclinati,
1881 1929 1968 1963 prae-

1226 1973 1339 2005 dictam
1358 1972 1521 2006 ecclesiam
1539 1972 1568 2006 S.
1589 1972 1769 2013 Salvatoris,
1792 1983 1828 2006 ac
1845 1973 1967 2005 moder-

1226 2037 1301 2059 num
1335 2027 1418 2059 illius
1453 2031 1483 2059 et
1519 2037 1578 2070 pro
1609 2031 1753 2070 tempore
1784 2026 1966 2059 existentem

1226 2081 1418 2124 praesulem,
1443 2091 1566 2113 necnon
1592 2091 1731 2113 mensam
1757 2080 1967 2124 episcopalem

1227 2134 1326 2166 dietae
1347 2134 1496 2166 eeclesiae
1513 2133 1663 2166 adversus
1687 2133 1917 2177 separationem
1938 2138 1968 2166 et

1227 2192 1257 2220 et
1281 2187 1591 2220 dismembrationem
1609 2186 1709 2220 dietae
1733 2186 1913 2230 provinciae
1930 2187 1968 2220 de

1228 2240 1457 2279 Pernamhuco,
1474 2240 1602 2283 eiusque
1625 2240 1655 2271 in
1673 2239 1821 2272 vicariam
1839 2239 1902 2272 sive
1919 2240 1969 2272 ad-

1229 2293 1492 2326 ministrationem
1518 2293 1712 2336 spiritualem
1730 2293 1922 2326 erectionem
1939 2297 1970 2327 et

1230 2347 1466 2387 institutionem,
1483 2357 1604 2379 necnon
1629 2346 1864 2390 provinciarum
1889 2346 1970 2391 capi-

1231 2405 1392 2433 tanearum
1417 2400 1608 2441 huiusmodi,
1633 2400 1761 2443 praevia
1787 2400 1880 2433 etiarn
1906 2400 1971 2433 illa-

1230 2466 1321 2495 rum,
1346 2460 1381 2487 ut.
1408 2456 1602 2499 praefertur,
1627 2455 1666 2487 ab
1697 2455 1806 2488 cadem
1839 2455 1971 2489 ecclesia

1229 2510 1258 2542 S.
1284 2508 1453 2542 Salvatoris
1477 2508 1672 2552 separatione
1703 2514 1732 2541 et
1762 2509 1970 2541 dismembra-

1231 2563 1331 2604 tione,
1356 2563 1457 2596 eidem
1482 2563 1662 2606 provinciae
1692 2563 1730 2596 de
1755 2562 1970 2596 Pernambuco

1230 2616 1378 2650 unionem
1412 2620 1442 2650 et
1477 2616 1708 2650 adiunctionem
1728 2643 1735 2657 ‚
1768 2616 1971 2660 singulasque

458 2672 587 2714 grande,
612 2676 641 2704 et
665 2672 704 2703 do
729 2672 928 2713 Maranham,
953 2672 1078 2716 praevia
1101 2671 1195 2704 simili
1231 2670 1316 2703 Pauli
1341 2670 1595 2714 praedecessoris
1628 2669 1808 2703 huiusmodi
1841 2669 1969 2710 litteras,

1962 273 2011 300 Αη.
2032 273 2061 302 C.
2076 274 2147 302 1624

2011 1345 2108 1366 Urbanus
2122 1350 2158 1366 eas

1976 1374 2080 1397 restitum
