2269 3235
124 255 172 281 An.
193 256 220 282 C.
240 255 306 283 1625

148 424 258 445 clausulae
266 429 303 450 pro

121 451 263 475 praesentium
273 451 304 471 tit-

120 480 212 524 mrum
242 477 304 498 nrm}-
319 468 466 496 contenta
493 473 710 507 quaecumque
735 463 773 496 de
798 462 978 496 intentionis
1002 473 1057 496 no-

138 1542 255 1563 Prohibita>
264 1541 301 1562 sub

118 1570 187 1595 poena
220 1575 302 1589 excom-

116 1596 302 1619 niunieationisme

119 1622 170 1648 quid
203 1622 303 1647 imposte-

118 1654 162 1669 rum
177 1651 249 1669 eontra
265 1654 303 1668 nn-

118 1676 241 1695 munitatem
268 1681 301 1695 ec-

118 1702 258 1722 clesiasticam
272 1704 302 1721 at-

118 1730 218 1749 tentetur.

937 258 1079 283 URBANUS
1104 258 1160 282 vlt!
1186 259 1232 282 PP.

320 302 525 336 conciliorum
552 303 693 346 decreta,
719 309 748 337 et
772 304 959 348 apostolicas
984 316 1058 338 con-
1093 306 1178 349 ipsos
1194 305 1410 350 delinquentes
1428 316 1483 339 seu
1510 311 1720 347 contumaees,
1737 317 1831 350 quani

320 355 496 390 stitutiones
521 361 671 390 attentata
694 362 724 391 et
748 357 957 402 praescripta3

366 409 433 454 53.
465 410 708 455 praesentesque
744 411 862 444 litteras
898 416 927 443 et
959 410 989 443 in
1014 410 1058 444 eis

319 521 402 549 strae
433 516 480 549 vel
516 516 578 549 alio
609 516 759 560 quopiam
792 516 913 549 defectu
936 516 1056 559 notari,

319 569 510 613 impugnari,
528 569 701 610 invalidari,
718 569 893 610 retraetari,
910 569 1057 611 rescindi,

319 622 468 666 infringi,
489 623 519 655 in
544 622 591 656 ius
611 623 659 655 vel
684 622 930 656 controversiam
953 623 1057 656 vocari

318 676 494 709 nullatenus
510 685 612 720 posse,
628 675 682 708 sed
701 685 826 719 semper
840 675 951 718 valida,
966 676 1057 709 firma

318 734 348 761 et
362 730 498 762 efficacia
518 730 584 762 fore
602 734 632 762 et
647 739 724 771 esse,
746 740 883 773 suosque
898 731 1057 774 plenarios

317 787 347 817 et
365 782 505 826 integros
530 782 659 816 effectus
679 783 784 817 sortiri
802 787 831 817 et
851 783 1003 824 obtinere,
1021 795 1057 817 ac

317 835 355 868 ab
372 836 527 877 omnibus,
541 836 579 869 ad
593 846 672 881 quos
693 841 820 881 spectat,
835 837 1057 872 inviolabiliter

317 889 477 922 observari
503 889 635 929 debere;
668 890 775 934 sicque
805 901 863 935 per
887 902 1057 935 quoscum-

317 952 378 986 que
394 942 513 976 iudices
530 943 708 977 ordinarios
725 949 755 977 et
775 944 945 987 delegatos,
962 945 1055 978 ctiam

318 1006 482 1029 causarum
506 997 612 1040 palatii
637 998 799 1041 apostolici
831 998 990 1032 auditores
1022 1010 1057 1032 ac

318 1056 441 1084 sanetae
481 1052 639 1084 Romanae
683 1052 840 1085 Ecclesiae
884 1053 1057 1086 cardinales

319 1103 411 1137 etiam
443 1104 480 1137 de
511 1105 608 1138 latere
643 1105 762 1148 legatos
787 1105 934 1149 (sublata
960 1106 1004 1138 cis
1028 1111 1055 1138 et

318 1168 427 1190 eorum
453 1158 580 1191 cuilibet
603 1158 712 1202 quavis
735 1159 826 1191 aliter
850 1158 1007 1192 iudicandi
1028 1164 1057 1192 et

318 1211 545 1255 interpretandi
570 1212 715 1244 facultate
741 1217 770 1244 et
794 1213 993 1257 auctoritate)
1010 1213 1057 1246 iu-

316 1263 413 1297 dicari
438 1270 468 1297 et
497 1265 620 1298 definiri
651 1265 785 1307 debere,
812 1276 846 1299 ac
878 1266 1002 1300 irritum
1029 1272 1058 1300 et

316 1317 417 1359 inane,
435 1318 460 1351 si
485 1328 574 1351 secus
592 1329 688 1362 super
701 1318 750 1351 his
767 1329 784 1351 a
800 1329 969 1363 quoquam,
986 1331 1058 1364 qua-

317 1370 362 1403 vis
392 1371 593 1413 auctoritate,
620 1372 755 1405 scienter
784 1373 831 1405 vel
857 1373 1056 1416 ignoranter,

317 1424 485 1467 contigerit
509 1425 673 1467 attentari,
701 1431 809 1459 tenore
842 1427 1057 1470 praesentium

317 1478 517 1511 decernimus
541 1484 571 1511 et
595 1478 802 1512 declaramus.

361 1531 376 1574 ἓ
400 1531 429 1563 4.
456 1531 492 1564 Et
507 1531 721 1572 nihilominus,
737 1542 776 1564 ne
793 1532 1001 1576 imposterum
1020 1534 1059 1566 si-

318 1584 404 1617 milia
428 1590 679 1628 praesumantur,
702 1586 851 1619 omnihus
868 1590 898 1620 et
925 1587 1058 1629 singulis

317 1638 472 1671 iudicibus
497 1639 701 1680 secularibus,
716 1639 808 1671 etiam
827 1640 993 1683 supremis,
1011 1640 1056 1672 di-

318 1696 440 1724 ctorum
472 1701 663 1735 regnorum,
695 1702 896 1736 quocumque
930 1693 1057 1726 nomine

317 1750 546 1789 nuncupentur,
572 1746 798 1790 cuiuscumque
823 1747 956 1789 gradus,
983 1758 1057 1781 con-

317 1797 444 1832 ditionis
462 1804 492 1832 et
509 1800 747 1843 praerogativae
765 1800 905 1842 existant,
926 1811 965 1834 ne
986 1801 1057 1834 talia

317 1851 507 1894 huiusmodi,
526 1858 579 1885 aut
598 1853 712 1886 similia
736 1853 887 1886 adversus
907 1854 1056 1887 immuni-

319 1910 413 1938 tatem
433 1909 463 1939 et
486 1905 662 1939 libertatem
687 1906 941 1949 ecclesiasticam,
962 1907 1056 1940 etiam

317 1970 517 2003 quocumque
541 1964 722 2003 praetextu,
747 1965 856 1993 contra
889 1961 1056 2002 ecclesias,

318 2013 483 2055 praelatos,
495 2012 614 2046 iudices
631 2018 661 2046 et
677 2023 839 2057 personas,
853 2024 904 2047 res
917 2019 947 2047 et
964 2014 1054 2057 bona,

316 2077 352 2098 ae
375 2076 486 2099 eorum
511 2066 758 2100 iurisdietionem
777 2070 807 2101 et
827 2068 1055 2111 auctoritatem,

317 2119 446 2162 eiusque
458 2118 592 2152 liberum
607 2120 800 2162 exercitium,
819 2121 1056 2164 quomodolibet

317 2172 514 2206 committere
534 2178 587 2205 aut
604 2178 755 2206 attentare
773 2180 984 2217 praesumant,
999 2175 1055 2208 sub

317 2226 648 2260 excommunicationis
666 2227 804 2269 maioris,
819 2238 837 2261 a
850 2239 911 2272 qua
930 2229 1055 2262 nonnisi

317 2291 333 2312 a
357 2279 457 2320 nobis,
477 2284 529 2314 aut
552 2281 692 2313 Romano
718 2281 867 2315 Pontifice
892 2293 951 2325 pro
977 2288 1054 2316 teni-

317 2344 393 2377 pore
411 2333 572 2377 existente,
593 2339 815 2379 praeterquam
834 2336 865 2368 in
880 2337 992 2370 mortis
1009 2348 1057 2370 ar-

319 2387 424 2427 ticulo,
437 2387 555 2420 absolvi
575 2389 705 2432 possint,
720 2389 853 2434 aliisque
870 2391 1057 2424 ecclesiasti-

318 2440 362 2472 cis
379 2440 549 2483 sententiis,
564 2441 713 2484 censuris,
729 2453 764 2475 ac
782 2442 967 2487 privationis
982 2455 1057 2489 quo-

318 2504 527 2536 rumcumque
561 2494 805 2537 beneficiorum,
846 2496 1033 2540 pensionum
1049 2524 1056 2538 ,

318 2546 505 2587 officiorum,
519 2550 549 2580 et
564 2547 750 2590 dignitatum
764 2549 1056 2591 ecclesiasticarum,

318 2610 353 2633 ac
378 2599 581 2641 militiarum,
607 2605 636 2633 et
661 2601 807 2634 ordinum
833 2613 1058 2646 quorumcum-

318 2664 388 2697 que,
402 2657 633 2698 perpetuaeque
651 2654 939 2702 inhabilitatistam
953 2657 1056 2701 quoad

1093 359 1195 402 quoad
1220 370 1330 392 eorum
1356 359 1580 394 descendentes
1604 370 1706 405 usque
1721 359 1759 392 ad
1780 370 1832 393 eo-

1094 422 1162 444 rum
1181 417 1324 455 quartam
1346 413 1592 456 generationem,
1610 413 1648 446 ad
1665 413 1717 446 illa
1735 413 1833 458 impo-

1092 469 1211 496 sterum
1237 465 1475 508 quomodolibet
1499 466 1684 508 obtinenda,
1710 476 1832 499 necnon

1091 517 1269 550 amissionis
1292 529 1567 564 quorumcumque
1592 520 1706 553 iurium
1732 523 1833 564 patro-

1091 575 1192 611 natus,
1213 570 1463 614 privilegiorum,
1483 572 1686 614 indultorum,
1708 583 1833 607 conces-

1091 622 1215 655 sionum
1232 627 1261 655 et
1282 622 1550 666 investiturarum,
1569 630 1631 657 tam
1653 626 1831 670 emphiteu-

1091 675 1234 718 ticarum,
1260 676 1363 720 quoad
1389 676 1570 719 feudalium,
1589 678 1705 711 eisdem
1727 679 1828 712 delin-

1091 729 1268 773 quentibus,
1284 735 1314 763 et
1327 741 1382 763 seu
1395 731 1642 772 contumacibus,
1652 732 1788 776 suisque,
1800 737 1833 767 ut

1090 783 1277 826 praefertur,
1294 794 1393 828 usque
1414 784 1452 816 ad
1470 789 1615 827 quartum
1634 785 1765 827 gradum
1784 785 1832 817 de-

1091 837 1322 878 scendentibus,
1336 848 1537 882 quocumque
1552 838 1642 871 titulo
1659 839 1832 882 apostolico

1091 896 1143 924 aut
1167 891 1227 924 alio
1253 891 1464 925 eeclesiastico
1489 892 1726 936 quomodolibet
1749 903 1833 925 nunc

1091 949 1120 976 et
1144 955 1203 988 pro
1232 950 1374 989 tempore
1402 945 1648 989 competentium
1674 950 1703 980 et
1730 946 1833 990 aequi-

1091 998 1273 1038 rendorum,
1297 999 1407 1042 poenis
1433 999 1503 1043 ipso
1528 1000 1608 1031 facto
1633 999 1752 1042 absque
1769 999 1831 1031 ulla

1092 1052 1303 1086 declaratione
1328 1052 1537 1093 incurrendis,
1563 1052 1779 1085 interdici1m1s
1803 1059 1833 1086 et.

1091 1105 1307 1148 prohibemus.

1137 1159 1151 1201 ἓ
1176 1158 1204 1191 5.
1231 1159 1264 1191 In
1280 1159 1475 1192 contrarium
1500 1159 1684 1193 facientibus
1701 1170 1764 1194 non
1782 1160 1833 1193 ob-

1092 1212 1246 1245 stantibus
1261 1212 1511 1256 quibuscumque
1525 1213 1675 1257 (quorum
1689 1214 1830 1247 omnium

1091 1270 1121 1298 et
1146 1266 1343 1308 singulorum
1377 1271 1502 1300 tenores
1518 1266 1537 1309 ¹,
1563 1267 1684 1300 etiamsi
1709 1268 1746 1301 de
1771 1268 1832 1301 illis

1092 1319 1246 1363 specialis,
1271 1320 1426 1364 specifica,
1444 1331 1591 1365 expressa
1615 1326 1645 1353 et
1662 1321 1832 1362 individua,

1092 1383 1155 1406 non
1179 1378 1284 1406 autem
1307 1384 1364 1418 per
1389 1374 1544 1407 clausulas
1568 1375 1731 1417 generales
1748 1375 1830 1408 idem

1092 1426 1308 1471 importantes,
1329 1428 1446 1461 mentio
1471 1428 1613 1461 habenda
1630 1439 1684 1462 seu
1704 1429 1831 1473 quaevis

1092 1481 1151 1513 alia
1175 1481 1327 1525 exquisita
1350 1482 1451 1514 forma
1472 1481 1510 1514 ad
1530 1482 1590 1515 hoc
1615 1482 1766 1515 servanda
1787 1483 1832 1516 fo-

1092 1539 1149 1576 ret,
1167 1535 1384 1578 praesentibus
1402 1546 1462 1579 pro
1484 1536 1575 1579 plene
1593 1541 1623 1568 et
1642 1536 1832 1569 sufficienter

1092 1586 1247 1630 expressis
1261 1592 1290 1620 et
1303 1587 1341 1620 ad
1358 1587 1489 1620 verbum
1508 1587 1633 1621 insertis
1651 1588 1760 1622 haberi
1782 1601 1833 1623 vo-

1091 1640 1227 1684 lumus),
1252 1646 1306 1673 aut
1336 1641 1360 1673 si
1392 1641 1561 1684 praedictis
1586 1642 1634 1674 vel
1667 1643 1831 1686 quibusvis

1091 1693 1159 1725 aliis
1175 1693 1318 1736 personis
1331 1693 1369 1726 ab
1387 1694 1497 1727 eadem
1516 1694 1554 1727 sit
1570 1694 1649 1728 Sede
1666 1695 1832 1737 indultum,

1091 1746 1175 1790 quod
1199 1746 1361 1787 interdici,
1387 1747 1551 1791 suspendi,
1577 1748 1624 1780 vel
1650 1758 1832 1782 excommu-

1090 1801 1188 1834 nicari
1206 1811 1268 1835 non
1286 1801 1408 1845 possint
1424 1813 1481 1845 per
1498 1802 1618 1836 litteras
1642 1803 1833 1847 apostolicas

1090 1864 1153 1888 non
1176 1854 1324 1888 facientes
1345 1855 1470 1898 plenam
1488 1860 1518 1888 et
1542 1866 1722 1899 expressam
1740 1867 1776 1890 ae
1796 1857 1833 1890 de

1090 1907 1187 1941 verbo
1212 1908 1250 1940 ad
1279 1908 1412 1941 verbum
1436 1908 1474 1941 de
1500 1909 1619 1943 indulto
1652 1910 1833 1945 huiusmodi

1091 1961 1291 1994 mentionem.

1135 2015 1150 2058 ἓ
1174 2014 1203 2048 6.
1225 2015 1376 2047 Volumus
1401 2020 1517 2056 autem,
1542 2016 1627 2060 quod
1651 2022 1832 2061 praesentes

1090 2067 1222 2108 litterae,
1236 2078 1291 2100 seu
1303 2068 1429 2101 illarum
1443 2070 1596 2113 exempla,
1611 2080 1704 2103 manu
1718 2071 1832 2104 notarii

1089 2122 1207 2166 publici
1232 2122 1416 2166 subscripta,
1435 2127 1464 2155 et
1482 2122 1585 2166 sigillo
1610 2124 1741 2158 alicuius
1758 2136 1831 2169 per-

1087 2186 1183 2209 sonae
1200 2176 1231 2208 in
1245 2175 1396 2218 dignitate
1418 2176 1628 2211 ecelesiastica
1646 2178 1832 2212 constitutae

1090 2234 1120 2261 et
1133 2229 1263 2270 munita,
1274 2229 1312 2262 ad
1325 2230 1428 2262 valvas
1442 2230 1591 2263 ecclesiae
1604 2231 1832 2276 Ulyxbonensis

1089 2283 1190 2322 affixa,
1208 2283 1248 2315 ita
1269 2293 1380 2316 omnes
1404 2288 1525 2316 arctent
1543 2289 1572 2317 et
1589 2285 1734 2327 afficiant,
1753 2297 1789 2318 ac
1807 2286 1831 2318 si

1090 2336 1260 2380 unicuique
1285 2337 1493 2380 personaliter
1514 2337 1674 2371 intimatae
1691 2339 1830 2372 fuissent.

1134 2389 1245 2421 Datum
1270 2389 1398 2430 Romae,
1424 2390 1507 2434 apud
1532 2391 1560 2423 S.
1587 2391 1715 2424 Mariam
1741 2392 1831 2425 Maio-

1090 2453 1178 2483 rem,
1199 2442 1257 2475 sub
1290 2444 1405 2476 annulo
1430 2444 1596 2478 Piscatoris
1613 2472 1620 2485 ‚
1645 2445 1695 2478 die
1719 2456 1760 2479 xx
1790 2446 1833 2479 iu-

1090 2496 1132 2528 nii
1153 2507 1290 2538 mcxxv,
1315 2497 1516 2541 pontificatus
1536 2499 1636 2532 nostri
1661 2510 1742 2534 anno
1768 2511 1800 2534 11.

1125 2559 1183 2587 Dat.
1201 2559 1243 2587 die
1259 2559 1293 2586 ΞΟ
1308 2559 1374 2586 iunii
1393 2560 1468 2595 1625,
1490 2561 1585 2596 pontif·
1606 2570 1675 2589 anno
1695 2569 1723 2590 11.

1130 2667 1137 2692 t
1161 2665 1231 2693 Edit.
1252 2666 1330 2694 Main.
1352 2666 1416 2703 legit
1436 2670 1564 2696 tenorem
1584 2668 1624 2703 (a.
1642 2670 1689 2703 τ.).

1736 248 1800 282 53:35
1847 260 1894 286 An.
1916 259 1945 285 c.
1966 258 2032 285 1625

1899 1173 2031 1194 obstantium

1848 1200 1964 1225 derogatio.

1884 2025 1946 2047 Fides
1962 2025 2033 2055 danda

1848 2054 1991 2079 transumptis.
