2269 3235
267 278 340 305 11.st
363 277 430 305 teet
477 269 541 303 472

260 499 380 519 Tor-ninum
391 499 427 519 lin<

246 526 333 545 itt-iuml:
357 532 426 550 prumv

246 555 320 577 gat-unt
338 554 385 572 l'tus
402 552 426 573 ΙΥ

245 581 265 599 ot
285 579 334 599 l'rus
352 579 374 601 Υ,

250 1137 363 1165 Gregorius
371 1139 423 1163 xm,

265 2207 337 2231 sixtus
352 2207 377 2233 V,

446 327 580 360 nationis
609 338 680 361 cum
712 327 779 371 ipsa
811 326 889 360 Sede
914 327 989 360 inita
1017 328 1183 360 reservatis

445 387 616 420 vat-assent,
637 382 799 413 nominare
824 380 962 414 valerent
979 381 1034 421 eis,
1051 380 1087 413 ad
1105 391 1183 424 quos

445 433 570 467 illorum
597 435 738 473 collatio,
765 434 994 478 praesentatio,
1019 433 1130 467 electio
1155 439 1183 466 et

444 486 606 530 dispositio
628 487 806 520 huiusmodi
832 491 1001 531 spectaret3
1019 492 1050 520 et
1072 486 1183 520 deinde

443 539 559 572 dictum
580 541 748 574 triennium
765 541 859 574 semel
882 545 973 585 atque
988 541 1102 574 iterum
1115 541 1183 585 piae

442 594 614 626 memoriae
640 594 711 627 Pius
736 595 819 639 Papa
844 594 880 627 lv
902 599 932 627 et
951 594 1022 627 Pius
1039 594 1072 635 V,
1091 594 1182 628 ctiam

440 646 700 690 praedecessores
713 647 869 688 nostri,ad
890 647 991 681 simile
1011 647 1181 680 triennium

441 707 711 744 prorogaverunt,
736 707 766 735 et
797 699 953 734 indultum
987 701 1181 745 praedictum

441 753 534 786 etiam
560 755 597 787 ad
629 755 781 788 maiorem
807 761 878 799 post
899 755 1128 798 pontificalem,
1154 760 1181 787 et

440 807 639 851 principales,
665 809 805 853 aliasque
829 809 1012 851 dignitates,
1037 818 1183 852 persona-

440 865 499 901 tus,
517 861 803 895 administrationes
832 867 861 895 et
890 862 992 894 officia
1019 862 1112 895 etiam
1133 872 1183 894 cu-

440 920 516 955 rata,
533 925 590 948 nec
607 926 669 948 non
687 916 819 948 vicarias
836 920 865 948 et
882 915 1092 958 cappellanias
1109 925 1181 959 per-

439 973 549 1011 petuas
561 969 689 1001 maioris
702 974 731 1001 et
744 968 982 1011 collegiatarum
992 968 1123 1000 aliarum
1136 978 1182 1000 ec-

440 1021 607 1053 clesiarum
622 1021 866 1061 Coloniensium,
877 1031 956 1064 quae
970 1021 1001 1053 in
1014 1020 1182 1064 praedictis

440 1074 601 1106 mensibus
616 1074 696 1107 intra
710 1074 812 1117 ipsum
824 1080 946 1118 tempus
957 1079 1112 1114 vacarent,
1121 1085 1183 1107 am-

439 1126 622 1169 pliaverunt,
634 1133 664 1160 et
677 1128 852 1160 successive
864 1127 1050 1160 recolendae
1064 1138 1183 1160 memo-

438 1180 503 1213 riae
517 1180 688 1223 Gregorius
706 1181 788 1224 Papa
802 1181 879 1221 Xlll,
894 1180 1038 1213 similiter
1054 1180 1183 1224 praede-

439 1244 545 1267 cessor
562 1234 871 1274 noster-,triennium,
883 1245 899 1266 a
916 1234 1077 1278 praedicto
1096 1234 1181 1267 Piov

436 1287 681 1330 praedecessore
698 1293 905 1331 prorogatum
920 1288 967 1320 vel
985 1298 1180 1327 concessum,

438 1341 475 1373 ad
501 1341 583 1373 alind
611 1342 781 1375 triennium
806 1342 927 1385 primo,
953 1346 982 1375 et
1007 1341 1118 1374 deinde
1143 1341 1181 1374 ad

437 1395 787 1439 quinquennium,alias
813 1395 897 1428 iuxta
910 1396 1045 1428 sormam
1066 1395 1182 1428 littera-

437 1459 507 1481 rum
519 1448 630 1481 indulti
642 1449 728 1481 Pauli
743 1449 779 1482 lv
794 1449 1046 1493 praedecessoris
1056 1448 1180 1493 praedi-

438 1502 477 1535 cti
488 1502 660 1542 dumtaxat,
675 1503 869 1543 extenderat,
880 1503 927 1536 vel
945 1503 1039 1536 etiam
1057 1514 1181 1536 conces-

438 1561 530 1593 serat;
549 1562 577 1589 et
593 1556 705 1589 deinde
721 1556 802 1589 idem
816 1557 1079 1602 quinquennium,
1093 1557 1131 1589 ab
1144 1567 1180 1589 eo

436 1616 644 1654 prorogatum
665 1611 712 1644 vel
734 1622 929 1652 concessum,
942 1611 980 1644 ad
998 1611 1082 1644 aliud
1093 1611 1182 1654 quin-

437 1665 609 1707 quennium
625 1665 663 1697 ab
674 1665 756 1697 illius
764 1665 826 1698 fine
837 1665 1068 1698 numerandum
1079 1670 1182 1697 exten-

436 1717 525 1750 derat
542 1723 572 1750 et
589 1718 808 1762 ampliaverat,
828 1719 852 1751 si
870 1729 944 1751 vero
961 1719 1083 1762 lapsum
1100 1723 1179 1751 esset

436 1771 687 1815 quinquennium
711 1782 827 1805 novum
846 1771 1038 1812 huiusmodi,
1054 1772 1093 1804 ad
1109 1772 1179 1811 hoe,

436 1830 471 1858 ut
494 1826 564 1869 ipso
577 1836 659 1859 novo
679 1827 896 1870 quinquennio
909 1826 1042 1859 durante
1063 1831 1179 1867 rector,

436 1878 545 1911 decani
563 1884 593 1912 et
610 1880 791 1923 provisores
808 1879 960 1923 praedicti
986 1879 1024 1911 ad
1048 1879 1179 1923 presby-

435 1933 547 1966 terales
566 1932 710 1966 maioris¹
726 1938 755 1965 et
773 1933 801 1965 S.
822 1933 972 1966 Gereonis
992 1937 1124 1972 tantum,
1142 1932 1179 1965 ad

435 1996 545 2019 omnes
565 1997 640 2019 vero
658 1986 736 2019 alios
760 1987 956 2030 reliquarum
974 1986 1179 2019 ecclesiarum

435 2039 668 2073 Coloniensium
694 2040 896 2074 canonicatus
926 2045 956 2072 et
984 2039 1180 2083 praebendas

435 2093 606 2133 dumtaxat,
624 2104 775 2137 personas
799 2093 964 2127 nominare
989 2098 1128 2137 possent,
1142 2093 1179 2126 de

435 2157 518 2179 novo
551 2153 768 2187 concesserat,
799 2153 829 2181 et
861 2147 1036 2180 successive
1069 2147 1180 2180 similis

437 2201 609 2234 memoriae
634 2201 739 2235 Sixtus
766 2201 849 2245 Papa
872 2201 905 2241 V,
931 2201 1025 2233 etiam
1051 2200 1181 2244 praede-

438 2265 544 2288 cessor
567 2261 683 2295 noster,
708 2255 979 2298 quinquennium,
1005 2255 1043 2287 ab
1067 2254 1178 2288 eodem

437 2308 590 2349 Gregorio
612 2308 855 2353 praedecessore
880 2309 992 2342 ultimo
1016 2319 1176 2352 proroga-

436 2366 501 2397 tum
527 2374 580 2396 seu
607 2358 810 2404 concessum,
835 2363 874 2396 ad
898 2363 1141 2407 quadriennium
1162 2374 1179 2396 a

436 2418 497 2450 tine
521 2419 634 2451 ultimo
658 2418 821 2462 prorogati
843 2429 897 2451 seu
922 2417 1063 2451 concessi
1092 2417 1181 2461 quin-

435 2472 562 2514 quennii
577 2472 757 2505 huiusmodi
772 2471 983 2505 incohandum
998 2471 1180 2504 extenderat

436 2530 465 2556 et
476 2525 678 2567 ampliaverat
689 2537 696 2565 3
708 2525 733 2557 si
745 2536 819 2558 vero
830 2526 953 2569 lapsum
968 2530 1049 2558 esset
1062 2535 1178 2558 novum

436 2577 679 2620 quadriennium
706 2579 897 2619 huiusmodi,
910 2579 948 2611 ad
973 2579 1043 2619 hoc,
1060 2584 1094 2611 ut
1110 2578 1179 2622 ipso

436 2630 568 2665 durante
581 2660 588 2673 ,
621 2638 725 2666 rector
740 2660 747 2674 ‚
783 2633 893 2666 decani
934 2638 964 2666 et
999 2633 1180 2677 provisores

473 2696 485 2721 1
504 2694 624 2723 Erronee
639 2695 704 2723 edit.
720 2694 799 2723 Main.
817 2695 881 2731 legit
895 2696 1022 2724 maiores
1041 2696 1078 2732 (n.
1095 2694 1142 2731 T.)-

1032 278 1211 303 ntJLLAntUttt
1236 279 1390 304 notttANUM

1216 328 1253 360 ad
1278 326 1509 372 presbyterales
1535 325 1680 360 maioris¹
1698 332 1728 360 et
1747 327 1777 361 S.
1793 327 1955 370 Gereonis,

1217 381 1254 414 ad
1272 391 1380 414 omnes
1405 391 1479 414 vero
1504 380 1582 413 alios
1599 380 1791 424 reliquarum
1809 382 1956 415 ecclesia-

1218 446 1287 468 rum
1301 434 1532 469 Coloniensium
1547 434 1747 468 canonicatus
1761 435 1957 479 et'praeben-

1218 487 1272 521 das
1296 488 1473 529 dumtaxat,
1505 488 1558 531 qui
1590 487 1714 520 interim
1740 488 1771 520 in
1795 488 1899 532 aliquo
1920 499 1956 522 ex

1218 541 1317 575 tribus
1331 541 1491 574 mensibus
1505 541 1673 585 praedietis
1684 546 1771 574 extra
1785 541 1956 575 Romanam

1218 595 1338 628 curiam
1361 600 1514 635 vacarent,
1532 600 1562 627 et
1579 595 1654 627 alias
1671 594 1756 627 iuxta
1776 595 1908 628 formam
1925 599 1958 628 et

1218 653 1356 683 tenorem
1383 650 1558 682 litterarum
1588 648 1674 681 Pauli
1706 648 1958 692 praedecessoris

1216 702 1367 746 praedicti
1386 707 1517 742 tantum,
1534 712 1695 745 personas,
1714 707 1748 734 ut
1769 702 1957 746 praefertur,

1217 755 1410 799 qualificatas
1434 755 1598 789 nominare
1613 782 1620 796 ‚
1645 760 1675 788 et
1699 754 1759 787 alia
1784 754 1815 787 in
1840 748 1958 787 'litteris

1216 808 1290 841 dicti
1315 809 1401 841 Pauli
1426 809 1463 842 IV
1479 809 1731 852 praedecessoris
1751 812 1895 841 contenta
1919 807 1960 840 sa-

1217 872 1287 895 cere
1315 867 1444 905 possent
1478 862 1670 902 indulserat3
1704 862 1745 895 ita
1779 866 1900 903 tamen,
1925 865 1958 894 ut

1216 925 1369 958 personae
1393 915 1437 948 sic
1461 915 1651 955 nominatae,
1669 915 1750 949 intra
1765 925 1818 947 sex
1835 924 1959 947 menses

1216 978 1233 1000 a
1257 968 1307 1000 die
1330 968 1529 1011 provisionis,
1556 968 1743 1009 collationis,
1761 978 1815 1001 seu
1829 967 1958 1000 alterius

1217 1021 1354 1054 cuiusvis
1379 1020 1592 1065 dispositionis
1617 1021 1655 1053 de
1679 1020 1771 1054 dictis
1795 1021 1958 1054 canonica-

1217 1074 1299 1107 tibus
1324 1080 1353 1107 et
1378 1074 1567 1118 praebendis
1592 1074 1624 1106 in
1648 1073 1710 1106 vim
1735 1073 1959 1106 nominationis

1216 1127 1396 1161 huiusmodi
1410 1128 1508 1161 sactae
1517 1126 1527 1144 ‘²
1540 1126 1763 1167 numerandos,
1776 1136 1873 1160 novas
1890 1137 1959 1170 pro-

1217 1181 1351 1214 visiones
1375 1181 1413 1214 de
1437 1181 1555 1214 eisdem
1573 1180 1808 1214 canonicatibus
1826 1184 1856 1212 et
1873 1190 1960 1224 prae-

1216 1234 1325 1268 bendis
1350 1246 1367 1267 a
1391 1235 1473 1268 dicta
1497 1234 1575 1269 Sede
1599 1239 1717 1278 petere,
1736 1238 1766 1266 et
1786 1233 1906 1267 litteras
1929 1243 1960 1266 a-

1214 1289 1382 1333 postolicas
1408 1289 1545 1333 desuper
1569 1288 1626 1321 sub
1652 1288 1784 1332 plumbo
1801 1287 1832 1320 in
1857 1291 1959 1320 totum

1216 1342 1390 1386 expedire³,
1409 1353 1445 1376 ae
1469 1343 1538 1375 iura
1558 1352 1701 1376 camerae
1721 1341 1913 1385 apostolicae
1929 1346 1960 1374 et

1215 1397 1283 1430 aliis
1306 1402 1474 1441 propterea
1495 1396 1599 1430 debita
1623 1396 1804 1440 persolvere
1829 1394 1958 1429 omnino

1215 1455 1407 1491 tenerentur;
1426 1454 1455 1484 et
1467 1450 1526 1483 nisi
1546 1450 1720 1494 praemissa
1737 1449 1957 1492 adimplerent,

1214 1504 1283 1547 ipso
1308 1503 1452 1537 semestri
1485 1504 1613 1547 elapso,
1638 1503 1732 1536 iidem
1757 1502 1958 1535 canonicatus

1214 1563 1244 1590 et
1274 1557 1473 1602 praebendae
1504 1562 1651 1590 vacarent
1683 1567 1720 1589 eo
1749 1556 1836 1600 ipso,
1861 1561 1890 1589 et
1914 1556 1959 1589 sie

1215 1616 1358 1644 vacantes
1372 1622 1428 1655 per
1441 1611 1553 1644 Sedem
1568 1610 1779 1654 Apostolicam
1797 1609 1959 1642 dumtaxat

1214 1665 1282 1698 aliis
1315 1665 1477 1708 quibusvis
1510 1664 1655 1709 personis
1688 1662 1824 1697 conferri
1858 1662 1958 1695 libere

1214 1723 1361 1762 possent,
1387 1719 1516 1759 volens,
1540 1723 1575 1751 ut
1603 1723 1708 1751 rector
1733 1721 1763 1750 et
1786 1715 1839 1748 alii
1859 1726 1954 1760 prae-

1214 1771 1288 1805 dicti
1313 1772 1494 1804 huiusmodi
1525 1772 1573 1805 ius
1597 1770 1780 1804 nominandi
1795 1770 1957 1810 habentes,

1214 1825 1279 1858 sive
1302 1826 1506 1858 ecclesiastici
1531 1825 1594 1858 sive
1618 1825 1709 1865 laici,
1734 1824 1830 1857 fidem
1849 1823 1957 1856 catho-

1214 1879 1324 1920 licam,
1350 1879 1434 1912 iuxta
1460 1879 1609 1912 articulos
1633 1878 1757 1922 pridem
1783 1878 1821 1910 ab
1846 1877 1957 1910 eadem

1214 1933 1293 1966 Sede
1306 1934 1497 1977 propositos,
1515 1933 1546 1965 in
1563 1933 1709 1965 manibus
1726 1930 1957 1975 archiepiscopi

1215 1997 1269 2020 seu
1286 1987 1428 2020 officiatis
1445 1987 1638 2021 Coloniensis
1656 1996 1714 2030 pro
1731 1991 1873 2029 tempore
1895 1984 1958 2018 exi-

1214 2041 1333 2081 stentis,
1348 2040 1438 2073 annis
1454 2040 1585 2084 singulis
1602 2039 1745 2084 profiteri
1762 2043 1955 2079 tenerentur,

1214 2094 1353 2138 alioquin
1377 2094 1609 2127 nominationes
1626 2093 1664 2126 ab
1685 2093 1722 2125 iis
1739 2092 1909 2132 faciendae,
1927 2096 1957 2124 et

1214 2147 1286 2180 inde
1311 2153 1441 2191 sequuta
1458 2147 1573 2187 omnia,
1589 2146 1706 2179 nullius
1723 2150 1825 2179 essent
1842 2145 1956 2178 valoris

1214 2201 1261 2234 vel
1286 2201 1485 2244 momenti⁴),
1504 2200 1569 2244 ipse
1586 2200 1679 2233 etiam
1697 2199 1841 2233 Clemens
1865 2209 1957 2242 prae-

1214 2255 1371 2295 decessor,
1392 2255 1486 2288 certis
1510 2259 1585 2287 tunc
1610 2253 1767 2299 expressis
1787 2253 1825 2286 de
1843 2253 1956 2295 causis,

1251 2338 1261 2363 t
1285 2336 1386 2373 Nempe
1408 2336 1557 2364 ecclesiae:
1579 2336 1677 2363 iterum
1701 2336 1766 2363 edit.
1789 2335 1868 2363 Malu.
1893 2335 1958 2372 tegit

1214 2382 1339 2408 maiores
1356 2388 1392 2413 Χιι.
1407 2382 1456 2415 τ.).

1247 2427 1263 2453 2
1279 2426 1323 2453 Sic
1339 2434 1429 2462 porro,
1448 2434 1508 2452 nam
1524 2434 1635 2461 prorsus
1647 2434 1699 2453 non
1710 2425 1832 2462 intelligo
1845 2425 1958 2454 verbum

1212 2473 1306 2507 facere
1321 2471 1392 2506 quod
1414 2470 1495 2498 habet
1510 2471 1574 2498 edit,
1592 2471 1675 2498 Main.
1693 2474 1730 2504 (n.
1747 2471 1797 2506 T.).

1248 2516 1264 2543 3
1279 2515 1344 2542 Heio
1359 2515 1449 2542 forsan
1462 2514 1604 2550 legendum
1616 2515 1749 2550 eaepediri
1759 2517 1855 2550 fucere
1866 2515 1894 2551 (n
1906 2516 1956 2550 τ.).

1248 2561 1265 2587 4
1278 2559 1378 2587 Omnes
1399 2560 1538 2596 hucusque
1553 2561 1705 2588 nominatae
1725 2561 1794 2588 intra
1814 2560 1959 2596 parenthe—

1214 2606 1255 2632 sin
1287 2605 1359 2632 l‘auli
1387 2605 1443 2639 IV,
1473 2605 1511 2631 Pii
1539 2605 1592 2636 lv,
1620 2605 1657 2632 rit
1681 2605 1721 2637 V,
1741 2605 1821 2641 Greg.
1838 2604 1909 2632 Xlll.
1931 2608 1958 2632 et

1213 2650 1280 2677 Sixti
1299 2651 1322 2677 V
1342 2649 1375 2677 de
1394 2650 1483 2676 studio
1503 2650 1623 2686 generati
1645 2650 1797 2677 Coloniensi
1825 2649 1957 2678 constitu-

1214 2696 1301 2724 tiones
1316 2698 1380 2731 puto
1395 2696 1505 2723 exulare
1525 2703 1540 2724 e
1559 2695 1696 2724 Bullario
1717 2696 1756 2731 (a.
1772 2697 1821 2729 ⁴12).

1975 280 2024 308 An.
2040 280 2069 309 C.
2089 280 2156 309 1624

1998 2210 2093 2232 Ctemeus
2102 2210 2156 2235 vm,
