2269 3235
128 257 179 284 An.
199 255 228 284 C.
246 255 315 284 1625

170 849 312 870 communitas

127 876 248 897 huiusmodi
257 876 312 896 litte-

128 909 163 923 ras
174 902 227 929 petit
237 902 263 923 ab
274 901 312 922 Ui·-

128 929 184 950 bano
238 928 313 950 coufir-

128 961 189 976 marl.

201 1539 314 1562 Confirmat

130 1567 234 1589 Pontifex.

163 2551 280 2572 utausuiae.

936 254 1076 277 t‘nnANi's
1101 253 1156 276 vni
1180 252 1227 276 l‘i‘.

325 303 401 336 teris
425 303 604 346 apostolicis
626 302 864 346 quomodolibet
888 302 1044 334 concessis
1058 328 1065 341 ,

325 356 518 390 confirmatis
536 360 564 390 et
585 356 755 396 innovatis;
773 354 887 399 quibus
907 354 1065 393 omnibus,

325 419 436 442 eorum
453 414 578 443 tenores
595 408 813 453 praesentibus
831 418 890 451 pro
910 406 1065 450 expressis

325 462 486 503 habentes,
504 463 563 495 hac
579 462 645 495 vice
665 462 825 495 dumtaxat
842 459 1020 503 specialiter
1037 464 1066 491 et

325 526 471 560 expresse
495 515 694 559 derogamuS,
718 520 811 558 atque
834 513 883 546 his
908 512 1065 553 omnibus,

325 579 404 612 quae
430 569 461 601 in
485 568 652 612 praedictis
676 567 787 600 litteris
811 576 995 600 concessum
1021 569 1065 598 est

325 632 388 655 non
412 622 545 663 obstare,
567 621 741 664 ceterisque
758 619 925 654 contrariis
942 619 1067 663 quibus-

325 685 486 719 scumque.
501 675 611 708 Datum
629 675 757 715 Romae,
774 673 857 718 apud
874 672 902 706 S.
917 673 1065 715 Marcum,

326 728 384 761 sub
408 729 524 761 annulo
552 727 734 769 piscatoris,
759 727 809 760 die
835 737 912 761 xxvi
943 727 1066 771 augusti

327 791 422 822 Mncv,
446 781 646 825 pontificatus
669 781 768 814 nostri
793 791 874 815 anno
900 791 918 813 1.

371 836 386 879 ἓ
411 835 440 867 2.
465 835 542 869 Cum
566 841 690 876 autern,
710 835 790 868 sicut
821 835 937 868 antiani
963 839 991 869 et
1016 835 1068 868 ho-

327 888 428 921 mines
443 888 595 932 praedicti
615 889 708 922 nobis
731 899 832 932 nuper
856 889 970 932 exponi
990 889 1068 922 sece-

327 947 418 983 runt,
448 941 506 985 ipsi
542 942 672 975 subinde
704 942 824 975 litteras
848 942 1023 986 praedictas
1051 953 1068 974 a

327 995 512 1028 recolendae
537 996 710 1029 memoriae
734 995 888 1039 Gregorio
913 996 994 1040 Papa
1018 996 1068 1029 XV

328 1048 419 1080 etiam
440 1048 683 1092 praedecessore
699 1052 807 1083 nostro
824 1059 881 1093 per
896 1049 962 1082 eius
980 1049 1011 1081 in
1027 1050 1067 1082 si-

328 1101 395 1134 mili
419 1102 521 1136 sorma
549 1103 655 1136 Brevis
679 1103 838 1147 expeditas
868 1103 985 1136 litteras
1010 1103 1067 1136 sub

328 1155 422 1188 certis
436 1155 529 1188 modo
541 1160 570 1188 et
583 1156 684 1189 forma
697 1161 770 1189 tunc
784 1157 942 1200 expressis
959 1167 1069 1200 appro-

328 1208 395 1240 bari
413 1214 441 1241 et
467 1208 649 1242 confirmari
672 1209 867 1242 obtinuerint
878 1208 898 1250 ¹,
923 1220 958 1242 ea
982 1220 1066 1251 vero,

328 1271 407 1305 quae
425 1261 513 1295 Sedis
532 1261 729 1306 Apostolicae
754 1262 928 1296 munimine
945 1263 1069 1308 saepius
1084 1275 1085 1278 ¹

327 1314 528 1357 roborantur,
546 1316 670 1349 firmius
695 1316 875 1358 subsistant,
896 1321 926 1351 et
945 1317 984 1350 ab
1001 1328 1069 1350 orn-

327 1368 421 1402 nibus
438 1369 575 1403 exactius
595 1369 755 1403 observari
781 1371 914 1411 soleant;
932 1371 1070 1415 cupiant-
1085 1391 1086 1396 =

328 1432 389 1465 que
401 1427 570 1467 propterea
583 1423 708 1457 easdem
725 1424 843 1458 litteras
856 1428 980 1458 nostrae
996 1436 1071 1469 quo-

329 1486 389 1520 que
421 1476 669 1510 confirmationis
701 1478 875 1521 patrocinio
906 1477 1068 1512 roborari:

374 1530 389 1573 ἓ
409 1529 439 1563 3.
457 1530 529 1571 Nos,
547 1530 731 1563 eorumdem
756 1530 954 1563 antianorum
972 1536 1002 1563 et
1018 1531 1071 1564 ho-

330 1582 451 1616 minum
469 1584 548 1617 votis
567 1583 748 1617 huiusmodi
768 1594 915 1625 annuere,
938 1584 1070 1627 illosque

330 1637 517 1680 specialibus
546 1637 704 1670 favoribus
729 1642 759 1670 et
783 1637 891 1680 gratiis
920 1637 1070 1680 prosequi

329 1691 479 1732 volentes,
500 1696 530 1724 et
554 1702 664 1724 eorum
685 1691 861 1734 singulares
885 1701 1037 1735 personas
1054 1702 1070 1724 a

328 1744 489 1788 quibusvis
513 1745 868 1786 excommunicationis,
895 1745 1072 1788 suspensio-

329 1797 378 1830 nis
391 1802 420 1830 et
437 1797 606 1838 interdicti,
624 1797 755 1841 aliisque
772 1798 991 1831 ecclesiasticis
1005 1808 1072 1830 sen-

330 1851 443 1893 tentiis,
462 1851 603 1884 censuris
628 1856 657 1883 et
681 1851 800 1894 poenis,
827 1862 844 1883 a
869 1851 936 1883 iure
961 1851 1008 1883 vel
1033 1851 1071 1883 ab

331 1903 469 1944 homine,
494 1904 602 1947 quavis
627 1904 792 1937 occasione
812 1904 860 1936 vel
881 1906 974 1936 causa
991 1904 1071 1941 latis,

332 1957 356 1989 si
370 1957 483 2001 quibus
496 1958 733 2002 quomodolibet
747 1957 912 1991 innodatae
926 1957 1071 1999 existunt,

332 2010 371 2042 ad
394 2010 538 2044 effectum
572 2012 785 2055 praesentium
810 2011 972 2044 dumtaxat
997 2021 1067 2043 con·

331 2065 548 2108 sequendum,
577 2065 691 2098 harum
717 2065 797 2098 serie
822 2065 1018 2098 absolventes
1043 2070 1073 2097 et

330 2117 489 2151 absolutas
506 2118 572 2151 fore
594 2123 766 2159 censentes,
792 2118 1072 2162 supplicationibus

330 2171 457 2204 illorum
480 2172 608 2206 nornine
632 2172 722 2205 nobis
747 2182 843 2216 super
867 2172 928 2205 hoc
950 2172 1073 2204 humili-

330 2230 378 2257 ter
397 2225 551 2268 porrectis
563 2225 714 2266 inclinati,
727 2225 939 2269 praeinsertas
953 2225 1072 2258 litteras

330 2278 526 2320 huiusmodi,
551 2289 587 2312 ac
610 2279 642 2312 in
667 2279 711 2312 eis
736 2284 882 2313 contenta
907 2289 1072 2323 quaecum-

331 2342 412 2376 que,
437 2333 608 2376 apostolica
632 2333 828 2374 auctoritate,
854 2339 963 2366 tenore
987 2343 1073 2376 prae-

331 2385 478 2428 sentium,
501 2391 656 2430 perpetuo
673 2387 887 2431 approbamus
911 2391 942 2419 et
961 2385 1074 2419 confir-

333 2449 466 2481 mamus,
486 2438 609 2483 illisque
632 2446 803 2484 perpetuae
833 2445 863 2473 et
887 2439 1073 2473 inviolabilis

333 2492 523 2536 apostolicae
547 2492 705 2526 firmitatis
729 2493 828 2526 robur
852 2493 1027 2526 adiicirnus.

379 2546 394 2589 ἓ
417 2545 446 2578 4.
464 2545 681 2588 Decernentes,
703 2547 825 2580 easdem
846 2547 966 2579 litteras
994 2551 1024 2579 et
1044 2546 1074 2578 in

335 2599 379 2632 eis
404 2604 549 2632 contenta
572 2599 753 2633 huiusmodi
777 2605 931 2644 perpetuo
963 2599 1074 2639 valida,

372 2663 381 2690 1
402 2662 470 2690 Edit.
486 2662 565 2690 Main.
582 2662 644 2697 legit
659 2662 818 2691 obtinuerit
837 2664 874 2697 (n.
892 2664 940 2690 in),

1100 303 1190 333 tii-ma
1207 306 1236 333 et
1253 298 1390 332 efficacia
1407 298 1539 331 existere
1560 303 1588 330 et
1609 297 1685 337 foro,
1703 307 1839 340 suosque

1099 354 1256 398 plenarios
1280 358 1309 388 et
1334 354 1473 396 integros
1510 351 1639 385 effeetus
1671 351 1776 384 sortiri
1810 356 1840 384 et

1100 407 1252 449 obtinere,
1274 418 1310 440 ac
1331 407 1422 440 dictis
1446 406 1663 440 communitati
1688 410 1718 439 et
1741 404 1841 438 homi-

1099 460 1193 493 nibus
1218 461 1248 492 in
1274 460 1422 493 omnihus
1447 465 1476 493 et
1501 471 1557 504 per
1589 459 1694 493 omnia
1725 458 1840 502 plenis-

1100 513 1177 546 sime
1202 513 1386 556 suffragari,
1411 513 1516 557 sicque
1543 524 1599 557 per
1623 522 1840 557 quoscumque

1101 566 1219 599 iudices
1236 566 1413 599 ordinarios
1431 571 1461 599 et
1477 566 1646 609 delegatos,
1660 566 1752 599 etiam
1773 575 1842 599 cau-

1100 630 1204 652 sarum
1221 619 1326 663 palatii
1341 619 1502 664 apostolici
1520 618 1688 661 auditores,
1711 617 1842 651 iudicari

1100 678 1130 705 et
1146 672 1270 705 definiri
1296 672 1421 715 debere,
1442 683 1477 705 ac
1494 671 1619 704 irritum
1644 677 1674 705 et
1699 672 1800 712 inane,
1817 671 1841 703 si

1100 737 1190 759 secus
1209 737 1304 770 super
1322 726 1370 759 his
1387 737 1403 758 a
1425 735 1593 769 quoquam,
1612 726 1721 769 quavis
1741 730 1844 758 aucto-

1101 781 1202 821 ritate,
1225 781 1359 814 scienter
1385 780 1431 813 vel
1458 780 1650 822 ignoranter,
1677 779 1843 822 contigerit

1101 834 1256 867 attentari.

1146 888 1160 931 ξ
1174 888 1202 920 5.
1218 888 1285 921 Non
1303 887 1498 921 obstantibus
1515 886 1663 920 omnibus
1680 886 1750 927 illis,
1765 896 1845 929 quae

1101 942 1133 974 in
1158 941 1275 974 eisdem
1300 940 1412 974 litteris
1438 951 1586 974 concessa
1611 943 1683 973 sunt
1709 949 1771 972 non
1789 938 1845 971 ob-

1102 1000 1194 1036 stare,
1209 995 1384 1038 ceterisque
1398 994 1564 1028 contrariis
1584 993 1844 1037 quibuscumque.

1146 1049 1257 1082 Datum
1282 1049 1414 1088 Romae,
1440 1047 1522 1091 apud
1554 1047 1582 1080 S.
1609 1046 1756 1089 Petrum,
1788 1047 1846 1079 sub

1102 1102 1218 1135 annulo
1251 1101 1436 1143 Piscatoris,
1461 1100 1510 1133 die
1542 1100 1562 1133 3
1594 1099 1670 1133 iunii
1696 1109 1844 1142 Mocxxv,

1103 1156 1304 1200 pontificatus
1330 1154 1428 1188 nostri
1453 1164 1535 1188 anno
1560 1164 1591 1188 11.

1139 1218 1196 1246 Dat.
1216 1218 1258 1245 die
1274 1219 1289 1246 3
1306 1218 1371 1245 iunii
1389 1218 1468 1250 ¹625,
1488 1217 1583 1253 pontis.
1600 1226 1643 1244 an.
1667 1224 1694 1244 ii.

1861 922 1976 949 derogatio,

1419 1334 1529 1368 CXLII.

1103 1405 1308 1448 Beatificalio
1318 1406 1512 1438 venerabilis
1522 1406 1606 1438 servi
1622 1405 1683 1438 Dei
1698 1404 1850 1438 Andreae

1147 1459 1185 1492 dc
1202 1459 1354 1493 Avellino
1370 1458 1562 1491 clericorum
1580 1459 1849 1502 Conyreqatiom's

1147 1512 1352 1554 reqularium
1380 1512 1638 1551 Tlieatinorum,
1677 1522 1750 1544 cum
1774 1522 1849 1545 con-

1149 1566 1285 1598 cessione
1303 1565 1428 1597 clericis
1445 1565 1550 1597 dictae
1568 1565 1847 1608 Conqreyationis,

1149 1619 1270 1662 ubique
1294 1618 1517 1657 eminentibus,
1545 1618 1724 1660 quotannis
1746 1618 1783 1650 in
1799 1617 1852 1650 die

1150 1671 1246 1703 illius
1272 1671 1379 1703 obitus
1414 1671 1546 1702 missam
1579 1674 1608 1702 et
1640 1670 1786 1712 officium
1814 1670 1852 1702 de

1150 1724 1317 1757 communi
1353 1723 1549 1766 Consessoris
1584 1733 1651 1756 non
1687 1722 1852 1764 Pontificis

1150 1776 1335 1810 celebrandi
1348 1776 1366 1808 ¹.

1315 1848 1452 1875 Urbanus
1469 1848 1549 1882 Papa
1564 1847 1643 1881 vni,

1233 1895 1268 1920 ad
1289 1896 1465 1926 perpetuam
1484 1893 1528 1919 rei
1549 1892 1730 1919 memoriam.

1150 1955 1184 1988 In
1208 1955 1286 1988 Sede
1311 1954 1466 1998 Principis
1491 1955 1706 1998 apostolorum
1722 1982 1729 1995 ,
1757 1954 1851 1987 nullis
1892 1963 2011 1985 Exordium,

1106 2009 1178 2042 licet
1201 2009 1317 2042 nostris
1343 2009 1588 2052 suffragantibus
1606 2009 1735 2050 meritis,
1753 2019 1771 2041 a
1787 2008 1850 2041 Deo

1107 2062 1278 2103 constituti,
1304 2062 1364 2106 piis
1389 2062 1529 2095 fidelium
1556 2062 1646 2102 votis,
1663 2062 1776 2106 quibus
1794 2062 1853 2094 vir-

1106 2121 1207 2149 tutum
1225 2115 1377 2149 Dominus
1402 2115 1432 2147 in
1457 2115 1556 2148 servis
1574 2115 1638 2148 suis
1660 2114 1851 2148 honorifica-

1106 2176 1174 2212 tur,
1201 2169 1336 2202 libenter
1361 2168 1543 2211 annuimus,
1570 2179 1669 2213 eaque
1694 2168 1853 2201 favoribus

1106 2223 1330 2268 prosequimur
1355 2222 1555 2266 opportunis.

1151 2277 1166 2321 ξ
1190 2277 1219 2309 1.
1245 2277 1321 2310 Cum
1349 2276 1464 2321 itaque,
1490 2276 1570 2309 sicut
1593 2286 1653 2320 pro
1677 2281 1766 2320 parte
1798 2275 1848 2309 di-

1106 2331 1261 2363 lectorum
1293 2329 1432 2363 filiorum
1465 2329 1637 2373 praepositi
1671 2328 1848 2372 generalis,

1143 2396 1153 2419 1
1172 2392 1313 2420 Huismodi
1329 2391 1463 2419 indultum
1478 2391 1635 2419 celebrandi
1649 2392 1757 2418 missam
1770 2395 1797 2418 et
1811 2391 1850 2419 of-

1108 2438 1198 2464 ficium
1215 2438 1273 2464 istis
1289 2437 1396 2464 clericis
1412 2445 1570 2464 concessum
1581 2445 1658 2464 sacra
1674 2436 1775 2464 rituum
1792 2444 1852 2464 con-

1106 2482 1228 2518 gregatio
1255 2481 1377 2509 extendit
1397 2481 1429 2508 ad
1450 2481 1585 2508 civitatem
1611 2481 1761 2516 Neapolim,
1782 2489 1853 2516 quae

1108 2528 1134 2554 in
1149 2535 1247 2554 novum
1264 2530 1407 2562 patronum
1418 2526 1520 2553 dictum
1532 2526 1642 2552 Beatum
1657 2525 1771 2561 recepit,
1784 2526 1852 2553 eius-

1108 2580 1160 2607 que
1184 2571 1305 2606 reliquiis
1320 2579 1351 2598 ac
1366 2574 1470 2598 statuae
1490 2571 1579 2598 locum
1599 2571 1626 2598 in
1647 2571 1771 2606 cappella
1791 2571 1852 2597 the—

1108 2616 1181 2643 sauri
1207 2615 1337 2643 ee‘clesiae
1362 2615 1449 2642 dictae
1469 2615 1594 2650 civitatis,
1620 2619 1700 2651 prout
1720 2616 1747 2642 in
1768 2615 1853 2650 ipsius

1091 2656 1092 2680 ἶ
1109 2660 1325 2696 congregationis
1340 2659 1456 2687 decretis
1472 2659 1558 2688 videri
1574 2660 1683 2696 poterit.

1742 237 1801 271 33¹1
1853 250 1904 275 An.
1925 248 1952 276 c.
1972 247 2039 276 1625

1912 897 2043 918 obstantium
