2269 3235
88 242 137 268 An.
153 241 182 267 C.
205 241 271 267 1627

125 303 269 328 Exeqnutures

89 329 199 355 designati.

118 1306 238 1327 clausulae.

147 1941 279 1962 obstantium

97 1967 214 1994 derogatio.

896 238 1037 260 {tamnus
1063 236 1118 259 vm
1143 236 1187 259 1¹1³.

329 286 344 329 ἓ
368 285 397 318 3.
423 285 585 324 Quocirca,
603 295 641 317 ne
658 284 754 328 quac¹
773 284 938 317 diliicultas
957 295 1023 316 exc-

285 339 468 382 quutionem
494 338 620 371 unionis
639 343 668 371 ct
689 337 953 381 incorporationis
970 337 1023 369 lm-

285 392 418 425 iusmodi
445 392 594 434 impediat
614 397 667 424 aut
687 396 873 429 remoretur⁷
902 389 1022 421 dilectis

285 445 357 477 filiis
370 444 498 478 nosti-0²
512 445 602 477 Petro
615 449 738 476 sanctae
752 445 908 476 Romanae
924 442 1024 474 Eccle-

284 498 348 530 siae
373 498 545 541 prcsbyero
570 497 719 529 cardinali
751 496 876 528 Berullo
903 505 1023 527 nuncu-

284 556 367 594 pato,
384 562 420 584 ac
444 555 552 584 nostro
569 555 597 582 et
619 549 813 593 Apostolicae
831 549 918 581 Sedis
943 548 1023 591 apud

285 603 481 636 carissimum
515 603 544 635 in
577 602 700 636 Christo
738 602 837 634 filium
881 606 1023 633 nostrum

285 656 477 689 Ludovicum
497 656 689 688 Francorum
708 665 815 697 regem
834 654 1026 686 christianis-

286 709 399 742 simum
419 709 545 748 nuncio,
563 718 619 751 per
633 713 814 751 praesentes
834 707 1026 750 iniungimus

286 773 321 795 ac
347 761 521 805 respective
546 761 752 800 mandamus,
778 765 811 792 ut
835 761 1024 793 coniunctim

285 814 500 858 procedentes,
527 813 679 845 consultis
702 813 861 856 aliquibus
885 813 1026 856 patribus

286 866 485 909 gravioribus
518 876 553 898 ac
589 876 697 898 rerum
730 876 788 898 usu
824 865 1027 909 peritioribus

287 926 349 953 tam
375 920 514 953 eiusdem
533 930 626 963 quam
647 919 781 952 aliorum
799 919 949 952 Ordinum
968 919 1027 952 sibi

287 973 459 1012 benevisis,
485 973 680 1006 conditiones
711 972 742 1004 in
774 973 889 1005 unione
914 978 944 1005 et
975 972 1025 1004 in·-

287 1026 508 1069 corporatione
526 1026 693 1069 praedictis
713 1026 924 1059 observandas
942 1037 1030 1070 prae-

288 1080 447 1122 scribant,
473 1090 509 1113 ac
541 1080 687 1120 firment,
719 1080 907 1124 easdemque
938 1080 1028 1113 unio-

288 1144 360 1166 nem
392 1139 423 1166 et
446 1134 754 1177 incorporationem,
786 1136 847 1166 una
879 1135 1030 1167 cum-eis-

288 1186 360 1219 dem
389 1186 636 1227 conditionibus,
662 1187 846 1219 auctoritate
869 1187 1029 1230 praedicta

289 1245 493 1283 exequantur.

291 1303 297 1309 ·
335 1293 349 1336 ς
374 1292 403 1324 4.
438 1293 669 1333 neem-nentes,
697 1298 877 1336 praesentes
910 1293 1030 1326 litteras

290 1345 418 1388 validas,
436 1345 545 1378 firmas
563 1349 592 1379 et
605 1346 746 1378 efficaces
760 1346 892 1379 existere
909 1350 938 1380 et
954 1347 1029 1387 sore,

289 1409 425 1441 suosque
445 1399 604 1442 plenarios
624 1405 654 1431 et
670 1399 810 1442 integros
827 1399 955 1433 effectus
968 1411 1031 1433 sor-

289 1451 342 1483 tiri
366 1456 397 1484 et
420 1452 562 1484 obtinere
578 1479 585 1492 ,
611 1462 646 1485 ae
671 1453 813 1485 societati
839 1458 869 1485 et
893 1453 1030 1496 Congre-

290 1504 407 1547 gationi
432 1504 461 1537 S.
486 1505 584 1538 Mauri
609 1505 791 1538 huiusmodi
823 1505 853 1537 in
885 1507 1031 1539 omnibus

290 1563 320 1590 et
343 1568 400 1601 per
424 1558 530 1591 omnia
553 1558 735 1601 plenissime
755 1558 942 1601 suffragari3
971 1559 1030 1591 sic-

290 1621 351 1654 que
374 1622 432 1655 per
455 1622 670 1655 quoscumque
701 1612 820 1644 iudices
854 1612 1031 1645 ordinarios

290 1670 320 1697 et
339 1665 509 1708 delegatos,
527 1666 620 1698 etiam
645 1676 810 1698 causarum
835 1666 940 1709 palatii
960 1677 1033 1710 apo-

291 1720 391 1753 stolici
416 1719 586 1760 auditores,
614 1720 747 1752 iudicari
776 1725 806 1752 et
830 1720 952 1752 deliniri
977 1721 1031 1753 de-

290 1773 375 1814 bere,
393 1784 428 1806 ac
445 1774 569 1806 irritum
590 1779 620 1806 et
644 1773 756 1815 inane,
776 1774 800 1806 si
825 1784 914 1807 secus
937 1785 1033 1818 super

291 1827 341 1860 his
365 1838 382 1860 a
405 1838 574 1871 quoquam,
592 1828 700 1871 quavis
725 1828 919 1868 auctoritate,
937 1829 1033 1861 scien-

293 1885 341 1913 ter
364 1880 413 1913 vel
437 1881 629 1923 ignoranter,
648 1881 816 1923 contigerit
840 1882 994 1914 attentari.

338 1934 353 1977 g
377 1933 406 1967 3.
431 1934 501 1967 Non
531 1934 726 1967 obstantibus
758 1935 1033 1968 constitutionibus

294 1991 324 2022 et
340 1987 591 2021 ordinationibus
616 1988 804 2031 apostolicis⁷
822 1998 867 2028 ac,
881 1993 1033 2032 quatenus

294 2051 372 2085 opus
386 2041 435 2082 sit,
449 2041 728 2084 congregationum
744 2047 773 2074 et
787 2042 933 2074 ordinum
947 2053 1035 2085 prae-

294 2095 448 2128 dictorum
467 2095 574 2137 (etiam
591 2095 776 2133 iuramento,
794 2095 1034 2128 confirmatione

294 2148 474 2191 apostolica,
496 2148 543 2180 vel
567 2148 676 2191 quavis
700 2148 846 2182 firmitate
867 2149 927 2181 alia
945 2149 1034 2182 robo-

295 2200 384 2245 ratis)
406 2201 527 2235 statutis
552 2206 581 2233 et
601 2201 890 2241 consuetudiniln1S‚
909 2202 1035 2245 privile-

297 2255 356 2297 giis
375 2265 509 2298 quoque,
530 2255 657 2287 indultis
674 2258 703 2288 et
720 2255 831 2287 litteris
855 2255 1035 2298 apostolicis

297 2308 330 2340 in
353 2309 543 2341 contrarium
568 2309 815 2352 praemissorum
841 2309 1037 2352 (piomodoli-

297 2362 349 2395 bet
373 2363 544 2403 concessis,
569 2363 764 2406 approbatis,
790 2363 984 2396 confirmatis
1008 2369 1037 2395 et,

298 2415 460 2449 innovatis.
474 2415 591 2454 Quibus
607 2416 752 2449 omnibus
769 2421 798 2448 et
815 2416 955 2459 singulis,
974 2416 1038 2449 illo-

298 2480 370 2502 rum
402 2475 526 2502 tenores
557 2469 776 2513 praesentibus
804 2480 863 2513 pro
894 2470 985 2513 plene
1009 2475 1039 2502 et

299 2523 489 2556 sufficienter
513 2522 669 2565 expressis
689 2532 725 2555 ac
741 2522 780 2555 de
797 2522 893 2555 verbo
914 2522 952 2555 ad
973 2533 1040 2555 ver-

336 2597 347 2622 1
366 2594 457 2621 Potius
472 2594 531 2628 lege
548 2602 604 2628 qna
620 2594 658 2623 (R.
675 2599 723 2626 12).

335 2640 352 2666 2
366 2639 462 2675 Aptius
477 2638 596 2673 legerem
609 2639 715 2667 nostris
732 2639 770 2673 (n.
787 2639 835 2674 T.).

409 2693 487 2721 Bult.
502 2692 587 2720 Rom.
606 2708 640 2712 —-
658 2692 718 2721 Vol.
736 2692 819 2720 XIII.
981 2691 1014 2719 77

1701 224 1764 253 titttt

1057 284 1129 315 bum
1157 282 1280 314 insertis
1305 281 1472 318 halwntes,
1498 279 1558 311 illis
1586 279 1659 310 alias
1683 280 1710 310 in
1740 290 1795 311 suo

1057 336 1170 368 robore
1197 334 1423 379 permansuris,
1453 334 1509 365 bac
1543 333 1606 364 xic<-
1638 332 1797 363 ‹lunnaxat

1057 389 1232 431 specialiter
1257 393 1285 419 et
1317 398 1461 430 expressi·
1486 387 1695 427 derogatum,
1717 390 1798 415 cteta·-

1057 442 1162 483 risqnc
1187 440 1353 474 contrariis
1374 440 1633 483 ‹piibuscimnpuu

1102 494 1212 526 Datum
1247 494 1383 531 llomae,
1414 492 1494 535 apud
1522 493 1549 523 S.
1578 491 1704 523 Mariam
1732 491 1796 523 Ma-

1059 547 1174 583 iorem,
1206 546 1264 577 sul)
1302 545 1418 577 ammlo
1449 545 1635 583 l'isratoris,
1660 544 1708 575 dit·
1747 553 1798 575 rm

1058 599 1238 632 novembris
1268 607 1439 638 mcxxvii,
1470 597 1667 639 pontificatus
1702 596 1799 628 nostri

1059 662 1140 685 anno
1165 662 1194 684 v.

1095 715 1155 741 Dat.
1177 713 1220 740 die
1240 713 1255 740 8
1277 712 1431 739 novembris
1449 712 1529 743 ww,
1545 712 1635 747 pontis.
1658 720 1727 738 auno
1749 720 1773 737 r.

1348 828 1507 862 CCLXVH.

1061 902 1246 945 Ratificalio
1282 905 1426 933 aelorum
1450 910 1510 944 per
1537 899 1735 941 Torquatum
1767 897 1803 929 de

1108 955 1286 989 Comitibus
1301 955 1336 986 in
1353 953 1554 986 restitutione
1572 955 1801 983 lorinenlornm

1108 1009 1297 1041 bellicorum
1322 1012 1349 1040 el
1374 1006 1521 1039 aliarum
1544 1016 1664 1043 rerum,
1687 1005 1719 1036 in
1745 1007 1806 1046 sor-

1108 1062 1227 1094 talitiis
1260 1060 1362 1093 Vallis
1398 1060 1543 1092 Tellinae
1576 1058 1805 1095 crislentiwn,

1108 1115 1218 1148 comiti
1242 1114 1377 1157 Aloysio
1415 1113 1521 1145 Trollo
1551 1111 1759 1156 procuratori
1787 1120 1807 1142 α

1107 1169 1321 1212 yttbernatore
1346 1166 1584 1199 illetlz'olanensi
1608 1164 1739 1197 ‘nomine
1765 1174 1807 1195 re-

1107 1223 1157 1266 qis
1182 1221 1337 1254 catholici
1362 1220 1514 1264 deputato
1530 1218 1548 1251 ¹.

1266 1293 1401 1319 Urbanus
1423 1291 1501 1324 Papa
1521 1290 1601 1323 VIII,

1206 1338 1242 1364 ad
1265 1338 1398 1364 futuram
1419 1337 1464 1363 rei
1484 1334 1662 1362 memoriam.

1108 1400 1193 1442 Cum,
1209 1400 1289 1433 sicut
1305 1398 1395 1431 nobis
1412 1398 1556 1435 innotuit,
1574 1397 1705 1429 dilectus
1723 1396 1804 1429 filius

1065 1453 1178 1486 nobilis
1203 1453 1250 1485 vir
1274 1454 1452 1495 Torquatus
1478 1451 1515 1483 de
1538 1450 1711 1483 Comitibus
1743 1450 1805 1481 dux

1065 1506 1268 1548 Guadagnoli⁷
1287 1506 1331 1538 uti
1352 1509 1539 1548 procurator
1556 1502 1692 1542 nosen-⁹,
1712 1503 1741 1534 in
1758 1513 1806 1535 re-

1065 1560 1225 1593 stitutione
1249 1570 1305 1602 per
1329 1569 1401 1591 eum
1426 1558 1505 1590 sacta
1529 1557 1643 1589 dilecto
1665 1557 1729 1589 tilio
1754 1566 1806 1588 co-

1066 1613 1131 1646 miti
1156 1613 1282 1657 Aloysio
1306 1613 1414 1645 Trotto
1438 1610 1556 1654 Campi,
1578 1610 1728 1652 magistro
1754 1620 1808 1652 pe-

1065 1667 1164 1699 ditum
1190 1666 1339 1698 Italorum
1365 1663 1542 1697 charissimi
1560 1663 1591 1694 in
1610 1663 1733 1696 Christo
1752 1662 1807 1694 titii

1064 1719 1163 1752 nostri
1188 1718 1323 1761 Philippi
1350 1717 1572 1760 Hispaniarum
1598 1716 1680 1758 regis
1706 1716 1809 1747 catlio-

1067 1773 1132 1814 lici,
1157 1772 1201 1806 uli
1227 1771 1427 1815 procuratori
1445 1781 1461 1802 a
1479 1770 1592 1802 dilecto
1609 1770 1727 1813 pariter
1744 1769 1807 1801 tilio

1065 1826 1161 1859 nobili
1188 1825 1255 1858 viro
1280 1825 1433 1858 Gonzalez
1467 1823 1647 1855 Fernanilcz
1672 1822 1708 1854 dc
1734 1822 1809 1855 Cor-

1066 1880 1149 1913 duba
1173 1880 1275 1912 Status
1292 1877 1455 1910 Mediolani
1473 1877 1695 1919 gubernatore,
1713 1876 1808 1907 etiam

1067 1932 1264 1966 demandato
1279 1931 1418 1964 eiusdem
1434 1930 1568 1973 Philippi
1587 1929 1680 1971 regis,
1694 1929 1731 1961 aa
1750 1930 1809 1961 hoc

1067 1987 1250 2027 constituto,
1276 1990 1508 2018 tormentorum
1532 1983 1736 2023 bellicorum,
1763 1993 1810 2014 ar-

1068 2050 1204 2079 morum,
1229 2038 1449 2077 minutiontnn,
1464 2037 1655 2069 rvictualium
1682 2041 1711 2068 et
1735 2036 1810 2067 alia-

1069 2104 1139 2126 rum
1165 2103 1273 2125 rerum
1299 2092 1329 2124 in
1355 2090 1601 2135 propugnaculis
1627 2089 1691 2121 sive
1716 2090 1811 2121 sorta-

1069 2147 1142 2179 litiis
1167 2147 1261 2178 Vallis
1285 2145 1421 2178 Tellinae
1438 2149 1467 2175 et
1484 2144 1655 2175 (Ilarennae
1679 2143 1811 2174 existen-

1070 2200 1157 2239 tium,
1178 2205 1208 2232 et
1225 2198 1381 2242 quondam
1400 2198 1528 2230 HoratiO
1547 2195 1714 2229 Ludorisio
1740 2195 1811 2227 duci

1070 2254 1157 2286 Fiani
1174 2253 1232 2285 snb
1249 2252 1298 2285 die
1317 2262 1347 2284 v1
1366 2251 1440 2283 iunii
1466 2259 1621 2287 nncxxnl,
1639 2259 1673 2280 ac
1699 2249 1812 2280 dilecto

1070 2307 1188 2352 pariter
1213 2307 1277 2339 filio
1302 2306 1429 2339 Nicolao
1455 2315 1490 2336 ex
1517 2303 1684 2336 comitibus
1710 2302 1814 2333 Gnidi-

1071 2361 1173 2393 balnei
1199 2359 1374 2392 marchioni
1396 2356 1583 2390 Montisbclli
1610 2355 1667 2387 sub
1692 2355 1741 2387 (lie
1760 2365 1814 2387 xus

1072 2414 1252 2448 novembris
1278 2413 1416 2445 eiusdem
1439 2411 1521 2450 anni,
1540 2410 1569 2442 in
1591 2414 1660 2443 actu
1679 2409 1814 2452 depositi

1073 2469 1103 2501 in
1121 2467 1218 2501 felicis
1236 2465 1463 2499 recordationis
1477 2463 1622 2505 Gregorii
1640 2463 1740 2505 Papae
1753 2462 1814 2501 XV,

1073 2520 1325 2567 praedecessoris
1350 2518 1459 2556 nostri,
1476 2529 1511 2550 ac
1531 2517 1647 2550 nostris
1672 2515 1815 2548 manibus

1110 2595 1120 2619 1
1140 2592 1175 2619 Ex
1192 2592 1299 2626 Regest.
1317 2590 1344 2616 in
1360 2591 1454 2617 Secret
1480 2588 1559 2615 Brev.

1108 2637 1125 2664 2
1137 2636 1204 2664 Vide
1219 2644 1279 2670 sup.
1296 2643 1358 2670 pag.
1376 2634 1427 2660 424
1444 2637 1471 2661 et
1486 2633 1536 2660 483
1550 2632 1590 2667 (R.
1608 2631 1656 2666 T.).

1819 235 1847 255 ln
1877 232 1902 255 ⁴2.
1930 231 1991 256 l⁴›1!7
