2269 3235
263 263 312 287 An.
331 262 358 287 s.
383 260 449 286 maa
495 250 537 283 66

302 1332 329 1352 Οο
345 1331 447 1352 tricenali.

460 317 564 342 sorem
594 306 767 351 praefatum
794 309 961 349 propterea
987 300 1198 344 contingenti·

460 362 531 402 bus,
544 360 572 394 ei
585 359 773 398 satisfacere,
784 362 815 390 et
827 357 851 389 si
868 364 1083 400 possessorem
1097 353 1199 398 ipsum

461 414 584 455 iniuste,
609 411 719 446 frivole
740 414 769 445 et
788 409 925 443 indebite
949 408 1132 442 molestasse
1155 417 1202 440 re-

460 472 569 513 pertus
583 464 729 505 extiterit,
743 462 971 508 quinquaginta
984 461 1121 494 florenos
1132 459 1200 493 auri

460 520 640 566 persolvere
664 527 808 551 camerae
833 515 1022 561 apostolicae
1040 515 1078 547 sit
1095 513 1204 546 adstri-

462 579 540 607 ctus.
554 573 616 606 Nec
638 571 716 604 alius
737 580 833 614 quam
846 568 1018 614 praemisse
1035 566 1203 600 vacationis

463 626 592 666 modus,
617 625 708 658 etiam
734 634 791 668 per
814 623 935 655 litteras
958 621 988 655 Si
1005 621 1126 660 neutri,
1152 624 1205 652 aut

464 678 714 723 subrogationis,
736 682 789 710 aut
811 676 897 717 alias,
914 674 971 708 sibi
997 673 1100 719 quoad
1124 673 1203 713 hoc,

466 740 498 767 iit
512 732 701 767 beneficium
718 729 898 764 huiusmodi
912 732 947 762 ea
968 728 1034 760 vice
1054 725 1204 770 consequi

466 792 519 821 aut
537 786 680 821 obtinere
705 784 813 823 valeat,
839 779 1075 826 quomodolibet
1099 778 1207 811 suffra-

468 846 575 885 getur,
599 838 741 882 illudque
773 835 951 868 nullatenus
980 833 1011 865 in
1035 838 1126 866 antea
1149 832 1207 865 liti-

468 894 592 938 giosum
616 896 786 937 propterea
812 891 986 921 censeatur.
1005 886 1093 926 Quod
1113 886 1206 919 etiam

469 947 590 982 extendi
622 944 718 979 voluit
747 942 785 976 ad
817 942 1021 985 impetrantes
1053 939 1207 972 beneficia

469 998 677 1035 ecclesiastica
701 996 928 1038 cuiuscumque
952 992 1127 1037 qualitatis,
1151 1002 1209 1036 per

468 1054 675 1100 privationem
696 1056 726 1085 et
750 1050 952 1091 amotionem,
971 1049 1018 1082 vel
1035 1048 1121 1089 alias,
1138 1058 1209 1093 pro-

469 1114 538 1153 pter
562 1106 745 1146 commissa,
771 1114 917 1138 excessus
941 1108 972 1137 et
995 1102 1137 1142 crimina,
1163 1111 1210 1134 va-

471 1161 571 1195 cantia
598 1160 647 1193 vel
671 1162 828 1199 vacatura,
849 1162 879 1190 et
896 1156 1040 1190 similiter
1058 1155 1096 1188 ad
1113 1155 1210 1199 impe-

471 1219 587 1248 trantes
615 1212 768 1246 beneficia
800 1217 960 1255 tamquam
990 1209 1130 1242 vacantia
1154 1219 1211 1253 per

471 1268 711 1302 devolutioneni.

515 1321 566 1354 36.
583 1321 658 1354 Item
673 1319 777 1354 statuit
790 1322 819 1352 et
838 1317 992 1351 ordinarit
1010 1316 1091 1349 idem
1115 1316 1146 1348 D.
1165 1316 1210 1357 N„

473 1375 556 1420 quod
573 1374 598 1407 si
615 1374 684 1418 quis
701 1382 918 1417 quaecumque
944 1370 1097 1403 beneficia
1115 1369 1213 1402 eccle-

471 1429 603 1469 ›iastica,
621 1427 861 1471 qualiacumque
880 1425 950 1466 sint,
976 1424 1094 1468 absque
1122 1423 1214 1456 simo-

471 1483 564 1516 iiiaco
577 1483 731 1525 ingressu,
748 1491 785 1513 ex
798 1479 909 1524 quovis
920 1478 1022 1519 titulo,
1031 1477 1214 1522 apostolica,

474 1537 518 1569 iel
544 1534 703 1569 ordinaria
728 1533 909 1573 collatione,
935 1537 987 1565 aut
1003 1530 1167 1572 electione,
1185 1535 1215 1564 et

473 1590 634 1624 electionis
665 1586 848 1622 huiusmodi
876 1585 1135 1625 confirmatione,
1161 1595 1215 1618 seu

473 1642 722 1688 praesentatione
746 1645 775 1675 et
799 1639 1002 1680 institutione,
1026 1639 1152 1672 illorum
1177 1637 1215 1670 ad

475 1707 553 1741 quos
561 1695 787 1729 beneficiorum
801 1693 984 1727 huiusmodi
999 1691 1136 1732 collatio,
1147 1702 1217 1735 pro-

476 1750 563 1791 visio,
580 1750 691 1783 electio
712 1752 741 1782 et
762 1747 984 1792 praesentatio,
1010 1756 1065 1779 seu
1090 1745 1218 1789 quaevis

477 1803 536 1835 :ilia
551 1801 714 1846 dispositio
734 1800 878 1845 pertinet,
898 1810 954 1843 per
980 1798 1150 1831 triennium
1168 1808 1219 1841 pa-

478 1857 566 1890 cifice
588 1855 763 1900 possederit
788 1852 982 1897 (dummodo
1005 1852 1037 1885 in
1058 1852 1219 1885 beneficiis

479 1909 668 1949 huiusmodi,
693 1908 718 1941 si
743 1906 940 1951 dispositioni
965 1905 1155 1950 apostolicae
1184 1916 1218 1938 ex

479 1963 688 1997 reservatione
699 1960 875 2004 generaliin
883 1970 1017 2003 corpore
1028 1959 1103 1992 iuris
1115 1959 1219 1991 clausa
1236 1968 1237 1973 ¹

480 2022 637 2052 reservata
652 2016 778 2056 suerint,
796 2026 827 2048 se
848 2025 910 2048 non
930 2013 1115 2056 intruserit),
1128 2023 1221 2056 super
1237 2024 1238 2032 2

481 2071 597 2105 eisdem
621 2068 782 2102 beneficiis
811 2068 913 2101 taliter
946 2066 1099 2111 possessis
1125 2066 1238 2099 mole-³

482 2124 556 2158 >tari
577 2128 721 2167 nequeat,
743 2133 799 2156 nec
817 2132 879 2155 non
897 2121 1132 2165 impetrationes
1149 2131 1222 2164 qua·
1237 2123 1239 2140 ³

483 2177 575 2211 >libet
597 2177 636 2210 de
658 2176 820 2209 beneficiis
845 2175 919 2219 ipsis
944 2175 988 2208 sic
1009 2174 1162 2219 possessis
1182 2175 1238 2207 sas

484 2231 581 2272 ctas¹,
613 2230 716 2264 irritas
748 2233 777 2263 et
812 2229 919 2262 inanes
950 2229 1071 2261 censeri
1107 2228 1222 2261 debere

484 2284 635 2324 ‹ieci-evin
656 2283 798 2327 antiquas
821 2283 890 2316 lites
916 2292 1010 2326 super
1035 2282 1096 2315 illis
1122 2286 1223 2315 motas

1038 252 1214 277 BULLARIUM
1241 248 1395 275 ROMANUM

1234 297 1337 333 causis
1360 295 1588 342 pendentibus,
1613 298 1644 327 et
1666 305 1744 339 quas
1766 294 1972 340 imposterum

1233 351 1401 395 contigerit
1424 348 1553 392 agitari,
1578 347 1657 381 nulli
1687 352 1758 381 ante
1782 347 1972 382 definitivam

1234 403 1418 439 sententiam
1442 401 1534 435 liceat
1558 400 1739 446 appellare,
1762 409 1820 434 nec
1842 401 1974 446 appella-

1235 459 1288 499 tio,
1307 457 1331 490 si
1360 455 1454 489 suerit
1478 455 1608 496 emissa,
1625 453 1738 487 debeat
1760 452 1892 495 admitti,
1915 454 1974 487 nisi

1235 512 1273 545 ab
1298 508 1570 554 interloquutoria‚
1595 518 1675 552 quae
1699 507 1762 540 vim
1790 506 1904 540 habeat
1927 506 1976 540 de-

1235 564 1389 604 finitivae;
1418 563 1465 596 vel
1498 572 1514 595 a
1539 561 1721 605 gravamine
1746 560 1874 594 minime
1903 570 1977 594 con-

1237 622 1384 651 cernente
1408 615 1571 660 negotium
1597 614 1781 659 principale,
1805 612 1890 657 quod
1913 623 1976 647 non

1237 672 1335 716 possit
1358 681 1414 715 per
1439 669 1681 715 appellationem
1699 679 1716 702 a
1733 668 1892 702 definitiva
1912 677 1978 700 sen-

1237 724 1333 759 tentia
1357 724 1515 769 reparari;
1541 724 1709 767 nullaeque
1739 732 1850 756 causae
1873 720 1979 766 appel-

1239 778 1391 811 lationum
1417 777 1663 817 committantur,
1687 775 1747 809 nisi
1772 775 1804 808 in
1828 774 1978 808 commis-

1240 832 1327 866 sione
1356 831 1573 876 exprimatur,
1602 829 1686 874 quod
1718 828 1980 873 interloquutoria

1240 886 1303 919 vim
1328 885 1505 919 definitivae
1529 883 1653 924 habeat,
1677 883 1725 916 vel
1750 892 1920 926 gravamen
1943 881 1980 915 sit

1240 940 1310 977 tale,
1334 938 1420 983 quod
1436 938 1467 970 in
1484 937 1692 982 appellatione
1708 946 1726 969 a
1742 936 1902 969 definitiva
1919 945 1982 970 non

1241 993 1340 1026 valeat
1364 991 1516 1036 reparari.
1543 990 1690 1034 Alioquin
1709 989 1933 1035 appellationes
1953 995 1983 1024 et

1242 1044 1481 1079 commissiones
1513 1043 1741 1087 imposterum,
1772 1048 1802 1076 et
1833 1043 1984 1088 quicquid

1243 1100 1326 1133 idem
1338 1103 1505 1143 sequutum
1522 1097 1628 1138 fuerit,
1643 1097 1760 1131 nullius
1787 1097 1848 1130 sint
1859 1096 1984 1132 roboris

1243 1154 1291 1187 vel
1314 1152 1480 1192 momenti;
1506 1151 1783 1186 commissionibus
1807 1151 1985 1196 appellatio-

1244 1217 1330 1247 num,
1357 1206 1417 1238 iam
1442 1204 1598 1238 iudicibus
1620 1204 1824 1249 praesentatis
1848 1209 1878 1238 et
1904 1204 1986 1238 exhi-

1244 1259 1326 1302 bitis,
1345 1259 1375 1291 in
1387 1269 1443 1292 suo
1457 1258 1572 1291 robore
1584 1257 1810 1302 permansuris,
1818 1258 1849 1291 in
1862 1257 1986 1302 quibus,

1245 1314 1314 1346 latis
1332 1324 1426 1357 super
1446 1312 1565 1345 eisdem
1582 1311 1754 1352 sententiis,
1772 1312 1921 1353 secundo,
1937 1314 1984 1345 vel

1247 1367 1377 1400 ulterius
1401 1366 1439 1399 ab
1464 1366 1509 1399 eis
1533 1376 1596 1398 non
1620 1365 1711 1398 liceat
1736 1365 1908 1409 appellare,
1933 1376 1987 1409 ap-

1246 1421 1397 1465 pellantes
1422 1430 1507 1459 vero,
1524 1423 1555 1452 et
1586 1418 1822 1462 appellationes,
1839 1418 1933 1451 etiam
1950 1418 1988 1451 ab

1247 1473 1518 1518 interloquutoriis
1551 1477 1581 1505 et
1613 1472 1848 1516 gravaminibus
1880 1472 1989 1506 liuius-

1248 1527 1343 1569 modi,
1360 1537 1417 1560 suo
1435 1526 1482 1560 vel
1506 1526 1634 1559 alterius
1651 1525 1779 1559 nomine
1799 1536 1989 1570 prosequen-

1249 1587 1306 1623 teS,
1316 1581 1341 1614 si
1355 1580 1586 1620 succubuerint,
1603 1579 1685 1612 ultra
1697 1589 1848 1623 expensas
1863 1583 1893 1612 et
1905 1579 1990 1612 dam-

1249 1646 1298 1677 na,
1319 1635 1357 1669 ad
1371 1646 1450 1680 quae
1473 1634 1673 1668 resarcienda
1693 1633 1731 1667 de
1755 1634 1823 1667 iure
1843 1633 1989 1667 condem-

1249 1694 1340 1723 natus
1355 1688 1564 1733 compellitur,
1582 1687 1692 1732 viginti
1710 1686 1906 1721 florenorum
1920 1687 1988 1720 auri

1251 1745 1352 1787 poena
1376 1743 1576 1775 mulctentur.

1295 1795 1346 1830 38.
1373 1797 1449 1829 Item
1474 1795 1579 1829 statuit
1605 1800 1634 1828 et
1658 1794 1827 1835 ordinavit,
1852 1795 1937 1839 quod
1960 1795 1992 1829 in

1253 1849 1528 1884 commissionibus
1554 1849 1591 1881 de
1616 1849 1740 1890 iustitia,
1759 1859 1814 1881 seu
1839 1849 1993 1882 mandatis

1254 1905 1346 1937 etiam
1372 1903 1650 1946 consistorialibus7
1677 1914 1735 1947 pei·
1760 1913 1843 1944 euin,
1872 1913 1927 1936 seu
1955 1903 1993 1936 de

1255 1959 1320 1991 eius
1336 1957 1492 1998 mandato,
1512 1957 1560 1990 vel
1577 1956 1772 1997 auctoritate,
1787 1956 1818 1989 iii
1833 1957 1945 1998 causis,
1962 1957 1994 1989 in

1255 2012 1367 2056 quibus
1402 2012 1586 2045 conclusum
1623 2010 1754 2051 existat,
1786 2011 1993 2055 imposterum

1256 2066 1473 2107 concedendis,
1491 2065 1612 2098 etiamsi
1630 2065 1660 2097 in
1677 2064 1721 2098 eis
1738 2065 1776 2098 dc
1793 2064 1995 2098 conclusione

1256 2120 1436 2153 huiusmodi
1460 2119 1611 2163 implicite
1632 2119 1679 2152 vel
1700 2118 1844 2162 explicite
1875 2118 1994 2151 mentio

1256 2174 1334 2207 sacta
1357 2173 1465 2213 suerit,
1490 2173 1568 2206 nihil
1594 2175 1757 2206 censeatur
1777 2181 1846 2205 esse
1871 2182 1996 2205 conces-

1257 2239 1335 2268 sum,
1353 2228 1411 2260 iiisi
1431 2238 1486 2271 pei·
1503 2226 1740 2260 concessionem
1764 2225 1995 2259 commissionis

1256 2282 1437 2315 huiusmodi
1461 2282 1632 2325 derogetur
1656 2290 1811 2325 expresse.

1989 247 2034 273 tn.
2057 248 2085 273 C.
2105 247 2171 274 1823

2007 1806 2051 1837 Non
2059 1807 2127 1837 stetur
2134 1811 2190 1828 coin·

2006 1839 2100 1855 missioni
2143 1836 2192 1859 pout

2007 1860 2172 1882 conclusionem

484 2344 607 2384 penitus
631 2336 852 2381 extinguendo.

528 2393 578 2427 37.
603 2392 695 2432 Item,
720 2391 803 2424 ideni
827 2391 860 2424 D.
887 2391 932 2430 N„
962 2393 994 2423 ut
1019 2389 1089 2422 sinis
1118 2388 1223 2422 litibus

485 2446 616 2481 celerius
641 2446 830 2490 imponatur,
853 2449 882 2477 et
906 2443 1093 2487 litigantium
1118 2453 1224 2488 parca-

486 2507 535 2534 tur
559 2498 734 2544 sumptibus
758 2503 788 2532 et
812 2497 966 2543 expensis,
987 2507 1117 2531 suorum
1134 2506 1224 2541 prae-

487 2555 685 2589 decessorum
724 2552 997 2587 constitutionibus
1035 2556 1065 2585 et
1103 2550 1223 2585 statutis

488 2606 688 2647 inhaerendo,
709 2605 814 2641 statuit
842 2611 871 2639 et
895 2605 1059 2646 ordinavit,
1083 2603 1167 2649 quod
1192 2604 1222 2638 in

525 2671 535 2697 l
558 2668 605 2697 Ed.
628 2668 706 2695 Main.
727 2667 790 2703 lrgit
808 2668 893 2702 sactis
914 2669 949 2702 (a.
971 2667 1018 2701 τ.).

2038 2333 2067 2354 De
2077 2333 2153 2354 titteris
2163 2338 2195 2353 re-

1300 2335 1351 2371 39,
1377 2335 1454 2369 Item
1485 2335 1582 2369 voluit
1602 2339 1632 2368 et
1661 2333 1834 2374 ordinavit,
1858 2333 1953 2378 quod,
1971 2334 1996 2367 si
2011 2360 2133 2385 ,mmmm
2161 2365 2195 2380 “-

1256 2390 1352 2434 aliqui
1377 2390 1516 2434 religiosi
1533 2393 1643 2434 petunt
1663 2388 1790 2432 aliquod
1806 2387 1997 2422 beneficium
2011 2386 2129 2413 P⁶d‘⁹⁰‘¹'¹⁵·

1257 2442 1295 2475 ad
1318 2447 1428 2476 nutum
1453 2441 1621 2475 amovibile
1646 2451 1719 2475 cuni
1743 2440 1894 2482 clausula,
1913 2439 1998 2484 quod

1257 2495 1368 2529 exinde
1385 2506 1443 2540 pro
1460 2495 1527 2529 solo
1551 2499 1629 2528 nutu
1645 2494 1768 2528 abbatis
1789 2494 1837 2528 vel
1861 2493 1999 2539 superio-

1258 2550 1300 2583 ris
1325 2549 1464 2583 amoveri
1488 2559 1551 2583 non
1574 2548 1710 2592 possint,
1733 2548 1874 2589 litterae,
1895 2547 1997 2592 quoad

1257 2604 1356 2648 ipsam
1374 2602 1557 2643 clausulam,
1574 2603 1752 2636 nullatenus
1777 2601 1999 2646 expediantur,

1256 2657 1314 2688 nisi
1340 2656 1420 2688 idem
1446 2655 1479 2689 D.
1498 2655 1531 2689 N.
1550 2661 1644 2699 ponat
1668 2656 1699 2688 in
1724 2655 1900 2699 signatura,
1916 2653 1999 2698 quod

313 2400 343 2420 De
368 2405 407 2420 non
433 2405 457 2425 sp

288 2426 384 2453 penando
421 2428 469 2446 asse

290 2454 412 2474 «ont-numm
435 2458 459 2473 fi»

289 2480 394 2502 hnaivam.
