2269 3235
202 265 250 291 An.
267 263 296 292 C.
317 264 385 292 1625

240 1497 322 1517 Causae
339 1502 388 1517 con·

205 1524 313 1545 cedendae
324 1524 389 1545 facul-

205 1553 262 1572 tatis.

243 2028 350 2052 facultas.
365 2029 391 2049 de

208 2061 249 2082 qua
264 2057 285 2077 in
301 2055 393 2076 rubrica.

433 255 496 289 19⁸

402 318 464 346 trcs
481 312 579 346 dictas
595 311 707 356 aliquis
722 310 908 344 auctoritate
926 309 1139 354 praesentium

400 367 439 400 ad
464 367 612 400 iudicium
638 376 700 399 non
725 365 883 405 trahatur,
908 364 1039 408 aliisque
1069 373 1141 408 apo-

401 419 518 454 stolicis
534 418 809 453 constitutionibus
824 422 854 450 ct
879 416 1140 457 ordinationibus,

401 473 576 516 ceterisque
599 471 764 505 contrariis
789 470 1051 515 quibuscumque.

445 526 554 558 Datum
580 526 714 564 Romae,
740 524 822 569 apud
856 524 885 557 S.
912 524 1059 565 Petrum,
1083 523 1141 557 sub

401 578 711 619 annulo-piscatoris,
723 578 773 612 die
791 588 823 612 ix
842 577 1020 611 decembris
1033 587 1140 619 itincvi,

400 632 599 677 pontificatus
623 633 722 667 nostri
747 642 828 667 anno
855 642 886 666 11.

436 694 494 723 Dat.
512 695 556 723 die
575 695 591 722 9
607 694 761 723 decembris
778 695 856 728 1606,
872 694 970 731 pontif.
987 698 1064 722 anna
1076 700 1106 721 ιι.

693 821 848 854 LXXXIII.

402 891 558 926 Faculeas
597 892 717 925 mmcio
754 891 912 925 Polom‘ac
950 889 1145 934 procedendi

447 950 560 979 contra
583 945 820 983 ecclesiasticos,
845 955 882 977 ac
907 944 1006 976 ctiam
1032 947 1144 976 contra

447 999 617 1043 episcopos,
638 1003 668 1032 et
683 998 952 1042 archiepiscopos,
972 997 1032 1040 qui
1050 996 1087 1029 in
1100 1006 1145 1029 re-

446 1063 517 1096 qem
541 1052 700 1086 Polom'ae
730 1051 778 1084 vel
811 1051 880 1084 eius
903 1055 997 1084 natos
1021 1050 1144 1094 conspi-

446 1109 602 1138 raverunt
614 1103 632 1138 ¹.
1021 1100 1024 1101 ⁷

403 1175 573 1204 Venerabili
598 1177 686 1204 fratri
709 1176 814 1204 Ioanni
834 1176 987 1211 Baptistae
1007 1175 1145 1210 episcopo

438 1221 570 1256 Nolano,
599 1224 704 1249 nostro
725 1224 757 1248 et
783 1220 868 1249 sedis
898 1219 1088 1255 Apostolicae
1114 1219 1146 1247 in

438 1272 528 1301 regno
543 1264 682 1293 Poloniae
701 1264 823 1298 nuncio,

605 1310 742 1337 Urbanus
764 1309 843 1343 Papa
863 1309 940 1336 v111.

616 1367 803 1395 Venerabilis
826 1367 932 1399 frater,

438 1413 568 1440 salntem
592 1415 624 1439 et
646 1412 843 1446 apostolicam
863 1410 1110 1438 benedictionem.

448 1483 512 1527 §l
538 1482 583 1515 Ad
608 1482 797 1515 audientiam
823 1486 964 1514 nostram
993 1491 1056 1514 non
1081 1481 1146 1513 sine

404 1535 499 1569 animi
516 1535 615 1569 nostri
636 1535 723 1578 gravi
739 1534 976 1579 perturbatione
993 1534 1146 1578 pervenit,

404 1589 571 1622 nonnullos
603 1591 712 1622 contra
743 1587 920 1621 charissimi
958 1587 989 1619 in
1023 1586 1146 1621 Christo

404 1642 460 1676 filii
484 1642 584 1676 nostri
601 1641 794 1685 sigismundi
812 1641 958 1675 Poloniae
979 1646 1008 1674 et
1025 1640 1147 1674 Svetiae

404 1697 488 1740 regis
513 1696 643 1729 illustris
657 1702 685 1729 ct
703 1696 809 1730 forsan
828 1700 975 1728 natorum
996 1694 1062 1727 eius
1079 1704 1147 1738 per-

404 1761 497 1784 sonas
514 1750 705 1790 coniurasse,
723 1755 815 1793 atque
839 1749 912 1781 huic
938 1747 1146 1782 coniurationi

404 1804 526 1847 aliquos
543 1804 686 1843 clericos,
703 1809 733 1836 et
753 1803 858 1836 forsan
877 1802 907 1835 in
931 1802 1082 1845 dignitate
1099 1812 1148 1834 ec-

405 1857 579 1891 clesiastica
597 1856 792 1897 constitutos,
811 1866 846 1889 ac
877 1855 953 1888 alias
975 1851 1160 1898 episcopali'

405 1921 462 1944 seu
485 1910 745 1954 archiepiscopali
770 1909 921 1953 dignitate
952 1909 1148 1953 praefulgen-

406 1969 451 1998 tes
475 1973 591 1997 nomen
616 1963 747 1996 dedisse.

451 2017 466 2061 g
490 2017 519 2050 2.
544 2016 750 2060 Quapropter,
771 2015 845 2048 huic
870 2015 962 2056 malo,
988 2015 1013 2047 si
1038 2025 1147 2048 verum

407 2071 463 2111 sit,
488 2080 546 2115 pro
574 2069 673 2104 nostri
705 2068 869 2113 pastoralis
899 2068 994 2101 officii
1020 2068 1147 2108 debito,

408 2129 557 2168 quantum
576 2134 646 2156 cum
665 2123 798 2156 Domino
822 2133 1001 2167 possumus,
1023 2121 1147 2154 obviam

409 2178 453 2211 ire
478 2177 634 2217 volentes,
659 2187 694 2210 ac
718 2176 755 2209 de
781 2178 833 2208 tua
860 2175 940 2216 fide,
964 2174 1148 2220 prudentia,

409 2230 596 2274 integritate,
615 2229 760 2263 doctrina
777 2234 808 2262 et
831 2239 940 2261 rerum
957 2227 1148 2272 experientia

407 2283 581 2328 plurimum
606 2283 638 2315 in
658 2282 790 2315 Domino
815 2281 935 2321 confisi,
962 2281 1015 2313 tibi
1041 2285 1150 2314 contra

408 2348 517 2372 omnes
541 2342 571 2370 et
595 2337 733 2380 singulas
748 2346 898 2380 personas
923 2335 1150 2369 ecclesiasticas

408 2393 503 2425 etiam
528 2392 559 2424 in
583 2391 734 2434 dignitate
758 2389 968 2423 ecclesiastica
999 2389 1150 2423 constitu-

408 2451 464 2484 tas,
483 2445 708 2488 cuiuscumque
723 2448 832 2484 status,
850 2442 969 2476 ordinis
994 2448 1024 2476 et
1048 2442 1151 2476 condi-

409 2499 501 2532 tionis
533 2499 717 2539 existentes,
750 2508 785 2531 ac
817 2507 1018 2541 quocumque
1049 2506 1151 2529 exem-

409 2552 524 2596 ptionis
547 2556 578 2586 et
601 2551 828 2591 immunitatis,
854 2550 917 2583 sive
949 2550 1010 2583 alio
1039 2549 1150 2593 quovis

410 2605 575 2649 privilegio
595 2605 747 2644 suffultas,
764 2604 920 2648 nobisque
944 2608 974 2637 et
997 2602 1151 2648 Apostoli-

448 2669 458 2695 1
482 2667 519 2696 Ex
539 2667 646 2704 Regest.
669 2667 694 2694 in
715 2668 819 2694 Secret.
842 2666 918 2693 Rvet.

983 259 1162 285 BULLARIUM
1186 259 1340 285 ROMANUM

1926 256 1975 284 An.
1991 256 2022 285 C.
2043 255 2110 285 162⁴

1176 319 1228 341 cac
1254 308 1324 342 Sedi
1343 306 1521 340 immediate
1546 305 1709 347 subiectas,
1725 306 1912 341 delictorum

1175 361 1354 395 huiusmodi
1380 371 1459 402 reas,
1485 369 1657 403 earumque
1681 359 1833 400 fautores,
1858 369 1914 393 seu

1175 414 1236 447 illis
1258 414 1420 454 auxilium,
1437 412 1603 447 consilium
1621 412 1668 445 vel
1692 412 1839 453 favorem,
1859 423 1915 456 pu-

1174 466 1254 501 blice
1288 468 1335 500 vel
1366 467 1504 506 occulte,
1530 465 1646 498 directe
1675 464 1722 497 vel
1748 464 1913 505 indirecte,

1174 520 1412 564 quomodolibet
1434 524 1638 563 praestantes,
1658 517 1688 550 in
1706 527 1804 560 regno
1828 517 1916 551 Polo-

1175 575 1243 607 niae
1261 574 1438 614 existentes,
1459 582 1552 616 super
1571 571 1752 615 praemissis
1769 570 1915 604 omnibus

1176 632 1205 660 et
1229 627 1361 671 singulis
1386 626 1564 671 inquirendi
1588 631 1619 658 et
1643 623 1846 669 procedendi,
1870 628 1916 657 at-

1176 691 1235 724 que
1261 681 1480 725 inquisitiones
1497 686 1524 714 et
1548 689 1716 724 processus
1733 676 1916 718 fabricandi,

1176 744 1393 778 quoscumque
1418 738 1533 774 testes,
1565 733 1658 766 ctiam
1690 730 1918 765 ecclesiasticos

1177 792 1206 820 ct
1229 787 1411 830 regulares,
1435 792 1469 820 ut
1492 786 1678 830 praefertur,
1702 783 1917 828 qualificatos,

1177 839 1396 880 examinandi,
1428 839 1575 883 ipsosque
1613 838 1652 872 ad
1686 836 1918 882 perhibendum

1178 893 1301 925 veritati
1320 893 1533 927 testimonium
1558 892 1616 926 sub
1640 892 1780 925 censuris
1800 896 1831 924 et
1847 901 1919 935 poe-

1177 945 1235 985 nis,
1253 945 1384 989 aliisque
1402 945 1589 989 opportunis
1609 945 1686 978 iuris
1703 944 1850 978 remediis
1869 955 1920 978 co-

1178 998 1271 1041 gendi
1295 1003 1326 1031 et
1349 998 1569 1042 compellendi,
1600 1009 1636 1031 ac
1659 1003 1723 1031 tarn
1746 1008 1800 1031 eos
1823 1008 1919 1042 quam

1179 1062 1250 1085 reos
1273 1057 1417 1096 repertos
1437 1051 1584 1095 rigoroso
1607 1051 1744 1084 examini
1768 1051 1866 1084 semel
1889 1056 1920 1084 et

1179 1105 1308 1149 pluries,
1325 1105 1404 1138 iuris
1428 1110 1533 1138 tamen
1556 1104 1667 1138 ordine
1691 1109 1825 1145 servato,
1850 1104 1921 1138 sub-

1179 1158 1345 1199 mittendi,
1371 1164 1525 1202 quatenus
1560 1168 1635 1191 vero
1670 1168 1707 1190 ex
1739 1157 1922 1202 praemissis

1181 1212 1321 1255 legitima
1337 1217 1367 1245 et
1387 1212 1429 1244 ita
1452 1211 1598 1255 urgentia
1622 1211 1774 1244 resultent
1796 1208 1921 1251 indicia,

1180 1271 1213 1298 ut
1240 1266 1381 1299 animum
1410 1269 1499 1299 tuum
1531 1265 1570 1298 ad
1593 1264 1767 1309 praemissa
1790 1263 1922 1297 veritate

1179 1319 1235 1353 niti
1267 1319 1459 1353 credendum
1490 1319 1657 1360 inducant,
1689 1319 1783 1352 etiam
1811 1323 1922 1351 contra

1180 1373 1344 1418 episcopos
1362 1379 1391 1407 et
1416 1373 1669 1418 archiepiscopos
1687 1372 1807 1417 pariter
1823 1371 1923 1415 inqui-

1180 1427 1269 1459 rendi
1294 1432 1323 1460 et
1346 1426 1554 1471 procedendi,
1579 1436 1696 1470 eosque
1727 1424 1921 1465 carcerandi,

1180 1480 1227 1513 vel
1253 1481 1311 1513 suh
1328 1480 1391 1513 fida
1412 1480 1552 1514 custodia
1577 1479 1747 1521 detinendi,
1765 1484 1795 1512 et
1812 1484 1922 1512 contra

1180 1533 1305 1566 eosdem
1331 1544 1429 1577 usquc
1453 1533 1492 1566 ad
1517 1533 1700 1566 sententiam
1725 1532 1922 1565 diffinitivam

1180 1587 1336 1620 exclusive
1350 1586 1545 1627 deveniendi,
1559 1586 1681 1629 aliaque
1699 1585 1805 1619 omnia
1818 1589 1847 1618 et
1863 1585 1923 1617 sin-

1180 1640 1253 1683 gula
1270 1640 1301 1673 in
1318 1640 1511 1684 praemissis,
1529 1644 1558 1673 et
1576 1640 1661 1673 circa
1685 1650 1720 1672 ea
1744 1638 1923 1672 necessaria

1181 1699 1210 1726 et
1233 1693 1471 1737 quomodolibet
1495 1698 1683 1737 opportuna,
1709 1692 1831 1726 etiamsi
1850 1691 1922 1724 talia

1181 1747 1241 1780 sint
1265 1747 1312 1780 vel
1337 1747 1474 1787 fuerint,
1499 1757 1580 1790 quae
1606 1746 1707 1789 magis
1731 1745 1921 1789 specialem,

1181 1800 1360 1844 specificam
1375 1805 1405 1833 et
1424 1810 1604 1844 expressam
1625 1799 1824 1842 requirerent
1840 1808 1923 1831 com-

1181 1853 1379 1893 missionem,
1403 1853 1546 1897 plenam,
1571 1852 1705 1885 liberam
1729 1857 1759 1885 et
1784 1851 1922 1895 amplam

1181 1906 1369 1947 facultatem,
1394 1906 1580 1939 auctoritate
1604 1905 1791 1949 apostolica,
1816 1908 1923 1938 tenore

1181 1960 1405 2004 praesentium,
1424 1958 1626 1992 concedimus
1642 1963 1672 1991 et
1685 1957 1895 2002 impertimur.

1226 2013 1240 2056 ἓ
1264 2012 1293 2046 3.
1319 2013 1472 2045 Volumus
1496 2018 1611 2053 autem,
1624 2017 1658 2045 ut
1674 2011 1699 2044 si
1716 2010 1796 2055 qua¹
1815 2014 1925 2044 contra
1938 2044 1970 2062 “a
1979 2042 2052 2063 mm
2069 2043 2122 2062 ffl-

1182 2066 1347 2110 episcopos
1364 2071 1393 2099 et
1409 2065 1664 2109 archiepiscopos
1684 2064 1861 2108 praedictos
1877 2074 1925 2097 re·
1938 2074 1976 2116 ¹³3}
1991 2048 2123 2116 iahigfiissggj

1182 2120 1374 2161 sultaverint,
1395 2130 1441 2160 ea,
1458 2129 1581 2153 necnon
1601 2118 1839 2152 informationes
1856 2128 1924 2151 om-
1938 2101 2122 2170 §g{,·,⁴,}‘;}‚⁵52¹}2³0

1182 2184 1237 2207 nes
1262 2179 1371 2206 contra
1391 2173 1518 2206 eosdem
1543 2172 1708 2216 episcopos
1735 2171 1782 2204 vel
1806 2171 1926 2204 archie—

1182 2225 1328 2270 piscopos
1341 2225 1477 2269 desuper
1490 2224 1669 2265 sumendas,
1684 2224 1741 2257 sub
1755 2228 1810 2257 tuo
1822 2223 1925 2266 sigillo

1183 2280 1287 2312 clausa
1325 2279 1364 2311 ad
1396 2289 1454 2312 nos
1485 2278 1722 2322 quamprimum
1756 2277 1926 2320 diligenter

1183 2332 1385 2373 transmittas,
1398 2337 1432 2365 ut
1449 2331 1533 2375 quod
1557 2331 1641 2364 circa
1665 2341 1701 2364 ea
1726 2330 1925 2364 statuendum

1184 2386 1287 2426 fuerit,
1305 2387 1428 2418 matura
1455 2385 1682 2419 consultatione
1707 2384 1858 2425 adhibita,
1876 2383 1926 2417 dc-

1184 2449 1313 2473 cernere
1330 2439 1497 2471 valeamus.

1228 2493 1243 2537 §
1266 2492 1296 2525 4.
1314 2493 1382 2526 Non
1402 2491 1597 2526 obstantibus
1618 2491 1716 2525 felicis
1737 2490 1926 2525 recordatio-

1183 2547 1231 2580 nis
1263 2546 1413 2580 Bonifacii
1447 2547 1548 2590 Papae
1579 2546 1644 2579 vlll
1672 2545 1925 2590 praedecessoris

1184 2601 1284 2635 nostri
1313 2601 1351 2634 de
1383 2602 1464 2641 una,
1488 2605 1518 2633 et
1547 2599 1671 2633 concilii
1701 2598 1856 2643 generalis
1887 2596 1926 2629 de

1220 2664 1231 2691 1
1251 2663 1321 2691 Edit.
1338 2663 1416 2691 Μαίη.
1434 2662 1520 2690 habet
1534 2663 1559 2690 si
1573 2670 1648 2698 quae
1661 2662 1699 2697 (n.
1717 2661 1764 2695 r).

1978 2015 2058 2037 Indicia
2074 2021 2122 2036 con·

2008 2495 2122 2521 Derogatio

1939 2523 2100 2544 contrariorum.
