2269 3235
113 248 166 275 Αιι.
187 247 217 274 G.
233 245 300 274 1627

156 839 300 866 Exemplorum

119 867 178 888 tides.

147 1160 234 1181 Sanctio
254 1164 303 1186 poe-

120 1187 181 1208 naliS.

918 244 1059 267 URBANUS
1084 243 1139 266 VIII
1163 243 1210 267 PP.

312 292 403 326 ritate
428 291 547 336 pariter
572 291 791 333 decernimus,
817 291 901 335 quod
927 291 996 324 illac
1023 291 1053 324 in

314 345 410 378 valvis
435 344 584 378 ecclesiae
609 343 837 384 Latet-anemis,
855 349 885 376 et
908 343 1053 376 basilicae

315 397 469 442 Principis
500 397 717 442 apostolorum
743 397 780 429 dc
806 396 907 436 Urbe,
932 406 1053 429 necnon

315 451 346 483 in
370 451 435 484 acic
459 451 568 495 Campi
592 451 703 484 Florae
722 449 923 494 publicentur
940 453 969 482 et
992 450 1054 481 assi-

313 509 437 547 g-antur,
456 515 546 548 quac⁷
568 508 733 548 postquam
759 503 803 536 sic
827 503 937 535 affixae
953 507 983 535 et
1001 515 1054 547 pu-

314 557 444 591 blicatae
468 558 593 598 suerint,
618 566 834 601 quoscumque
859 561 921 588 tam
942 555 972 588 in
996 557 1054 589 no-

315 620 407 643 mana
420 610 507 644 curia
520 615 550 643 et
564 610 650 643 Statu
667 609 839 653 praedicto,
856 619 950 652 quam
968 613 1054 641 extra

316 674 369 698 cos
383 664 560 705 existentes,
577 663 708 708 perinde
724 662 864 705 obligent
879 667 908 695 et
924 666 1054 704 aretem,

316 728 351 750 ac
371 717 398 750 si
421 717 590 761 unicuique
603 727 714 750 eorum
730 716 916 750 nominatim
933 722 963 749 et
982 727 1054 760 per-

317 771 466 805 sonaliter
482 770 643 803 intimatae
660 770 806 810 fuissent;

361 825 375 868 ξ
400 823 451 856 11.
477 823 628 867 Quodque
652 834 759 856 earum
784 823 946 867 exemplis,
963 824 1055 857 etiam

316 877 491 921 impressis,
508 886 603 909 manu
626 876 740 910 notarii
764 877 883 921 publici
908 882 938 910 et
954 877 1056 920 sigillo

316 930 448 964 alicuius
463 940 618 974 personae
636 930 667 963 in
681 930 831 973 dignitate
848 930 1057 964 ecclesiastica

318 984 504 1017 constitutae
529 983 668 1024 munitis,
693 984 802 1016 eadem
826 995 956 1028 prorsus
982 984 1058 1017 sides

320 1037 514 1079 adhibeatur,
532 1048 612 1081 quae
629 1037 1059 1082 ipsismetpraesentibusha-

318 1091 458 1133 beretur,
476 1091 501 1123 si
518 1096 621 1124 essent
638 1091 793 1124 exhibitae
810 1092 860 1124 vel
877 1095 1028 1126 ostensae.

363 1145 378 1188 §
402 1145 453 1178 11⁹2.
478 1145 561 1179 Nulli
585 1156 662 1188 ergo
687 1145 814 1179 omnino
838 1146 1001 1179 hominum
1026 1146 1060 1178 li-

319 1203 386 1232 ceat
410 1199 489 1232 hanc
514 1199 661 1242 paginam
686 1204 811 1232 nostrae
835 1199 1058 1243 praefixionis,

319 1252 477 1296 praecepti
493 1280 500 1293 ‚
532 1252 801 1293 declarationum,
836 1253 1037 1286 iniunctionis
1052 1281 1059 1294 ,

319 1305 550 1345 mandatorum,
566 1306 735 1338 voluntatis
750 1310 780 1338 et
797 1305 997 1339 decretorum
1018 1307 1061 1338 in-

319 1358 468 1401 fringere,
486 1358 534 1391 vel
555 1358 582 1391 ei
603 1369 682 1392 ausu
705 1359 874 1392 temerario
892 1360 1059 1392 contraire.

320 1412 351 1445 Si
371 1412 441 1456 quis
465 1416 570 1445 autem
587 1412 648 1446 hoc
672 1417 825 1447 attentare
841 1424 1061 1458 praesumpse-

319 1465 377 1507 rit,
403 1465 649 1509 indignationem
677 1467 903 1511 omnipotentis
928 1468 1000 1508 Dei,
1026 1478 1061 1500 ac

320 1520 487 1554 beatorum
503 1521 587 1554 Petri
607 1525 637 1553 et
654 1521 740 1554 Pauli
760 1522 977 1565 apostolorum
994 1522 1060 1555 eius

320 1585 352 1608 se
375 1574 500 1608 noverit
522 1574 734 1608 incursurum.

363 1628 475 1662 Datum
499 1629 628 1670 Romae,
654 1628 738 1673 apud
761 1634 900 1662 sanctam
932 1629 1060 1662 Mariam

319 1681 491 1723 Maiorem,
518 1692 599 1715 anno
626 1682 853 1715 Incarnationis
881 1683 1062 1716 Dominicae

321 1746 482 1777 MDCXXVII,
502 1745 521 1769 v
546 1736 694 1770 kalendas
716 1736 855 1771 octobris
869 1764 876 1778 ,
901 1737 1063 1781 pontifica-

321 1794 371 1823 tus
394 1789 494 1823 nostri
519 1800 600 1823 anno
625 1800 654 1823 v.

356 1851 415 1879 Dat.
432 1852 475 1880 die
489 1852 522 1880 27
539 1853 701 1889 septembris
718 1854 796 1889 1627,
817 1854 912 1890 pontis.
930 1862 1001 1883 anno
1019 1862 1058 1893 v„

365 1940 463 1975 Anno
480 1952 500 1974 a
524 1943 696 1976 nativitate
720 1943 759 1976 D.
787 1943 827 1977 N.
848 1943 921 1977 Iesu
941 1944 1064 1979 Christi

322 2005 489 2037 Mncxxvn,
507 1997 685 2030 indictione
708 2008 740 2038 x,
760 1999 970 2042 pontificatus
988 2000 1064 2033 San-

323 2049 461 2082 ctissimi
473 2050 510 2083 in
535 2050 663 2084 Christo
686 2051 800 2084 Patris
832 2056 861 2085 et
884 2053 924 2086 D.
951 2053 992 2086 N.
1021 2053 1059 2086 D.

326 2102 451 2135 Urbani
475 2103 588 2136 dirimi
609 2104 814 2147 providentia
839 2106 951 2150 Papae
968 2107 1060 2147 VIII,

323 2166 410 2188 anno
431 2156 500 2189 eius
517 2167 546 2198 v,
566 2157 618 2190 die
633 2168 705 2191 vero
730 2168 750 2191 v
770 2160 890 2192 mensis
914 2161 1060 2200 octobri&

323 2210 547 2254 retroscriptae
565 2211 691 2244 litterae
703 2212 897 2256 apostolicae
916 2214 1064 2257 publica-

327 2268 376 2298 tae
403 2268 433 2297 et
454 2265 573 2308 affixae
602 2266 736 2309 fuerunt
761 2266 803 2299 ad
827 2267 937 2300 valvas
961 2268 1064 2301 Prin-

326 2318 408 2362 cipis*
433 2319 653 2363 apostolorum
681 2320 719 2353 de
749 2320 846 2361 Urbe,
874 2321 905 2355 S.
927 2321 1064 2355 Ioannis

326 2372 552 2406 Lateranensis
573 2378 602 2407 et
621 2374 656 2406 in
669 2375 735 2408 acie
751 2374 866 2419 Campi
877 2375 995 2408 Florae
1006 2386 1065 2419 per

327 2436 383 2459 nos
396 2427 542 2459 Paulum
558 2427 766 2461 Bartoccium
785 2433 814 2461 et
837 2428 1064 2475 Ατιςγῑιειρητιηιγ

328 2479 365 2512 de
389 2479 494 2513 Bonis
518 2481 707 2524 apostolicos
731 2492 884 2515 cursores.

614 2543 789 2585 ΜΑΤΤΗΙΑΞ,
815 2544 974 2587 magister.

1390 289 1523 324 CCLXII.

1086 370 1210 404 Erectio
1237 370 1500 413 Conqressationis
1528 380 1624 412 super
1649 369 1827 411 cmzfli'nibus

1130 424 1241 457 Slalits
1273 423 1349 455 Sauli?
1380 423 1584 465 alpos-solima
1617 422 1755 454 mediate
1779 422 1827 453 rel

1132 476 1319 508 i'nmzcdiatc
1343 476 1496 515 subiecti,
1522 486 1594 507 cnm
1620 475 1828 517 deputatione

1132 530 1226 561 iltius
1248 530 1404 573 praefecti
1428 534 1455 561 et
1480 530 1711 569 consultorum,
1729 533 1757 561 ct
1781 530 1830 571 fct-

1133 582 1311 615 antiatibus
1336 581 1455 614 eisdem
1480 582 1665 615 concessis&

1300 661 1436 689 Urbanus
1458 662 1615 695 episcopus

1275 712 1380 733 servus
1410 713 1565 733 servorum
1585 706 1652 740 Dei,

1214 750 1250 777 ad
1265 753 1442 784 perpetuam
1462 750 1507 777 rei
1529 750 1710 777 memoriam.

1134 821 1281 854 Debitum
1302 821 1468 865 pastoralis
1486 820 1579 854 officii
1593 821 1693 860 nobis,
1712 821 1830 854 meritis

1090 875 1162 909 licet
1186 874 1369 918 imparibus,
1391 874 1494 907 divina
1519 874 1724 917 dispositione
1749 885 1831 907 com-

1092 929 1198 969 missi,
1224 933 1361 961 mentem
1387 933 1529 962 nostram
1555 927 1702 961 continua
1729 928 1833 971 pulsat

1093 982 1248 1023 instantia,
1268 987 1301 1015 ut
1326 982 1364 1015 ad
1388 993 1434 1023 ea,
1452 992 1531 1026 quae
1556 987 1681 1015 nostrae
1699 987 1729 1014 et
1745 981 1833 1015 Sedis

1094 1036 1291 1079 Apostolicae
1309 1035 1478 1077 civitatum,
1501 1035 1689 1079 oppidorum
1706 1040 1735 1067 et
1752 1035 1834 1068 loco-

1093 1100 1173 1131 rum,
1199 1088 1396 1132 aliorumque
1421 1089 1589 1129 bonorum,
1615 1088 1786 1122 confinium
1804 1094 1834 1121 ct

1093 1143 1303 1175 terminorum
1328 1143 1596 1176 manutentionem
1618 1148 1647 1175 et
1672 1153 1834 1175 conserva-

1095 1195 1224 1236 tionem,
1245 1206 1280 1228 ac
1301 1196 1428 1228 illorum
1446 1196 1632 1236 incolarum,
1651 1199 1831 1229 nostrorum

1094 1254 1124 1281 et
1141 1249 1241 1281 dictae
1262 1249 1349 1282 Sedis
1366 1249 1574 1288 subditorum,
1589 1249 1786 1282 securitatem
1806 1255 1833 1281 et

1095 1303 1351 1346 tranquillitatem
1370 1309 1574 1344 concernunt,
1593 1303 1684 1337 etiam
1704 1314 1760 1346 per
1778 1313 1835 1336 no-

1095 1367 1204 1388 varum
1225 1357 1506 1399 congregationum
1528 1357 1709 1400 praemissis
1727 1357 1835 1389 sedulo

1095 1410 1290 1453 vigilantium
1308 1410 1498 1443 erectionem
1516 1410 1725 1453 procuranda,
1744 1421 1836 1454 opem

1095 1469 1124 1495 et
1145 1474 1287 1507 operam,
1309 1468 1459 1507 quantum
1485 1463 1575 1497 nobis
1595 1475 1631 1496 ex
1651 1464 1713 1496 alto
1727 1474 1838 1497 conce·

1095 1516 1189 1556 ditur,
1215 1517 1356 1549 efficaces
1382 1517 1612 1560 impendamus,
1638 1517 1760 1560 aliaque
1785 1517 1838 1549 dc-

1096 1580 1190 1614 super
1215 1570 1427 1613 disponamus,
1445 1574 1539 1613 prout
1559 1570 1597 1602 ad
1615 1581 1758 1603 camerae
1781 1581 1837 1603 no-

1096 1628 1177 1656 strae
1195 1628 1223 1656 et
1242 1623 1440 1656 subditorum
1459 1623 1643 1656 eorumdem
1661 1624 1836 1665 utilitatem7

1096 1681 1124 1710 et
1135 1676 1237 1709 Status
1247 1676 1347 1709 nostri
1362 1676 1570 1709 Ecclesiastici
1585 1677 1759 1718 tuitionem,
1770 1687 1839 1710 con-

1097 1730 1247 1774 spicimus
1272 1730 1304 1762 in
1328 1729 1461 1763 Domino
1487 1730 1658 1763 salubriter
1682 1731 1837 1774 expedire.

1141 1784 1156 1827 ἓ
1180 1783 1209 1816 ’1.
1234 1784 1342 1827 Nuper
1364 1783 1519 1827 siquidem
1546 1795 1583 1816 ex
1608 1785 1840 1828 praemissiset.

1097 1838 1191 1870 certis
1219 1838 1287 1870 aliis
1318 1842 1391 1870 tunc
1422 1837 1579 1882 expressis
1610 1838 1787 1871 rationibus
1811 1844 1839 1871 et

1098 1891 1198 1925 causis
1216 1891 1351 1933 adducti,
1369 1902 1404 1924 ac
1420 1892 1634 1924 Romanorum
1653 1892 1840 1925 Pontificum

1098 1944 1379 1988 praedecessorum
1394 1949 1575 1978 nostrorum
1586 1944 1725 1987 vestigiis
1737 1945 1840 1978 inhae-

1098 2004 1213 2040 rentes,
1230 2009 1325 2031 unam
1338 2009 1354 2032 a
1364 1999 1462 2032 felicis
1472 1999 1699 2032 recordationis
1717 1999 1802 2033 Sixto
1816 2000 1838 2032 Y

1132 2071 1145 2098 1
1163 2071 1251 2098 Sixtus
1266 2071 1286 2097 V
1303 2071 1440 2106 prohibuit
1455 2070 1567 2097 alienari
1582 2070 1652 2097 bona
1668 2071 1694 2097 in
1709 2070 1839 2104 forenses,

1098 2121 1124 2142 et
1151 2120 1239 2143 castra
1267 2115 1372 2151 aliaque
1400 2115 1471 2142 bona
1494 2115 1716 2142 iurisdictionalia
1740 2116 1840 2142 tamin

1097 2160 1219 2187 forenses
1246 2168 1325 2196 quam
1345 2160 1372 2186 in
1392 2160 1525 2193 subditos,
1550 2160 1651 2195 absque
1671 2159 1746 2186 Sedis
1765 2161 1840 2196 Apo-

1097 2206 1206 2232 stolicae
1221 2205 1344 2239 licentia3
1359 2214 1439 2240 quam
1455 2205 1667 2239 prohibitionem
1679 2204 1842 2231 innovarunt

1099 2251 1223 2278 Clemens
1233 2251 1289 2277 VlIl
1303 2255 1329 2277 et
1345 2251 1442 2277 Paulus
1454 2250 1483 2281 V,
1495 2254 1522 2277 et
1537 2250 1639 2285 pariter
1653 2250 1703 2276 iste
1721 2250 1843 2277 Pontifex

1098 2304 1144 2323 eas
1154 2296 1331 2327 confirmavit,
1348 2295 1495 2322 declaravit
1512 2299 1540 2321 et
1555 2294 1694 2330 ampliavit
1704 2293 1781 2327 (Vide
1796 2303 1844 2321 no-

1099 2343 1151 2366 tam
1168 2339 1201 2366 ad
1216 2339 1362 2372 rubricam,
1375 2339 1465 2366 Coust.
1483 2339 1623 2373 praeced,
1641 2346 1702 2373 pag.
1719 2338 1781 2373 597,
1797 2338 1843 2365 ubi

1098 2392 1193 2412 omnes
1208 2384 1363 2419 praedictae
1379 2383 1584 2410 constitutiones
1600 2382 1696 2410 citatae
1712 2385 1798 2418 sunt).
1811 2384 1844 2410 Et

1099 2438 1157 2456 cum
1179 2428 1277 2455 multae
1297 2428 1473 2455 alienationes
1493 2432 1585 2455 contra
1605 2427 1758 2463 praedictas
1778 2436 1843 2455 con-

1098 2474 1251 2501 stitutiones
1265 2473 1351 2501 sactae
1370 2474 1495 2505 fuissent,
1512 2473 1635 2509 praefixit
1651 2474 1774 2509 partibus
1790 2477 1844 2501 ter-

1099 2520 1202 2546 minum
1218 2519 1249 2546 ad
1267 2527 1313 2546 eas
1328 2519 1508 2546 revocandum
1522 2519 1624 2555 absque
1637 2527 1788 2554 poenarum
1804 2519 1844 2546 in-

1099 2572 1239 2591 cursarum
1258 2563 1405 2590 inflictione
1421 2567 1449 2590 ut
1464 2563 1491 2590 in
1506 2563 1619 2591 Constit.
1637 2563 1763 2599 praeced.
1781 2571 1841 2598 pag.

1098 2608 1160 2636 597.
1182 2607 1257 2639 Quod
1276 2616 1335 2634 cum
1355 2616 1450 2643 parum
1469 2607 1614 2643 profuisset
1633 2608 1704 2636 hanc
1724 2608 1843 2644 Congre-

1098 2653 1234 2689 gationem
1253 2652 1337 2681 erexit
1355 2656 1382 2681 et
1399 2652 1523 2681 instituit.

1732 231 1795 266 599
1841 241 1890 266 An.
1911 240 1938 266 c.
1954 239 2022 266 1627

1874 833 1993 853 Exordium.

1882 1792 1953 1813 Sixtus
1962 1792 2039 1814 [Cle-

1855 1825 1913 1839 mens
1942 1819 1988 1840 VIII
2019 1820 2040 1838 el.

1856 1845 1933 1865 Panto<
1955 1845 1972 1865 V
1995 1845 2038 1865 edi⁴

1856 1873 1929 1892 (lerunt
1959 1872 2039 1893 Consti-

1856 1902 1944 1922 tutione,
1963 1901 2039 1919 citatas

1856 1927 1876 1946 in
1894 1932 1911 1946 ni
1923 1928 1943 1946 ta
1960 1926 1987 1946 ad
2006 1931 2040 1945 ru-

1855 1952 2040 1978 brirainquasiste

1856 1979 1950 1999 Pontifex
1981 1985 2040 1999 intio-

1857 2007 1912 2026 uuit
1932 2008 1952 2026 et
1969 2008 2040 2026 exten-
