2269 3235
266 234 314 260 An.
331 233 360 260 C.
383 232 452 261 1623
497 225 539 258 ⁰28

297 561 346 583 zius
362 562 444 583 humili-

279 2312 394 2337 Splendida
405 2312 435 2332 di-

254 2339 329 2359 nntius
345 2340 416 2359 iacies,

461 282 493 314 in
517 293 549 315 se
574 287 603 315 et
627 282 658 315 in
686 283 775 324 aliis,
800 289 834 317 ut
865 283 895 316 in
927 284 1217 318 constitutionibus

462 335 624 368 Societatis
656 337 807 377 voluerit,
833 336 916 369 illam
945 337 1009 369 suis
1040 348 1107 370 csse
1138 342 1200 370 tam

459 388 598 431 perfecte
618 390 813 429 servandam,
831 394 865 421 ut
882 390 956 422 eniti
977 389 1119 430 debeant,
1136 401 1202 424 cor-

460 441 558 483 poris,
577 443 753 485 mentisquc
773 442 938 484 munditia,
955 443 1128 485 angelicam
1148 454 1201 487 pu-

459 493 582 527 ritatem
608 495 732 527 imitari.

503 548 518 590 ἓ
543 548 593 581 29.
621 548 795 581 Profundae
819 549 912 582 etiam
937 549 1121 583 humilitatis
1138 560 1200 584 non

460 600 595 633 obscura
619 600 703 633 dedit
728 601 857 643 indicia,
883 602 968 643 dum,
987 614 1019 635 sc
1039 603 1078 635 ad
1102 613 1200 636 novae

462 653 540 685 vitae
558 664 656 695 genus
675 654 850 697 accingens,
868 656 965 688 noluit
983 666 1075 688 suum
1092 656 1201 689 audire

461 717 646 748 germanum
665 707 723 739 sibi
744 708 878 741 familiae
902 709 1107 751 nobilitatem,
1125 720 1199 754 opes

461 766 490 793 ct
523 761 554 792 in
587 761 696 793 mililia
728 762 965 803 strenuitatem,
995 773 1030 796 ac
1061 764 1198 796 futuram

462 813 531 845 inde
549 814 682 855 gloriam
699 821 1002 857 repraesentantem;
1021 816 1074 849 sed
1095 818 1197 850 statim

459 871 550 910 atque
575 878 611 900 ex
636 869 749 900 morbo
770 874 798 901 et
814 870 942 902 vulnere
968 870 1133 909 convaluit,
1151 882 1196 903 se-

458 920 529 952 culo
553 921 696 953 nuntium
723 922 851 953 remisit.
878 923 961 954 Idem
987 923 1081 955 etiam
1105 923 1198 956 deno-

458 978 556 1013 tatur,
582 974 654 1016 quia
679 974 709 1005 in
736 974 869 1016 patriam
894 975 1079 1007 valetudinis
1105 978 1197 1008 causa

458 1026 590 1066 rediens,
617 1037 687 1059 cum
706 1037 737 1058 se
753 1037 771 1058 a
787 1027 922 1071 quodam
949 1028 1009 1060 iam
1036 1029 1197 1070 cognitum

457 1089 524 1111 esse
555 1078 845 1119 animadvertisset,
877 1080 989 1114 timens
1021 1082 1196 1122 honorem,

456 1143 549 1175 quem
574 1138 603 1165 et
628 1144 812 1175 germanum
829 1139 859 1166 et.
878 1135 994 1167 incolas
1019 1136 1196 1178 Aspeithiae

455 1187 513 1218 sibi
538 1187 733 1220 exhibituros
758 1198 826 1220 esse.
857 1188 1071 1231 intelligebat,
1097 1191 1197 1223 noluit

455 1250 525 1271 cum
551 1250 599 1279 eo,
619 1250 636 1272 a
660 1252 722 1284 quo
748 1241 892 1284 cognitus
918 1243 1194 1285 11wrat‚vi511·ccta

456 1293 647 1336 Aspeithiam
671 1294 847 1337 prolicisci3
869 1295 922 1327 sed
948 1306 1004 1338 per
1029 1302 1150 1329 montes
1166 1303 1196 1330 et

455 1346 581 1378 semitas
613 1346 755 1390 obliquas
789 1348 873 1380 solus
906 1348 980 1380 illuc
1012 1350 1142 1382 accessit
1166 1355 1196 1382 et

454 1398 558 1431 nobile
584 1399 733 1442 palatium
759 1410 830 1432 cum
856 1401 971 1433 vilitate
996 1402 1123 1435 humilis
1143 1403 1196 1435 ho-

454 1452 574 1495 spitalis
605 1453 811 1485 libentissime
844 1456 1063 1495 comimitavit;
1088 1456 1195 1488 nullis-

454 1515 514 1548 que
543 1506 691 1549 precibus
722 1507 833 1539 adduci
860 1508 982 1550 potuit,
1006 1514 1040 1541 ut
1064 1509 1194 1542 domum

453 1562 615 1600 paternam
641 1558 868 1601 ingrederetur.

497 1612 512 1655 ἓ
529 1611 579 1644 30.
599 1612 738 1656 Denique
756 1623 818 1646 non
836 1614 938 1646 solum
957 1625 1068 1648 vanam
1086 1616 1193 1649 mundi

453 1666 610 1708 gloriam,
644 1666 698 1698 sed
733 1677 766 1698 se
802 1666 896 1699 etiam
931 1668 1033 1711 ipsum
1067 1670 1193 1712 egregia

453 1719 709 1761 magnanimitate
752 1720 950 1763 contempsit.
989 1721 1193 1756 Renuntiatus

452 1771 535 1803 enim
556 1772 751 1815 praepositus
771 1773 926 1815 generalis
943 1774 1115 1815 Societatis,
1132 1780 1195 1808 tan-

452 1825 505 1857 diu
530 1825 560 1857 id
584 1826 724 1858 muneris
752 1826 858 1858 subire
890 1828 1065 1867 recusavit,
1090 1830 1191 1871 quoad

452 1878 519 1910 eius
543 1879 751 1911 confessarius
776 1879 820 1919 ei,
845 1883 879 1913 ut
902 1880 1123 1913 demandatum
1148 1894 1193 1915 re-

452 1933 569 1976 ciperet
593 1933 745 1973 officium,
772 1934 947 1976 ii‘nperavit,
966 1940 996 1967 et,
1016 1940 1085 1978 post
1107 1947 1192 1969 recc-

451 1990 539 2029 ptum
565 1997 696 2026 munus,
726 1991 760 2018 ut
786 1998 855 2026 eos,
884 1998 963 2030 quos
987 1988 1018 2020 in
1042 1990 1191 2022 constitu-

452 2039 590 2072 tionibus
614 2040 653 2072 ad
678 2041 887 2073 humilitatem
913 2042 1057 2074 hortatur
1082 2044 1188 2084 verbo,

451 2092 592 2125 firmaret
627 2094 790 2137 exemplo,
823 2094 962 2137 primum
999 2095 1125 2137 quidem
1161 2097 1191 2128 in

451 2146 603 2189 coquinae
627 2146 809 2179 ministeriis
838 2148 957 2190 aliquot
981 2152 1121 2181 versatus
1146 2154 1191 2181 est,

451 2198 526 2240 dies,
553 2203 616 2231 tum
642 2200 756 2232 docere
781 2211 947 2242 aggressus
965 2206 1009 2233 est
1027 2212 1142 2244 pucros
1163 2207 1192 2235 et

450 2252 544 2282 rude-s
568 2249 757 2284 doctrinalis
768 2253 979 2286 christianam.

494 2307 508 2345 ᾗ
546 2306 597 2338 31.
635 2306 844 2339 Excellentem
885 2318 959 2339 vero
995 2309 1102 2340 famuli
1144 2310 1191 2341 sni

451 2359 643 2391 >natitatem
669 2360 870 2403 eon‘iprobari
896 2361 994 2393 voluit
1023 2362 1114 2393 ctiam
1141 2362 1192 2394 Al-

452 2412 587 2444 ιζπηιιηιις
609 2423 704 2456 snper
725 2414 858 2445 naturali
885 2414 1053 2457 splendore
1078 2416 1191 2453 vuitus,

451 2476 563 2508 quem,
594 2466 668 2498 dum
696 2467 831 2507 viveret,
858 2467 1024 2511 aliquando
1050 2468 1193 2501 viderunt.

450 2519 481 2551 Β.
500 2519 662 2563 Philippus
686 2521 798 2553 Nerius
814 2526 844 2552 ot
861 2521 1019 2564 quondam
1038 2522 1192 2555 Olivcrius

450 2573 612 2606 Manareus
637 2574 770 2606 Flander
795 2575 933 2606 viusdmn
961 2574 1122 2608 societatis
1147 2586 1192 2609 re-

451 2626 579 2668 ligiosus
594 2654 600 2667 ,

1052 236 1230 261 auimatum
1255 235 1408 261 nomnen
1989 234 2040 264 Αη.
2059 235 2087 264 c.
2104 233 2176 265 162³

1279 286 1294 328 ς’
1310 285 1361 318 32.
1380 286 1423 318 Ac
1441 282 1619 318 testimonio
1637 283 1877 318 miraculorum:
1898 294 1974 328 quo·
2014 297 2123 319 mineum.

1235 348 1305 370 rum
1329 338 1419 381 plura
1436 337 1493 371 etsi
1512 337 1551 371 ab
1567 348 1604 370 eo
1621 337 1742 371 vivente
1760 336 1840 370 facta
1855 337 1887 370 in
1902 347 1974 381 pro-

1235 390 1373 424 cessibus
1404 395 1629 431 recensentur,
1661 389 1833 432 insigniora
1867 394 1973 423 tamen

1234 448 1304 486 post
1327 444 1394 477 eius
1418 444 1540 477 felicem
1564 443 1786 478 dormitionem
1803 443 1886 477 edita
1903 454 1974 488 pro-

1234 496 1358 529 bantur.

1279 551 1293 593 ἓ
1316 549 1368 583 33.
1394 550 1525 584 Isabella
1549 551 1631 584 enim
1652 550 1794 583 Rebelles
1818 550 1974 590 monialis,
2029 562 2173 593 :sannana-

1234 603 1383 636 Ordinem
1408 603 1437 636 S.
1456 604 1563 637 Clarae
1590 604 1620 636 in
1645 604 1837 637 monasterio
1861 603 1890 636 S.
1916 603 1974 636 Eli·
1989 588 2172 615 h⁰¹¹⁰⁵³²¹⁰¹¹¹⁸¹¹⁹¹

1234 657 1380 689 sabethae
1409 657 1654 690 Bai-chinonensi
1684 657 1824 690 eiusdem
1849 656 1973 690 Ordinis

1234 720 1379 753 expresse
1408 710 1569 753 professa,
1594 720 1691 743 annos
1714 715 1786 742 nata
1814 709 1973 752 sexaginta

1233 769 1364 807 septem,
1389 764 1464 796 dum
1489 764 1606 807 aliquid
1631 763 1735 807 operis
1760 763 1823 797 alto
1847 763 1879 796 in
1901 763 1972 796 loco

1233 817 1374 857 molitur,
1400 823 1529 860 repente
1554 822 1616 850 tam
1641 817 1728 860 gravi
1754 827 1827 850 casu
1850 817 1888 849 ad
1913 822 1974 850 ter-

1232 880 1299 901 ram
1324 875 1370 902 est
1393 871 1539 913 collapsa,
1564 876 1598 903 ut
1623 870 1817 912 coxendicis,
1842 880 1898 903 seu
1922 871 1972 903 fe-

1232 923 1329 955 moris
1353 934 1398 962 os,
1423 924 1506 966 quod
1530 924 1701 956 maximum
1719 928 1765 957 est
1784 924 1816 956 in
1833 924 1972 957 humano

1231 986 1374 1018 corpore,
1396 981 1496 1008 totum
1520 976 1615 1009 fuerit
1636 977 1845 1010 confractum:
1864 981 1894 1009 et
1914 987 1972 1020 per

1231 1028 1438 1071 quadraginta
1471 1028 1537 1061 dies
1570 1033 1600 1061 et
1631 1029 1714 1061 ultra
1741 1029 1888 1062 adhibitis
1915 1039 1972 1072 per

1231 1082 1388 1115 medicum
1413 1087 1443 1114 et
1467 1082 1664 1125 ehirurgum,
1682 1087 1795 1115 eventu
1818 1082 1910 1126 plane
1933 1082 1973 1114 ir-

1231 1135 1310 1175 rito,
1336 1135 1571 1168 medicamentis
1586 1163 1593 1176 ,
1619 1147 1654 1169 ac
1683 1136 1792 1169 dolore
1816 1141 1846 1168 et
1870 1136 1970 1176 febri,

1230 1200 1308 1231 quac
1334 1200 1369 1222 ex
1394 1189 1608 1223 confractione
1632 1193 1887 1233 supervenerant,
1907 1200 1971 1223 non

1230 1242 1433 1282 cessantibus,
1447 1247 1575 1284 aegrota
1592 1242 1674 1286 apud
1691 1252 1800 1275 omnes
1814 1247 1881 1275 erat
1893 1242 1971 1275 citra

1231 1295 1324 1327 ullam
1351 1295 1458 1329 salutis
1482 1306 1586 1339 opem,
1611 1306 1690 1339 quae
1714 1296 1823 1328 saltem
1847 1301 1971 1329 natura-

1228 1349 1309 1381 libus
1333 1349 1438 1392 parari
1462 1349 1586 1392 posset¹
1611 1349 1778 1390 remediis,
1802 1353 1837 1384 ut
1859 1350 1970 1383 eadem

1228 1402 1278 1434 die
1310 1402 1464 1435 moritura
1495 1402 1705 1435 crederetur:
1737 1403 1834 1446 petita
1865 1408 1970 1436 tamen

1228 1454 1278 1497 pia
1303 1466 1374 1487 cum
1400 1454 1555 1497 religione
1585 1461 1615 1488 et
1643 1455 1811 1498 impetrata
1835 1456 1970 1499 reliquia

1228 1507 1258 1539 Β.
1277 1507 1397 1549 Ignatii,
1418 1512 1449 1540 et
1469 1519 1564 1552 super
1584 1508 1785 1541 coxendicem
1802 1508 1969 1552 applicata,

1228 1561 1330 1593 statim
1355 1571 1429 1593 sana
1454 1566 1500 1594 est
1524 1562 1654 1602 reddita,
1672 1566 1702 1594 et
1718 1561 1920 1595 coxendicem
1934 1573 1970 1595 ac

1227 1614 1346 1655 tibiam,
1361 1615 1450 1658 prius
1466 1620 1640 1649 tumentem
1654 1621 1747 1659 atque
1762 1615 1969 1656 immobilem,

1227 1669 1370 1712 expedite
1401 1680 1437 1702 ac
1469 1670 1535 1702 sine
1564 1670 1672 1703 dolore
1703 1680 1831 1702 movere
1865 1669 1968 1713 cepit,

1227 1727 1257 1754 et
1280 1723 1329 1755 die
1353 1723 1498 1766 proxima
1523 1723 1669 1764 surrexit,
1686 1734 1722 1756 ac
1739 1723 1837 1756 libere
1852 1727 1883 1756 et
1899 1733 1969 1766 pcr-

1227 1776 1303 1809 sectc
1328 1776 1507 1809 ambulavit.

1271 1829 1285 1871 g
1316 1828 1367 1861 34.
1399 1830 1529 1862 Ioannes
1564 1829 1657 1862 Leida
1693 1829 1906 1863 Maioricensis
1936 1830 1968 1862 in
1993 1836 2167 1863 toanuosLeidn,

1228 1882 1314 1914 valde
1330 1886 1453 1915 acutam
1470 1888 1501 1915 et
1517 1883 1729 1926 periculosam
1753 1883 1866 1915 febrim
1890 1883 1968 1916 inci-

1226 1935 1330 1969 derat:
1348 1936 1482 1978 augebat
1505 1936 1683 1980 periculum
1705 1937 1842 1970 maxima
1857 1941 1969 1971 stoma-

1226 1989 1275 2020 chi
1293 2000 1421 2022 nausea:
1439 1995 1510 2033 post
1526 1990 1760 2031 duodecimum,
1774 1991 1822 2023 vel
1839 1990 1968 2024 tertium

1226 2042 1382 2075 decimum
1407 2043 1490 2075 diem
1515 2048 1605 2076 aucto
1629 2044 1782 2087 periculo,
1807 2054 1879 2077 cum
1903 2044 1967 2077 Deo

1226 2106 1292 2127 sese
1317 2106 1374 2139 per
1398 2096 1509 2129 merita
1534 2097 1564 2129 Β.
1592 2097 1702 2140 Ignatii
1727 2097 1867 2141 impense
1884 2107 1967 2130 com-

1226 2149 1410 2190 mendasset,
1421 2150 1561 2194 sequenti
1576 2156 1668 2183 nocte
1681 2161 1792 2184 somno
1805 2151 1965 2190 excitatus,

1226 2214 1340 2245 magno
1358 2204 1524 2247 splendore
1542 2205 1768 2238 circumfusum
1785 2204 1966 2237 cubiculum

1226 2257 1317 2297 vidit3
1343 2261 1373 2291 et
1398 2269 1528 2291 uxorem
1561 2258 1750 2291 inclamans:
1775 2258 1899 2299 Nonne,
1926 2258 1967 2290 in-

1225 2310 1300 2352 quit,
1326 2311 1412 2343 vides
1442 2323 1489 2344 me
1520 2323 1540 2344 α
1565 2312 1602 2344 Β.
1630 2312 1762 2355 anatio
1785 2312 1967 2344 sanatum?

1226 2362 1261 2394 Et
1286 2363 1484 2397 illucescente
1509 2365 1559 2397 die
1587 2375 1681 2398 sanus
1713 2370 1743 2397 et
1771 2365 1876 2398 valens
1900 2365 1967 2397 sine

1225 2415 1355 2448 alicuius
1380 2418 1494 2450 auxilio
1520 2428 1535 2450 c
1561 2418 1641 2451 lecto
1666 2417 1801 2450 surrexit
1825 2422 1855 2450 et
1879 2417 1967 2450 vesti-

1225 2469 1282 2501 bus
1307 2481 1337 2502 se
1364 2470 1472 2511 induit,
1498 2482 1533 2504 ac
1557 2472 1589 2503 in
1613 2472 1787 2515 gratiarum
1811 2471 1965 2505 actionem

1227 2523 1378 2566 templum
1403 2525 1566 2558 societatis
1591 2526 1732 2569 expedite
1757 2525 1842 2558 adiit.

1207 2565 1211 2669 i
1261 2639 1272 2665 r1
1295 2638 1364 2665 Edit.
1382 2639 1460 2666 Main.
1478 2639 1666 2674 legitposucnt
1682 2642 1718 2676 (n.
1735 2642 1771 2676 T.)
