2269 3235
132 249 185 277 An.
201 247 230 276 C.
250 247 319 275 1624

939 245 1081 270 thANus

375 293 540 328 Communi
564 304 683 337 omnes,
708 293 908 338 quantumvis
928 293 1069 335 magistri

332 352 385 381 aut
409 347 587 381 sacerdotes
612 348 682 390 sint,
702 347 793 389 victu,
819 345 940 387 vestitu,
961 351 991 378 et
1016 356 1070 378 cu-

332 400 437 434 biculo
462 405 598 442 utantur,
617 401 766 446 quamdiu
792 400 823 432 in
847 398 980 440 collegio
1005 398 1066 430 fue-

332 453 404 496 rint,
429 464 547 498 neque,
572 454 631 487 nisi
657 453 841 487 valetudinis
866 454 981 493 causa,
1011 462 1069 495 pe-

333 507 450 541 culiare
474 508 665 551 quidquam,
691 507 722 540 in
753 507 837 540 victu
865 505 1072 550 praesertim,

334 561 470 605 cuipiam
494 561 702 605 permittatur.

377 614 488 648 Cibum
513 620 601 648 extra
625 612 793 655 collegium
825 622 917 646 nemo
951 617 1072 653 sumat,

334 668 395 701 nisi
418 669 500 702 sorte
525 667 608 712 apud
631 672 786 711 parentes,
807 666 930 707 fratres,
949 670 1001 698 aut
1025 675 1076 709 pa-

334 724 442 764 truos,
474 721 567 765 idque
590 730 654 753 non
678 720 801 764 saepius
831 729 926 764 quam
962 718 1010 751 bis
1044 718 1076 750 in

335 784 416 808 anno
434 803 441 817 ,
473 774 511 807 de
542 775 692 818 expressa
723 773 913 816 protectoris
943 771 1076 804 admini-

336 827 462 861 strantis
486 827 621 860 licentia.
656 826 864 859 Pernoctandi
890 835 964 858 vero
989 831 1077 858 extra

336 881 506 924 collegium
532 886 586 914 au't
602 880 662 913 cibi
682 885 753 924 post
770 880 844 913 solis
861 890 1007 913 occasum
1026 889 1076 911 su-

336 934 456 968 mendi¹
482 934 611 967 facultas
627 934 714 966 nulla
732 934 852 967 ratione
876 933 1076 966 concedatur.

336 987 424 1028 Quod
448 988 473 1021 si
497 988 568 1032 quis
593 987 624 1020 in
648 987 807 1031 hospitiis,
833 986 989 1029 locandis,
1015 991 1076 1027 aut,

337 1042 421 1086 quod
445 1041 536 1084 absit,
554 1042 586 1074 in
603 1041 754 1086 cauponis
771 1040 875 1074 cibum
899 1044 952 1074 aut
968 1045 1078 1084 potum

338 1095 417 1129 clam
435 1095 607 1140 sumpsisse
623 1094 888 1140 deprehendatur,
905 1093 1080 1127 dimittatur

339 1160 355 1181 e
374 1149 518 1193 collegio.

382 1205 407 1237 A
430 1203 536 1236 litibus
560 1213 596 1236 ac
619 1202 819 1245 negotiorum
845 1201 1079 1246 procuratione,

339 1267 419 1301 quae
449 1256 580 1299 vagandi
613 1256 811 1289 occasionem
828 1282 835 1296 ,
860 1255 1078 1288 remissionem

338 1310 515 1344 studiorum
543 1320 579 1343 ac
596 1310 779 1354 disciplinae
803 1309 982 1342 necessario
1006 1308 1097 1341 affe-¹

340 1369 430 1405 runt,
461 1364 579 1397 alumni
610 1374 741 1407 prorsus
771 1368 955 1396 arceantur:
980 1372 1081 1405 neque

339 1427 396 1461 per
420 1418 507 1451 aulas
531 1423 584 1451 aut
607 1418 719 1451 domos
743 1422 944 1450 externorum
971 1427 1081 1449 excur-

341 1477 419 1504 rant.
437 1472 651 1506 Constituatur
667 1477 770 1504 autem
785 1471 897 1513 aliquis
914 1470 994 1514 pius,
1012 1480 1083 1513 pru-

341 1524 418 1558 dens
441 1531 472 1559 et
496 1529 644 1569 expertus
668 1524 726 1565 vir,
755 1524 819 1568 qui,
843 1524 868 1556 si
894 1523 979 1567 qua²
1004 1524 1083 1556 sorte

342 1579 534 1612 incurrerint
557 1579 758 1612 alumnorum
783 1577 924 1620 negotia,
950 1577 1083 1609 fideliter

342 1632 534 1677 expedienda
547 1637 645 1672 curet,
664 1642 699 1664 ac
715 1642 822 1664 rerum
837 1631 991 1671 omnium,
1005 1641 1083 1674 quae

343 1691 489 1730 aguntur,
514 1685 631 1719 rectori
656 1686 810 1718 rationem
836 1684 954 1717 reddat.

387 1740 596 1773 Alumnorum
626 1749 737 1781 nemo,
758 1739 985 1781 cuiuscumque
1013 1748 1085 1779 gra-

344 1793 412 1834 dus,
428 1793 548 1826 ordinis
564 1798 595 1825 et
607 1792 795 1826 conditionis
812 1792 862 1831 sit,
876 1792 942 1824 sine
960 1790 1085 1831 comite,

344 1847 382 1879 ad
403 1847 433 1879 id
451 1858 468 1879 a
484 1847 649 1890 superiore
674 1846 846 1888 designato,
865 1844 972 1887 cgrcdi
992 1844 1086 1876 domo

345 1900 466 1934 audeat.
491 1900 601 1933 Socius
624 1905 729 1933 autem
747 1900 786 1932 sit
811 1905 954 1932 maturus
974 1898 1087 1942 aliquis

346 1965 382 1987 ac
405 1954 507 1987 fidelis
531 1955 596 1995 vir,
614 1955 703 1998 isque
727 1964 790 1987 non
821 1964 837 1986 e
865 1962 999 1985 numero
1024 1952 1088 1984 alu-

347 2018 505 2042 mnorum.
522 2008 610 2047 Quod
634 2008 659 2040 si
680 2008 759 2051 quis,
779 2011 831 2041 aut
853 2007 919 2039 sine
944 2006 1089 2038 facultate

347 2066 378 2097 et
393 2063 508 2096 comite
528 2073 674 2106 egressus
692 2062 796 2102 suerit,
813 2067 866 2094 aut
890 2061 1088 2103 designatum

348 2115 407 2148 sibi
432 2115 580 2149 comitem
606 2115 792 2156 deseruerit,
818 2115 876 2154 vel,
897 2124 935 2147 eo
966 2124 1024 2157 pro
1049 2113 1091 2145 so-

349 2168 439 2202 ribus
463 2169 582 2211 relicto,
602 2170 726 2212 negotia
745 2169 828 2201 intus
845 2168 966 2202 occulte
981 2173 1092 2200 tracta-

351 2222 439 2263 verit,
463 2223 494 2255 in
518 2223 687 2266 collegium
712 2223 846 2267 amplius
870 2233 933 2255 non
960 2222 1091 2264 recipia-

353 2279 413 2315 tur,
429 2276 489 2308 nisi
505 2277 584 2309 sorte
604 2277 642 2309 ad
663 2282 798 2320 tempus,
816 2275 965 2319 puniendi
987 2276 1091 2308 causa.
1108 2265 1110 2280 ¹

396 2328 442 2362 Ad
459 2330 593 2363 tollenda
610 2330 764 2370 scandala,
781 2340 861 2374 quae
879 2341 915 2362 ex
937 2339 1093 2362 commes-
1109 2361 1110 2364 ,

355 2381 525 2415 sationibus
554 2384 630 2416 oriri
666 2389 818 2428 possunt,
844 2384 965 2416 nullum
992 2388 1111 2422 exter-5

354 2445 429 2468 num
447 2435 478 2468 in
502 2436 610 2470 hortos
626 2443 679 2470 aut
704 2437 851 2470 viridaria
868 2437 993 2479 collegii
1022 2436 1096 2468 invi-

355 2492 420 2523 tare
451 2489 490 2522 ad
514 2491 700 2524 sumendum
731 2491 835 2524 cibum
869 2495 973 2525 rector
997 2490 1113 2535 possit&

355 2542 422 2576 sine
446 2543 616 2587 praepositi
639 2545 793 2587 generalis
817 2555 981 2578 consensu.

392 2616 403 2641 1
421 2615 526 2651 Nempe
541 2599 627 2642 eitra
641 2616 792 2651 collegium
809 2623 846 2643 tn.
861 2618 909 2648 τ.).

391 2660 408 2687 2
429 2660 497 2688 Edit.
519 2660 597 2688 Μαίη.
619 2661 684 2698 legit
703 2670 777 2697 quae
796 2664 836 2697 (n.
854 2664 902 2693 ¹12).

1114 243 1170 269 vm
1193 245 1241 268 PP.

1147 292 1236 335 Apud
1261 302 1293 324 se
1317 301 1409 325 nemo
1442 290 1607 335 pecuniam
1631 288 1764 331 habeat,
1789 288 1844 322 sed

1103 346 1183 388 apud
1199 355 1407 378 oeconomum
1426 349 1478 377 aut
1498 344 1592 377 alium
1613 353 1630 376 a
1652 348 1774 375 rectore
1795 341 1845 375 de-

1105 399 1262 440 signatum
1287 399 1434 441 d‹·p0nat,
1454 398 1507 441 qui
1527 407 1596 430 eam
1622 396 1652 429 in
1677 396 1768 429 utiles
1792 400 1846 428 aut

1106 452 1299 484 necessarios
1312 451 1430 484 domini
1446 461 1530 491 usus,
1544 450 1670 484 conscio
1684 453 1713 483 et
1732 458 1847 493 appro-

1107 505 1199 536 bante
1224 509 1357 543 rectore,
1378 504 1539 547 expendet.

1150 557 1373 590 Cubiculorum
1399 557 1567 597 distinctio,
1585 562 1619 590 ut
1639 567 1718 600 quae
1743 555 1848 599 magni

1108 611 1257 644 momenti
1283 611 1320 643 ad
1346 611 1460 643 bonam
1497 611 1620 653 collegii
1651 609 1851 653 gubernatio-

1109 675 1179 697 nem
1205 675 1241 697 ac
1266 664 1434 696 iuventutis
1460 664 1698 696 instructionem
1723 668 1780 702 est,
1807 663 1850 695 di-

1109 719 1242 761 ligenter
1259 722 1410 758 servetur,
1425 717 1575 760 nullaque
1593 717 1712 749 ratione
1726 715 1852 760 permit-

1110 776 1153 804 tat
1177 776 1292 811 rector,
1310 776 1344 804 ut
1368 770 1463 811 domi,
1483 776 1536 803 aut
1563 769 1656 810 alibi,
1681 770 1733 813 qui
1759 769 1851 803 unius

1109 825 1246 858 cubiculi
1271 830 1352 865 sunt,
1377 835 1447 857 cum
1469 824 1507 856 iis
1531 824 1772 866 colloquantur,
1798 823 1853 867 qui

1110 880 1148 912 ad
1172 880 1304 912 alterum
1330 879 1511 911 cubiculum
1536 882 1686 922 spectant,
1707 877 1773 909 sine
1798 887 1853 920 pe-

1111 933 1231 973 culiari,
1246 944 1281 966 ac
1294 933 1385 965 toties
1398 932 1522 975 quoties
1535 930 1746 972 concedenda,
1761 928 1855 963 facul-

1111 992 1183 1027 tate,
1201 997 1295 1030 quam
1319 996 1383 1018 non
1406 985 1496 1018 facile
1521 985 1668 1027 cuiquam
1693 982 1853 1024 concedat,

1111 1041 1170 1073 nisi
1188 1039 1347 1081 fratribus,
1362 1044 1416 1072 aut
1429 1037 1679 1081 consanguineis,
1697 1041 1750 1070 aut
1765 1035 1855 1069 disci-

1113 1095 1206 1138 pulis,
1223 1099 1257 1126 ut
1275 1104 1347 1126 cum
1367 1093 1526 1135 magistris
1543 1092 1607 1125 suis
1624 1091 1853 1135 colloquantur.

1113 1148 1207 1179 Extra
1232 1147 1411 1179 cubiculum
1438 1156 1512 1178 vero
1537 1155 1629 1178 nemo
1653 1145 1854 1177 alumnorum

1113 1206 1211 1241 exeat,
1229 1200 1289 1232 nisi
1303 1200 1471 1243 impetrata
1484 1200 1572 1243 prius
1585 1210 1602 1231 a
1617 1198 1752 1231 cubiculi
1770 1207 1856 1242 prae-

1114 1254 1193 1287 secto
1213 1253 1370 1293 facultate,
1387 1258 1418 1285 et
1450 1252 1585 1285 indicato
1612 1251 1750 1294 negotio,
1767 1250 1857 1283 cuius

1114 1309 1208 1341 causa
1233 1307 1318 1339 exire
1353 1306 1447 1347 velit,
1472 1316 1551 1349 quae
1588 1315 1650 1338 non
1681 1303 1778 1337 animi
1802 1302 1856 1336 sed

1097 1361 1308 1408 ,necessitatis
1328 1362 1422 1393 causa
1447 1358 1647 1392 concedatur.
1666 1358 1699 1390 ln
1716 1357 1857 1390 officinas

1116 1425 1190 1448 vero
1214 1420 1244 1447 et
1268 1415 1337 1447 loca
1357 1413 1486 1457 privatis
1506 1413 1696 1445 famulorum
1722 1411 1858 1443 ministe-

1117 1469 1171 1501 riis
1195 1468 1361 1511 assignata,
1383 1472 1437 1499 aut
1460 1477 1477 1499 a
1502 1465 1663 1500 communi
1688 1468 1857 1508 conspectu

1116 1523 1234 1562 dissita,
1251 1532 1344 1555 nemo
1369 1520 1573 1563 ingrediatur.

1161 1577 1237 1610 Cum
1254 1575 1401 1614 externis,
1415 1574 1542 1608 Graecis
1555 1573 1739 1617 praesertim
1754 1572 1860 1606 Orien-

1119 1631 1252 1670 talibus,
1277 1639 1380 1672 neque
1411 1628 1497 1660 domi
1528 1637 1629 1670 neque
1656 1626 1731 1658 alibi
1757 1626 1857 1659 collo·

1118 1684 1226 1727 quium
1263 1683 1423 1715 misceant.
1459 1680 1547 1720 Quod
1579 1680 1604 1712 si
1635 1679 1705 1723 quis
1735 1679 1861 1721 ignotus

1119 1736 1297 1775 accesserit,
1312 1741 1345 1768 ut
1359 1746 1413 1768 eos
1430 1735 1618 1777 alloquatur,
1632 1732 1756 1765 nonnisi
1775 1742 1863 1776 prae-

1120 1796 1206 1823 sente
1229 1790 1335 1833 aliquo
1361 1789 1428 1821 viro
1453 1788 1537 1820 fideli
1563 1791 1592 1821 et
1616 1786 1780 1829 gravi‚qui
1803 1786 1862 1818 lin·

1120 1855 1214 1887 guam
1248 1843 1422 1885 intelligat,
1455 1847 1484 1874 et
1517 1850 1735 1884 quaecumque
1765 1843 1863 1882 agunt

1121 1900 1227 1932 videre
1251 1898 1359 1942 possit,
1389 1897 1419 1929 id
1445 1897 1519 1936 fiat,
1544 1896 1608 1928 sive
1632 1895 1651 1927 ii
1677 1893 1863 1937 grandiores

1121 1959 1211 1993 natu,
1238 1952 1303 1985 sive
1328 1951 1417 1995 pueri
1442 1950 1524 1982 sint:
1550 1949 1591 1982 ob
1614 1958 1747 1991 eamque
1773 1957 1863 1987 rem,

1123 2007 1306 2050 priusquam
1332 2005 1497 2049 quisquam
1522 2008 1652 2035 vocetur
1669 2001 1707 2034 ad
1729 2002 1864 2040 ianuam,

1125 2060 1250 2099 rectori,
1270 2064 1333 2099 aut,
1349 2060 1478 2091 absente
1503 2068 1558 2096 eo,
1584 2056 1728 2088 ministro
1754 2063 1867 2087 renun-

1124 2114 1235 2154 cietur,
1253 2118 1287 2144 ut
1304 2112 1480 2152 constituat,
1498 2120 1572 2142 num
1591 2108 1696 2142 vocari
1721 2118 1792 2140 eum
1816 2118 1867 2141 ex-

1125 2167 1238 2211 pediat,
1256 2170 1286 2199 et
1305 2166 1425 2198 socium
1450 2164 1598 2206 assignet,
1615 2173 1677 2205 quo
1702 2166 1866 2205 praesente

1126 2222 1356 2264 colloquantur.
1382 2220 1482 2261 Atque
1514 2222 1546 2250 ut
1577 2215 1812 2250 consuetudinis
1837 2217 1868 2249 et

1127 2274 1345 2307 fiuniliaritatis
1370 2283 1440 2305 cum
1467 2270 1604 2304 externis
1628 2269 1752 2303 occasio
1776 2278 1868 2312 prae-

1127 2328 1259 2367 cidatur,
1276 2337 1380 2366 nemo,
1398 2326 1448 2369 qui
1467 2324 1505 2357 de
1526 2324 1659 2366 collegio
1676 2333 1738 2356 non
1763 2322 1812 2364 sit,
1829 2321 1869 2354 ad

1128 2381 1300 2415 audiendas
1316 2381 1466 2412 lectiones
1483 2379 1512 2410 in
1529 2377 1662 2419 collegio
1676 2375 1867 2408 admittatur.

1172 2433 1443 2475 Quemadmodum
1469 2431 1591 2468 Gracci,
1609 2430 1662 2473 qui
1688 2440 1723 2462 ex
1743 2428 1869 2463 Oriente

1129 2489 1266 2527 veniunt,
1287 2498 1357 2521 cum
1383 2486 1468 2520 omni
1493 2484 1644 2518 charitate
1661 2494 1678 2516 a
1702 2481 1871 2526 superiori-

1130 2544 1188 2575 bus
1213 2540 1400 2584 excipiendi,
1419 2544 1458 2581 et,
1484 2537 1599 2583 quibus
1624 2537 1655 2570 in
1680 2537 1776 2569 rebus
1800 2535 1869 2568 fieri

1131 2602 1241 2640 potest,
1257 2593 1381 2627 iurandi
1400 2598 1489 2631 sunt·,
1507 2592 1549 2624 ita
1562 2592 1646 2624 nulla
1664 2590 1785 2623 ratione
1803 2599 1872 2633 per-

1132 2648 1336 2687 mittendum,
1365 2652 1398 2680 ut
1429 2646 1611 2691 promiscue
1641 2655 1713 2678 cum
1738 2642 1872 2677 alumnis

1749 231 1808 266 251
1860 241 1910 268 Αη.
1927 239 1955 268 C.
1975 240 2045 268 tou
