2269 3235
239 279 286 305 An.
305 279 332 304 e.
352 279 419 305 mes
464 270 529 302 5384

293 2251 390 2271 Urbanus
400 2252 429 2270 iu-

247 2279 281 2298 lwt
291 2278 384 2302 Gregorii
393 2277 428 2298 XV

247 2306 420 2324 ‹turulliutioneiii

247 2337 334 2352 Scri-irt-

434 334 462 361 ct
488 327 670 369 Cei-itaniae,
695 336 730 359 ex
757 324 883 369 antiqua
904 324 1028 357 illorum
1047 334 1176 358 consue-

435 381 561 417 tudine,
587 391 640 412 scu
665 379 769 423 potius
793 379 916 418 abusu,
940 377 1174 421 delinquentes,

434 434 487 477 qui
508 435 548 466 ob
570 443 715 465 excessus
739 432 777 464 al)
802 432 846 464 eis
869 431 1058 475 perpetratis
1075 430 1113 463 ad
1130 442 1176 464 ec-

378 528 385 536 ,
434 487 544 519 ctesias
560 490 590 517 et
610 486 678 517 loca
701 485 753 528 pia
773 484 968 527 confugiunt,
988 488 1018 516 et
1034 484 1106 516 inde
1127 494 1176 516 ex-

436 540 536 579 tracti,
561 539 585 571 si
610 538 777 582 privilegio
808 537 1014 570 immunitatis
1039 537 1176 580 gaudere

435 592 551 625 debere
576 591 785 633 declarantur,
812 600 874 623 non
899 591 1000 623 solum
1019 600 1036 622 a
1056 590 1176 623 delictis

435 651 462 677 ct
478 645 668 685 excessibus,
685 644 725 678 ob
739 655 817 688 quos
834 644 1029 687 confugiunt,
1042 648 1076 676 ut
1088 654 1177 687 prae-

436 698 544 739 fertur,
563 702 592 729 et
613 708 708 741 super
732 697 847 740 quibus
864 696 1120 737 controvertitur,
1138 706 1177 729 an

435 751 518 784 «licto
543 750 708 794 privilegio
733 750 871 793 gaudere
895 750 1041 792 debeant,
1068 750 1121 782 scd
1147 761 1178 782 e-

435 804 511 836 tiam
535 814 553 836 a
577 803 772 844 criminibus,
798 803 975 836 excessibus
1004 808 1033 835 et
1057 803 1178 837 delictis

435 868 492 901 per
513 868 566 890 eos
582 857 658 889 alias
675 856 852 889 commissis
869 856 1091 895 absolvunu1r3
1109 865 1181 898 nec5

437 921 499 943 non
524 910 555 942 in
578 909 757 953 principatu
781 914 811 941 ct
835 908 985 941 comitatu
1009 907 1179 951 praedictis

437 963 526 996 multi
562 963 633 995 laici
672 961 839 994 facinorosi
872 960 1093 1004 reperiuntur,
1125 960 1178 1003 qui

438 1021 509 1060 post
528 1020 707 1059 perpetrata
724 1015 761 1047 ab
779 1014 833 1053 eis,
851 1025 922 1046 cuin
943 1013 1081 1046 maximo
1099 1013 1180 1046 cliri-

437 1069 617 1101 stitidelium
633 1067 789 1107 scandalo,
804 1067 919 1099 damno
937 1071 966 1099 ct
984 1066 1179 1108 confusione,

438 1121 622 1164 gravissima
647 1125 676 1153 et
701 1119 897 1153 atrocissima
921 1118 1044 1159 delicta,
1068 1124 1103 1152 ut
1126 1119 1181 1151 mi-

436 1174 609 1207 nistrorum
627 1173 761 1207 iustitiae
778 1183 898 1214 manus,
913 1172 1096 1215 debitasque
1113 1182 1181 1205 suo-

438 1239 509 1261 rum
535 1228 690 1260 scelerum
717 1237 834 1270 poenas
852 1226 1013 1269 effugiant,
1031 1225 1069 1258 ad
1087 1225 1182 1258 eccle-

438 1282 499 1313 sias
536 1286 565 1313 et
598 1281 665 1314 loca
690 1281 742 1324 pia
774 1279 982 1322 confugiunt,
1007 1289 1181 1322 eorumque

439 1334 635 1367 immunitate
653 1333 829 1366 securitatis
844 1343 898 1376 spe
919 1332 990 1365 freti
1005 1332 1181 1376 perniciose

438 1389 610 1428 abutenteS,
631 1387 778 1420 ecclesias
796 1392 825 1419 ct
845 1387 913 1419 loca
930 1386 981 1430 pia
997 1385 1181 1419 huiusmodi

438 1447 597 1485 tamquam
623 1440 734 1473 domos
758 1439 905 1483 proprias
929 1439 1118 1481 inhabitant,
1145 1438 1181 1471 il-

439 1497 607 1539 lorumque
630 1494 712 1527 bona
736 1498 766 1525 et
791 1493 931 1525 redditus
948 1492 1106 1525 interdum
1123 1502 1183 1525 usu

439 1548 559 1581 nefario
583 1551 786 1585 consumunt,
812 1557 875 1590 quo
899 1546 934 1578 fit
958 1546 1068 1588 etiam,
1089 1551 1123 1578 ut
1151 1545 1182 1578 in

439 1602 599 1646 plerisque
622 1600 700 1633 locis
725 1600 884 1639 nudiores,
907 1600 1103 1643 perditorum
1126 1599 1183 1632 ho-

442 1656 561 1688 minum
586 1654 768 1687 huiusmodi
796 1654 911 1687 timore
930 1654 1127 1697 perterritae,
1144 1653 1182 1686 ad

441 1709 565 1742 casdem
588 1708 737 1741 ecclesias
763 1718 822 1751 pro
848 1711 1047 1741 sacrosancto
1068 1707 1182 1740 missae

442 1762 596 1795 sacrificio
606 1761 761 1793 audiendo
772 1761 901 1793 minime
913 1761 1071 1793 accedant.
1082 1761 1184 1800 Quare

443 1815 524 1848 idem
537 1814 699 1857 Philippus
714 1824 778 1854 rex,
794 1819 828 1846 ut
844 1819 906 1846 tam
920 1813 1105 1846 enormibus
1118 1824 1184 1846 ma-

442 1869 480 1900 lis
503 1867 607 1911 aliqua
631 1867 752 1899 ratione
777 1866 902 1900 obviam
920 1871 1020 1907 eatur,
1038 1866 1181 1899 sublatis-

442 1932 503 1965 que
524 1920 673 1953 abusibus
691 1919 882 1959 lmiusmodi‚
904 1919 1125 1953 christifideles
1141 1919 1183 1952 ibi

444 1975 611 2007 existentes
628 1973 659 2006 in
683 1973 768 2017 pacis
781 1973 968 2006 amoenitate
984 1973 1117 2006 reddant
1128 1973 1186 2006 Do-

444 2027 530 2060 mino
554 2026 752 2059 abundanter
775 2026 896 2059 fructus
914 2037 997 2067 suos,
1021 2026 1113 2060 nobis
1130 2027 1186 2059 hu-

444 2081 561 2113 militer
585 2079 756 2124 supplicari
772 2079 853 2119 fecit,
871 2083 905 2111 ut
921 2089 1017 2123 super
1032 2079 1186 2123 praemis-

444 2135 485 2168 sis
514 2138 694 2178 opportune
724 2132 892 2177 providere
923 2133 962 2166 de
994 2133 1186 2177 benignitate

445 2187 616 2232 apostolica
638 2187 852 2230 dignaremur.

489 2242 504 2285 ἓ
528 2241 557 2274 2.
582 2242 645 2274 Nos
672 2240 778 2283 igitur,
803 2239 863 2284 piis
885 2239 1025 2273 eiusdem
1049 2239 1186 2284 Philippi

446 2295 529 2338 regis
552 2294 643 2334 votis,
668 2296 819 2337 quantum
837 2303 909 2326 cum
928 2293 1062 2327 Domino
1078 2303 1188 2337 possu-

446 2359 533 2390 mus,
558 2357 696 2380 annuere
721 2347 881 2389 volentes,
906 2346 1087 2380 huiusmodi
1112 2357 1187 2391 sup-

446 2401 668 2445 plicationibus
699 2399 850 2440 inclinati,
879 2399 968 2433 vobis
993 2404 1023 2432 et
1047 2404 1187 2433 vestrum

448 2455 584 2496 cuilibet,
595 2453 767 2497 apostoliea
776 2452 972 2494 auctoritate,
981 2457 1091 2486 tenore
1102 2462 1189 2497 prae-

449 2507 593 2548 sentium,
618 2507 759 2540 districte
785 2505 1008 2551 praecipimus,
1033 2510 1068 2538 ut
1093 2505 1123 2538 in
1142 2516 1188 2538 ve-

450 2563 521 2595 stris
546 2562 723 2595 civitatibus
749 2566 779 2594 et
807 2561 1014 2602 dioecesibus,
1038 2560 1189 2594 abusibus

450 2615 629 2648 huiusmodi
654 2615 794 2656 sublatis,
819 2614 1074 2649 constitutionem
1091 2613 1190 2647 felicis

1013 275 1192 300 numanum
1216 274 1370 299 ROMANUM

1208 323 1381 357 decessoris
1398 322 1497 357 nostri
1514 332 1609 368 super
1630 323 1826 358 immunitate
1845 324 1946 359 eccle-

1208 376 1324 410 siarum
1336 380 1441 410 exacte
1455 376 1660 416 observetis¹3
1678 387 1809 421 eamque
1833 378 1871 410 ab
1884 388 1948 411 om-

1208 431 1301 464 nibus
1329 436 1359 463 et
1386 429 1527 473 singulis,
1545 430 1583 463 ad
1603 440 1681 474 quos
1706 434 1824 474 spectat
1843 435 1873 465 et
1889 442 1947 475 pro

1210 488 1351 528 tempore
1376 483 1614 528 quomodolibet
1633 483 1787 527 spectabit
1810 483 1842 516 in
1865 484 1949 517 futu-

1209 548 1290 578 rum,
1315 537 1475 571 observari
1492 536 1617 570 curetis.
1635 536 1855 581 Delinquentcs
1874 547 1949 571 vero

1209 589 1247 622 ad
1265 590 1411 623 ecclesias
1431 594 1461 622 et
1485 590 1553 623 loca
1570 589 1630 633 pia,
1649 600 1729 633 quae
1749 589 1833 622 iuxta
1849 600 1950 623 sacro-

1210 654 1281 676 rum
1306 653 1461 677 canonum
1486 642 1723 687 dispositionem
1755 642 1951 677 immunitate

1210 696 1392 729 huiusmodi
1417 695 1554 739 gaudere
1579 695 1707 736 debent,
1724 695 1951 739 confugientes,

1211 759 1246 781 ae
1266 748 1462 781 immunitate
1483 748 1693 782 ecclesiastica
1710 747 1794 781 iuxta
1808 748 1953 782 constitu-

1212 801 1304 835 tionis
1320 800 1497 845 praedictae
1516 801 1755 845 dispositionem
1771 801 1952 844 gaudentes,

1211 854 1296 897 quod
1318 854 1349 885 in
1369 853 1510 886 ecclesiis
1538 857 1567 887 et
1593 853 1672 887 locis
1695 854 1756 898 piis
1784 854 1953 898 praedietis

1212 907 1295 940 ultra
1318 910 1390 939 octo
1407 906 1472 939 dies
1487 917 1674 950 permanere
1691 917 1745 940 seu
1763 907 1878 951 degere
1891 918 1953 941 non

1213 959 1358 1001 valeant,
1384 959 1569 992 auctoritate
1601 964 1631 992 et
1652 964 1761 993 tenore
1785 960 1954 1004 praedictis

1213 1011 1419 1045 declaramus.
1445 1012 1545 1051 Quare
1562 1012 1651 1045 vobis
1667 1017 1697 1045 et
1713 1018 1852 1046 vestrum
1870 1013 1956 1046 cuili-

1213 1065 1265 1098 bet
1281 1064 1422 1098 districte
1439 1065 1634 1106 mandamus,
1655 1071 1690 1097 ut
1705 1065 1818 1107 laicos,
1843 1066 1956 1110 quibus

1214 1118 1297 1151 dicta
1322 1118 1502 1151 immunitas
1526 1119 1635 1161 vigore
1656 1119 1887 1153 constitutionis
1903 1120 1958 1152 hu-

1214 1171 1350 1205 iusmodi
1376 1172 1575 1214 concedetur,
1602 1173 1640 1205 ad
1669 1172 1816 1206 ecclesias
1836 1179 1867 1206 ct
1889 1173 1958 1207 loca

1214 1226 1265 1270 pia
1285 1225 1325 1258 ob
1350 1225 1463 1259 delicta
1480 1237 1536 1270 per
1552 1237 1606 1259 eos
1623 1226 1792 1260 commissa
1805 1237 1864 1271 pro
1884 1231 1960 1260 tem-

1214 1288 1292 1322 pore
1311 1278 1545 1322 confugientes,
1570 1279 1743 1319 moneatis,
1768 1284 1803 1313 ut
1826 1279 1958 1313 durante

1215 1336 1286 1365 octo
1303 1331 1427 1364 dierum
1444 1332 1625 1365 huiusmodi
1646 1332 1746 1376 spatio
1763 1333 1801 1365 ab
1818 1333 1959 1366 ecclesiis

1216 1390 1245 1417 ct
1265 1384 1342 1418 locis
1358 1385 1418 1429 piis
1444 1385 1625 1419 huiusmodi
1645 1385 1773 1419 omnino
1791 1386 1957 1419 recedant:

1216 1438 1264 1470 sin
1292 1438 1396 1471 minus
1422 1439 1513 1472 vobis
1541 1443 1571 1471 et
1597 1443 1738 1472 vestrum
1759 1439 1908 1481 cuilibet,
1926 1445 1960 1473 ut

1216 1491 1296 1534 illos7
1317 1491 1411 1536 lapsis
1429 1491 1548 1525 eisdem
1565 1496 1636 1525 octo
1654 1492 1775 1535 diebus,
1793 1493 1900 1526 curiae
1916 1504 1960 1526 se-

1216 1545 1315 1578 culari
1334 1545 1521 1589 consignare
1541 1545 1668 1589 possitis
1685 1549 1715 1580 et
1732 1546 1871 1588 valeatis,
1889 1557 1960 1580 con-

1217 1598 1357 1632 cedimus
1385 1605 1415 1632 et
1444 1599 1665 1642 indulgemus,
1698 1599 1740 1632 ita
1764 1605 1799 1633 ut
1822 1600 1894 1633 inde
1922 1600 1960 1633 ad

1217 1658 1351 1686 mortem
1376 1663 1439 1686 non
1456 1653 1655 1695 damnentur,
1674 1653 1728 1686 sed
1744 1653 1775 1686 in
1792 1653 1959 1697 consigna-

1217 1707 1301 1740 tione
1326 1707 1507 1740 huiusmodi
1532 1707 1710 1740 membrum
1735 1712 1765 1740 et
1789 1707 1885 1740 vitam
1909 1707 1961 1741 ob-

1219 1760 1317 1794 tinere
1342 1761 1492 1794 debeatis.

1262 1814 1277 1858 g
1297 1814 1325 1847 3.
1350 1814 1570 1855 Decernentes,
1589 1819 1770 1858 praesentes
1786 1815 1907 1847 litteras
1923 1814 1961 1847 de

1219 1867 1432 1912 subreptionis
1451 1868 1497 1900 vel
1517 1867 1713 1911 obreptionis
1740 1872 1793 1900 aut
1809 1868 1960 1900 nullitatis

1219 1920 1303 1962 vitio,
1337 1925 1389 1953 aut
1417 1920 1598 1954 intentionis
1621 1926 1748 1954 nostrae
1774 1931 1828 1953 seu
1853 1921 1963 1965 quovis

1219 1973 1280 2007 alio
1304 1973 1427 2008 defectu
1462 1974 1566 2007 notari
1601 1975 1649 2007 vel
1683 1973 1862 2018 impugnari
1897 1974 1963 2008 ullo

1219 2037 1358 2072 unquam
1372 2032 1515 2072 tempore
1528 2028 1706 2061 nullatenus
1723 2038 1833 2072 posse;
1855 2028 1963 2071 sieque

1219 2091 1278 2124 per
1295 2091 1513 2125 quoscumque
1533 2081 1651 2114 iudices
1669 2085 1698 2113 et
1718 2080 1962 2120 commissarios,

1221 2133 1331 2177 quavis
1355 2134 1540 2168 auctoritate
1559 2134 1735 2177 fungentes,
1760 2133 1854 2166 etiam
1884 2143 1961 2166 cau-v

1221 2196 1326 2218 sarum
1348 2187 1454 2230 palatii
1472 2186 1635 2231 apostolici
1655 2186 1824 2229 auditores,
1842 2197 1878 2219 ac
1896 2196 1963 2219 san-

1221 2243 1288 2271 ctae
1321 2239 1480 2272 Romanae
1504 2239 1662 2272 Ecclesiae
1691 2239 1865 2272 cardinales
1891 2240 1964 2282 (su-

1220 2291 1306 2324 blata
1330 2291 1374 2325 eis
1399 2296 1429 2326 ct
1452 2303 1563 2326 eorum
1584 2292 1715 2326 cuilibet
1744 2293 1853 2336 quavis
1874 2293 1965 2325 aliter

1221 2344 1379 2378 iudicandi
1396 2350 1427 2378 et
1443 2345 1670 2390 interpretandi
1695 2346 1840 2379 facultate
1857 2356 1893 2379 ac
1913 2356 1965 2378 au-

1222 2398 1385 2443 ctoritate)
1410 2399 1540 2432 iudicari
1566 2410 1602 2432 ac
1627 2399 1751 2432 definiri
1776 2399 1903 2441 debere,
1929 2410 1965 2433 ac

1222 2453 1348 2486 irritum
1381 2457 1411 2486 et
1441 2452 1550 2494 inane,
1575 2453 1600 2486 si
1625 2463 1715 2486 secus
1746 2463 1843 2497 super
1872 2453 1921 2486 his
1948 2464 1966 2486 a

1223 2517 1394 2551 quoquam,
1407 2507 1515 2551 quavis
1539 2507 1736 2548 auctoritate,
1755 2507 1890 2540 scienter
1915 2507 1965 2540 vel

1223 2560 1417 2604 ignoranter,
1432 2560 1601 2604 contigerit
1625 2560 1789 2594 attentari.

1261 2633 1271 2659 1
1289 2632 1374 2663 Quam
1389 2632 1475 2660 habes
1494 2632 1522 2659 in
1538 2632 1673 2660 Bullario
1694 2635 1761 2661 tom.
1777 2639 1816 2666 1x‚
1837 2638 1899 2667 pag.
1916 2631 1967 2659 4⁵24

450 2668 677 2702 recordationis
702 2669 846 2712 Gregorii
875 2669 976 2713 Papae
999 2668 1065 2702 XIV
1092 2678 1187 2713 prae·
1226 2676 1323 2713 (nnn).

1962 277 2012 304 An.
2029 276 2058 304 C.
2077 277 2146 305 1625

2003 1818 2121 1841 Clausulas.

2223 1984 2231 1990 s
