2269 3235
103 251 152 278 Λη.
168 249 197 277 C.
220 248 288 278 1625

152 894 282 915 Necessariis

100 921 177 969 'agilius
201 922 282 942 clausu-

914 252 1055 277 URBANUS
1081 253 1136 277 Vllt
1161 253 1209 277 1²1².

300 298 428 338 litteras,
453 299 622 344 omniaque
646 305 676 334 et
701 301 825 344 singula
844 300 876 333 in
893 301 938 333 eis
962 311 1039 344 quo-

299 350 472 385 modolibet
489 356 633 387 contenta
648 359 678 387 et
693 364 850 398 expressa,
866 353 1038 398 apostolica

298 405 494 446 auctoritate,
512 409 622 440 tenore
640 406 864 451 praesentium,
882 410 1038 450 perpetuo

298 468 492 501 revocamus,
518 469 687 499 cassamus
712 458 904 502 abrogamus
928 463 958 491 et
981 469 1037 491 an-

298 511 475 555 nullamus,
499 522 535 545 ac
567 512 685 545 viribus
709 516 739 545 et
762 511 875 545 effectu
906 522 1037 555 prorsus

298 575 480 598 vacuamus:
505 575 627 599 necnon
651 570 805 607 revocata,
831 575 927 605 cassa,
948 565 1038 598 abro-

297 622 368 661 gata
392 624 422 652 et
452 618 632 660 annullata,
664 618 845 662 viribusque
869 623 899 651 et
924 618 1037 651 effectu

298 682 394 704 vacua
417 677 572 716 perpetuo
597 682 666 705 esse
690 677 720 705 et
744 672 820 712 sore,
845 682 946 716 neque
969 682 1038 715 per-

297 725 382 759 sonis
414 726 445 758 in
476 725 679 769 praeinsertis
713 725 825 758 litteris
855 725 1036 759 huiusmodi

298 779 454 823 expressis
481 778 592 823 quovis
616 779 710 812 modo
743 778 909 822 suffragari
934 789 1036 823 posse,

299 843 354 866 seu
370 832 503 872 debere;

343 886 358 930 ᾗ
375 885 404 918 li.
426 886 667 920 Revocationem
684 897 760 920 vero
774 892 803 920 ct
819 887 1036 929 cassationem,

298 939 550 982 abrogationem,
571 940 833 983 annullationem,
854 941 1038 985 viribusque

299 999 330 1027 et
353 993 465 1027 effectu
496 994 743 1036 evacuationem,
767 994 805 1027 dc
836 995 927 1028 dictis
952 995 1038 1028 Pauli

299 1047 552 1092 praedecessoris
578 1048 690 1081 litteris
720 1053 750 1081 et
774 1048 805 1081 in
830 1048 873 1081 eis
905 1059 1038 1092 quomo·

299 1100 417 1134 delibet
440 1101 595 1134 contentis
612 1103 642 1134 et
661 1101 827 1145 expressis,
844 1112 901 1145 per
920 1112 988 1142 nos,
1005 1107 1039 1135 ut

299 1155 490 1199 praefertur,
514 1155 626 1195 saetas,
651 1160 895 1198 praesentesque
918 1155 1038 1189 litteras

299 1213 454 1253 perpetuo
478 1207 605 1250 validas,
630 1208 738 1241 firmas
762 1214 792 1241 et
816 1209 959 1242 efficaces
978 1209 1039 1242 exi-

300 1268 381 1296 stere
403 1267 433 1295 et
456 1262 544 1303 sore,
570 1272 705 1306 suosque
729 1262 887 1306 plenarios
911 1268 941 1295 et
965 1263 1039 1297 inte-

299 1327 374 1360 gros
396 1315 525 1349 effectus
555 1316 661 1349 sortiri
685 1321 715 1349 et
739 1315 882 1349 obtinere
912 1316 1037 1357 debere,

299 1380 402 1414 neque
414 1370 483 1402 illas
499 1369 607 1413 (etiam
625 1380 662 1402 ex
676 1379 712 1402 eo
726 1369 811 1414 quod
829 1380 950 1410 causae,
967 1381 1039 1413 pro-

299 1427 368 1468 pter
381 1433 458 1467 quas
472 1423 657 1464 emanarint,
668 1433 846 1467 expressae,
860 1422 1038 1456 verificatae

300 1481 330 1510 et
353 1475 554 1518 iustificatae,
580 1486 636 1509 seu
662 1485 817 1520 personae
841 1475 1039 1518 huiusmodi,

299 1530 347 1563 vel
364 1529 415 1562 alii
433 1529 625 1574 quicumque
641 1529 673 1562 in
689 1529 871 1574 praemissis
888 1530 1039 1563 interesse

299 1583 467 1626 habentes,
494 1593 549 1617 seu
572 1583 690 1616 habere
714 1582 976 1627 praetendentes,
1001 1583 1040 1616 ad

299 1638 359 1671 hoc
383 1637 502 1679 vocati,
525 1637 610 1670 citati
634 1643 664 1670 et
687 1637 785 1670 auditi
812 1647 876 1670 non
900 1637 1017 1671 fuerint
1031 1666 1038 1679 ,

299 1701 400 1735 neque
424 1690 485 1724 illis
509 1690 735 1731 consenserint,
752 1691 799 1723 vcl
817 1690 893 1724 alias
908 1701 946 1724 ex
965 1702 1041 1735 quo-

299 1755 435 1788 cumque
451 1743 562 1788 capite,
575 1748 751 1788 praetextu,
768 1744 884 1786 colore,
902 1744 1039 1787 ingenio,

300 1798 347 1831 vel
361 1798 470 1841 causa)
484 1797 521 1830 de
535 1797 756 1842 subreptionis,
771 1797 818 1830 vel
832 1797 1039 1842 obreptionis,

300 1862 355 1885 seu
371 1850 521 1884 nullitatis
538 1850 622 1891 vitio,
640 1856 693 1884 aut
709 1851 890 1885 intentionis
903 1856 1039 1893 nostrae,

300 1906 348 1939 vel
365 1905 426 1938 alio
446 1905 557 1949 quovis
574 1904 696 1938 defectu
715 1905 828 1945 notari,
846 1905 1039 1949 impugnari,

300 1959 459 2002 redargui,
484 1958 630 2001 infringi,
655 1959 836 2001 retractari,
862 1959 893 1991 in
917 1959 966 1992 ius
992 1960 1040 1993 vel

300 2013 547 2047 controversiam
572 2013 688 2054 vocari,
703 2012 741 2045 ad
758 2012 851 2053 viam,
864 2024 920 2046 seu
936 2014 1041 2046 termi-

300 2077 357 2101 nos
373 2066 451 2100 iuris
475 2066 594 2107 reduci,
616 2067 686 2099 aut¹
716 2066 801 2099 aliud
818 2066 1040 2110 quodcumque

301 2121 398 2162 iuris,
423 2120 541 2164 gratiae
574 2120 622 2154 vel
646 2120 718 2153 sacti
744 2119 920 2153 remedium
946 2120 1041 2164 impe-

301 2174 378 2208 irari
401 2185 456 2208 seu
479 2174 609 2208 concedi
633 2184 742 2218 posse;
768 2174 875 2217 sicque
890 2201 897 2214 ,
923 2179 953 2206 et
977 2184 1040 2207 non

302 2229 400 2270 aliter,
420 2239 476 2272 per
493 2239 707 2273 quoscumque
724 2228 843 2261 iudices
863 2228 1040 2262 ordinarios

303 2287 332 2314 et
355 2281 523 2324 delegatos,
541 2281 633 2315 etiam
659 2292 825 2314 causarum
844 2281 950 2325 palatii
968 2292 1041 2325 apo-

303 2333 404 2368 stolici
428 2335 596 2375 auditores,
620 2345 655 2368 ae
681 2340 785 2368 santae
811 2335 969 2368 Romanae
988 2336 1040 2369 Ec—

304 2388 416 2422 clesiae
429 2388 612 2429 cardinales,
630 2389 723 2421 ctiam
741 2388 779 2422 de
796 2389 893 2422 latere
910 2390 1040 2432 legatos,

303 2447 333 2475 et
354 2441 447 2475 Sedis·
465 2441 660 2485 Apostolicae
683 2442 826 2484 nuncios,
852 2442 960 2486 quavis
985 2454 1040 2476 au-

303 2494 446 2528 ctoritate
459 2494 633 2538 fungentes,
651 2495 783 2529 iudicari
801 2500 830 2530 et
846 2495 972 2529 definiri
992 2496 1042 2529 de-

302 2548 390 2589 bere,
415 2558 450 2581 ac
474 2547 609 2590 irritum,
627 2552 657 2581 et
680 2548 781 2591 inane,
798 2549 824 2582 si
842 2560 931 2583 secus
947 2560 1042 2593 super

303 2602 352 2635 liis
372 2612 390 2634 a
411 2612 581 2645 quoquam,
598 2602 705 2645 quavis
729 2602 923 2643 auctoritate,
941 2602 1041 2635 scien-

338 2666 351 2692 1
369 2664 460 2693 Subde
475 2667 575 2692 contra
591 2673 638 2691 eas
657 2664 696 2699 (fl.
711 2665 757 2699 Τ.),

388 2718 466 2748 Ball.
486 2717 569 2746 Rom.
586 2732 619 2736 —
637 2717 697 2745 Vol.
714 2716 793 2747 XIII.
957 2717 989 2743 37

1718 243 1783 278 289

1074 306 1121 334 tei·
1146 301 1192 334 vel
1224 301 1428 345 ignoranter,
1458 300 1625 344 contigerit
1648 301 1814 343 attentari,

1073 354 1283 388 decernimus.

1117 408 1132 450 ἓ
1157 408 1186 440 5.
1208 409 1276 441 Νοη
1296 408 1493 442 obstantibus
1513 408 1717 453 praeinsertis
1736 408 1815 442 litte·

1072 460 1115 492 ris
1139 460 1339 501 huiusmodi,
1365 471 1401 494 ac
1425 461 1580 494 dictarum
1609 461 1815 495 ecclesiarum

1072 512 1178 555 (etiam
1204 512 1391 553 iuramento,
1417 515 1656 548 confirmatione
1686 519 1814 559 aposto-

1071 566 1151 606 lica,
1178 566 1224 599 vel
1249 567 1359 611 quavis
1384 567 1532 600 firmitate
1557 568 1617 601 alia
1642 568 1813 612 roboratis)

1071 620 1194 652 statutis
1206 624 1236 652 et
1248 620 1541 661 consuetudinibus,
1555 622 1728 665 privilegiis
1740 633 1814 666 quo-

1071 683 1142 715 que,
1160 672 1299 712 indultis,
1319 678 1349 705 et
1366 673 1478 706 litteris
1499 675 1679 717 apostolicis
1696 675 1727 707 in
1743 686 1814 709 con-

1072 725 1204 758 trarium
1220 726 1469 769 praemissorum
1486 727 1723 770 quomodolibet
1742 738 1814 761 con-

1073 779 1184 820 cessis,
1217 778 1411 812 eonfirmatis
1444 784 1473 811 et
1504 779 1667 812 innovatis.
1695 779 1813 819 Quibus

1072 832 1221 865 omnibus
1234 837 1265 865 et
1280 832 1422 876 singulis,
1440 832 1567 866 illorum
1585 837 1709 866 tenores
1726 844 1814 877 prae-

1072 886 1212 919 sentibus
1222 896 1281 930 pro
1294 886 1387 930 plene
1401 891 1431 919 et
1443 885 1634 919 sufficienter
1647 886 1814 930 expressis,

1073 949 1107 972 ac
1125 939 1163 971 ad
1178 939 1311 972 rerbum
1332 939 1456 972 insertis
1480 939 1639 980 habentes,
1656 939 1716 972 illis
1738 940 1814 973 alias

1073 992 1104 1025 iii
1129 1003 1185 1026 suo
1210 992 1324 1026 robore
1350 993 1578 1037 permansuris,
1597 993 1635 1025 ad
1660 993 1813 1037 praemis-

1073 1057 1181 1079 sorum
1206 1046 1363 1087 effectum,
1388 1046 1447 1080 liae
1471 1046 1538 1080 vice
1562 1046 1723 1080 dumtaxat
1747 1058 1814 1092 spe-

1073 1100 1194 1133 cialiter
1211 1105 1241 1133 et
1253 1110 1399 1144 expresse
1417 1100 1617 1144 derogamus,
1637 1102 1814 1146 ceteriSque

1073 1153 1240 1188 contrariis
1265 1154 1528 1197 quibuscumque.

1116 1207 1227 1239 Datum
1244 1207 1372 1247 Romae,
1390 1207 1472 1251 apud
1489 1207 1517 1241 S.
1535 1207 1672 1249 Petrum,
1690 1208 1748 1242 sub
1764 1219 1815 1242 an-

1074 1261 1148 1293 nulo
1166 1260 1343 1301 Piscatoris,
1358 1260 1407 1293 die
1420 1271 1485 1293 xxv
1505 1261 1655 1295 februarii
1675 1272 1814 1303 iincxiiV,

1074 1313 1275 1358 pontificatus
1298 1313 1398 1347 nostri
1423 1324 1505 1347 anno
1529 1324 1560 1347 ii.

1110 1376 1167 1404 Dat.
1189 1376 1232 1404 die
1252 1376 1286 1404 25
1304 1377 1435 1404 februarii
1455 1377 1536 1412 1625,
1557 1378 1653 1414 pontif.
1670 1386 1741 1407 anno
1756 1385 1784 1407 ii.

1377 1492 1504 1527 CXVIII.

1072 1564 1198 1598 Erectio
1223 1563 1386 1598 custodiae
1406 1564 1570 1598 Bavariae
1591 1565 1735 1608 fratrum
1756 1565 1816 1600 Or-

1116 1618 1203 1651 dinis
1223 1618 1392 1651 Minorum
1409 1618 1440 1652 S.
1458 1618 1630 1651 Francisci
1647 1618 1685 1651 de
1704 1618 1815 1653 Obser-

1116 1671 1231 1704 rantia
1254 1672 1524 1714 reformatorum,
1548 1671 1585 1704 in
1610 1672 1817 1715 provinciam

1117 1725 1381 1768 Reformatorum
1408 1725 1687 1758 Discalceatorum
1708 1726 1816 1758 Bava-

1117 1779 1187 1812 viae
1211 1778 1480 1822 nuncupandam,
1501 1790 1574 1812 cam
1595 1779 1816 1812 communica-

1120 1833 1204 1866 tione.
1223 1833 1371 1865 omnium
1383 1833 1572 1877 qratiarum
1585 1833 1817 1877 spiritualium

1117 1891 1145 1920 et
1173 1887 1404 1931 temporalium
1424 1887 1605 1930 prouinciis
1632 1887 1816 1931 Hispania-

1117 1951 1191 1973 rum
1212 1950 1445 1981 concessarum,
1476 1951 1513 1973 ac
1541 1940 1714 1973 nonnullis
1738 1940 1817 1973 aliis

1117 1994 1382 2027 ordinationibus
1392 2004 1452 2037 pro
1470 1994 1549 2026 bono
1568 1993 1668 2026 huius
1682 1994 1817 2037 provin-

1117 2049 1186 2081 ciae
1209 2048 1370 2092 reqimine
1384 2048 1403 2079 ¹.

1203 2106 1208 2111 ⁵
1284 2120 1421 2146 Urbanus
1438 2119 1516 2153 Papa
1532 2118 1611 2151 vni,

1186 2165 1221 2192 ad
1238 2167 1415 2199 perpetuam
1429 2164 1475 2191 rei
1495 2163 1676 2191 memoriam.

1118 2227 1360 2260 Sacrosanctum
1385 2226 1579 2269 apostolatus
1604 2225 1818 2260 ministerium

1074 2280 1242 2313 humilitati
1266 2284 1401 2321 nostrae,
1423 2279 1495 2312 licet
1518 2280 1605 2312 nullo
1629 2279 1818 2313 meritorum

1074 2334 1235 2376 suffragio,
1261 2344 1318 2377 per
1343 2332 1533 2365 ineffabilem
1551 2331 1674 2365 divinae
1694 2333 1818 2376 sapien·

1076 2388 1134 2420 tiae
1151 2386 1381 2431 providentiam
1402 2385 1606 2419 commissum
1623 2386 1770 2430 postulat,
1784 2392 1819 2419 ut

1075 2441 1154 2473 inter
1179 2439 1379 2483 multiplices,
1400 2438 1665 2483 gravissimasque
1690 2443 1817 2484 aposto-

1112 2532 1120 2556 1
1140 2531 1179 2557 De
1195 2529 1253 2556 istis
1267 2528 1396 2556 fratribus
1411 2528 1472 2555 vide
1491 2529 1517 2555 in
1534 2528 1645 2563 Gregor.
1661 2529 1710 2556 XV
1730 2529 1818 2557 Costi—

1074 2578 1124 2602 tut.
1141 2581 1211 2607 xxvi,
1228 2574 1366 2608 Onerosa,
1387 2577 1451 2601 tom.
1468 2580 1515 2608 iiii,
1536 2581 1596 2609 pag.
1612 2574 1680 2608 5773
1701 2577 1728 2600 et
1746 2582 1817 2610 quae

1075 2619 1260 2647 adnotavimus
1275 2619 1308 2645 ad
1325 2618 1414 2646 Const.
1426 2625 1471 2653 XL,
1487 2619 1654 2652 Romanus;
1670 2618 1755 2654 ipsius
1770 2618 1819 2646 Ur-

1075 2664 1138 2692 bani
1152 2663 1212 2691 viil
1233 2667 1261 2691 ut
1276 2671 1358 2699 supra
1371 2670 1434 2699 pag.
1451 2662 1511 2690 121.

1828 253 1880 281 An.
1895 253 1923 282 C.
1945 255 2013 283 1625

1878 421 2012 451 Derogatque

1829 450 1947 470 contrariis.

1859 2232 1980 2254 Exordium.
