2269 3235
307 406 367 437 Pay.
403 405 448 429 901
466 405 479 429 ὸ
496 404 565 429 linea
582 404 612 428 13
629 403 676 427 ult.
689 404 740 426 tam
757 421 1041 427 .......

339 453 351 467 ιι
400 445 448 468 909
465 452 480 468 α
523 453 536 467 ιι
585 444 616 468 90
632 442 679 476 ult.
694 441 800 466 cuilibet
851 461 1042 466 .....

340 494 351 507 ιι
401 485 447 508 909
464 485 476 508 ὸ
519 493 531 507 ιι
579 483 610 508 90
689 482 802 506 cuiusvis
851 501 1041 506 .....

340 534 351 547 ιι
399 526 447 549 909
463 525 475 548 b
517 533 530 547 ιι
593 524 608 547 4
625 522 671 547 ult.
686 530 847 555 quacumque

341 575 351 587 ιι
401 566 446 589 903
463 571 478 588 a
521 574 532 587 ιι
581 565 611 589 90
690 566 716 587 et
757 582 1041 587 .......

342 616 352 628 ιι
402 606 447 629 904
463 612 479 629 a
521 613 533 627 ιι
583 605 613 628 18
629 603 675 628 ult.
689 605 717 627 ut
759 622 1042 627 .......

342 654 352 667 ιι
401 646 446 669 904
464 645 476 669 b
519 653 531 667 ιι
596 646 608 668 1
689 643 817 676 Singulari
851 663 1042 667 .....

342 695 353 707 ιι
402 686 447 709 904
464 685 477 708 b
519 693 531 708 >›
595 685 610 708 5
689 691 831 708 annuemus
853 703 1042 708 .....

342 735 353 748 ιι
402 725 448 750 904
465 725 478 749 b
523 734 534 747 ιι
585 725 614 748 17
631 724 675 748 ult.
692 726 763 747 extra
780 723 905 755 gabellam
945 743 950 747 .
992 743 996 747 .
1038 743 1043 748 .

340 774 352 788 ιι
402 766 448 789 905
464 773 479 788 a
523 774 534 787 ιι
583 766 614 789 95
630 764 675 788 ult.
691 766 812 788 exercent
852 781 1042 787 .....

340 814 352 827 ιι
401 806 448 830 905
465 806 477 829 b
520 814 531 827 ιι
582 806 611 829 17
628 805 673 828 ult.
689 812 754 837 quae
805 823 1042 828 ......

341 853 352 867 ιι
402 846 447 869 907
465 845 477 869 b
521 854 532 867 ιι
596 845 611 868 9
628 844 673 868 ule.
689 845 702 868 3
711 863 1042 868 ........

340 894 351 908 ιι
402 886 445 910 181
465 886 476 909 ὀ
522 893 533 908 ιι
584 885 613 909 36
692 892 779 909 earum
806 903 1042 909 ......

340 934 352 948 ιι
401 927 447 950 908
465 926 476 949 b
519 934 531 948 ιι
596 926 608 949 1
689 932 829 957 eorumque
852 943 1043 949 .....

340 976 351 989 ιι
400 967 446 990 909
462 975 477 990 α
520 974 532 988 ιι
582 966 612 990 30
629 966 674 989 ult.
688 974 753 998 quae
806 984 1044 989 ......

340 1014 351 1028 ιι
400 1007 447 1030 910
464 1007 476 1030 b
519 1015 530 1027 ιΙ
580 1006 610 1030 35
627 1006 672 1030 ult.
686 1005 841 1030 reddituram
854 1023 1044 1029 .....

342 1055 353 1068 ιι
403 1047 448 1070 911
465 1054 481 1070 α
525 1055 536 1068 ιι
587 1047 617 1070 19
696 1045 871 1077 interpellatos
901 1064 905 1068 .
947 1065 951 1069 .
994 1065 998 1069 ,
1040 1065 1043 1069 .

343 1096 354 1109 ιι
405 1087 449 1110 911
468 1086 480 1109 b
523 1095 534 1108 ιι
586 1085 614 1109 10
633 1085 676 1109 ult.
693 1085 861 1109 existentibus
900 1104 906 1109 .
947 1104 952 1108 .
994 1105 998 1108 .
1040 1105 1044 1108 .

342 1135 354 1148 »
403 1127 448 1149 919
464 1134 479 1149 5
523 1135 534 1148 ιι
583 1127 614 1149 95
630 1126 676 1149 ult.
696 1127 726 1149 99
739 1126 782 1149 ult.
803 1126 863 1148 Cum
882 1132 963 1157 nuper
984 1125 1049 1149 iubi—

710 1165 758 1190 laei
775 1165 973 1189 celebrationem
991 1173 1004 1189 a
1015 1165 1052 1189 vi-

711 1205 771 1237 gilia
788 1205 931 1229 Nativitatis
949 1206 978 1228 D.
988 1207 1016 1229 Ν,
1026 1206 1044 1229 1.

711 1245 806 1270 Canni
825 1246 939 1277 proxime
950 1245 1051 1269 venturi

710 1286 878 1310 inchoandam
896 1288 922 1310 et
939 1293 1019 1317 usque

340 1417 351 1430 ιι
400 1409 446 1431 919
462 1416 477 1431 α
521 1417 532 1430 ιι
583 1409 612 1432 17
629 1409 674 1432 ult.
690 1408 832 1432 beatissimi
852 1427 1042 1434 .....

340 1456 352 1470 ιι
401 1448 446 1472 913
464 1448 476 1471 b
520 1456 531 1469 ιι
581 1449 611 1472 10
690 1448 763 1472 Sedis
806 1467 1043 1474 ......

339 1495 351 1509 ιι
400 1488 446 1511 914
462 1496 478 1511 α,
521 1498 532 1510 ιι
582 1490 613 1512 99
690 1488 887 1521 percipientium
899 1508 904 1514 .
946 1509 950 1514 .
993 1510 997 1514 .
1039 1511 1043 1514 .

341 1537 351 1549 ιι
401 1528 446 1551 914
463 1536 478 1551 α
522 1537 534 1550 ιι
583 1529 614 1552 95
694 1529 849 1553 conferenda
899 1550 904 1554 .
946 1551 950 1554 .
992 1550 997 1554 .
1039 1551 1043 1555 .

341 1577 351 1589 ιι
400 1568 446 1591 914
465 1569 477 1592 b
520 1578 536 1598 ιιῥ
596 1569 611 1592 7
689 1569 859 1601 persolvenda
899 1589 904 1594 .
946 1590 950 1594 ,
993 1590 997 1595 .
1039 1590 1043 1594 .

340 1616 352 1630 ιι
401 1609 447 1632 914
464 1608 476 1632 b
520 1617 531 1632 ιι
580 1609 609 1633 93
627 1609 671 1633 ult.
687 1610 818 1634 tenoribus
853 1630 1043 1635 .....

341 1658 352 1671 »
401 1648 446 1672 214
463 1649 475 1673 b
517 1658 529 1672 ιι
593 1650 608 1674 9
625 1650 669 1674 ult.
685 1658 773 1675 eorum
807 1670 1043 1676 ......

340 1696 352 1710 ιι
400 1689 447 1712 915
463 1697 479 1712 α
522 1698 533 1711 ιι
583 1691 613 1714 99
630 1706 632 1709 -
691 1691 847 1715 manifestari
993 1712 996 1715 .
1039 1711 1043 1716 .

341 1737 352 1750 ιι
402 1730 448 1753 915
466 1730 477 1753 b
521 1740 532 1752 ιι
582 1731 611 1755 31
628 1731 674 1755 ult.
690 1731 733 1764 qui
759 1751 1043 1757 .......

340 1777 352 1791 ιι
401 1770 447 1793 916
465 1770 476 1793 b
519 1778 531 1792 ιι
581 1771 610 1794 91
691 1771 723 1795 ad
740 1771 837 1796 lites...
864 1772 1050 1804 extinguendas
1065 1793 1070 1798 .

341 1818 352 1831 ιι
402 1810 448 1833 917
463 1817 479 1833 a
522 1819 534 1832 ιι
584 1811 614 1835 33
631 1811 677 1835 ult.
691 1811 753 1836 nihil
762 1812 865 1836 omnino
873 1813 961 1842 teneri,
977 1817 1052 1845 prout

708 1852 734 1876 in
751 1852 912 1884 quibusdam.
933 1862 979 1886 per
996 1855 1050 1879 eius

709 1891 804 1916 litteras
852 1912 1043 1918 .....

339 1938 351 1951 ιι
399 1930 445 1954 917
463 1931 474 1953 ὸ
523 1941 534 1952 ιι
579 1932 610 1955 90
687 1932 809 1956 innovata
853 1952 1042 1958 .....

340 1979 351 1992 ιι
402 1971 447 1995 918
463 1979 478 1994 α
521 1980 531 1994 >ι
582 1973 612 1996 39
629 1971 675 1996 ult.
691 1973 723 1996 Ut
739 1981 771 1997 ea
805 1992 1043 1999 ......

340 2020 351 2033 ιι
401 2012 448 2035 918
463 2020 479 2036 α
521 2021 532 2035 ›
583 2013 612 2036 35
629 2013 674 2036 ult.
690 2016 718 2037 ut
734 2013 806 2038 firma
850 2033 1042 2040 .....

340 2060 352 2074 2
402 2052 447 2075 918
463 2060 478 2075 ο,
521 2061 532 2075 ιι
584 2053 612 2077 13
630 2053 675 2077 ult.
691 2054 819 2086 quandam
849 2074 1042 2081 .....

340 2100 352 2114 ιι
401 2092 447 2116 919
464 2101 479 2116 α
523 2102 534 2115 2
585 2095 614 2117 14
631 2094 675 2118 ult.
691 2103 783 2127 nempe
800 2095 825 2119 in
845 2096 980 2128 antiquiori
990 2105 1049 2129 pro—

710 2135 794 2160 vincia
821 2144 852 2160 ex
870 2136 968 2161 duabus
985 2146 1050 2170 quae

710 2177 815 2201 venient
832 2178 858 2201 in
876 2178 998 2205 ordinem.
1019 2180 1050 2203 ad

711 2217 760 2242 hoc
777 2221 805 2241 ut
820 2223 937 2243 votorum
955 2220 987 2243 sit
1004 2228 1049 2252 pa-

711 2257 771 2282 rites
780 2258 804 2282 in
814 2259 928 2291 qualibet
936 2260 1046 2289 natione¹

711 2301 737 2323 et
749 2299 886 2331 provincia.
900 2300 923 2324 in
938 2309 988 2332 qua
1000 2309 1050 2325 non

710 2337 758 2362 fuit
775 2338 867 2363 electio
879 2348 925 2372 pro
937 2340 984 2364 hac
994 2341 1050 2365 vice

709 2378 806 2402 carebit
823 2386 868 2403 suo
885 2383 952 2404 voto¹

341 2421 353 2435 ιι
402 2415 447 2439 990
463 2424 479 2439 α
522 2425 533 2439 ιι
553 2418 626 2441 93-94
691 2418 824 2442 deberent.
835 2418 963 2451 ..eligent
992 2439 996 2444 .
1039 2440 1043 2444 .

343 2461 354 2475 ιι
405 2454 450 2478 990
467 2456 479 2479 ὸ
522 2464 533 2479 ιι
586 2458 615 2481 19
693 2460 787 2482 statuta
806 2477 997 2484 .....
1009 2462 1013 2466 “
1039 2480 1044 2484 .

344 2501 354 2514 ιι
405 2494 448 2517 991
465 2502 481 2518 α
523 2504 535 2517 ιι
599 2498 614 2520 8
692 2500 744 2521 tam
758 2516 1042 2523 .......

985 292 1162 316 ...χν-

410 346 476 371 Edit.
496 346 566 370 Rom.
596 345 690 374 Μαίη,
712 345 773 368 Tom.
795 351 822 372 v.
844 345 911 367 Part.
931 352 953 368 v.

1105 405 1163 434 Ραρ.

1139 1742 1150 1755 )>

1138 1782 1149 1795 ))

1320 344 1386 368 Edit.
1409 345 1479 368 Tam.
1501 345 1563 368 Tom.
1584 352 1633 368 xiu.

1206 404 1250 427 199
1269 404 1280 426 b
1298 402 1365 427 linea
1381 403 1411 426 94

1200 445 1244 467 130
1261 452 1276 466 α
1320 453 1331 465 ιι

1202 484 1245 507 130
1264 484 1275 506 b
1319 493 1330 506 ιι

1204 525 1247 547 131
1266 532 1279 547 α
1324 533 1334 545 ιι

1199 564 1243 587 132
1261 565 1272 585 b
1319 573 1325 585 -ι

1199 604 1242 627 133
1260 604 1272 627 b
1315 614 1326 626 ἰι

1202 645 1245 668 133
1264 645 1275 667 b
1320 653 1331 665 ιι

1201 685 1245 708 134
1261 693 1275 707 α
1320 693 1330 705 -ιι

1200 725 1244 748 134
1261 733 1276 747 α
1321 734 1331 746 ιι

1200 766 1244 789 135
1262 774 1276 788 α
1321 775 1331 787 ·-ι

1201 805 1245 828 136
1262 814 1277 828 α
1325 815 1332 827 -ι

1202 846 1245 868 139
1264 853 1277 867 α
1322 855 1332 866 ιι

1200 886 1244 909 139
1263 886 1274 908 b
1318 895 1329 907 ιι

1204 927 1246 950 141
1265 935 1279 950 a
1324 938 1334 948 ιι

1202 967 1245 990 14²2
1263 974 1277 989 α
1323 976 1333 988 ιι

1201 1008 1245 1030 144
1263 1007 1275 1029 b
1319 1016 1329 1027 ιι

1201 1047 1245 1069 145
1262 1054 1277 1069 α
1322 1056 1332 1066 ιι

1202 1087 1247 1110 146
1265 1087 1276 1109 b
1319 1095 1330 1107 ιι

1202 1127 1246 1149 147
1263 1134 1275 1149 α
1322 1136 1325 1139 “

1490 401 1565 426 etiam
1587 403 1614 429 (7)

1386 443 1413 467 1ss
1432 443 1476 466 ult.
1492 451 1505 466 a
1523 442 1637 473 quolibet

1397 484 1410 505 3
1428 483 1473 505 vlt.
1488 482 1569 505 cuivis

1403 525 1412 546 l
1433 523 1477 546 ult.
1493 530 1668 554 quaecumque

1395 564 1403 586 1
1488 564 1510 586 in

1393 605 1406 626 7
1486 611 1521 629 ac.
1543 606 1569 626 ut

1398 645 1412 667 9
1429 644 1474 667 ιιῖί.
1491 643 1632 675 Singularia

1397 685 1411 707 3
1491 692 1631 707 annuamus

1385 725 1410 748 11
1430 724 1475 748 ull.
1491 732 1521 747 ex
1531 724 1631 755 gabella

1384 766 1412 788 19
1491 766 1640 788 exercerent
1658 766 1685 793 (Ὗ)

1399 806 1414 828 8
1493 812 1543 836 quo

1386 846 1414 867 10
1431 844 1477 868 ult.
1493 846 1522 868 30

1396 886 1410 908 4
1428 885 1473 908 ult.
1489 892 1587 908 eorum.

1387 927 1414 949 15
1494 933 1632 956 earumque

1385 967 1413 989 10
1432 965 1475 988 ult.
1491 973 1541 997 qua

1382 1006 1409 1029 13
1489 1004 1624 1029 redituram

1385 1046 1412 1068 17
1492 1043 1657 1075 interpolatos

1397 1086 1410 1109 3
1491 1084 1655 1109 existentium

1385 1126 1415 1148 93
1433 1125 1477 1148 υἷι,
1492 1125 1520 1149 91
1536 1124 1579 1147 ιιῖί.
1601 1124 1662 1146 Cum
1680 1129 1761 1154 nuper
1786 1120 1851 1144 iubi-

1509 1162 1762 1188 laeicelebrationem
1772 1161 1796 1184 in
1807 1169 1849 1184 an-

1510 1212 1569 1228 num
1588 1204 1702 1235 proxime
1715 1206 1849 1226 venturum

1511 1254 1523 1269 a
1542 1245 1629 1275 vigilia
1652 1242 1790 1266 nativitatis
1813 1243 1843 1264 D.

1510 1286 1540 1308 N.
1556 1285 1576 1308 1.
1593 1284 1618 1307 C.
1642 1283 1756 1315 proxime
1780 1281 1849 1305 futu-

1510 1332 1551 1348 rae
1569 1323 1744 1350 inchoandam,
1771 1324 1797 1345 et
1824 1329 1850 1343 u-

1511 1373 1573 1396 sque

1202 1408 1245 1430 147
1263 1416 1275 1430 α
1321 1416 1332 1428 ιι
1385 1407 1414 1429 15
1432 1406 1477 1429 ult.
1493 1404 1696 1428 beatissimorum

1201 1448 1245 1471 149
1262 1456 1276 1470 α
1322 1457 1332 1470 n
1384 1448 1413 1470 19
1492 1445 1551 1469 Sedi

1202 1489 1245 1512 150
1262 1497 1275 1511 a
1324 1498 1334 1510 ιι
1386 1489 1415 1511 15
1493 1484 1688 1518 percipientium
1706 1482 1821 1516 personis

1203 1530 1247 1553 150
1264 1538 1277 1552 α
1322 1538 1333 1550 ιι
1386 1529 1415 1551 18
1494 1526 1665 1550 conserendae

1203 1570 1247 1593 150
1265 1570 1276 1592 b
1320 1579 1331 1591 ιι
1383 1570 1412 1592 19
1429 1568 1473 1591 ult.
1489 1566 1674 1599 persolvendae

1202 1611 1243 1633 151
1262 1618 1275 1633 cr
1320 1619 1330 1631 ιι
1356 1627 1361 1631 .
1381 1610 1410 1632 93
1491 1612 1591 1631 tenores

1202 1652 1244 1674 151
1263 1659 1277 1673 a
1322 1660 1332 1672 ιι
1400 1652 1414 1673 8
1432 1650 1477 1672 ult.
1493 1655 1632 1679 eorumque

1201 1692 1244 1714 151
1265 1692 1276 1714 b
1320 1699 1332 1711 x
1399 1691 1412 1713 7
1430 1690 1476 1713 ult.
1490 1689 1654 1712 manifestare

1202 1733 1246 1755 152
1265 1732 1276 1755 b
1320 1740 1331 1753 ιι
1382 1732 1411 1754 90
1491 1738 1556 1761 quae

1203 1773 1247 1795 154
1263 1780 1277 1795 a
1320 1782 1331 1794 »
1384 1772 1411 1795 14
1491 1778 1519 1794 ac
1537 1770 1603 1793 lites.
1615 1789 1618 1793 .
1630 1788 1633 1792 .
1643 1767 1816 1799 extinguendo

1138 1822 1148 1835 ιι
1171 1814 1215 1836 154
1233 1813 1244 1836 b
1264 1813 1307 1836 155
1324 1820 1337 1835 a
1352 1821 1362 1835 ιι
1492 1810 1554 1834 nihil
1572 1809 1675 1834 omnino
1687 1816 1733 1841 per
1744 1808 1799 1832 eius
1811 1807 1849 1830 lit-

1510 1854 1576 1875 teras

1202 1935 1245 1957 155
1263 1934 1275 1956 b
1317 1942 1329 1954 ιι
1385 1934 1412 1956 10
1494 1932 1642 1955 innovatum

1201 1974 1246 1997 156
1263 1981 1278 1996 α
1322 1982 1333 1995 ιι
1399 1974 1413 1996 9
1431 1972 1476 1996 ult.
1491 1973 1526 1995 Ea
1540 1973 1567 2000 ιἹ]

1202 2016 1246 2039 156
1265 2016 1276 2037 1¹
1320 2024 1331 2037 ιι
1398 2016 1411 2038 3
1491 2013 1563 2037 firma

1203 2057 1246 2079 156
1266 2056 1277 2078 b
1322 2064 1333 2078 ιι
1383 2056 1413 2078 95
1493 2054 1633 2086 quamlibet

1201 2097 1245 2120 158
1262 2105 1276 2120 α

1204 2421 1247 2444 159
1264 2429 1279 2443 α

1202 2461 1247 2484 159
1266 2461 1277 2484 b
1321 2471 1332 2482 ιι

1202 2501 1246 2524 159
1265 2501 1276 2524 b
1320 2510 1331 2523 ιι

1320 2105 1331 2118 ιι
1366 2096 1410 2120 1-5

1324 2430 1334 2442 ιι
1368 2421 1412 2443 9-3

1490 2103 1582 2126 nempe
1602 2095 1647 2118 illa
1659 2102 1673 2118 e
1686 2094 1784 2118 duabus
1804 2101 1849 2117 an-

1511 2136 1662 2168 tiquioribus
1711 2135 1850 2167 provinciis

1509 2185 1574 2209 quae
1592 2177 1697 2200 venient
1714 2176 1739 2199 in
1762 2176 1850 2200 ordine

1511 2219 1549 2248 (ad
1568 2219 1615 2242 hoe
1633 2222 1659 2241 ut
1681 2223 1796 2248 vesorum
1819 2218 1850 2241 sit

1508 2259 1602 2290 paritas
1613 2259 1637 2282 in
1649 2259 1761 2290 qualibet
1771 2258 1850 2281 natio-

1509 2303 1549 2327 ne)
1564 2307 1608 2330 pro
1621 2300 1668 2323 hae
1682 2299 1736 2323 vice
1755 2299 1850 2323 carebit

1512 2347 1556 2363 suo
1570 2344 1627 2363 voto
1643 2340 1678 2368 U).

1494 2420 1626 2444 deberet...
1643 2420 1720 2451 eliget
1731 2422 1758 2450 ΓΡ)
1774 2422 1812 2450 W)

1399 2462 1410 2483 1
1493 2464 1601 2485 statutae

1398 2502 1411 2523 6
1430 2500 1473 2524 ult.
1490 2501 1539 2524 iam

341 2614 352 2627 '⁸
368 2613 443 2638 Alias
459 2616 534 2639 etiam
550 2618 674 2642 emendari
688 2621 766 2650 potest
783 2621 830 2643 sic:
849 2628 942 2653 nempe
960 2621 985 2644 in
1003 2621 1052 2645 alia
1069 2629 1083 2645 e
1107 2622 1206 2654 duabus
1230 2622 1416 2654 antiquioribus
1439 2622 1577 2654 provinciis
1602 2631 1667 2655 quae
1692 2622 1798 2646 venient
1821 2623 1846 2646 in

309 2653 423 2678 ordinem
443 2655 488 2683 (ad
503 2655 552 2680 hoc
568 2659 634 2682 ut...
652 2658 783 2687 natione);
804 2663 830 2683 et
845 2660 983 2692 provincia,
1004 2662 1030 2685 in
1048 2669 1097 2694 qua
1115 2670 1166 2686 non
1183 2661 1231 2686 fuit
1248 2662 1347 2691 electio,
1368 2671 1413 2695 pro
1426 2663 1473 2688 hac
1490 2663 1545 2688 vice
1563 2664 1659 2688 carebit
1680 2671 1725 2687 suo
1742 2666 1808 2686 voto.

340 2694 364 2707 *⁶
379 2695 413 2719 At
429 2694 478 2720 ista
495 2697 616 2721 correctio
633 2705 684 2723 non
701 2702 740 2723 est
758 2699 923 2725 admittenda.
