2269 3235
113 227 162 287 Aon.
179 258 208 286 C.
230 257 295 285 1628

145 853 170 874 Et
179 852 208 872 sic
218 856 300 877 promo-

119 881 144 900 us
185 878 299 898 uili-'mrum

118 906 187 926 dietae
211 905 300 929 Congre-

118 931 207 957 gationis
234 931 300 950 animi-

117 958 260 978 nistrationem
271 962 300 976 in-

118 984 209 1005 toi-dixit.

147 1170 240 1191 Subinde
253 1175 302 1189 vero

121 1198 159 1218 iste
208 1196 303 1217 Pontifex

120 1224 192 1244 statuit
203 1223 302 1244 sucerdo-

120 1253 151 1271 tes
159 1251 180 1271 in
189 1250 303 1270 dictaCon-

119 1277 239 1303 gregarium·
247 1282 305 1302 prae-

122 1305 200 1324 laturas
217 1304 304 1323 nuliate-

121 1336 159 1350 nus
209 1330 303 1351 obtinere

122 1363 190 1383 posse.

149 1862 218 1886 Modo,
229 1867 254 1882 ex
262 1866 311 1881 cau-

128 1889 156 1919 sis
174 1889 209 1909 liic
228 1893 311 1914 expres-

127 1922 167 1941 sis,

173 2446 271 2467 Declarat
286 2446 317 2466 di⁴

134 2474 223 2499 gnitaies
231 2473 257 2493 ad
265 2478 316 2498 quas

134 2501 217 2520 omnino
234 2500 318 2519 inhabi-

135 2526 164 2547 les
175 2532 220 2547 esse
232 2526 316 2547 debent,

917 256 1057 281 unnAuus

308 303 422 337 Paulus
445 304 677 347 praedeeessor,
695 315 803 337 eorum
828 304 887 337 liae
907 304 937 336 in
958 309 1047 348 parte

309 357 588 400 supplicationibus
614 357 788 399 inclinatus,
814 357 897 401 quod
922 357 952 389 in
976 368 1048 400 qua-

309 409 385 442 libet
420 410 514 443 domo
545 410 645 445 dictae
677 410 935 453 Congregationis
967 421 1048 442 unus

310 463 467 496 confrater
493 463 661 506 dumtaxat,
683 463 813 496 arbitrio
840 467 913 495 tunc
938 467 967 495 et
991 473 1048 506 pro

311 517 506 560 temporibus
531 518 691 551 existentis
716 517 854 550 eiusdem
875 518 1050 559 Congrega-

312 570 404 603 tionis
428 571 509 614 apud
527 571 637 604 Sedem
663 570 874 614 Apostolicam
895 574 1050 614 protecto-

311 623 365 664 ris,
391 624 427 656 ad
454 634 561 657 omnes
584 624 675 657 etiam
701 634 806 656 sacros
831 629 860 656 et
891 623 1052 667 presbyte-

312 672 398 711 ratus
415 678 541 711 ordines
554 677 733 721 promoveri
748 683 862 721 posset,
880 678 937 710 sub
958 677 1051 710 certis

314 731 407 764 modo
431 736 461 764 et
484 731 585 764 forma
610 735 683 764 tunc
708 731 873 774 expressis,
899 731 1048 764 concessi!

315 790 345 818 et
364 785 507 824 indulsit;

359 838 415 881 §⁶2-
431 839 530 881 thue
548 839 591 871 sic
608 839 746 883 promoti
763 839 885 871 nullum
903 838 1052 878 officium,

315 902 440 932 munus,
454 896 507 924 aut
519 892 821 926 administrationem
837 893 867 925 in
881 892 963 926 (licta
980 892 1055 925 Con-

315 945 497 988 gregatione
521 956 632 989 gerere
656 947 703 979 vel
729 957 875 980 exercere
901 946 1053 988 valerent,

316 998 370 1031 sed
394 998 496 1032 missis
521 999 717 1032 celebrandis
735 1005 764 1032 et
781 1000 984 1032 sacramentis
1000 999 1055 1032 mi-

316 1051 486 1090 nistrandis
511 1053 728 1087 tantummodo
754 1064 864 1087 vacare
888 1053 1055 1093 deberent,

318 1105 432 1139 statuit.

362 1159 377 1203 ἓ
401 1159 431 1192 3.
450 1159 589 1193 Subinde
606 1171 680 1193 vero
697 1171 764 1201 nos,
783 1171 938 1204 prospero
963 1159 1058 1193 felici-

318 1223 379 1257 que
395 1213 496 1246 dictae
512 1214 770 1257 Congregationis
791 1214 946 1257 regimini,
964 1224 1058 1257 quan-

319 1271 383 1298 tum
402 1277 473 1299 cum
490 1267 624 1300 Domino
638 1278 816 1311 possumus,
830 1267 994 1300 consulere
1010 1278 1059 1300 ro-

319 1320 426 1361 lentes,
445 1324 533 1353 motu
557 1321 688 1364 proprio
713 1326 742 1354 et
766 1331 803 1353 ex
828 1322 913 1354 certa
931 1320 1059 1353 scientia

319 1383 354 1406 ac
370 1375 493 1406 matura
510 1374 735 1408 deliberatione
758 1374 885 1416 nostris,
903 1374 984 1407 inter
1000 1374 1060 1406 alia

319 1427 486 1468 voluimus,
504 1438 539 1461 ac
563 1428 657 1461 etiam
683 1428 857 1469 statuimus,
876 1428 961 1471 quod
981 1427 1060 1460 eius-

319 1479 390 1512 dem
405 1480 665 1524 Congregationis
676 1481 853 1514 sacerdotes
866 1481 1060 1524 praelaturas

320 1533 352 1566 in
375 1534 458 1567 dicta
482 1535 731 1578 Congregatione
755 1535 842 1568 nullo
867 1534 961 1567 modo
985 1534 1062 1567 obti-

320 1598 394 1620 nere
414 1592 549 1631 possent,
564 1593 594 1621 et
611 1589 696 1629 alias,
716 1594 811 1634 prout
829 1589 860 1620 in
884 1588 957 1621 dicti
975 1588 1061 1620 Pauli

320 1641 631 1684 praedecessoris&
647 1642 762 1675 nostris
785 1641 816 1673 in
842 1641 936 1674 simili
961 1641 1062 1674 forma

321 1693 427 1726 Brevis
451 1694 603 1738 expeditis
628 1694 753 1736 litteris,
778 1705 912 1737 quarum
938 1699 1062 1728 tenores

322 1747 540 1790 praesentibus
557 1758 616 1791 pro
633 1747 824 1781 sufficienter
840 1748 995 1791 expressis
1013 1748 1063 1780 lia-

324 1799 392 1832 beri
407 1801 562 1841 volumus,
579 1801 704 1845 plenius
720 1801 898 1834 continetur
911 1801 929 1834 ¹.

370 1854 385 1897 ἓ
408 1853 438 1886 4.
463 1854 538 1888 Cum
556 1860 669 1897 autem,
688 1855 768 1888 sicut
784 1855 974 1899 accepimus,
991 1865 1065 1888 non-

326 1907 404 1940 nulli
428 1907 528 1941 dietae
549 1909 806 1951 Congregationis
830 1909 1010 1952 superiores
1036 1915 1066 1941 et

327 1961 513 2004 sacerdotes,
538 1962 713 2006 praedictas
737 1963 857 1996 litteras
882 1968 991 1996 contra
1015 1973 1066 1995 ve-

326 2025 398 2047 rum
423 2015 547 2048 illarum
569 2026 693 2049 sensum
715 2021 744 2049 et
765 2016 1003 2060 dispositionem
1023 2016 1066 2048 in-

328 2068 492 2111 terpretari
506 2079 568 2102 non
582 2074 734 2110 verentes,
747 2069 913 2102 confratris
928 2069 1065 2110 maioris,

326 2122 542 2164 procuratoris
562 2123 727 2165 generalis,
750 2122 918 2156 consiliarii
944 2122 1067 2166 prox-in-

328 2174 424 2215 cialis,
450 2175 557 2208 vicarii
583 2176 749 2218 generalis,
769 2176 886 2220 prioris
910 2187 945 2209 ac
970 2186 1086 2221 secre-¹

328 2228 398 2260 tarii
416 2230 572 2271 generalis
597 2230 765 2272 dignitates
790 2234 819 2264 et
843 2230 944 2263 ossicia
969 2230 1068 2262 dictae

329 2280 597 2325 Congregationis,
618 2284 643 2316 si
660 2284 698 2316 ad
715 2295 751 2316 ea
775 2289 984 2324 assumantur,
1004 2281 1086 2316 abs-³

331 2345 391 2378 que
406 2336 469 2369 ullo
490 2337 698 2370 conscientiae
712 2338 861 2381 scrupulo
879 2349 911 2371 se
928 2337 1069 2381 recipere
1086 2351 1087 2354 ¹

332 2394 361 2421 et
377 2388 519 2422 obtinere
536 2400 628 2433 posse
645 2391 865 2434 praetendant:

377 2441 391 2484 ἓ
405 2441 433 2474 5.
444 2442 515 2484 Nos,
527 2442 558 2474 in
571 2443 752 2486 praemissis
764 2448 961 2487 opportunae
973 2444 1072 2476 decla·
1087 2466 1089 2489 ,

331 2495 461 2528 rationis
479 2495 663 2537 ministerio,
680 2502 830 2540 quantum
848 2508 918 2530 cum
939 2498 1072 2530 Domino

331 2558 509 2591 possumus,
527 2549 693 2592 providere
716 2551 866 2591 volentes,
884 2551 921 2583 de
948 2562 1072 2584 venera-

333 2601 442 2635 bilium
460 2603 593 2637 fratrum
615 2609 798 2638 nostrorum
815 2610 938 2638 sanctae
964 2606 1075 2638 Roma-

370 2666 380 2691 1
398 2665 465 2693 Vide
480 2674 540 2701 sup.
557 2674 618 2702 pag.
636 2666 737 2703 65801.
754 2667 802 2702 T.).

1082 256 1138 280 iun
1162 256 1210 280 rr.
1721 244 1783 278 667

1082 315 1138 336 nae
1159 302 1313 337 Ecclesiae
1339 302 1554 344 cardinalium,
1572 302 1705 343 negotiis
1732 313 1821 342 regu-

1084 357 1193 389 larium
1227 356 1497 400 praepositorum,
1523 355 1678 395 consilio,
1713 360 1820 392 moin,

1083 410 1210 442 scientia
1229 416 1259 443 et
1279 410 1501 443 deliberatione
1519 409 1684 449 similibus,
1706 409 1823 441 contra<

1085 468 1146 495 tres
1163 463 1341 496 sacerdotes
1366 462 1623 505 Congregationis
1641 462 1820 495 huiusmodi

1084 526 1120 548 ex
1136 516 1235 548 forma
1251 516 1423 549 litterarum
1442 516 1673 559 praedictarum
1688 516 1724 547 ad
1739 526 1825 559 pras·—

1085 568 1261 602 nominatas
1285 569 1451 612 dignitates
1477 575 1506 601 et
1530 569 1630 602 otticia
1656 568 1823 601 obtinenda

1086 621 1238 653 inhabiles
1263 633 1339 663 esse,
1366 623 1536 666 apostoliea
1563 622 1756 664 auctoritate,
1783 626 1824 655 te-

1085 685 1161 707 nore
1186 675 1414 718 lin‘aesentium,
1440 676 1638 709 decernimus
1663 680 1693 710 et
1717 676 1822 709 decla-

1086 740 1201 762 ramus.

1131 785 1146 826 g
1169 784 1198 816 o.
1219 785 1345 818 Necnon
1363 784 1479 817 eisdem
1498 785 1708 818 confratribus
1727 796 1827 824 sacer-

1087 837 1230 880 dotibus,
1255 838 1437 871 earumdem
1463 843 1571 871 tenore
1596 839 1826 881 praesentium,
1843 830 1901 870 3235:

1089 891 1305 924 interdicimus
1329 897 1359 925 et
1383 892 1599 936 prohibemus,
1617 902 1655 924 ne
1675 891 1713 923 ad
1730 892 1827 932 digni-

1090 950 1166 978 tates
1183 950 1213 978 et
1227 946 1327 978 officia
1341 945 1523 978 huiusmodi
1538 946 1694 989 patiantur
1708 956 1738 977 se
1756 945 1827 987 eligi

1090 998 1137 1030 vel
1162 999 1288 1041 assumi,
1308 999 1408 1031 autin
1433 998 1477 1031 eis
1501 1009 1533 1031 se
1558 998 1737 1031 immiscere
1755 1008 1829 1041 quo·

1090 1052 1270 1095 quomodo,
1296 1051 1513 1095 superioribus
1538 1062 1612 1084 vero
1642 1062 1681 1084 ne
1704 1051 1828 1083 illorum

1091 1116 1280 1149 quemquam
1298 1106 1414 1148 eligere
1444 1105 1491 1138 vel
1519 1109 1680 1138 assumere
1697 1105 1831 1137 audeant

1092 1170 1146 1192 seu
1170 1164 1392 1203 praesumant,
1418 1159 1556 1203 alioquin
1582 1159 1763 1203 superiores
1788 1159 1831 1191 sic

1091 1213 1242 1255 eligentes
1263 1213 1310 1245 rel
1331 1218 1525 1246 assumentes
1549 1213 1697 1246 omnibus
1721 1212 1832 1245 otliciis

1092 1271 1122 1298 et
1146 1266 1349 1309 dignitatibus
1382 1266 1537 1307 obtentis,
1563 1277 1702 1310 voceque
1734 1266 1832 1298 activa

1094 1324 1124 1352 et
1155 1319 1279 1363 passiva
1309 1330 1346 1352 eo
1380 1320 1446 1363 ipso
1482 1319 1596 1364 privati
1629 1324 1832 1352 censeantur:

1094 1373 1268 1406 confratres
1293 1383 1367 1406 vero
1388 1373 1566 1406 sacerdotes
1591 1372 1782 1415 huiusmodi,
1800 1378 1834 1405 ut

1094 1427 1308 1470 praeponitur,
1324 1426 1414 1460 electi
1431 1427 1478 1459 vel
1497 1426 1656 1470 assumpti,
1670 1437 1688 1458 a
1705 1436 1834 1459 suorum

1095 1481 1241 1514 ordinum
1274 1481 1483 1524 exequutione
1514 1485 1668 1525 perpetuo
1693 1480 1836 1524 suspensi

1094 1539 1286 1568 remaneant.

1140 1589 1154 1630 ᾖ
1180 1588 1207 1620 7.
1233 1588 1443 1620 Decernentes
1472 1587 1515 1620 sie
1545 1592 1574 1620 et
1601 1597 1664 1620 non
1692 1587 1782 1620 aliter
1808 1586 1836 1618 in

1096 1641 1278 1685 praemissis
1299 1652 1356 1685 per
1376 1652 1592 1685 quoscumque
1614 1641 1733 1673 iudices
1758 1640 1839 1674 ordi-

1096 1695 1201 1728 narios
1227 1700 1256 1727 et
1281 1695 1455 1738 delegatos,
1477 1695 1569 1727 etiam
1596 1705 1762 1727 causarum
1786 1705 1838 1738 pa-

1097 1749 1160 1782 latii
1187 1749 1350 1792 apostolici
1380 1749 1556 1789 auditores,
1582 1748 1714 1781 iudicari
1738 1753 1768 1781 et
1792 1748 1841 1780 de-

1098 1802 1182 1835 finiri
1206 1802 1332 1844 debere,
1352 1813 1387 1835 ac
1408 1802 1530 1836 irritum
1551 1808 1579 1834 et
1597 1802 1698 1843 inane,
1712 1802 1737 1834 si
1752 1812 1841 1835 secus

1099 1856 1259 1899 superbis
1283 1867 1300 1888 a
1325 1867 1494 1900 quoquam,
1513 1856 1621 1899 quavis
1646 1855 1841 1895 auctoritate,

1081 1928 1082 1938 i
1100 1909 1234 1942 scienter
1244 1909 1291 1942 vel
1306 1909 1497 1952 ignoranter,
1509 1909 1840 1952 contigeritattentari.

1144 1963 1200 2005 38.
1218 1963 1287 1995 Non
1302 1962 1498 1996 obstantibus
1516 1963 1662 1995 omnibus
1676 1962 1747 2003 illis,
1762 1973 1842 2006 quae

1100 2016 1130 2048 in
1148 2016 1361 2049 dietislitteris
1377 2026 1525 2049 concessa
1539 2020 1610 2050 sunt
1626 2027 1688 2049 non
1706 2016 1841 2056 obstare,

1102 2069 1275 2113 ceterisque
1293 2070 1459 2103 contrariis
1472 2070 1735 2113 quibuscumque.

1146 2126 1160 2167 ξ
1179 2124 1206 2157 [l.
1227 2124 1377 2156 Volumus
1398 2129 1512 2164 autem,
1531 2124 1614 2167 quod
1630 2124 1842 2167 praesentium

1103 2177 1314 2220 transumptis,
1332 2177 1424 2209 etiam
1443 2177 1613 2220 impressis,
1632 2188 1726 2210 manu
1743 2178 1840 2210 alieu-

1103 2231 1150 2264 ius
1174 2231 1288 2264 notarii
1314 2231 1430 2273 publici
1456 2231 1660 2274 subscriptis,
1687 2236 1717 2263 et
1741 2231 1844 2274 sigillo

1103 2295 1256 2327 personae
1289 2284 1320 2316 in
1351 2284 1501 2326 dignitate
1535 2284 1745 2317 ecclesiastica
1770 2294 1845 2317 eon-

1104 2338 1230 2370 stitutae
1255 2337 1393 2377 munitis,
1412 2337 1520 2369 eadem
1545 2348 1676 2380 prorsus
1700 2337 1777 2370 fides
1798 2337 1847 2370 ad-

1104 2391 1257 2432 hibeatur,
1284 2401 1364 2433 quae
1389 2391 1608 2434 praesentibus
1632 2391 1846 2432 adhiberetur,

1105 2444 1130 2476 si
1148 2446 1249 2476 torent
1266 2443 1421 2476 exhibitae
1440 2444 1487 2477 vel
1505 2448 1657 2477 ostensae.

1150 2498 1261 2530 Datum
1282 2498 1410 2538 Romae,
1433 2498 1517 2542 apud
1545 2499 1574 2531 S.
1601 2498 1727 2531 Mariam
1755 2499 1848 2532 Maio-

1107 2563 1184 2592 rem,
1210 2551 1267 2584 sub
1291 2552 1406 2584 annulo
1424 2551 1601 2592 Piscatoris,
1624 2552 1673 2585 die
1695 2563 1761 2585 xvn
1783 2552 1847 2585 iulii

1107 2615 1283 2646 mocxxvln,
1301 2606 1500 2649 pontificatus
1520 2606 1619 2639 nostri
1644 2617 1725 2640 anno
1743 2617 1772 2640 v.

1143 2667 1200 2696 Dat.
1223 2667 1265 2696 die
1283 2668 1312 2696 17
1328 2668 1395 2695 iunii
1413 2668 1492 2704 1628,
1513 2669 1608 2704 pontif.
1625 2678 1670 2697 an.
1688 2676 1713 2696 v.

1843 884 1895 897 lttfitti

1844 907 1900 923 <litut

1844 939 1881 952 lid:
1897 938 1906 951 (l
1920 940 1922 947 t
1934 938 1951 948 w
1962 937 1973 950 ΙΙ

1832 253 1881 280 An.
1899 253 1926 281 C.
1948 254 2016 281 4628

1882 798 1959 817 Electis
1975 802 2025 826 qno·

1900 830 1904 834 ι
1919 831 1922 835 -
1937 832 1941 837 ,
1967 830 1985 837 v»
2003 827 2026 843 γι.

1904 1599 1968 1618 Aliter
1985 1597 2037 1617 iusti-

1853 1625 1914 1645 candi
1951 1625 2037 1644 sat-ulta-

1854 1655 1894 1672 tem
1910 1652 1970 1672 tollit.

1903 1972 2042 1995 Quibuscum-

1858 2005 1897 2024 ipie
1907 2004 1946 2018 nan
1956 1998 2042 2019 onaan-

1858 2026 1920 2046 tibus.

1897 2132 2044 2156 Transumptis

1859 2159 1920 2206 siilpm
1930 2159 1976 2179 dari
1986 2164 2043 2178 man·

1860 2192 1886 2206 ia
1900 2202 1903 2206 .
