2269 3235
218 264 268 289 An.
283 262 313 290 c.
335 262 400 289 ιω
445 253 510 287 170

248 2258 361 2282 ὓθριιῐειιι)
372 2263 418 2278 exe·

236 2287 346 2309 quutorun·
356 2285 418 2305 liuius

236 2310 315 2332 bullae.

993 259 1174 286 BULLAnnJM
1196 259 1351 285 ROMANUM

418 310 591 343 canonibus
617 316 646 343 et
669 309 798 344 Concilii
822 308 994 342 Tridentini
1026 306 1160 341 decretis
1192 307 1313 342 litteras
1344 313 1375 341 et
1406 305 1437 340 in
1460 307 1505 341 eis
1529 310 1676 340 contenta
1699 317 1935 352 quaecumque,

419 370 468 397 :uu
495 364 675 408 apostolicis
697 362 972 396 constitutionibus
996 361 1162 394 adversen-

420 424 480 457 tur,
506 424 537 450 ut
563 418 738 461 praefertur
753 416 771 456 ¹,
797 415 966 450 Ordinibus
990 415 1163 448 Mendican-

421 471 496 519 lium
516 476 542 503 et
565 469 801 513 congregationi
814 469 1009 503 Clericorum
1033 468 1164 513 Regula-

421 523 503 555 rium
529 522 769 555 illinistrantium
805 522 961 563 infirmis,
987 532 1164 566 corumque

422 576 639 615 conventibus,
655 575 802 608 domibus
827 580 857 608 et
881 575 949 608 aliis
974 575 1050 609 locis
1075 585 1165 618 regu-

422 629 561 669 laribus,
586 638 708 662 necnon
733 629 963 669 ecclesiasticis,
988 633 1019 662 et
1042 628 1165 662 dilectis

422 681 494 713 liliis
504 681 656 714 (lrdinum
671 687 698 714 ct
710 681 966 725 congregationis
983 681 1165 715 huiusmodi

423 735 640 776 generalibus,
666 735 916 779 praesidentibus
941 741 969 768 et
1002 735 1166 780 quibusvis

423 788 492 821 aliis
526 789 759 833 superioribus,
791 789 940 833 praelatis
964 795 993 822 et
1022 789 1166 833 capitulis

424 842 517 875 etiam
543 842 754 885 generalibus,
780 842 1036 886 provincialibus,
1053 842 1168 875 seuin-

425 896 599 935 termediis,
625 906 798 939 corumque
823 895 1062 935 definitoribus,
1086 895 1169 938 prio-

425 949 523 989 ribus,
536 949 671 989 novitiis,
682 949 843 989 fratribus,
857 949 1027 988 conversis,
1035 948 1167 989 donatis,

425 1014 460 1036 ac
477 1002 642 1046 quibusx‘is
660 1012 770 1035 eorum
792 1002 993 1044 regularibus
1015 1002 1168 1045 personis,

426 1057 536 1089 tamin
562 1056 656 1094 l'rbe,
673 1066 767 1099 quam
793 1055 888 1088 etiam
914 1055 944 1088 in
969 1055 1170 1099 quibuscum-

426 1121 486 1153 que
504 1109 611 1142 mundi
625 1109 767 1153 partibus
777 1108 992 1150 existentibus,
1003 1113 1032 1141 et
1041 1108 1169 1141 illorum

426 1163 550 1203 intuitu,
567 1168 620 1195 aut
643 1162 720 1194 alias
737 1161 985 1205 quomodolibet,
1006 1172 1064 1205 per
1080 1172 1170 1205 quos-

426 1227 561 1260 cumque
586 1217 743 1249 Romanos
768 1214 935 1248 Pontifices
952 1215 1171 1259 praedecesso-

427 1280 477 1302 res
501 1274 645 1309 nostros,
670 1279 726 1301 seu
750 1278 807 1312 per
830 1278 888 1301 nos
916 1271 946 1301 ct
971 1278 1170 1301 successores

427 1326 561 1362 nostros
586 1327 639 1354 aut
663 1322 740 1355 alios
764 1320 983 1354 auctoritatem
1008 1320 1169 1363 habentes,

428 1386 576 1410 ‹ezoncessa
601 1380 673 1408 sunt
697 1381 728 1409 et
752 1374 978 1415 concedentur,
995 1385 1032 1407 ac
1055 1374 1170 1418 quibus

428 1431 466 1463 de.
487 1430 565 1471 iure,
590 1440 659 1470 usu,
674 1428 910 1469 consuetudine,
927 1429 974 1461 vel
991 1428 1169 1473 privilegio,

429 1495 483 1517 seu
509 1483 711 1517 concessione
737 1482 919 1527 apostolic-81,
936 1482 967 1514 in
992 1492 1109 1525 genere
1122 1482 1170 1514 vel

430 1539 460 1570 in
485 1538 600 1582 specie,
625 1548 661 1570 ac
685 1542 749 1569 tam
782 1536 976 1570 coniunctim
1007 1546 1102 1580 quam
1128 1535 1172 1568 di-

430 1592 539 1632 visun,
564 1594 617 1624 aut
647 1590 722 1623 alias
753 1589 991 1634 quomodolibet
1022 1594 1170 1629 utuntur,

430 1647 594 1685 lruuntur,
618 1644 781 1688 potiuntur
812 1642 1020 1696 etffiaudent,
1045 1653 1080 1676 ac
1105 1642 1171 1683 uti,

430 1699 502 1739 frui,
526 1698 622 1742 potiri
650 1703 680 1730 et
704 1697 841 1740 gaudere
861 1697 1002 1740 'possunt
1032 1700 1062 1729 et
1089 1701 1173 1740 pote-

431 1758 504 1786 runt
528 1751 766 1796 quomodolibet
782 1751 814 1783 in
830 1751 982 1791 futurum,
1000 1750 1039 1782 ad
1058 1749 1173 1783 dictam

431 1806 714 1849 (long-rogationem
745 1804 870 1838 Ioannis
895 1804 967 1845 Dei,
992 1809 1023 1837 et
1051 1804 1174 1847 singula

431 1860 515 1893 illius
545 1859 755 1899 monasteria,
784 1858 918 1898 domos,
946 1857 1114 1901 hospitalia
1145 1862 1175 1890 et

432 1913 491 1946 alia
510 1913 579 1946 loca
592 1911 761 1955 regularia,
778 1911 970 1954 illorumque
983 1910 1174 1954 superiores,

431 1967 587 2011 praelatos
616 1970 646 1998 et
678 1975 892 2009 quascumque
920 1964 1083 2007 regulares
1105 1974 1176 2008 per-

431 2030 533 2059 sonas,
558 2018 742 2052 auctoritate
766 2021 796 2052 et
820 2023 928 2051 tenore
949 2016 1129 2061 praedictis,
1148 2027 1176 2050 e-

432 2074 505 2108 tiam
540 2078 694 2118 perpetuo
727 2071 949 2112 extendimus,
981 2071 1097 2114 illaque
1131 2071 1175 2104 eis

433 2127 704 2160 communicamus
729 2130 759 2159 et
784 2126 822 2159 de
846 2135 929 2159 novo
954 2124 1174 2165 concedimus,

433 2192 469 2214 ac
493 2180 660 2223 suffragari
685 2180 840 2213 volumus.

478 2233 546 2277 ξῧ.
579 2233 732 2272 Quocirca
763 2230 994 2265 venerabilibus
1025 2230 1175 2264 fratribus

434 2287 640 2332 patriarchis,
668 2285 914 2330 archiepiscopis
946 2290 977 2318 et
1001 2284 1175 2328 episcopis,

434 2342 565 2385 aliisque
573 2341 716 2374 locorum
729 2339 903 2373 Ordinariis
913 2338 1175 2382 quibuscumque,

434 2406 556 2428 uei-non
574 2394 688 2427 dilecto
713 2393 779 2426 titio
804 2403 971 2426 causarum
997 2392 1104 2425 curiae
1125 2402 1176 2425 ca-

435 2460 539 2481 merac
564 2448 754 2493 apostolicae
783 2447 923 2491 generali
943 2446 1096 2487 auditori,
1119 2456 1177 2490 per

434 2506 614 2545 prat->entes
650 2502 876 2535 committimus
909 2505 940 2533 et
971 2500 1176 2540 mandamus,

435 2561 588 2600 quatenus
613 2556 744 2598 quilibet
758 2565 880 2596 eorum,
901 2554 1177 2599 quandocumque,

1193 361 1247 394 ubi
1273 367 1303 395 et
1320 360 1444 405 quando
1461 371 1541 405 opus
1565 359 1670 400 suerit,
1687 370 1723 393 ac
1739 360 1862 404 quoties
1877 371 1936 405 pro

1195 418 1283 459 parte
1307 414 1465 457 generalis
1494 419 1525 447 et
1553 413 1688 446 fratrum
1715 413 1938 457 Congregatio·

1195 468 1244 502 nis
1268 468 1391 502 loannis
1415 467 1469 501 Dei
1494 466 1728 512 praedictorum
1752 467 1868 500 suerint
1891 478 1938 501 re-

1197 521 1313 566 quisiti,
1338 521 1521 555 solemniter
1544 519 1752 564 publicantes,
1776 519 1884 564 eisque
1907 521 1938 554 in

1198 575 1380 619 praemissis
1404 574 1538 608 efficacis
1568 573 1758 607 defensionis
1781 573 1938 617 praesidio

1198 629 1389 669 assistentes,
1412 628 1528 662 saciant
1551 627 1717 661 autoritate
1740 629 1850 660 nostra
1873 637 1940 661 eas-

1199 682 1271 715 dem
1294 683 1424 727 plenum
1449 692 1559 716 eorum
1585 680 1731 714 effectum
1759 680 1877 721 sortiri,
1902 681 1938 714 il-

1200 735 1300 779 lisque
1324 746 1444 776 omnes,
1469 746 1548 779 quos
1572 738 1786 775 concernunt,
1810 733 1942 778 pacifice

1200 789 1262 821 frui
1286 794 1317 822 et
1340 789 1489 832 gaudere3
1505 798 1567 822 non
1591 788 1809 832 permittentes
1832 798 1942 832 quem-

1201 852 1296 885 quam
1321 841 1468 886 desuper,
1483 846 1592 875 contra
1617 840 1832 885 praesentium
1857 845 1943 874 teno-

1202 905 1280 935 rem,
1294 894 1352 927 sub
1368 894 1479 938 quovis
1499 897 1663 938 praetextu
1680 899 1709 927 et
1726 896 1829 936 causa,
1847 893 1943 927 etiam

1202 947 1324 980 defectu
1347 947 1529 981 intentionis
1544 952 1682 988 nostrae,
1699 957 1757 991 per
1773 957 1943 991 quoscum-

1203 1011 1263 1044 que
1276 1000 1514 1044 quomodolibet
1528 1000 1664 1033 indebite
1678 1001 1848 1042 molestari3
1857 1001 1944 1046 quin-

1204 1054 1319 1094 immo,
1343 1053 1493 1098 quicquid
1526 1054 1557 1086 in
1582 1054 1775 1087 contrarium
1799 1055 1944 1088 attentari

1204 1108 1251 1141 vel
1281 1107 1351 1141 lieri
1384 1108 1566 1151 continget,
1592 1107 1723 1141 omnino
1754 1118 1881 1152 semper
1914 1109 1944 1141 in

1204 1161 1372 1205 pristinum
1386 1160 1518 1205 reponi',
1528 1161 1776 1195 contradictores
1789 1161 1947 1205 quoslibet

1205 1218 1235 1249 et
1257 1215 1412 1256 rebelles,
1437 1215 1533 1248 etiam
1565 1225 1622 1259 per
1646 1225 1881 1259 quascumque,
1908 1215 1946 1249 de

1204 1268 1319 1312 quibus
1343 1269 1388 1302 eis
1411 1268 1578 1309 videbitur,
1603 1278 1753 1302 censuras
1776 1273 1807 1301 et
1829 1279 1947 1312 poenas

1204 1319 1447 1361 ecclesiasticas,
1473 1325 1503 1352 et
1527 1320 1588 1352 alia
1613 1324 1791 1363 opportuna
1815 1319 1892 1352 iuris
1917 1325 1948 1353 et

1204 1372 1276 1406 sacti
1288 1372 1438 1414 remedia,
1448 1373 1659 1417 appellatione
1669 1372 1854 1416 postposita,
1864 1383 1947 1406 com-

1205 1426 1373 1470 pescendo,
1392 1436 1428 1459 ao
1443 1426 1593 1469 legitimis
1618 1436 1713 1470 super
1729 1425 1778 1458 his
1794 1425 1947 1459 habendis

1205 1480 1335 1513 servatis
1359 1480 1577 1524 processibus,
1602 1485 1751 1513 censuras
1775 1484 1806 1512 et
1829 1489 1948 1523 poenas

1204 1533 1288 1577 ipsas
1317 1534 1410 1567 etiam
1444 1534 1561 1568 iteratis
1585 1533 1707 1567 vicibus
1735 1533 1947 1576 aggravando,

1205 1587 1349 1621 invocato
1374 1587 1468 1620 etiam
1500 1587 1539 1620 ad
1570 1587 1648 1627 hoc,
1672 1587 1698 1620 si
1729 1597 1808 1631 opus
1833 1586 1946 1628 fuerit,

1206 1641 1322 1678 auxilio
1338 1641 1459 1675 brachii
1477 1641 1636 1675 secularis.

1251 1695 1266 1738 ἓ
1280 1694 1309 1728 4.
1324 1696 1391 1729 Non
1405 1695 1601 1728 obstantibus
1618 1693 1811 1738 praemissis,
1825 1704 1860 1727 ac
1877 1693 1948 1738 piae

1207 1749 1378 1782 memoriae
1392 1748 1542 1782 Bonisacii
1560 1749 1662 1793 Papae
1674 1747 1740 1781 VIII
1751 1747 1843 1781 etiam
1862 1758 1950 1792 prae-

1207 1801 1381 1835 decessoris
1404 1802 1505 1835 nostri
1529 1802 1568 1835 de
1592 1803 1673 1842 una,
1698 1806 1728 1834 et
1759 1801 1790 1834 in
1815 1800 1949 1835 concilio

1207 1856 1347 1899 generali
1364 1855 1448 1889 edita
1464 1856 1502 1889 de
1518 1856 1642 1889 duabus
1658 1855 1758 1896 dietis,
1776 1854 1950 1889 dummodo

1208 1910 1291 1943 ultra
1313 1915 1377 1943 tres
1402 1909 1501 1943 dietas
1524 1909 1639 1954 aliquis
1655 1908 1842 1942 auctoritate
1865 1918 1952 1953 prae-

1208 1962 1342 1997 sentium
1368 1963 1406 1996 ad
1430 1962 1582 1996 iudicium
1606 1972 1670 1996 non
1695 1962 1849 2004 trahatur,
1866 1961 1952 1995 aliis-

1208 2027 1270 2060 que
1293 2016 1476 2061 apostolicis
1492 2015 1768 2050 constitutionibus
1784 2019 1813 2049 et
1830 2015 1952 2048 ordina-

1209 2070 1357 2110 tionibus,
1382 2080 1418 2102 ac
1437 2069 1589 2104 Ordinum
1614 2073 1644 2102 et
1669 2068 1950 2112 congregationum

1209 2123 1390 2156 huiusmodi
1415 2123 1539 2156 statutis
1563 2127 1593 2155 et
1617 2121 1895 2156 consuetudinibus
1918 2132 1951 2155 e-

1208 2176 1283 2209 tiam
1300 2176 1488 2218 iuramento,
1507 2175 1746 2210 confirmatione
1769 2175 1951 2219 apostolica,

1209 2230 1257 2262 vel
1281 2229 1391 2273 quavis
1415 2229 1565 2262 firmitate
1589 2228 1650 2262 alia
1673 2228 1843 2270 roboratis,
1860 2228 1953 2273 privi-

1210 2283 1299 2327 legiis
1316 2293 1456 2327 quoque,
1474 2282 1602 2317 indultis
1618 2287 1650 2316 et
1672 2282 1784 2315 litteris
1808 2282 1953 2326 apostoli-

1210 2337 1264 2378 cis,
1276 2337 1334 2370 sub
1348 2337 1601 2380 quibuscumque
1614 2335 1777 2369 tenoribus
1789 2340 1819 2369 et
1832 2335 1953 2376 formis,

1210 2402 1246 2424 ac
1271 2402 1341 2424 cum
1366 2390 1529 2434 quibusvis
1558 2390 1652 2423 etiam
1677 2389 1951 2432 derogatoriarum

1210 2443 1428 2487 derogatoriis,
1442 2443 1574 2487 aliisque
1594 2443 1835 2483 efficacioribus,
1855 2443 1955 2476 effica-

1211 2497 1345 2531 cissimis
1369 2502 1398 2531 et
1422 2497 1554 2530 insolitis
1578 2496 1736 2537 clausulis,
1755 2496 1951 2540 quomodoli-

1211 2552 1263 2585 bet
1286 2552 1380 2585 etiam
1409 2551 1528 2595 pluries
1555 2551 1734 2591 concessis,
1759 2550 1954 2584 confirmatis

436 2620 492 2653 per
517 2620 566 2649 se,
590 2609 638 2641 vel
663 2609 769 2649 alium,
795 2619 850 2642 seu
874 2609 962 2649 alios,
993 2612 1177 2652 praesentes
1211 2610 1242 2639 et
1261 2604 1425 2638 innovatis.
1440 2604 1558 2644 Quibus
1574 2603 1733 2645 omnibus,
1751 2603 1873 2637 etiamsi
1893 2613 1953 2648 pro

474 2672 483 2698 1
503 2671 550 2698 llic
565 2670 641 2698 deest
657 2670 768 2698 verbum
784 2679 852 2706 qua,
868 2673 897 2698 ut
913 2669 1018 2698 videbis
1030 2670 1070 2705 (n.
1086 2668 1133 2704 τ.).

1249 2669 1259 2695 1
1274 2667 1418 2696 videretur
1431 2667 1577 2704 legendum
1587 2667 1692 2704 reponi
1705 2667 1843 2702 facientes
1853 2668 1891 2702 (n.
1903 2667 1953 2701 aa).

1947 260 2002 288 An.
2019 260 2047 288 C.
2063 259 2133 289 1624

2030 1703 2146 1730 Derogatio

1963 1731 2123 1752 contrariorum.
