2269 3235
247 280 263 304 A
270 287 294 306 n.
313 279 340 305 tt.
364 279 429 305 1023

266 1509 331 1530 Quian»
340 1512 438 1527 unionem

255 1536 321 1553 ratam
358 1533 422 1553 hahet
434 1549 438 1555 v

256 1561 365 1584 <utilisque
382 1560 438 1579 flau-

256 1588 305 1607 κιιΙιε
320 1586 393 1606 firmat,

475 269 516 301 sm

444 335 567 360 mensas
583 324 820 370 quomodolibet
836 321 1054 367 spectantium,
1068 331 1187 365 posses-

445 379 565 412 sionem
589 389 645 422 pei·
670 389 712 419 se,
735 377 782 410 vel
807 376 919 418 alium,
946 386 1001 408 seu
1026 375 1113 416 alios,
1138 385 1187 408 eo-

446 442 516 465 rum
540 443 576 466 ac
609 432 709 464 dictae
740 430 854 463 domus
885 429 1033 470 nomine,
1058 428 1187 472 propria

446 485 631 519 auctoritate
663 484 761 517 libere
790 482 1029 527 apprchendere
1064 486 1095 514 et
1125 492 1184 525 ap·

446 540 633 583 prehensam
651 540 804 581 perpetuo
828 535 974 575 retinere,
997 535 1188 578 illorumque

448 594 584 631 l'ructus,
612 590 752 623 redditus
777 594 808 622 et
830 593 1019 633 proventus,
1043 597 1079 620 ac
1104 587 1187 628 iura,

447 644 650 679 obventiones
676 649 706 676 et
732 643 944 676 emolumenta
972 651 1189 685 quaecumque

449 699 599 743 recipere,
625 697 760 740 exigere,
786 697 899 735 levare,
925 704 1125 739 recuperare,
1147 694 1190 727 lo-

448 763 583 797 careque
606 757 636 785 et
663 750 851 790 arrcndare,
876 759 912 782 ac
943 749 975 782 in
1006 757 1189 782 communes

448 817 558 839 corum
582 810 612 839 et
631 804 732 838 dictae
751 803 864 836 domus
882 813 957 836 usus
973 807 1003 834 et
1023 801 1188 834 utilitatem

449 863 647 898 convertere,
671 855 852 891 Dioeeesani
876 855 954 895 loci,
979 854 1026 887 vel
1052 853 1190 887 cuiusvis

448 911 577 944 alterius
589 910 714 943 licentia
724 909 859 953 desuper
872 907 1000 941 minime
1013 906 1189 950 requisita),

449 965 634 998 dilectorum
654 963 790 996 filiorum
812 960 931 995 Nicolai
949 964 979 993 et
994 959 1096 993 Caroli
1112 959 1191 992 Bou-

449 1018 547 1051 clieau
569 1021 599 1049 et
622 1014 759 1059 Dionysii
784 1012 951 1056 Largentin
975 1011 1190 1045 Cisterciensis

449 1070 522 1104 dicti
547 1068 671 1102 Ordinis
694 1067 815 1111 capitis,
830 1072 861 1099 et
877 1076 894 1098 a
910 1076 973 1110 quo
990 1065 1109 1098 dietum
1126 1075 1191 1098 mo-

451 1123 621 1157 nasterium
651 1121 689 1154 de
720 1119 908 1154 Castellariis
934 1118 1134 1163 dependere,
1160 1123 1190 1150 et

452 1175 653 1219 Pontigniaco
677 1178 708 1208 et
731 1172 929 1207 Claraevallis
956 1171 1107 1216 praedicti
1133 1171 1190 1205 Or-

450 1230 541 1271 dinis,
565 1227 778 1262 Cabilonensis
802 1231 832 1259 et
856 1224 1138 1259 Antissiodorensis
1154 1235 1190 1257 ae

451 1282 654 1326 Lingonensis
669 1280 844 1324 respective
861 1278 1023 1319 dioecesis,
1037 1283 1191 1311 monaste-

452 1337 571 1370 riorum
588 1333 762 1379 respective
779 1333 927 1365 abbatum
941 1332 979 1364 ad
996 1332 1055 1364 hoc
1068 1342 1191 1375 expres-

452 1402 486 1423 so
505 1389 672 1422 accedente
691 1396 857 1426 consensu,
872 1384 1055 1418 auctoritate
1072 1385 1190 1425 nostra,

453 1447 604 1487 perpetuo
628 1440 738 1480 unias,
763 1444 910 1472 annectas
935 1443 966 1471 et
995 1438 1189 1481 incorpores.

497 1499 512 1540 g
537 1496 565 1530 7.
590 1496 653 1529 Nos
672 1494 821 1527 unionem
836 1520 844 1534 ,
868 1492 1074 1526 annexionem
1101 1497 1130 1524 et
1149 1491 1193 1524 in-

454 1550 707 1594 corporationem
724 1547 911 1591 piaedictas,
925 1547 950 1579 si
964 1556 1021 1590 per
1037 1551 1067 1578 te
1084 1546 1192 1588 vigore

455 1603 665 1649 praesentium
683 1601 752 1634 sieri
766 1600 943 1643 contigerit,
957 1605 991 1632 ut
1007 1600 1192 1644 praefertur,

456 1663 484 1690 et
501 1657 627 1691 easdem
646 1660 826 1700 praesentes
842 1654 928 1686 nullo
949 1664 1097 1697 umquam
1114 1658 1193 1686 tem-

456 1721 555 1755 pore,
579 1720 614 1743 ex
640 1718 678 1742 eo
702 1707 786 1752 quod
820 1707 1010 1750 quicumque
1041 1706 1071 1738 in
1095 1716 1193 1750 prae-

456 1763 559 1797 missis
583 1763 736 1796 interesse
760 1761 865 1795 forsan
886 1760 1035 1793 habentes
1052 1759 1112 1792 illis
1131 1769 1194 1793 non

456 1815 692 1856 consenserint,
715 1824 773 1847 nec
799 1813 838 1846 ad
866 1823 902 1846 ea
928 1812 1029 1846 vocati
1056 1812 1194 1854 fuerint,

457 1882 511 1904 scu
535 1870 597 1903 alio
620 1878 820 1913 quocumque
843 1871 1004 1911 praetextu
1028 1866 1066 1900 de
1090 1866 1196 1900 subre-

458 1924 581 1969 ptionis,
598 1923 646 1956 vel
670 1921 875 1966 obreptionis.
899 1930 954 1954 seu
977 1919 1129 1953 nullitatis
1149 1920 1195 1953 vi-

459 1978 511 2018 tio,
534 1981 589 2010 aut
611 1974 792 2009 intentionis
822 1978 948 2007 nostrae
972 1973 1020 2006 vel
1045 1973 1195 2018 quopiam

458 2030 518 2064 alio
535 2030 657 2063 defectu
676 2027 789 2068 notari,
810 2026 1001 2071 impugnari,
1022 2025 1196 2066 invalidari,

459 2084 489 2117 in
512 2084 571 2124 ius,
588 2087 641 2116 aut
664 2080 912 2115 controversiam
937 2079 1041 2112 vocari
1055 2106 1062 2119 ,
1086 2079 1134 2112 vel
1158 2078 1197 2111 ad

459 2137 610 2171 terminos
634 2136 712 2169 iuris
735 2134 855 2175 reduci,
875 2144 930 2167 seu
954 2133 1105 2166 adversus
1129 2132 1198 2166 illas

460 2192 681 2237 quodcumque
705 2190 800 2230 iuris,
824 2188 961 2232 gratiae,
981 2188 1029 2221 vel
1053 2187 1124 2221 facti
1148 2197 1197 2220 re-

461 2246 598 2279 medium
623 2243 785 2288 impetrari
810 2252 902 2286 posse
911 2253 919 2282 3
943 2251 1045 2285 neque
1069 2240 1126 2273 sub
1150 2240 1198 2273 ul-

460 2300 496 2331 lis:
522 2298 692 2338 similium,
717 2296 765 2329 vel
794 2295 993 2328 dissimilium
1024 2294 1198 2337 gratiarum

462 2351 723 2391 revocationibus,
748 2348 1019 2393 suspensionibus,
1043 2346 1200 2379 limitatio-

463 2407 563 2445 niliuff,
579 2402 848 2447 derogationibus,
864 2406 917 2435 aut
939 2400 1009 2434 aliis
1033 2399 1200 2434 contrariis

463 2457 720 2503 dispositionibus
741 2454 976 2499 comprehendi,
999 2454 1054 2487 sed
1077 2464 1200 2497 semper

463 2513 501 2545 ab
521 2512 581 2544 illis
601 2510 713 2554 excipi,
729 2514 760 2542 et
775 2509 898 2553 quoties
914 2508 984 2541 illae
1001 2507 1200 2549 emanabunt,

466 2565 556 2598 toties
580 2564 611 2596 in
634 2563 813 2608 pristinum,
834 2567 864 2595 et
887 2572 970 2602 eum,
991 2561 1022 2594 in
1043 2571 1106 2605 quo
1130 2565 1201 2593 ante

466 2618 639 2663 praemissa
652 2616 887 2661 quomodolibet
904 2620 1003 2656 erant,
1021 2619 1133 2648 statum
1152 2625 1201 2647 re-

467 2673 597 2714 stitutas,
615 2672 768 2717 repositas
785 2676 814 2703 et
830 2670 968 2714 plenarie
985 2670 1202 2712 reintegralas,

1036 273 1213 297 nULLAnlUM
1238 271 1391 296 ROMANUM

1219 330 1255 354 ac
1279 319 1318 353 de
1341 329 1423 353 novo
1447 318 1539 351 etiam
1557 316 1615 350 sub
1639 325 1836 360 quacumque
1855 319 1957 360 poste-

1220 373 1296 406 riori
1321 373 1403 414 data,
1426 382 1484 416 per
1502 370 1681 414 generalem
1707 374 1737 402 et
1759 369 1956 413 superiorem

1220 437 1256 458 ac
1279 426 1479 470 presbyteros
1510 424 1610 457 dictae
1635 422 1748 456 domus
1772 427 1802 455 et
1825 432 1958 465 congre-

1221 478 1354 522 gationis
1377 488 1436 522 pro
1460 482 1603 521 tempore
1627 475 1794 508 existentes
1821 474 1960 518 quando—

1221 541 1357 574 cumque
1374 530 1529 574 eligenda,
1547 538 1720 569 concessas,
1740 538 1776 561 ac
1796 527 1914 561 validas
1930 531 1959 560 et

1222 585 1364 618 efficaces
1388 585 1455 617 sore
1480 589 1510 616 et
1534 594 1612 623 esse,
1640 591 1777 626 suosque
1800 580 1959 625 plenarios

1222 642 1252 672 et
1276 639 1415 681 integros
1447 636 1576 670 effectus
1608 635 1714 669 sortiri
1746 639 1776 668 et
1800 633 1959 673 obtinere;

1222 701 1258 725 ac
1271 691 1315 725 sic
1334 701 1390 735 per
1406 699 1623 735 quoscumque
1648 688 1767 722 iudices
1783 687 1960 722 ordinarios

1224 745 1270 777 vel
1283 744 1453 787 delegatos,
1466 742 1575 787 quavis
1588 742 1772 776 auctoritate
1785 741 1961 784 fungentes,

1223 797 1315 830 etiam
1345 806 1511 829 causarum
1543 795 1649 839 palatii
1680 792 1843 838 apostolici
1868 792 1959 826 audi-

1224 856 1317 891 tores,
1334 860 1370 883 ac
1394 854 1518 883 sanctae
1541 849 1699 882 Romanae
1722 846 1880 881 Ecclesiae
1899 856 1963 880 car-

1223 902 1352 943 dinales,
1366 903 1460 935 etiam
1480 902 1518 934 de
1536 901 1634 934 latere
1658 901 1787 943 legatos
1811 899 1963 942 vicelega-

1224 960 1291 995 tos,
1319 955 1482 998 dictaeque
1506 954 1594 988 Sedis
1618 953 1760 995 nuncios,
1778 952 1909 986 iudicari
1934 957 1964 986 et

1224 1007 1347 1039 definiri
1373 1006 1510 1046 debere,
1535 1011 1566 1038 et
1590 1006 1615 1038 si
1640 1016 1730 1039 secus
1754 1015 1849 1049 super
1873 1005 1922 1038 his
1946 1015 1964 1037 a

1223 1069 1393 1103 quoquam,
1419 1058 1528 1103 quavis
1545 1058 1741 1099 auctoritate,
1761 1058 1896 1091 scienter
1915 1058 1963 1090 vel

1224 1112 1416 1155 ignoranter,
1434 1111 1602 1155 contigerit
1617 1110 1774 1151 attentari,
1791 1111 1916 1144 irritum
1935 1114 1964 1143 et

1224 1166 1315 1199 inane
1334 1165 1542 1198 decernimus.

1268 1220 1283 1263 ἓ
1307 1218 1336 1251 8.
1362 1220 1430 1253 Non
1454 1218 1650 1252 obstantibus
1674 1217 1834 1262 prioribus
1854 1218 1964 1251 volun·
1979 1228 2089 1250 Contraria
2103 1228 2162 1250 tullii.

1225 1278 1296 1314 tate,
1314 1276 1428 1307 statuto
1446 1278 1475 1305 et
1495 1271 1745 1306 ordinationibus
1767 1272 1883 1305 nostris
1906 1271 1964 1305 hu-

1225 1325 1377 1366 iusmodi,
1403 1336 1439 1358 ac
1462 1325 1679 1359 Lateranensis
1702 1325 1831 1359 Concilii
1854 1325 1962 1358 novis-

1225 1380 1304 1413 sime
1328 1379 1476 1413 celebrati
1502 1380 1634 1412 uniones
1658 1384 1837 1423 perpetuas,
1853 1379 1914 1412 nisi
1935 1378 1965 1411 in

1225 1433 1349 1467 casibus
1374 1443 1390 1466 a
1415 1433 1483 1466 iure
1507 1432 1682 1476 permissis,
1707 1432 1786 1473 fieri,
1811 1442 1847 1465 ac
1872 1432 1966 1465 bene-

1226 1487 1296 1520 ficia
1318 1487 1431 1528 unius,
1455 1486 1617 1520 beneficiis
1648 1497 1702 1519 seu
1732 1486 1810 1519 locis
1838 1486 1967 1519 alterius

1226 1540 1379 1573 dioecesis
1402 1540 1486 1572 uniri
1509 1539 1721 1583 prohibentis,
1746 1544 1777 1572 et
1798 1538 1868 1582 piae
1895 1549 1964 1571 me-

1227 1593 1347 1626 moriae
1371 1593 1522 1626 Bonisacii
1546 1593 1647 1636 Papae
1664 1592 1740 1633 Vlll,
1760 1592 1852 1625 etiam
1878 1602 1968 1636 prae-

1227 1646 1402 1680 decessoris
1426 1646 1536 1687 nostri,
1561 1645 1692 1689 aliisque
1719 1645 1909 1689 apostolicis,
1933 1655 1969 1677 ac

1228 1700 1259 1733 in
1283 1699 1529 1744 provincialibus
1557 1709 1592 1732 ac
1616 1698 1827 1743 synodalibus,
1847 1698 1969 1731 uuiver-

1228 1754 1411 1798 salibusque
1430 1752 1572 1786 conciliis
1588 1752 1679 1787 editis
1699 1757 1729 1785 et
1746 1751 1884 1793 edendis,
1902 1762 1970 1795 spe—

1229 1808 1359 1841 cialibus
1387 1807 1435 1840 vel
1459 1806 1660 1850 generalibus
1683 1805 1969 1846 constitutionibus,

1229 1873 1265 1896 ac
1289 1861 1471 1895 monasterii
1502 1859 1684 1904 primodicti
1718 1864 1749 1893 et
1772 1858 1907 1900 Ordinis,
1934 1869 1970 1892 ac

1230 1916 1342 1949 domus
1358 1920 1388 1948 et
1400 1913 1659 1957 Congregationis
1674 1912 1856 1947 huiusmodi
1873 1912 1972 1956 (iura—

1231 1974 1346 2010 mento,
1364 1968 1606 2002 confirmatione
1628 1967 1811 2011 apostolica,
1828 1966 1876 1999 vel
1900 1976 1972 2010 qua-

1232 2023 1277 2055 vis
1294 2022 1443 2055 firmitate
1456 2022 1516 2054 alia
1532 2020 1703 2064 roboratis)
1717 2019 1839 2054 statutis
1855 2024 1886 2053 et
1902 2029 1973 2053 con-

1232 2076 1472 2117 suetudinibus,
1504 2074 1671 2109 contrariis
1701 2074 1970 2118 quibuscumque:

1232 2134 1284 2163 aut
1308 2131 1334 2162 si
1358 2129 1480 2162 dilectis
1495 2129 1568 2162 filiis
1591 2128 1742 2169 vassallis,
1760 2132 1791 2160 et
1814 2127 1883 2160 aliis
1903 2125 1973 2160 sub·

1232 2183 1304 2216 ditis
1319 2183 1459 2216 eiusdem
1481 2182 1674 2222 monasterii,
1691 2180 1902 2215 communiter
1921 2183 1975 2214 aut

1233 2237 1368 2277 divisim,
1387 2236 1426 2269 ab
1443 2235 1623 2280 Apostolica
1646 2235 1686 2268 sit
1706 2234 1784 2268 Sede
1808 2233 1973 2275 indultum,

1234 2290 1318 2335 quod
1342 2290 1497 2331 interdici,
1518 2289 1665 2334 suspendi
1690 2289 1738 2322 vel
1763 2288 1975 2322 excommuni-

1234 2344 1298 2378 cari
1322 2354 1384 2377 non
1409 2344 1532 2389 possint
1555 2354 1613 2388 per
1636 2343 1756 2376 litteras
1786 2341 1974 2386 apostolicas

1234 2408 1297 2431 non
1321 2397 1468 2431 facientes
1491 2398 1616 2441 plenam
1634 2401 1664 2429 et
1679 2405 1861 2440 expressam
1882 2405 1918 2428 ac
1937 2394 1975 2428 de

1236 2452 1331 2485 verbo
1355 2452 1393 2484 ad
1418 2451 1549 2484 verbum
1581 2451 1619 2484 de
1652 2450 1771 2483 indulto
1794 2447 1974 2482 huiusmodi

1237 2505 1437 2539 mentionem.

1281 2560 1337 2603 gt).
1353 2559 1502 2592 Volumus
1515 2563 1629 2598 autem,
1644 2557 1727 2602 quod
1744 2560 1873 2601 propter
1889 2555 1975 2589 unio-
2017 2576 2107 2593 mmm
2129 2579 2171 2593 μω.

1989 2602 2083 2620 naslei-io
2108 2606 2172 2619 annv-

1237 2611 1578 2653 110111‚annexionemet
1591 2610 1876 2655 incorporationem
1886 2619 1976 2652 prae-
1989 2633 2061 2646 ww...
2090 2625 2173 2646 samm.

1989 2654 2053 2673 ctioui
2065 2653 2161 2673 consulit.

1237 2667 1344 2707 dictas,
1365 2665 1388 2699 si
1415 2665 1482 2699 illas
1500 2676 1554 2709 per
1580 2668 1607 2699 te
1631 2664 1738 2707 vigore
1762 2662 1973 2709 praesentium

1973 267 2021 292 An.
2037 265 2064 291 12.
2085 265 2154 291 ‘143⁶AE
