2269 3235
288 237 337 264 An,
359 237 386 264 C.
407 236 473 264 1623

312 884 342 905 Aa
357 884 427 905 lndias
446 890 468 904 ο-

285 911 385 932 riontatos
394 912 468 931 missus

285 939 378 963 tempure
409 938 468 957 Pauli

285 965 356 989 Papae
368 964 395 984 tlt
410 970 467 984 varia

285 996 397 1016 perpessus
439 996 467 1010 in-

285 1016 393 1037 commoda
417 1016 468 1036 mul-

285 1045 327 1064 tum
343 1050 363 1063 ιιι
375 1043 468 1063 vasum-

284 1075 322 1089 mis
338 1070 376 1089 iltis
401 1075 466 1092 reino-

284 1096 345 1116 nibus
378 1096 467 1121 pros-»cit

284 1122 311 1141 ad
351 1122 466 1142 animarum

283 1149 371 1168 satutem

518 227 560 259 530

486 343 548 371 tem
569 338 703 371 maxime
720 338 767 371 vir
787 338 839 370 Dei
857 348 919 371 non
937 337 1102 381 episcopos
1119 337 1223 378 modo,

485 391 538 424 sed
563 391 740 424 sacerdotes
759 402 974 435 quoscumque
984 402 992 431 ;
1018 396 1125 424 sancto
1151 402 1224 424 vero

485 444 615 487 lgiizitio,
641 450 713 477 tunc
738 444 920 488 praeposito
940 454 1007 485 suo,
1031 445 1156 477 nonnisi
1174 445 1225 476 sse-

484 497 531 529 xis
555 497 687 540 genibus
711 497 875 530 scribebat.
902 498 1044 530 Honores
1081 507 1154 530 vero
1189 507 1224 529 ac

484 551 591 583 laudes
615 550 778 583 hominum
804 551 881 583 adeo
906 550 1077 591 horrebat,
1102 556 1135 583 ut
1162 561 1225 583 am-

483 603 657 646 plissimam
691 604 853 647 apostolici
887 604 987 636 nuntii
1018 604 1223 646 dignitatem,

483 666 545 698 qua
569 656 739 688 instructus
765 656 797 689 in
832 657 933 689 lndias
958 668 976 689 a
1000 667 1124 689 summo
1149 657 1224 688 Pon-

484 709 567 742 tifice
603 710 717 742 missus
748 711 869 750 fuerat,
900 709 1222 753 quamstudiosissime

484 763 672 795 occultaret:
698 773 755 795 nec
780 763 837 795 nisi
871 764 965 795 semel
990 765 1027 795 ea
1051 766 1221 805 potestate,

483 818 667 850 necessitate
685 822 820 857 coactus,
838 828 913 850 usus
937 818 1045 850 fuerat.

528 871 543 913 ἓ
565 870 594 904 3.
621 871 764 903 Ceterum
780 898 787 910 ‚
813 876 915 902 tantus
940 870 987 901 vir
1012 869 1133 911 insigne
1164 873 1222 900 sta-

484 922 590 955 dium¹
616 934 633 955 a
657 923 719 956 Deo
752 928 962 966 consequutus
991 927 1078 961 erat,
1103 922 1134 953 in
1160 932 1222 964 quo

483 975 628 1017 gloriose,
649 985 746 1018 usque
772 975 809 1007 ad
827 975 1130 1007 consummationem
1155 984 1223 1006 cur-

482 1038 534 1060 sus
551 1033 581 1060 et
598 1038 747 1060 coronam
771 1028 916 1067 iustitiae,
942 1028 1126 1060 decertaret.
1145 1027 1221 1061 Cum

482 1081 597 1113 etenim
618 1081 720 1113 clarae
749 1081 920 1114 memoriae
946 1082 1076 1114 Ioannes
1101 1080 1221 1114 Lusita-

481 1134 550 1166 niae
573 1144 627 1166 rex
645 1144 662 1166 a
679 1134 750 1177 piac>
767 1135 940 1168 memoriae
956 1135 1053 1168 Paulo
1071 1135 1154 1178 Papa
1171 1134 1221 1175 III,

482 1193 555 1220 tunc
579 1188 652 1220 dicti
683 1189 847 1231 Gregorii,
878 1199 961 1221 nunc
994 1189 1087 1221 ctiam
1112 1194 1221 1222 nostro

482 1242 653 1284 respective
688 1242 952 1285 praedecessore,
984 1242 1151 1275 nonnullos
1184 1253 1220 1275 ex

483 1293 591 1336 Ignatii
616 1295 708 1328 sociis
732 1295 928 1338 postulasset,
954 1306 1032 1338 quos
1056 1295 1095 1327 ad
1112 1294 1221 1328 Orien-

482 1347 557 1380 tales
581 1347 701 1389 Indias,
726 1349 809 1381 utin
835 1349 1016 1381 vastissimis
1036 1348 1097 1381 illis
1121 1348 1222 1391 regio-

482 1400 573 1433 nibus
601 1401 732 1434 verbum
757 1402 811 1434 Dei
841 1402 1090 1442 disseminarent,
1118 1407 1221 1434 trans-

483 1453 620 1486 mitteret
631 1465 638 1493 ;
668 1454 749 1487 idem
786 1454 946 1496 Pontifex,
980 1455 1078 1488 sancti
1110 1455 1221 1497 Ignatii

483 1506 629 1547 hortatu,
664 1508 702 1540 ad
738 1512 858 1540 tantum
892 1519 971 1551 opus
1007 1508 1221 1551 peragendum

484 1559 683 1593 Franciseum
722 1561 889 1593 Xaverium
928 1561 1091 1603 elegerat„
1127 1571 1222 1604 quem

484 1613 576 1645 etiam
603 1613 766 1656 apostolici
800 1615 901 1646 nuntii
926 1614 1076 1657 dignitate
1101 1620 1131 1647 et
1156 1625 1223 1647 am-

483 1665 624 1708 plissima
650 1672 801 1710 potestate
837 1668 1048 1700 decoraverat.
1082 1668 1222 1712 Cumque

484 1718 586 1751 viatici
610 1720 735 1752 nomine
759 1721 895 1763 plurima
916 1721 943 1753 ei
964 1732 982 1753 a
1006 1726 1151 1764 praetore
1176 1732 1223 1753 re-

484 1771 535 1813 gio
555 1777 759 1815 pararentur,
779 1774 884 1814 homo,
907 1774 960 1817 qui
980 1785 1038 1817 pro
1058 1775 1169 1807 viatico
1186 1785 1221 1807 ae

483 1826 560 1867 pera
584 1825 621 1857 de
646 1826 699 1858 Dei
732 1826 938 1869 benignitate,
965 1827 995 1859 in
1021 1828 1108 1860 cuius
1133 1838 1222 1860 evan-

484 1878 556 1920 gelii
589 1889 668 1922 opus
701 1880 949 1922 segregabatur,
981 1882 1220 1924 praesumebat,

483 1941 644 1975 nunquam
669 1932 780 1965 adduci
804 1939 957 1977 potuerat,
982 1939 1015 1965 ut
1039 1934 1220 1978 quidquam,

480 1990 608 2027 'praeter
632 1986 817 2019 vilissimum
843 1991 1004 2020 centonem
1019 2014 1026 2027 ,
1051 1988 1220 2031 acciperet,

485 2043 515 2070 et
531 2038 562 2070 in
579 2038 648 2071 navi
666 2050 760 2083 super
780 2040 887 2072 {tinem
907 2040 1064 2073 nauticam
1089 2041 1222 2074 dormie-

484 2091 549 2131 bat,
567 2101 602 2123 ac
627 2102 643 2124 e
668 2092 843 2125 mendicato
868 2093 1004 2125 vivebat:
1030 2095 1166 2136 aegrotis
1191 2094 1221 2127 in

484 2144 643 2177 vilissimis
675 2145 856 2178 ministeriis
888 2146 1039 2179 indefessa
1072 2147 1221 2180 charitate

485 2201 589 2237 noctu,
603 2197 718 2240 diuque
735 2198 895 2231 serviebat.
917 2199 951 2231 ln
968 2200 1086 2232 Indiam
1102 2205 1136 2232 ut
1152 2211 1223 2244 pcr-

487 2255 622 2290 venerat,
639 2251 752 2291 statim,
769 2262 826 2284 nce
850 2252 973 2285 modico
997 2253 1122 2296 quidem
1148 2259 1223 2286 tem-

486 2314 562 2346 pore
579 2304 617 2336 ad
634 2304 771 2347 quietem
788 2311 858 2348 post
881 2306 1096 2348 longissimam
1118 2317 1153 2339 ac
1169 2307 1223 2339 dis-

487 2357 657 2398 ticillimam
674 2358 904 2401 navigationem
925 2365 1061 2402 sumpto,
1080 2360 1117 2392 ad
1138 2371 1223 2403 prae—

486 2408 652 2442 dicandum
688 2410 748 2443 illis
783 2411 928 2453 gentibus
963 2412 1160 2454 evangelium
1191 2423 1223 2445 se

487 2462 680 2501 accinxerat;
698 2468 727 2496 et
741 2464 865 2498 indutus
882 2465 996 2497 virtute
1010 2475 1046 2497 ex
1063 2466 1135 2506 alto,
1152 2476 1223 2509 apo-

487 2515 597 2549 stolico
614 2517 742 2560 spiritus
758 2518 881 2551 fervore
902 2518 1122 2559 ministerium,
1138 2519 1221 2562 quod

488 2569 615 2602 sortitus
635 2575 711 2610 erat,
728 2576 813 2604 tanto
834 2583 905 2604 cum
926 2572 1029 2605 fructu
1054 2573 1225 2616 exequeba-

525 2633 533 2657 t
550 2631 625 2666 Male,
638 2636 665 2660 ut
677 2637 751 2668 puto,
764 2634 828 2661 edit.
841 2634 919 2661 Main.
930 2634 1127 2669 legitstudium
1136 2635 1221 2670 (am).

1072 236 1251 261 ssUtLAmtJM
1276 235 1430 261 nomnen

485 285 588 328 doque
608 284 645 317 de
670 284 802 318 ridiculo
820 288 909 318 essct.
937 284 1148 317 Venerabatur
1172 288 1241 317 tiu-¹

1259 290 1318 325 tur,
1336 289 1379 325 ut,
1397 284 1499 327 gratia
1518 282 1572 316 Dei
1587 282 1754 317 efficaciter
1770 284 1866 318 verbo
1886 295 1997 329 coopc-

1256 341 1365 377 rante,
1397 347 1459 370 non
1491 336 1592 369 solum
1617 335 1862 371 christianorum
1891 348 1996 372 mores

1257 391 1443 434 depravatos
1467 389 1505 422 ad
1535 389 1700 422 meliorem
1725 390 1850 433 frugem
1879 391 1995 435 passim

1258 449 1322 477 toto
1342 443 1467 477 Oriente
1485 448 1662 482 revocaret,
1683 442 1737 475 sed
1754 443 1851 476 multa
1867 448 1996 478 centena

1258 496 1420 529 hominum
1438 495 1545 536 millia,
1563 495 1617 539 qui
1645 495 1677 528 in
1696 495 1834 529 tenebris
1853 501 1883 529 et
1902 497 1935 529 in
1950 508 1996 531 re-

1258 550 1349 592 gione
1364 548 1494 581 umbrae
1506 549 1617 582 mortis
1630 549 1845 590 ambulabant,
1859 549 1897 582 ad
1913 551 1996 593 agni-

1258 602 1374 634 tionem
1392 612 1482 634 verae
1506 601 1584 634 lueis
1606 591 1760 646 perducti,
1785 602 1996 645 regeneratio-

1257 654 1305 686 nis
1337 655 1461 687 lavacro
1490 654 1728 688 mundarentur.
1761 656 1839 689 Nam
1870 660 1996 699 praeter

1258 707 1359 748 Indos,
1380 707 1592 741 Brachmanes
1616 713 1646 742 et
1669 709 1840 742 Malabares
1857 710 1903 753 (in
1923 719 1997 753 quo-

1257 771 1327 793 rum
1352 761 1458 803 regnis
1482 762 1652 805 apostolica
1677 762 1890 806 praedicatio,
1915 773 1996 807 quae

1256 813 1391 856 antiquis
1423 814 1618 857 temporibus
1649 815 1713 848 illic
1744 815 1909 859 viguerat,
1942 815 1996 848 sed

1256 865 1354 899 hostis
1378 866 1507 899 humani
1525 867 1650 910 generis
1666 868 1775 901 fraude
1790 879 1836 903 ,ex
1853 869 1995 902 omniurn

1256 920 1410 953 memoria
1445 931 1576 964 prorsus
1608 921 1723 955 abolita
1754 927 1821 955 erat
1834 949 1841 963 ‚
1872 923 1995 956 Xaverii

1255 973 1488 1016 praedicatione
1511 974 1691 1018 revixerat),
1716 975 1782 1019 ipse
1805 976 1927 1019 primus
1944 976 1996 1009 Pa-

1256 1027 1348 1067 ravis‚
1373 1027 1489 1068 lllalais,
1514 1027 1582 1068 lais,
1599 1028 1720 1069 Acenis,
1737 1028 1919 1071 Mindanais,
1938 1029 1996 1062 Ma-

1256 1079 1430 1112 laeensibus
1455 1085 1485 1113 et
1509 1080 1677 1124 Iaponibus
1697 1081 1895 1124 evangelium
1912 1082 1997 1115 Chri-

1255 1132 1293 1164 sti
1310 1132 1557 1173 annuntiaverat,
1571 1132 1790 1177 nennullique¹
1805 1134 1929 1166 illarum
1946 1144 1997 1166 na-

1255 1185 1374 1218 tionum
1400 1196 1490 1229 reges
1511 1191 1541 1219 et
1565 1187 1671 1229 magni
1692 1186 1863 1230 principes,
1877 1187 1996 1229 ingenti

1255 1249 1326 1271 cum
1342 1239 1415 1272 fidei
1431 1244 1557 1272 nostrae
1570 1240 1793 1279 emolumento,
1807 1240 1894 1272 suavi
1911 1239 1996 1274 Chri-

1255 1292 1294 1324 sti
1311 1292 1386 1335 iugo
1403 1293 1483 1325 colla
1500 1293 1711 1326 subdiderant.
1731 1293 1929 1326 Incredibilia
1945 1304 1996 1326 au-

1255 1350 1318 1378 tem
1343 1345 1540 1387 videbantur,
1558 1357 1637 1390 quae
1657 1350 1788 1390 propter
1807 1357 1923 1380 nomen
1939 1347 1996 1380 Do-

1256 1399 1332 1431 mini
1356 1399 1456 1432 nostri
1480 1399 1550 1432 Iesu
1573 1399 1687 1433 Christi
1708 1400 1903 1433 toleraverat.
1937 1400 1995 1433 Per

1255 1451 1378 1485 diversa
1397 1452 1513 1485 etenim
1530 1463 1637 1495 regna,
1662 1453 1693 1485 in
1718 1452 1812 1486 vastis
1829 1453 1890 1486 illis
1907 1453 1995 1487 orbis

1255 1510 1413 1538 terrarum
1437 1506 1554 1550 spatiis,
1579 1517 1703 1550 semper
1722 1507 1864 1550 pedibus,
1881 1512 1912 1540 et
1932 1517 1996 1541 sae-

1255 1560 1325 1603 pius
1349 1560 1451 1601 nudis,
1474 1571 1532 1604 per
1555 1571 1666 1594 arenas
1690 1560 1806 1594 calidas
1825 1561 1993 1605 pergebat:

1255 1624 1312 1656 per
1335 1614 1440 1657 spinas
1463 1614 1647 1658 longissima
1663 1614 1775 1647 itinera
1795 1614 1993 1647 conficiebat:

1256 1667 1454 1700 contumeliis
1479 1677 1572 1711 saepe
1596 1678 1740 1708 numero,
1759 1667 1886 1711 probris
1911 1672 1942 1701 et
1962 1668 1995 1700 il-

1255 1720 1439 1761 lusionibus,
1459 1721 1535 1764 quin
1551 1720 1645 1753 etiam
1661 1719 1847 1754 verberibus
1871 1725 1901 1753 et
1920 1721 1995 1764 lapi-

1254 1773 1346 1807 dibus
1362 1774 1527 1818 appetitus‚
1548 1774 1580 1807 in
1596 1775 1745 1818 periculis
1762 1775 1911 1808 itinerum
1929 1785 1994 1808 ver-

1254 1831 1348 1868 satus,
1374 1837 1465 1870 saepe
1488 1827 1671 1870 naufragus,
1695 1827 1826 1871 vigilias,
1846 1828 1947 1870 frigus
1965 1833 1994 1859 et

1254 1880 1425 1914 nuditatem
1439 1908 1446 1922 ,
1478 1881 1561 1913 sitim
1575 1908 1583 1921 ‚
1615 1882 1791 1924 famemque
1824 1891 1994 1926 perpessus

1254 1939 1341 1974 erat,
1367 1934 1559 1975 contractis,
1587 1934 1627 1967 ob
1652 1935 1792 1968 assiduos
1827 1945 1863 1968 ac
1887 1934 1995 1968 intole-

1254 1987 1368 2020 rabiles
1392 1987 1527 2029 labores,
1552 1988 1747 2031 gravissimis
1770 1988 1910 2021 morbis:
1935 1998 1994 2022 nec

1254 2040 1336 2073 enim
1351 2068 1358 2081 ,
1383 2041 1524 2085 Apostoli
1548 2042 1712 2085 exemplo,
1737 2042 1873 2075 animam
1906 2052 1995 2075 suam

1254 2094 1385 2127 faciebat
1408 2095 1630 2138 pretiosiorem
1646 2106 1740 2139 quam
1761 2105 1803 2136 se,
1821 2095 1993 2129 dummodo

1254 2152 1488 2183 consummaret
1511 2159 1639 2182 cursum
1663 2160 1772 2190 suum,
1801 2153 1830 2182 et
1857 2149 1994 2182 ministe-

1255 2200 1336 2233 rium
1368 2202 1456 2234 verbi
1491 2201 1575 2245 quod
1610 2207 1796 2246 acceperat,
1832 2202 1992 2236 testificari

1255 2254 1458 2297 Evangelium
1483 2255 1601 2297 gratiae
1625 2255 1689 2288 Dei.

1299 2308 1313 2350 g*
1330 2307 1358 2340 lt.
1377 2308 1472 2351 Signa
1489 2319 1563 2342 vero
1579 2313 1610 2342 et
1628 2309 1782 2353 prodigia,
1799 2309 1914 2353 quibus
1937 2309 1995 2343 Do-

2005 234 2058 265 An.
2079 236 2109 266 G.
2129 236 2196 266 1623

2008 2319 2080 2341 Mutus
2092 2320 2157 2345 signis
2168 2326 2194 2341 ao

1964 2363 1970 2369 .
2009 2348 2114 2368 miraculis
2131 2353 2193 2373 prae-

1256 2360 1359 2393 minus
1376 2362 1599 2404 Apostolorum
1616 2372 1746 2395 suorum
1764 2373 1943 2396 sermonem
1963 2373 1994 2396 in

1255 2414 1410 2445 nascentis
1434 2414 1591 2448 Ecclesiae
1616 2415 1752 2448 exordiis
1777 2415 1993 2456 confirmavit,

1256 2465 1294 2497 ad
1318 2466 1401 2499 illius
1425 2477 1523 2501 novae
1548 2468 1665 2502 sobolis
1689 2469 1938 2510 incrementum,
1961 2469 1993 2502 in

1256 2529 1349 2551 mann
1374 2520 1467 2552 etiam
1493 2522 1574 2554 servi
1606 2522 1653 2555 sui
1687 2523 1708 2555 F
1712 2523 1844 2556 rancisei
1869 2522 1991 2556 miseri-

1256 2573 1393 2605 corditer
1417 2580 1629 2608 renovavcrat.
1654 2575 1763 2609 Subito
1779 2576 1862 2609 enim
1887 2586 1904 2608 a
1928 2575 1991 2608 Deo

1293 2638 1301 2662 t
1327 2636 1470 2670 Perperam
1487 2637 1550 2664 edit.
1568 2638 1645 2666 Μαίη.
1663 2638 1727 2674 legit
1739 2639 1870 2673 nullique
1884 2638 1925 2673 (a.
1941 2638 1989 2670 TA.

2009 2374 2137 2394 dicationem
2150 2380 2194 2394 sei·—

2009 2401 2029 2421 vt
2059 2400 2092 2420 sui
2122 2400 2193 2421 Domi-

2009 2432 2046 2447 nus
2056 2426 2193 2450 confirmavit.

2008 2459 2062 2479 quas
2078 2452 2113 2474 hic
2131 2459 2192 2474 enai·-

2008 2482 2086 2501 rantur.
