2269 3235
211 247 258 274 Λη.
277 246 304 273 C.
329 244 396 273 1624

246 418 397 437 (ἶοησοεειιιηος

212 447 285 464 contra
342 443 396 463 haur

213 471 387 491 (iniistitutwm-iu

212 498 228 517 s*
268 502 319 522 quas
359 495 395 515 ἰ’

212 524 334 546 contingat.

213 552 320 575 reptilnis,

213 576 286 602 las-lue
298 575 397 595 declarat.

350 548 397 568 nul-

242 1902 337 1923 Remeat
346 1903 409 1924 etiam

224 1931 368 1954 exemptiones
381 1930 408 1950 ab

225 1956 324 1977 oneribus
340 1962 408 1977 came-

224 1982 409 2006 ratibus,commu-

224 2009 326 2035 mauvis,
343 2012 383 2031 etc.

442 234 506 268 ⁶220

411 293 618 336 imposterum
645 290 748 323 forsan
775 288 933 329 faciendis,
951 289 1082 320 minime
1099 288 1153 321 ob-

412 345 578 389 stantibus)
604 343 671 376 (lari
696 349 725 375 et
750 341 879 375 concedi
904 342 1034 385 possint.

457 399 472 442 ξ
497 398 548 431 to.
563 398 638 431 Cum
659 406 715 428 nos
739 395 778 427 ab
803 394 950 428 omnibus
975 394 1151 427 officiorum

413 451 615 486 coadiutoriis
640 455 666 483 ct
694 449 913 483 coadiutorum
942 448 1153 493 deputationi-

360 502 397 540 .““,.
413 507 471 538 bus
496 503 694 544 huiusmodi,
720 513 777 535 nec
808 513 870 536 non
905 502 944 535 ab
969 502 1153 535 eorumdem

413 559 589 592 ollii-iorum
615 562 645 589 et
659 566 826 589 munerum
847 555 886 588 ad
903 556 996 589 vitam
1014 555 1153 600 plurium

413 621 632 656 personarum,
650 610 713 643 sive
739 610 832 644 etiam
858 610 961 650 unius,
976 614 1084 643 contra
1102 620 1154 643 eo-

413 676 484 698 rum
514 665 707 708 primaevam
739 663 967 697 institutionem
997 674 1051 696 scu
1076 662 1155 695 anti-

414 729 507 762 quam
533 717 801 757 consuetudinem,
822 716 1090 754 concessionibus,
1107 716 1157 749 dc-

414 771 639 816 putationibus,
665 770 958 804 confirmationibus
982 774 1012 802 et
1036 779 1154 813 proro-

415 825 593 869 gationibus
603 825 641 857 de
654 830 759 857 cetero
772 824 928 857 abstinere
942 822 1156 863 intendimus',

417 886 447 914 ct
470 890 550 924 quae
575 878 666 912 nobis
690 878 786 911 licere
806 888 869 910 non
893 877 1041 921 patimur,
1063 887 1098 910 ac
1118 876 1159 909 vi-

417 934 532 967 dentur
545 933 719 975 incongrua
736 936 766 963 et
779 930 1025 975 praeiudicialia,
1040 940 1159 963 succes-

417 987 540 1020 soribus
549 985 665 1019 nostris
675 984 824 1018 Romanis
842 983 1047 1017 Pontificibus
1065 984 1158 1016 etiam

417 1039 601 1079 indicamus,
619 1038 705 1072 etsie
730 1047 832 1081 neque
856 1037 983 1070 eosdem
1004 1047 1159 1071 successo-

417 1103 468 1126 res
500 1097 625 1125 nostros
661 1092 819 1125 Romanos
849 1090 1016 1124 Pontifices
1047 1090 1160 1124 similia

418 1156 624 1180 concessuros
638 1155 704 1178 esse
718 1144 909 1179 arbitremur
916 1155 924 1185 ;
938 1144 979 1177 ob
1000 1144 1031 1177 id
1051 1155 1161 1178 omnes

419 1206 449 1234 et
473 1209 687 1244 quascumque
704 1198 822 1232 similes
839 1199 886 1232 vel
906 1197 1074 1231 dissimiles
1092 1208 1162 1232 con-

419 1253 598 1294 cessiones,
623 1252 862 1297 deputationes,
887 1251 1161 1293 confirmationes,

420 1307 617 1340 extensiones
634 1310 664 1338 et
688 1304 940 1350 prorogationes,
957 1315 1038 1349 quae
1054 1309 1162 1338 contra

418 1360 632 1406 praesentium
653 1359 787 1393 sormam
808 1363 838 1391 et
862 1363 1006 1392 tenorem
1030 1369 1048 1391 a
1072 1358 1162 1392 nobis

420 1418 450 1449 et
465 1413 699 1447 successoribus
715 1411 832 1446 nostris
845 1412 1014 1456 praedictis
1027 1411 1164 1456 quando-

421 1476 555 1510 cumque
581 1466 678 1510 (quod
702 1475 765 1499 non
782 1465 954 1509 credimus)
971 1470 1163 1506 emanarent,

420 1531 478 1566 per
502 1520 749 1564 subreptionem,
764 1520 994 1564 obreptionem,
1019 1529 1054 1551 ac
1078 1529 1165 1563 prae-

421 1574 659 1618 occupationem
688 1573 791 1618 potius
820 1577 956 1607 extortas
980 1584 1073 1617 quam
1103 1573 1161 1606 ob-

421 1633 540 1669 tentas,
565 1638 600 1661 ac
624 1627 744 1668 nullas,
768 1627 948 1672 nulliusque
980 1627 1104 1660 roboris
1136 1632 1163 1660 et

422 1681 574 1715 momenti
592 1681 658 1714 sore
682 1686 709 1713 ct
736 1691 804 1713 esse.
828 1680 959 1721 censeri,
984 1680 1166 1725 neminique

423 1735 591 1778 suffragari
617 1745 709 1779 posse
733 1735 780 1767 vel
806 1734 931 1775 debere,
957 1745 1056 1778 aeque
1081 1745 1116 1767 ac
1141 1735 1166 1767 si

423 1789 522 1822 sactae
546 1793 576 1821 et
601 1798 768 1821 concessae
798 1797 860 1822 non
886 1791 998 1829 essent,
1023 1788 1166 1821 decerni-

424 1853 495 1876 mus
520 1848 549 1875 et
574 1842 781 1875 declaramus.

469 1896 484 1940 g
510 1896 560 1928 ll.
586 1895 769 1936 Praeterea,
797 1905 855 1940 pro
883 1894 1085 1927 indemnitate
1110 1905 1162 1927 ca-

425 1960 531 1983 merae
561 1954 709 1989 nostrae,
734 1959 770 1981 ac
799 1948 942 1981 ubertate
972 1958 1114 1981 annonae
1139 1952 1168 1982 et

424 2003 579 2047 grasciae,
606 2008 667 2036 tam
693 2003 724 2035 in
748 2002 848 2042 Urbe,
873 2012 966 2046 quam
992 2006 1057 2035 toto
1082 2002 1167 2036 Statu

425 2056 655 2096 Ecclesiastico,
682 2055 904 2097 conservanda,
931 2055 1168 2100 praedictorum

425 2111 512 2145 Pauli
538 2110 583 2151 V,
608 2115 638 2143 et
666 2109 800 2143 aliorum
825 2109 1041 2157 Romanorum
1067 2109 1169 2142 Ponti-

426 2165 521 2198 ficum
546 2164 826 2209 praedecessorum
860 2168 1042 2196 nostrorum
1075 2163 1168 2196 vesti-

426 2218 486 2262 giis
502 2217 711 2258 inhaerentes,
726 2218 915 2261 illorumque
933 2216 1171 2250 constitutiones

428 2272 521 2306 etiam
535 2276 713 2317 opportune
730 2271 943 2311 extendentes,
960 2274 1058 2311 motu,
1076 2270 1171 2303 scien-

427 2326 471 2359 tia
497 2331 527 2359 et
549 2328 703 2370 potestate
721 2324 889 2365 similibus,
907 2334 1016 2357 omnes
1037 2327 1067 2356 et
1083 2333 1173 2367 quas-

429 2390 562 2424 cumque
582 2379 795 2413 immunitates
813 2383 840 2411 et
860 2377 1076 2422 exemptiones
1092 2387 1109 2409 a
1126 2387 1172 2409 so-

428 2434 547 2467 lutione
564 2433 708 2466 subsidiit
722 2432 880 2472 riennalis,
894 2431 1037 2476 quatreni
1058 2431 1171 2471 carnis,

430 2493 569 2520 taxarum
598 2497 770 2531 equorum,
795 2487 978 2526 lanearum,
1003 2495 1170 2526 censuum,

431 2541 572 2582 arrliivii,
587 2541 754 2584 sogliettac⁷
771 2540 960 2581 triremium,
977 2539 1170 2581 utensilium,

468 2615 478 2639 1
501 2613 595 2648 Aptius
615 2613 680 2641 edit.
697 2612 816 2641 Cherub.
835 2612 913 2641 Rom.
934 2612 1018 2640 habet
1038 2611 1172 2640 intenda-

431 2664 495 2685 mus
509 2657 547 2692 (R,
565 2657 613 2691 τ.).

989 240 1164 264 RULLAltlUM
1192 239 1231 263 ΗΟ
1238 239 1343 262 MANUM

1185 297 1306 320 necnon
1336 285 1556 328 dohanarum,
1581 285 1799 330 gabellarum,
1825 286 1923 321 datio-

1186 352 1267 382 rum,
1286 344 1372 375 laxae
1388 344 1498 385 portus
1515 340 1669 381 Anconae,
1687 345 1925 384 quatrenorum,

1187 400 1380 436 tractorum,
1405 398 1435 427 et
1460 393 1593 426 aliarum
1618 392 1871 437 impositionum,
1897 399 1927 428 et

1187 459 1319 481 oncrum
1333 447 1546 488 cameralium,
1560 451 1590 479 et
1603 446 1695 480 etiarn
1713 457 1834 487 eorum,
1848 458 1927 491 quae

1187 512 1246 546 per
1279 500 1520 534 communitates
1556 504 1586 532 et
1622 499 1841 533 universitates
1869 510 1927 545 pro

1189 554 1374 587 eorumdem
1391 563 1523 587 onerum
1542 551 1744 586 cameralium
1763 552 1928 594 solutione,

1189 613 1219 641 et
1234 607 1436 652 publicorum
1448 617 1615 639 munerum
1632 605 1880 650 supportatione,
1894 616 1930 640 ac

1189 672 1247 706 pro
1271 661 1328 694 viis
1353 665 1382 694 et
1406 660 1553 705 pontibus
1570 658 1789 694 construendis
1814 664 1844 692 et
1867 669 1931 692 ma-

1190 715 1392 756 nutenendis,
1418 725 1472 747 seu
1489 713 1575 755 alias,
1592 713 1708 746 indicta
1732 718 1762 746 et
1786 712 1931 757 imposita

1191 778 1226 801 ac
1251 768 1333 811 exigi
1359 767 1448 801 solita
1473 772 1553 808 sunt,
1579 777 1615 800 ac
1639 767 1733 799 etiam
1758 765 1931 810 recipiendi

1192 826 1222 854 ct
1238 820 1415 865 hospitandi
1429 820 1553 861 milites,
1574 825 1604 853 et
1624 819 1711 853 Sedis
1736 819 1932 864 Apostolicae

1192 872 1350 912 officiales,
1363 871 1544 914 barigellos‚
1558 875 1776 915 exequutores,
1793 871 1933 914 aliosque

1193 925 1328 958 iustitiae
1345 925 1516 965 ministros,
1529 925 1636 968 eisque
1652 924 1797 958 utensilia
1813 923 1861 957 et¹
1875 924 1934 957 alia

1193 978 1369 1011 necessaria
1380 977 1648 1018 subministrandi,
1662 988 1697 1011 ae
1710 977 1843 1011 alioruin
1861 988 1935 1022 quo-

1194 1042 1404 1076 rumcumque
1428 1037 1491 1065 tam
1517 1031 1650 1065 realium
1675 1042 1768 1075 quam
1788 1042 1935 1076 persona-

1194 1086 1282 1128 lium,
1307 1097 1362 1119 seu
1386 1085 1568 1127 mixtorum,
1594 1085 1890 1129 ordinariorumque
1907 1088 1937 1119 et

1195 1140 1518 1174 extraordinariorum
1532 1149 1815 1184 quorumcumque,

1240 1194 1254 1238 g
1280 1193 1330 1226 ¹1⁶2.
1356 1193 1419 1227 Nec
1438 1203 1501 1226 non
1514 1192 1619 1226 omnia
1635 1191 1800 1237 privilegia
1815 1191 1936 1234 localia,

1196 1257 1235 1279 ne
1259 1247 1378 1280 scilicet
1393 1246 1425 1279 in
1443 1245 1630 1290 quibusdam
1656 1245 1843 1287 civitatibus,
1859 1245 1937 1279 locis

1196 1304 1227 1333 ct
1251 1299 1398 1333 dominiis
1422 1299 1664 1343 temporalibus,
1689 1298 1781 1331 etiam
1809 1298 1939 1332 Avenie-

1197 1354 1296 1395 nensi,
1322 1352 1526 1394 Bononiensi,
1550 1352 1760 1392 Ferrariensi,
1785 1352 1939 1386 Beneven-

1197 1412 1288 1449 tana‚
1314 1418 1368 1441 seu
1393 1407 1462 1440 aliis
1490 1405 1682 1450 provinciis,
1707 1405 1885 1439 civitatibus
1909 1412 1939 1440 et

1197 1462 1285 1502 locis,
1310 1461 1402 1494 etiam
1428 1459 1634 1505 privilegiatis
1659 1463 1689 1492 et
1713 1458 1841 1503 speciali
1864 1461 1938 1493 nota

1198 1515 1301 1559 dignis
1326 1516 1401 1559 (non
1426 1520 1531 1547 tamen
1555 1514 1587 1546 in
1612 1513 1695 1547 Urbe
1718 1513 1890 1557 praedicta,
1910 1518 1940 1547 et

1199 1569 1265 1602 eius
1290 1569 1443 1609 districtu,
1468 1573 1595 1612 praeter
1619 1572 1650 1600 et
1673 1572 1781 1600 contra
1805 1566 1940 1600 formam

1200 1622 1429 1657 constitutionis
1450 1620 1589 1654 ciusdem
1610 1620 1697 1654 Pauli
1722 1620 1941 1665 praedecesso-

1199 1678 1243 1712 ris
1276 1679 1307 1711 in
1338 1678 1476 1711 savorem
1508 1677 1674 1710 curialium
1707 1680 1736 1711 et
1765 1676 1941 1710 incolarum

1200 1732 1301 1765 dictae
1325 1731 1417 1765 Urbis
1442 1730 1552 1772 editae,
1569 1740 1662 1775 quam
1683 1730 1715 1762 in
1738 1729 1854 1763 robore
1869 1740 1941 1774 per-

1200 1795 1328 1818 manere
1354 1789 1384 1817 ct
1408 1784 1536 1817 omnino
1565 1783 1683 1816 servari
1708 1783 1866 1827 volumus)
1892 1794 1941 1816 ar-

1201 1838 1477 1882 chiepiscoporum
1490 1842 1520 1870 et
1529 1837 1761 1881 episcoporum,
1772 1836 1942 1870 etaliarum

1201 1901 1408 1935 personarum
1433 1889 1716 1923 ecclesiasticarum
1745 1889 1844 1934 spolia
1868 1889 1945 1923 fiant

1202 1949 1231 1977 et
1255 1945 1454 1988 colligamur3
1472 1943 1681 1977 commissarii
1706 1947 1735 1976 et
1760 1943 1944 1977 collectores

1202 1998 1375 2042 spoliorum
1402 2002 1431 2032 et
1454 1997 1572 2030 iurium
1600 1997 1700 2030 dictae
1725 2006 1868 2030 camerae
1891 1996 1944 2029 de-

1202 2053 1340 2086 bitorum
1359 2053 1390 2085 in
1407 2053 1451 2085 eis
1475 2062 1538 2086 non
1562 2051 1767 2091 retineantur,
1788 2051 1836 2084 vel
1853 2050 1891 2083 ad
1909 2061 1945 2084 ea

1202 2116 1265 2140 non
1290 2107 1552 2147 transmittantur3
1571 2116 1625 2138 seu
1645 2105 1677 2138 in
1702 2105 1828 2138 illicitae
1852 2114 1946 2148 nego-

1204 2160 1352 2202 tiationis,
1367 2160 1610 2204 dispositionum
1627 2164 1736 2193 contra
1754 2158 1947 2192 constitutio-

1203 2224 1259 2247 nes
1291 2214 1361 2257 piae.
1394 2214 1567 2246 memoriae
1597 2212 1642 2246 Pii
1668 2213 1771 2256 Papae
1794 2212 1828 2253 V,
1853 2212 1945 2245 etiam

1204 2267 1455 2312 praedecessoris
1487 2266 1617 2308 nostri²‚
1642 2266 1673 2299 in
1704 2266 1884 2309 illegitimos
1909 2266 1949 2298 sa-

1205 2327 1338 2361 etarum,
1355 2325 1579 2365 apostatarum,
1601 2324 1631 2352 et.
1655 2319 1843 2352 clericorum
1862 2324 1948 2352 extra

1205 2374 1406 2408 residentiam
1427 2373 1655 2415 decedentium,
1673 2383 1727 2406 seu
1751 2372 1820 2406 aliis
1845 2372 1948 2406 causis

1205 2439 1267 2463 non
1292 2427 1498 2473 procedatur,

1250 2484 1264 2526 g
1290 2481 1340 2516 13.
1360 2482 1402 2515 Ac
1419 2491 1529 2515 omncs
1547 2481 1640 2514 etiam
1666 2486 1695 2513 et
1720 2480 1859 2524 singulas
1878 2490 1949 2524 pro-
1985 2486 2153 2512 -bsisnafiones-

1206 2536 1351 2579 visiones,
1361 2535 1589 2579 assignationes
1603 2545 1698 2579 super
1709 2544 1851 2568 camerae
1860 2544 1949 2579 prae-
1962 2518 2152 2560 “iiiiaofflpr'i‘ddffi-

1244 2610 1252 2635 1
1274 2607 1372 2634 Partic.
1389 2610 1415 2635 et
1430 2606 1556 2634 addimus
1571 2615 1602 2634 ex
1617 2605 1737 2633 Cherub.
1753 2606 1793 2640 (n.
1810 2605 1858 2640 T.)-

1241 2653 1257 2679 2
1273 2654 1360 2685 Quam
1377 2651 1435 2679 vide
1451 2651 1478 2679 in
1495 2655 1559 2679 toni.
1577 2659 1625 2686 vn,
1646 2650 1744 2687 pagina
1758 2649 1810 2677 880
1825 2649 1862 2685 (R.
1879 2650 1928 2684 ⁵12).

1933 240 1982 266 An.
2002 240 2032 267 C.
2056 239 2124 267 ¹624

1987 1206 2054 1227 Atque
2070 1204 2134 1226 etiam

1952 1238 1964 1253 a
1980 1231 2059 1258 spatiis.
