2269 3235
119 244 169 270 An.
189 243 217 270 C.
235 243 303 271 ¹624

132 304 216 325 Poenae
229 306 303 325 contra

119 333 292 356 transgressores.

130 2233 133 2235 Β
142 2206 171 2226 De
187 2207 246 2227 chori
257 2213 298 2228 ser·

116 2236 175 2255 vitio·

931 246 1073 270 URBANUS
1098 246 1154 269 vm
1178 246 1226 270 PP.

361 290 565 334 Superiorem
590 297 716 333 autem,
742 293 794 337 qui
819 292 911 325 huius
935 292 1053 325 decreti

316 348 531 387 transgressor
554 345 700 386 extiterit,
725 346 793 390 ipso
816 345 897 379 sacto
919 355 1053 389 poenam

316 397 501 441 privationis
525 399 666 432 omnium
683 398 869 439 officiorum,
886 408 966 442 quae
981 403 1054 432 tunc

316 450 478 492 obtinebit,
491 452 576 485 vocis
595 452 713 486 activae
727 457 758 486 et
773 452 925 498 passivae,
939 457 969 485 et
985 463 1054 496 pcr-

314 508 427 548 petuae
458 504 661 538 inhabilitatis
691 504 730 537 ad
761 505 820 537 alia
844 504 1052 548 imposterum

315 557 494 599 obtinenda,
515 569 552 592 eo
570 558 637 603 ipso
653 558 816 591 incurrere
840 557 938 592 voluit
953 568 988 591 ac
1005 558 1055 592 de-

316 610 424 651 crevit,
452 616 482 644 et
505 611 574 644 aliis
597 611 691 644 etiam
707 610 816 654 poenis
833 610 963 644 arbitrio
982 611 1054 644 San-

316 663 429 697 ctitatis
453 674 527 697 suae
550 663 748 707 imponendis
772 663 946 696 subiacere.

359 716 564 760 Receptiones
587 726 663 749 vcro
682 721 713 749 et
732 716 944 760 professiones
964 727 1055 760 quas-

315 768 390 803 libet
406 779 526 810 eorum,
543 769 597 813 qui
617 774 727 802 contra
739 769 921 803 huiusmodi
945 770 1053 804 ‹lecre-

315 826 379 856 tum
404 822 531 856 admissi
555 823 683 864 suerint,
699 824 801 856 nullas
817 828 848 856 et
864 824 969 857 irritas
986 835 1053 858 esse

314 875 353 908 ad
372 886 605 921 quemcumque
621 876 778 918 effectum,
795 888 832 910 ex
846 888 928 911 nunc
945 878 1052 912 decer-

313 928 358 962 nit
382 933 412 962 et
435 928 581 963 declarat.

357 982 423 1016 Hoc
446 987 552 1016 autem
579 983 741 1017 decretum
773 985 873 1018 noluit
901 985 1053 1018 Sanctitas

313 1036 376 1070 Sua
391 1047 444 1070 eos
461 1036 593 1071 Ordines
613 1038 892 1082 comprehendere,
909 1040 962 1083 qui
984 1049 1054 1072 con-

313 1094 434 1132 ventus,
451 1090 563 1124 domus
581 1096 611 1124 et
627 1092 817 1125 monasteria
833 1102 851 1125 a
868 1103 900 1125 se
920 1092 1053 1136 probata

313 1155 374 1188 pro
393 1144 585 1178 novitiorum
610 1145 791 1189 receptione
815 1151 845 1178 et
869 1145 1052 1179 educatione

313 1198 464 1231 hactenus
479 1198 687 1242 permissione
703 1200 759 1231 sua
775 1198 1001 1232 constituerint.

357 1251 483 1284 Certas¹
507 1261 583 1284 vero
603 1250 768 1284 licentias²
791 1251 856 1284 sive
883 1251 1051 1295 particula-

312 1314 374 1344 res,
397 1314 477 1347 quae
494 1303 524 1336 in
540 1304 620 1337 hanc
644 1304 727 1337 diem
740 1303 885 1338 effectum
902 1314 965 1338 non
981 1310 1053 1339 sunt

313 1357 455 1398 sortitae,
479 1362 606 1391 revocat
630 1361 659 1392 et
682 1358 830 1391 annullat.

358 1411 428 1444 Vult
447 1415 551 1444 autem
570 1411 731 1445 decretum
755 1412 816 1446 hoc
840 1422 943 1453 suum,
958 1412 989 1444 in
1005 1422 1053 1445 so-

312 1465 375 1498 litis
390 1466 468 1499 locis
488 1466 581 1500 Urbis
598 1467 803 1511 publicatum,
821 1467 863 1500 ita
878 1467 1053 1511 praedicto-

313 1530 383 1552 rum
400 1520 541 1563 singulos
558 1520 700 1561 afficere,
724 1531 760 1553 ac
785 1521 809 1554 si
834 1521 961 1554 cuilibet
986 1532 1053 1564 per-

313 1573 461 1606 sonaliter
492 1573 602 1606 suissct
628 1573 824 1608 intimatum:
856 1574 1051 1618 privilegiis,

313 1625 435 1658 statutis
452 1631 482 1659 et
501 1627 775 1660 constitutionibus
799 1627 1051 1672 quibuscumque

314 1679 344 1711 in
368 1681 562 1714 contrarium
585 1681 713 1714 minime
737 1681 941 1716 obstantibus.

356 1733 466 1766 Datum
488 1734 614 1775 Romae,
635 1735 717 1779 apud
734 1734 762 1768 S.
779 1735 927 1777 Marcum,
945 1735 995 1769 die
1012 1746 1053 1769 xx

314 1786 429 1819 mensis
453 1787 530 1820 iunii
555 1798 683 1822 noxfflx.

564 1885 706 1917 Decreta
727 1887 803 1917 alia.

315 1957 380 1990 Pro
404 1958 631 2001 reformatione
656 1958 872 2002 regyztlarium,
902 1964 966 1992 tum
988 1970 1053 1992 ino-

358 2011 536 2043 nachorum
549 2022 650 2055 quam
664 2011 931 2054 mendicantium,
949 2016 1054 2047 cnius-

358 2074 494 2108 cumque
515 2064 650 2099 Ordinis
669 2069 698 2098 et
718 2065 865 2098 instituti
877 2065 897 2098 ³.

517 2135 650 2163 Clemens
671 2136 750 2170 Papa
768 2136 842 2164 vm.

357 2197 410 2240 §l
425 2197 534 2230 Nullus
547 2197 685 2238 omnino,
701 2202 864 2242 praetextu
877 2199 1052 2233 cuiuscum-

314 2261 374 2293 que
382 2251 538 2295 privilegii
549 2252 595 2285 vel
607 2252 846 2296 superioritatis,
856 2253 948 2287 etiam
961 2264 1052 2297 gene-

314 2304 441 2345 ralatus,
451 2314 468 2337 a
480 2305 607 2338 servitio
618 2305 706 2339 chori
717 2312 881 2340 censeatur
891 2307 1050 2349 immunis,

313 2357 372 2391 nisi
396 2368 455 2402 pro
485 2363 627 2403 tempore
641 2386 648 2401 ,
680 2370 743 2404 quo
775 2360 846 2404 quis
874 2361 905 2394 in
929 2362 1051 2406 proprii

350 2432 359 2457 t
378 2429 520 2457 videretur
532 2431 623 2466 potius
636 2431 781 2468 legendum
796 2435 913 2468 ceteras,
926 2434 955 2461 ut
968 2433 1052 2462 habet

312 2475 378 2502 edit.
395 2474 512 2502 Cherub.
529 2475 566 2511 (n.
583 2476 631 2510 τ.).

347 2519 363 2545 ⁵2
382 2519 480 2547 Nescio
496 2527 530 2546 an
546 2519 703 2547 addendum
717 2521 775 2549 sive
790 2522 937 2556 generales
949 2523 989 2557 (a.
1002 2524 1049 2555 τ.).

347 2565 363 2592 3
379 2563 537 2591 Huiusmodi
552 2563 637 2591 hahes
653 2565 733 2592 etiam
746 2566 773 2592 in
788 2569 853 2594 tom.
869 2574 896 2601 x,
913 2575 976 2602 pag.
992 2567 1025 2594 37
1036 2567 1051 2594 b

312 2616 384 2643 seq„
399 2608 447 2635 sed
461 2607 499 2634 ibi
518 2608 673 2643 specialiter
687 2617 735 2644 pro
750 2610 889 2637 monachis
908 2610 932 2637 S.
955 2610 1051 2638 Hiero-

313 2651 386 2688 nymi
401 2652 435 2679 de
450 2651 624 2680 observantia
638 2652 721 2680 latum
734 2652 823 2681 fuerat
836 2655 873 2688 (a.
891 2654 940 2688 T.).

1088 293 1182 326 oflicii
1208 302 1339 326 munere
1358 298 1427 326 actu
1441 292 1536 327 fucrit
1551 298 1732 337 occupatus.
1750 293 1827 326 Cum

1088 346 1259 380 lectoribus
1289 351 1392 381 autem
1418 352 1448 381 et
1471 346 1744 391 praedicatoribus
1769 357 1825 379 su-

1088 399 1230 442 periores
1254 400 1291 433 iis
1316 405 1435 434 tantum
1467 401 1598 443 diebus,
1631 400 1746 445 quibus
1775 410 1829 433 eos

1088 452 1194 495 legere
1219 458 1272 485 aut
1295 454 1477 497 praedicare
1501 454 1678 498 contigerit,
1703 453 1829 498 dispen-

1088 515 1157 537 sare
1170 505 1299 549 possint.
1314 507 1398 539 Idem
1412 518 1536 550 quoque
1553 513 1714 551 praestare
1730 507 1830 540 valcat

1088 568 1159 590 cum
1178 559 1325 601 aegrotis,
1342 564 1372 592 ct
1388 560 1563 593 studiorum
1578 562 1671 594 causa
1690 561 1830 604 legitime

1088 611 1254 655 impeditis.
1290 612 1322 644 ln
1355 623 1409 645 eos
1439 623 1534 654 vero,
1559 615 1611 657 qui
1635 615 1830 658 negligentes

1088 670 1140 698 aut
1157 666 1372 699 inobedientes
1388 666 1514 709 fuerint,
1528 668 1655 701 salutari
1672 668 1831 711 poeniten-

1090 719 1131 751 tia
1148 719 1328 763 superiores
1348 719 1596 752 animadvertant
1617 721 1656 753 ad
1679 721 1829 764 praescri-

1088 776 1175 815 ptum
1199 773 1328 815 regulae
1345 777 1371 805 ct
1391 772 1664 812 constitutionum,
1689 773 1828 806 alimenti

1088 825 1192 866 etiam,
1217 826 1242 858 si
1264 837 1344 869 opus
1368 826 1470 866 suerit,
1496 826 1717 860 subtractione.

1132 880 1147 923 ξ
1164 880 1192 912 ⁶2.
1211 880 1315 914 Lectio
1328 891 1434 914 sacrae
1448 881 1628 925 Scripturae
1642 881 1688 914 vel
1700 892 1828 914 casuum

1088 933 1295 967 conscientiae
1304 934 1352 966 bis
1365 934 1396 966 in
1410 934 1618 976 hebdomada,
1628 935 1830 979 praescriptis

1087 986 1206 1028 dicbus,
1225 987 1255 1019 in
1276 987 1407 1030 singulis
1424 988 1622 1021 monasteriis
1646 993 1677 1021 et
1700 999 1832 1022 conven-

1088 1039 1169 1073 tibus
1198 1041 1372 1082 habeatur,
1396 1041 1435 1074 ad
1459 1051 1553 1085 quam
1576 1042 1690 1075 fratres
1721 1052 1831 1076 omnes

1087 1094 1284 1135 conveniant,
1309 1096 1409 1139 caque
1426 1095 1580 1137 absoluta,
1604 1098 1715 1129 mutua
1738 1097 1832 1130 colla-

1087 1147 1170 1180 tione
1187 1147 1270 1180 circa
1288 1148 1472 1191 explicatam
1494 1148 1670 1182 doctrinam
1688 1159 1756 1182 scse
1773 1149 1830 1182 uti-

1086 1199 1158 1232 liter
1181 1205 1356 1233 exerceant.

1131 1252 1146 1296 ἓ
1170 1252 1199 1286 3.
1224 1252 1291 1292 Quo
1314 1253 1487 1287 Tridentini
1506 1254 1635 1288 Concilii
1652 1254 1778 1288 decreta
1790 1255 1829 1289 de

1086 1304 1280 1347 paupertatis
1290 1309 1362 1339 voto
1372 1305 1577 1339 custodiendo
1588 1305 1710 1339 fidelius
1723 1306 1830 1340 obser-

1086 1362 1208 1397 ventur,
1224 1358 1428 1402 praecipitur,
1442 1364 1475 1391 ut
1492 1359 1596 1392 nullus
1613 1370 1649 1392 ex
1666 1359 1829 1401 fratribus,

1087 1410 1208 1444 etiamsi
1241 1412 1387 1455 superior
1417 1412 1476 1453 sit,
1508 1412 1592 1446 bona
1622 1413 1750 1446 mobilia
1782 1415 1829 1447 vel

1086 1465 1271 1507 immobilia,
1297 1471 1349 1500 aut
1372 1467 1548 1510 pecuniam,
1565 1472 1748 1511 proventus,
1762 1479 1831 1502 cen-

1087 1530 1149 1560 sus,
1167 1520 1391 1564 eleemosynas,
1405 1520 1469 1553 sive
1483 1531 1519 1553 ex
1535 1521 1750 1562 concionibus,
1765 1523 1830 1555 sive

1087 1582 1124 1604 ex
1148 1572 1347 1613 lectionibus,
1362 1578 1414 1606 aut
1431 1576 1493 1607 lam
1508 1573 1538 1605 in
1548 1573 1680 1617 propria
1698 1575 1829 1608 ecclesia

1086 1636 1180 1668 quam
1204 1625 1397 1669 ubicumque
1414 1619 1621 1667 celebrandis,
1638 1627 1738 1661 aliove
1752 1628 1831 1672 ipso-

1087 1689 1158 1710 rum
1183 1678 1265 1712 iusto
1289 1679 1397 1712 labore
1420 1684 1450 1714 et
1472 1691 1673 1725 quocumque
1702 1682 1829 1715 nomine

1086 1731 1249 1775 acquisita,
1271 1733 1392 1765 etiamsi
1419 1732 1558 1767 subsidia
1585 1735 1831 1778 consanguineo-

1087 1796 1158 1818 rum
1182 1791 1236 1818 aut
1259 1786 1388 1830 piorum
1412 1787 1613 1830 largitiones,
1639 1788 1751 1831 legata,
1777 1794 1830 1822 aut

1087 1838 1270 1873 donationes
1294 1840 1420 1881 suerint,
1447 1845 1605 1885 tamquam
1622 1842 1761 1886 propria,
1778 1848 1832 1876 aut

1088 1892 1181 1925 etiam
1205 1893 1332 1926 nomine
1353 1899 1525 1927 conventus
1544 1895 1706 1938 possidere
1723 1895 1830 1939 possin

1088 1946 1141 1978 sed
1161 1956 1197 1979 ca
1213 1946 1319 1979 omnia
1344 1947 1447 1980 statim
1473 1948 1630 1991 superiori
1657 1949 1829 1991 tradantur,

1087 2005 1117 2032 ct.
1141 2000 1307 2033 conventui
1338 2001 1605 2045 incorporentur,
1636 2006 1728 2045 atque
1759 2014 1830 2036 cum

1087 2054 1215 2087 ceteris¹
1230 2054 1313 2087 illius
1326 2055 1427 2096 bonis,
1442 2055 1625 2099 redditibus,
1639 2057 1781 2100 pecuniis
1795 2068 1830 2090 ac

1086 2108 1290 2152 proventibus
1314 2109 1555 2151 confundantur,
1572 2120 1636 2154 quo
1653 2111 1830 2144 communis

1087 2162 1158 2195 inde
1178 2162 1277 2195 victus
1302 2166 1332 2197 et
1356 2163 1486 2196 vestitus
1512 2163 1658 2197 omnibus
1677 2164 1827 2210 suppedi-

1086 2216 1146 2249 tari
1170 2215 1278 2260 possit.

1130 2270 1145 2313 g
1169 2269 1199 2302 4.
1231 2269 1338 2313 Neque
1369 2269 1609 2314 superioribus,
1634 2271 1828 2316 quicumque

1086 2323 1130 2356 illi
1155 2323 1225 2365 sint,
1238 2323 1302 2357 ullo
1319 2328 1410 2368 pacto
1428 2324 1518 2359 liceat
1535 2324 1653 2358 eisdem
1668 2325 1827 2367 fratribus,

1085 2383 1138 2411 aut
1155 2387 1266 2411 eorum
1278 2377 1289 2395 ³
1305 2378 1409 2419 alicui,
1425 2378 1507 2412 bona
1523 2379 1656 2422 stabilia,
1672 2379 1764 2413 etiam
1790 2380 1828 2413 ad

1086 2432 1318 2466 usumfructum
1335 2432 1383 2466 vel
1402 2443 1506 2474 usum,
1524 2433 1826 2469 administrationem

1119 2522 1132 2548 1
1152 2521 1222 2548 Edit.
1239 2521 1318 2548 Main.
1334 2521 1418 2548 habet
1432 2522 1516 2549 certis
1531 2521 1570 2556 (n.
1587 2522 1636 2556 T.).

1120 2566 1135 2592 ἓ.)
1146 2565 1243 2593 Vocem
1254 2574 1354 2593 eorum
1365 2565 1489 2593 addimus
1500 2574 1532 2593 ex
1541 2566 1601 2593 loco
1613 2566 1745 2602 parallelo
1757 2571 1825 2596 etex

1085 2610 1202 2637 Cherub.
1215 2609 1280 2636 edit.
1294 2609 1381 2642 Rom.;
1391 2609 1539 2645 generatim
1555 2610 1599 2637 ed.
1610 2610 1691 2638 Main.
1705 2611 1827 2647 sequitur

1085 2654 1149 2682 edit.
1166 2653 1281 2682 Cherub.
1294 2653 1416 2690 Lugdun.
1433 2663 1504 2689 quae
1519 2654 1648 2683 mendosa
1665 2659 1705 2683 est
1719 2656 1757 2691 (a.
1774 2661 1824 2690 r.).

1727 235 1791 269 207
1838 246 1886 273 An.
1907 246 1937 273 c.
1954 245 2022 272 1624

1884 893 1913 914 De
1936 894 2027 915 tectione

1844 925 1918 941 sacrae
1934 921 2028 948 Scriptu·

1845 953 1890 968 rae.

1855 1294 1857 1297 ι
1870 1267 1900 1288 De
1915 1270 2028 1294 pauperta-

1844 1296 1870 1315 tis
1886 1297 1942 1315 voto.

1892 2280 1922 2301 De
1937 2280 2028 2302 licentiis

1843 2309 1917 2327 contra
1957 2310 2027 2337 yolum

1843 2336 1984 2360 paupertatis.
