2269 3235
97 234 146 262 An.
162 233 191 261 C.
213 232 281 261 1626

150 1095 282 1118 obstantium

99 1123 218 1150 derogatio.

902 232 1045 256 UnBANUs

295 283 325 315 et
349 279 503 323 mandata,
530 289 628 324 aeque
652 290 688 314 ac
714 284 897 320 nostramet,
924 281 959 313 ea
975 283 1055 323 qua*

295 333 388 367 decet
412 333 612 374 obedientia,
637 338 666 366 et
689 334 819 380 perinde
843 334 1055 376 exequantur}

296 391 326 421 et
350 387 562 431 adimpleant,
594 388 734 431 alioquin
763 387 947 420 sententiam
973 387 1054 423 sive,

297 451 453 485 poenam,
478 451 571 484 quam
596 441 655 474 ritc
681 440 789 473 tuleris
813 450 868 472 seu
892 439 1037 472 statueris

296 494 327 526 in
352 494 495 536 rebelles,
520 499 620 527 ratam
637 488 825 526 habebimus
842 496 871 526 ct
888 493 1037 526 faciemus
1054 533 1055 543 ἵ

296 552 424 581 auctore
448 547 580 581 Domino
609 557 707 590 usque
732 546 769 579 ad
794 546 1036 579 satisfactionem

297 601 484 644 condignam
508 600 728 633 inviolabiliter
745 599 921 633 observari:
940 610 1038 632 came-

297 654 382 688 rario
400 664 484 695 vero,
510 653 705 687 thesaurario
730 653 879 696 generali,
901 658 931 685 et
950 663 1038 696 prae-

298 707 471 741 sidentibus
495 707 628 747 clericis,
652 706 784 750 aliisque
802 716 944 739 camerae
966 717 1038 750 apo-

297 761 424 794 stolicae
449 759 629 804 praedictae
643 759 806 801 ministris,
825 764 859 792 ut
879 759 1037 803 impensas

297 813 476 847 huiusmodi
488 823 545 857 per
558 817 588 846 te
602 812 768 855 faciendas,
787 818 817 845 et
830 813 954 845 illarum
967 824 1038 856 par-

297 867 378 907 titas,
396 877 453 910 per
474 871 513 907 te,
539 866 564 898 si
590 871 622 898 tu
636 876 845 910 expensarum
871 866 1055 908 rationem„

296 925 330 952 ut
338 920 523 964 praefertur,
534 919 667 952 reddere
678 920 824 960 volueris,
835 919 1037 959 exhibendas,

296 974 328 1006 in
350 973 489 1006 eiusdem
508 984 651 1007 camerae
667 974 858 1018 apostolicae
879 974 968 1006 libris
985 974 1037 1006 de-

297 1026 435 1059 scribant
459 1031 488 1059 ct
512 1032 690 1071 acceptent,
716 1032 746 1060 et
770 1027 867 1060 bonas
891 1027 1014 1060 saciant.

342 1080 357 1123 ἓ
382 1080 410 1113 8.
436 1080 505 1113 Non
525 1080 722 1113 obstantibus
738 1080 836 1113 felicis
850 1080 1039 1113 recordatio-

298 1133 346 1166 nis
358 1133 404 1166 Pii
417 1134 455 1166 IV
470 1133 508 1166 de
521 1134 630 1176 gratiis
643 1134 792 1168 interesse
806 1144 948 1167 camerae
962 1144 1037 1177 apo-

298 1186 426 1220 stolicae
439 1187 702 1220 concernentibus
727 1188 758 1219 in
779 1187 888 1220 eadem
912 1189 1037 1220 camera
1054 1192 1055 1195 ’

298 1240 380 1274 intra
393 1245 514 1273 certum
529 1245 602 1273 tunc
615 1251 796 1284 expressum
815 1246 938 1284 tempus
952 1251 1039 1284 prae-

298 1293 456 1327 sentandis
479 1299 509 1326 et
532 1293 750 1336 registrandis,
771 1304 807 1326 ac
824 1294 900 1327 Sixti
922 1295 954 1335 V,
976 1295 1056 1327 Pio-2

298 1357 462 1380 manorum
480 1347 667 1380 Pontificum
685 1347 966 1391 praedecessorum
983 1359 1039 1381 uo-

298 1405 448 1441 strorum,
459 1406 569 1433 contra
589 1401 734 1434 bannitos
753 1404 782 1434 et
795 1401 872 1434 alios
886 1401 1039 1435 facinoro-

297 1465 358 1496 sos,
377 1454 478 1495 editis,
503 1465 626 1488 necnon
650 1455 719 1487 aliis
745 1455 925 1498 apostolicis
950 1466 985 1488 ac
1008 1455 1039 1487 in

298 1508 544 1549 universalibus,
566 1508 874 1552 provincialibusque
898 1509 1039 1541 conciliis

299 1562 390 1595 cditis
408 1562 609 1605 generalibus
625 1562 674 1594 vel
692 1562 880 1605 specialibus
894 1563 1040 1596 constitu·
1055 1566 1056 1570 ’

299 1615 438 1649 tionibus
457 1619 486 1650 ct
506 1615 767 1655 ordinationibus,
785 1626 819 1648 ac
837 1615 978 1656 ducatus,
996 1616 1038 1649 ci·
1055 1615 1056 1619 ’

298 1669 427 1703 vitatum
445 1673 474 1703 et
493 1669 628 1702 aliorum
646 1669 789 1702 locorum
804 1669 1038 1712 praedictorum

299 1723 406 1767 (etiam
427 1723 614 1763 iuramento,
632 1723 871 1756 confirmatione
889 1724 1038 1767 apostoli-

299 1779 346 1818 ca,
357 1777 406 1810 vel
423 1776 532 1821 quavis
549 1777 698 1809 firmitate
716 1777 777 1809 alia
796 1777 966 1821 roboratis)
981 1783 1039 1810 sta-

299 1831 374 1864 tutis
395 1836 425 1864 et
446 1830 733 1871 consuetudinibus,
759 1831 933 1874 privilegiis
953 1842 1034 1874 quo-

299 1895 368 1928 que,
384 1883 512 1916 indultis
529 1887 558 1917 et
581 1883 694 1916 litteris
707 1884 897 1927 apostolicis,
911 1884 1038 1927 quibus-

299 1937 345 1970 vis
369 1936 513 1981 personis
530 1937 562 1969 in
579 1937 772 1970 contrarium
790 1938 1036 1980 praemissorum

299 1990 536 2035 quomodolibet
553 1990 721 2031 concessis,
739 1990 932 2024 confirmatis
951 1997 980 2024 ct
995 1992 1039 2024 in-

298 2044 429 2078 novatis.
440 2044 558 2084 Quibus
571 2044 718 2078 omnibus
731 2049 761 2077 et
772 2044 913 2088 singulis,
929 2056 1038 2079 eorum

299 2099 440 2133 omnium
465 2103 495 2131 et
519 2098 717 2141 singulorum
742 2103 867 2132 tenores
890 2110 1039 2143 praesen-

299 2152 381 2185 tibus
404 2162 462 2196 pro
483 2152 639 2195 expressis
655 2155 685 2186 et
701 2152 739 2184 ad
756 2152 888 2185 verbum
914 2153 1038 2187 insertis

299 2206 469 2248 habentes,
496 2206 557 2239 illis
582 2206 657 2239 alias
682 2206 713 2239 in
737 2217 794 2239 suo
818 2207 935 2240 robore
966 2218 1039 2251 pcr-

301 2259 473 2302 mansuris,
498 2260 557 2293 hac
581 2260 648 2293 vice
672 2260 832 2293 dumtaxat
863 2261 1039 2304 specialiter

301 2318 331 2346 et
346 2323 491 2356 expresse
507 2313 707 2357 derogamuS,
724 2314 899 2358 ceterisque
919 2319 1039 2349 contra—

300 2366 356 2399 riis
376 2365 636 2410 quibuscumque.
976 2364 980 2367 ’

343 2419 455 2452 Datum
482 2420 514 2452 in
544 2420 624 2453 Arce
652 2420 830 2465 Gandulphi
853 2421 1039 2455 Albanensis

300 2472 462 2513 dioecesis,
479 2472 536 2505 sub
552 2474 667 2507 annulo
684 2474 862 2516 piscatoris,
887 2475 937 2508 die
960 2486 1039 2509 xv111

300 2526 438 2561 octobris
461 2536 611 2569 MDcxxw,
632 2528 833 2572 pontificatus
859 2529 959 2563 nostri
985 2540 1039 2563 an-

299 2590 341 2613 no
365 2590 407 2613 1v.

334 2642 392 2671 Dat.
410 2641 453 2671 die
470 2642 502 2671 18
517 2642 635 2672 octobris
651 2643 729 2681 1626,
744 2645 837 2682 pontif.
855 2653 925 2675 anno
940 2652 974 2674 iv.

1070 232 1126 256 vm
1150 232 1198 256 rr.

1383 279 1502 314 CCXXI.

1069 368 1218 401 Nanctus
1243 369 1438 412 apostolicus
1472 369 1503 400 in
1537 379 1635 411 rayno
1660 367 1813 411 Neapolis

1112 433 1172 465 pro
1198 426 1335 465 tempore
1368 423 1506 454 existens
1538 423 1714 466 deputatur
1741 434 1813 455 con-

1115 481 1257 507 servator
1284 477 1522 518 prcwceptori'ae
1547 476 1578 509 S.
1607 477 1747 509 Antonii
1776 476 1813 509 de

1115 528 1146 561 S.
1164 529 1308 561 Antonio
1323 534 1413 561 csrtra
1428 534 1555 572 portam
1582 531 1774 574 Capuanum
1789 529 1808 563 ¹.

1071 626 1239 654 Venerabili
1251 626 1337 653 fratri
1349 627 1478 653 Antonio
1493 628 1632 661 episeopo
1643 629 1810 661 casertano,

1106 671 1245 698 moderno
1267 675 1297 698 et
1318 678 1369 705 pro
1390 674 1523 704 tempore
1544 673 1688 699 existenti
1709 676 1812 700 nostro

1107 718 1138 741 et
1167 715 1355 748 aspostolicae
1383 715 1467 742 sedis
1497 715 1528 742 iu
1556 724 1646 750 regno
1673 717 1811 751 Neapolis

1106 766 1227 793 nuncio,

1266 813 1402 841 Urbanus
1439 814 1518 848 Papa
1543 814 1617 841 vul.

1288 884 1474 911 Venerabilis
1490 884 1595 918 frater,

1121 930 1251 956 salutem
1267 932 1297 956 et
1312 929 1506 963 apostolicam
1521 929 1769 958 benedictionem.

1116 1027 1130 1070 ξ
1145 1027 1173 1059 ¹l.
1188 1027 1421 1061 Conservationi
1440 1032 1469 1060 et
1486 1028 1713 1061 manutentioni
1728 1039 1815 1072 prae-

1054 1103 1055 1113 t
1072 1080 1231 1123 ceptoriae
1252 1080 1376 1113 Ordinis
1394 1080 1422 1113 S.
1441 1081 1565 1113 Antonii
1582 1081 1620 1113 (le
1637 1082 1665 1114 S.
1681 1082 1814 1115 Antonio

1073 1132 1264 1173 Viennensis,
1290 1138 1377 1165 extra
1401 1139 1524 1176 portam
1549 1134 1726 1177 Capuanam
1745 1135 1817 1168 civi-

1074 1186 1142 1218 tatis
1166 1186 1386 1229 Neapolitanae
1411 1187 1499 1228 sitae,
1517 1198 1610 1230 quam
1629 1188 1761 1221 dilectus
1784 1189 1817 1221 fi-

1072 1240 1132 1272 lius
1156 1245 1263 1273 noster
1288 1240 1476 1273 Laurentius
1496 1241 1575 1274 tituli
1600 1242 1628 1275 S.
1654 1242 1767 1275 Mariae
1785 1243 1816 1275 in

1072 1294 1190 1337 Aquiro
1227 1294 1392 1338 presbyter
1430 1294 1598 1327 cardinalis
1631 1296 1816 1338 Magalottus

1072 1353 1270 1391 nuncupatus
1295 1348 1325 1380 in
1350 1349 1569 1381 commendam
1595 1349 1633 1381 ad
1654 1350 1701 1382 sui
1722 1350 1814 1383 vitam

1073 1412 1108 1433 ex
1133 1401 1336 1434 concessione
1354 1406 1383 1435 et
1396 1402 1626 1445 dispensatione
1643 1404 1815 1446 apostolica

1072 1454 1202 1494 obtinet,
1227 1454 1372 1498 illiusque
1397 1455 1564 1495 bonorum,
1582 1466 1690 1488 rerum
1715 1462 1746 1489 et
1772 1457 1816 1489 iu-

1074 1508 1154 1540 rium
1180 1519 1465 1552 quorumcumque,
1490 1515 1642 1552 quantuni
1668 1521 1739 1542 cum
1760 1511 1817 1544 Do-

1075 1562 1159 1594 mino
1184 1572 1362 1605 possumus.
1388 1563 1553 1595 consulere
1574 1564 1723 1605 volentes,
1744 1575 1817 1608 sup-

1073 1615 1294 1658 plicationibus
1308 1615 1447 1647 eiusdem
1470 1616 1629 1648 Laurentii
1649 1617 1816 1650 cardinalis

1074 1669 1164 1702 nobis
1185 1679 1280 1712 super
1297 1669 1358 1701 hoc
1372 1669 1535 1702 humiliter
1553 1670 1707 1712 porrectis
1721 1670 1815 1704 incli-

1074 1722 1155 1755 nati:

1117 1776 1170 1818 52.
1189 1776 1230 1808 Te
1239 1776 1380 1808 omnium
1394 1780 1423 1808 et
1437 1776 1635 1819 singulorum
1646 1778 1815 1819 fructuum,

1074 1830 1270 1870 reddituum,
1295 1836 1521 1873 proventuum,
1546 1831 1674 1873 iurium,
1699 1832 1816 1865 obven-

1074 1884 1193 1917 tionum
1219 1889 1249 1916 et
1280 1884 1586 1925 emolumentorum,
1618 1886 1817 1930 aliorumque

1054 1956 1056 1964 ι
1073 1938 1229 1970 bonorum
1243 1943 1273 1970 et
1287 1948 1393 1971 rerum
1412 1938 1553 1971 eiusdem
1580 1941 1816 1983 praeceptoriac

1074 1998 1338 2034 conservatorem,
1365 2003 1436 2025 cum
1462 1993 1609 2025 omnibus
1630 1999 1659 2026 et
1685 1995 1816 2037 singulis

1073 2045 1327 2085 auctoritatibus,
1353 2046 1566 2088 facultaIIbus,
1592 2047 1816 2081 iurisdictioni-

1074 2100 1142 2139 bus,
1154 2099 1336 2143 privilegiis,
1352 2100 1522 2139 favoribus,
1541 2101 1649 2142 gratiis
1668 2107 1697 2133 ct
1714 2102 1815 2134 indul-

1073 2153 1120 2195 tis,
1136 2152 1289 2185 similibus
1303 2154 1588 2193 conservatoribus,
1603 2154 1641 2186 de
1655 2155 1732 2196 iure,
1747 2166 1815 2197 usu,

1073 2206 1308 2247 consuetudine,
1328 2207 1504 2250 privilegio,
1522 2213 1575 2240 aut
1592 2208 1666 2240 alias
1684 2220 1815 2252 quomo-

1073 2260 1209 2301 dolibet,
1235 2261 1486 2304 competentibus
1511 2265 1541 2293 et¹
1574 2262 1813 2305 competituris‚

1074 2313 1196 2347 servata
1221 2319 1326 2347 tamen
1354 2314 1385 2346 in
1402 2314 1548 2348 omnibus
1573 2318 1603 2348 et
1630 2327 1687 2359 per
1709 2317 1815 2349 onmia

1075 2368 1250 2400 litterarum
1281 2368 1380 2401 felicis
1411 2369 1638 2401 recordationis
1670 2370 1814 2413 Gregorii

1075 2422 1174 2465 Papae
1198 2422 1249 2454 XV
1273 2421 1525 2465 praedecessoris
1554 2422 1653 2456 nostri
1678 2423 1815 2468 desuper

1073 2474 1228 2520 editarum
1252 2474 1375 2516 forma,
1401 2476 1574 2518 apostolica
1605 2477 1812 2519 auctoritate,

1075 2533 1182 2561 tenore
1195 2528 1418 2571 praesentium,
1437 2529 1656 2564 constituimus
1674 2535 1704 2563 et
1720 2530 1815 2575 depu-

1073 2586 1183 2614 tamus.

1109 2647 1120 2673 1
1138 2645 1176 2672 Ex
1192 2644 1299 2681 Regest.
1316 2624 1460 2673 in·Secret.
1480 2645 1563 2673 Brev.

1717 220 1780 255 503
1826 231 1874 258 An.
1890 231 1917 258 c.
1941 231 2007 259 1626

1883 1036 1964 1057 Causae
1981 1036 2012 1055 sa-

1830 1064 1918 1083 ririiilut)
1947 1064 2012 1088 depu-

1830 1093 1923 1110 tationis.

1858 1784 1874 1805 D
1890 1785 1978 1810 putatio.
1989 1785 2014 1805 de

1832 1817 1873 1837 qua
1888 1818 1908 1832 in
1921 1812 2013 1833 rubrica.
