2269 3235
263 241 312 266 lln.
327 241 353 266 tt.
377 239 444 266 1623

285 775 385 796 Columna
397 774 445 795 Coi·-

263 803 291 823 lei
307 805 327 822 01.
343 802 406 824 Vidi,

285 1568 362 1588 loaiina
375 1567 451 1591 rigim-

268 1595 324 1616 101111,
340 1600 402 1613 varin
421 1600 449 1613 in-

268 1620 400 1640 firmitatibus
428 1621 450 1639 11-

269 1647 344 1666 lieri-iti<

300 2254 315 2274 11
326 2259 334 2272 s
367 2258 420 2279 :ique
437 2252 456 2271 in

273 2285 399 2301 consumunt·
421 2285 456 2298 re—

274 2308 329 2328 taus:

489 230 532 263 30

458 287 631 320 otl‘ensione
655 286 816 326 sustinuit,
837 291 932 329 utque
958 286 1196 328 intelligeretur,

459 338 593 372 subitam
618 339 811 372 curationem
832 338 953 370 divinae
972 338 1087 379 virtuti,
1105 343 1197 381 atque

459 392 675 425 intercessioni
689 392 770 424 beati
784 391 892 433 ignatii
905 391 1104 424 tribuendam
1118 401 1196 431 esse,

458 445 516 485 bis,
540 450 625 477 terve
650 447 739 477 sacra
771 444 904 487 reliquia
928 455 944 477 0
974 444 1119 476 cubiculo
1144 454 1197 476 ex-

458 500 592 542 portata,
617 498 708 531 dolor
732 498 834 537 rediit,
851 499 951 541 caque
968 498 999 530 in
1017 498 1196 530 cubiculum

459 551 599 591 reducta,
617 551 700 585 illico
718 552 849 585 morbus
865 551 1022 584 discessit:
1041 562 1104 594 quo
1118 552 1197 584 facto

459 604 637 637 admonitus
671 605 945 645 Bartholomaeus,
972 614 1092 638 sacram
1125 605 1197 637 reli-

460 656 566 700 quiam
591 667 688 700 penes
710 667 742 690 se
768 657 906 697 retinuit,
931 662 1024 701 atque
1049 658 1090 690 ita
1118 657 1198 689 intra

463 715 524 742 tres
549 710 596 742 vel
621 715 755 753 quatuor
771 710 837 743 dies
854 711 896 743 ita
912 711 1049 754 perfecte
1073 715 1198 743 sanatus

462 767 526 803 est,
549 764 638 806 quasi
662 773 823 807 nunquam
843 767 1044 806 aegrotasset.
1062 763 1129 802 Quo
1149 774 1199 795 au-

462 816 526 849 dito
550 817 700 850 Columna
723 817 825 850 Cortei
849 822 879 849 et
904 817 990 857 Vicli,
1015 827 1094 860 quae
1118 816 1200 860 capi-

462 869 501 901 tis
524 868 634 902 dolore
658 869 700 902 ita
724 870 903 910 vexabatur,
927 875 962 902 ut
985 879 1086 912 neque
1105 873 1199 902 noctu

461 922 623 965 quiescere
645 922 788 966 posset¹,
819 926 870 961 et,
898 922 1136 964 superveniente
1168 922 1199 953 in

461 985 523 1008 uno
557 975 720 1008 oculorum
746 979 831 1007 tanto
862 974 1003 1006 cruciatu
1027 979 1062 1006 ut
1096 974 1200 1017 palpe-

461 1028 549 1060 bram
566 1021 708 1060 attollere
721 1037 784 1060 non
800 1031 916 1071 posset,
930 1026 941 1043 ⁹
957 1037 1048 1059 caeca
1065 1026 1198 1069 denique

462 1081 662 1114 remansisset
670 1092 678 1121 ;
699 1081 783 1114 misit
801 1081 854 1124 qui
872 1080 1014 1113 eamdem
1031 1080 1197 1123 reliquiam

461 1133 499 1165 ad
516 1144 549 1166 se
565 1133 709 1173 deferret,
723 1144 783 1177 qua
800 1134 904 1172 allatii,
922 1137 951 1167 et
969 1144 1064 1176 super
1080 1133 1198 1171 oeulos,

462 1187 587 1230 praevia
613 1187 808 1220 invocatione
833 1187 971 1220 ciusdem
991 1187 1085 1226 Beati,
1102 1187 1200 1230 impo-

462 1240 529 1282 sita,
553 1241 712 1284 palpebra,
736 1251 815 1284 quae
840 1241 927 1284 prius
952 1251 1009 1284 per
1033 1240 1199 1282 chirurgos

462 1293 577 1336 aperiri
601 1304 662 1326 non
687 1299 830 1337 poterat,
863 1294 1026 1327 confestim
1050 1293 1134 1326 ultro
1164 1304 1199 1325 ae

462 1357 518 1389 per
542 1357 574 1379 30
601 1347 682 1390 cepit
701 1348 827 1391 aperiri,
845 1347 976 1379 cessavit
1003 1346 1103 1386 dolor,
1120 1346 1199 1378 lucis
1215 1351 1217 1362 ¹

463 1400 661 1442 splendorem
679 1401 829 1433 Columna
842 1401 979 1444 pertulit,
992 1405 1022 1432 et
1039 1400 1120 1433 intra
1137 1405 1199 1432 tres

463 1454 529 1487 dies
553 1454 702 1497 paulatim
727 1454 827 1486 visum
845 1454 973 1486 omnino
993 1453 1199 1497 recuperavit,

465 1512 494 1540 et
517 1507 654 1550 perfecte
679 1507 846 1540 convaluit.

509 1560 599 1603 §lit
630 1560 745 1593 Ioanna
775 1571 901 1605 quoque
933 1561 970 1593 de
1003 1562 1147 1603 Aragona
1172 1564 1219 1593 et*

466 1614 657 1656 Pignatella,
681 1614 804 1647 ducissa
828 1615 942 1647 Terrae
967 1615 1088 1655 Novae,
1122 1624 1200 1657 quac

465 1670 598 1709 quatuor
622 1667 682 1699 iam
708 1677 831 1700 menses
855 1667 1130 1699 vehementissimo
1151 1667 1219 1699 [lo-¹

466 1719 532 1752 lore
556 1719 755 1752 cruciabatur
779 1730 814 1752 ex
839 1723 961 1753 tumore
979 1725 1008 1752 et
1027 1719 1142 1752 duritie
1163 1720 1203 1751 al-

466 1773 563 1805 terius
580 1773 781 1813 mammillae,
798 1784 898 1816 eoque
918 1773 1048 1806 reducta
1064 1777 1147 1812 erat,
1168 1777 1202 1805 ut

466 1836 568 1870 neque
591 1826 696 1870 pedes,
721 1836 822 1870 neque
838 1827 967 1859 brachia
992 1837 1118 1860 movere
1135 1837 1203 1870 pos-

467 1883 528 1919 set,
552 1879 627 1923 quin
651 1879 708 1911 sihi
740 1880 859 1913 viscera
883 1880 1024 1923 transfigi
1056 1880 1203 1923 quodam-

468 1933 560 1966 modo
572 1933 768 1973 videi-emm:
794 1933 832 1966 ad
849 1944 943 1977 opem
960 1934 1101 1967 eiusdem
1119 1933 1202 1966 Beati

467 1986 665 2029 confugiens,
691 1992 720 2019 et
744 1987 827 2019 illius
859 1987 1027 2030 imaginem
1056 1987 1203 2029 religiose

467 2038 505 2071 de
529 2050 619 2072 mane
643 2045 788 2072 venerata
806 2046 835 2072 et
854 2040 898 2072 illi
920 2051 952 2073 se
969 2040 1203 2080 commendans,

468 2102 598 2136 vespere
622 2093 759 2125 eiusdem
785 2093 845 2126 diei
878 2103 953 2125 sana
977 2094 1043 2126 sine
1069 2099 1204 2133 tumore,

469 2145 535 2178 sine
566 2145 678 2177 duritie
710 2152 739 2178 et
769 2147 835 2179 sine
864 2147 929 2179 ullo
961 2147 1079 2180 doloris
1111 2157 1205 2180 sensu

471 2204 593 2241 reperta
615 2204 669 2231 est.

515 2253 529 2293 ξ-
545 2252 596 2285 22
622 2252 751 2285 Demum
769 2253 818 2286 liis
834 2259 864 2286 01
883 2254 1125 2297 quamplurimis
1138 2254 1206 2286 aliis

472 2311 633 2348 pei-mutus
656 2306 736 2338 idem
762 2306 932 2349 Gregorius
966 2307 1205 2350 praedecessor,

483 2372 503 2387 w
532 2359 658 2402 antiquo
683 2360 896 2392 Romanorum
915 2361 1101 2394 Pontificum
1119 2371 1208 2404 prae-

422 2441 425 2443 ,
472 2412 671 2460 dem-ssorum
696 2418 887 2454 nostrorum,
914 2419 986 2446 tunc
1005 2425 1146 2453 suorum,
1165 2414 1208 2446 in-

472 2465 594 2503 stituto,
626 2465 751 2508 publico
782 2466 869 2509 prius
894 2467 949 2509 (111
973 2478 1055 2510 quo,
1084 2472 1208 2510 praeter

473 2517 650 2560 praedictos
679 2519 865 2559 cardinales,
897 2520 988 2552 ctiam
1015 2520 1207 2552 venerabiles

508 2588 520 2614 1
541 2587 657 2615 Verbum
672 2592 763 2623 posset
779 2598 827 2617 iios
842 2590 964 2617 addimus
979 2592 1018 2625 (n.
1037 2591 1085 2624 T.).

508 2633 525 2658 ‘2
540 2633 764 2660 Coniunetioueiu
780 2636 805 2660 ct
822 2634 942 2661 delemus
956 2636 994 2669 (11.
1015 2637 1063 2670 1.).

1040 238 1140 263 numa
1146 238 1223 263 11111111
1242 238 1394 263 ROMANUM

1232 287 1343 318 fratres
1357 284 1454 318 nosti-i
1472 283 1679 328 patriarchae,
1699 282 1927 326 archiepiscopi
1940 288 1971 315 01

1231 338 1370 382 episcopi
1395 349 1430 371 ae
1454 337 1506 370 alii
1531 337 1689 369 Romanae
1713 335 1819 368 curiae
1838 336 1969 379 praelati

1232 396 1261 423 et
1275 391 1349 424 dicti
1369 390 1513 433 Gregorii
1530 387 1783 433 praedecessoris
1802 388 1970 421 familiares

1232 443 1336 477 dilecti
1360 443 1416 476 filii
1433 447 1666 481 convenerunt,
1683 446 1715 474 et
1732 440 1864 473 dilectus
1888 440 1971 473 1111113

1232 497 1376 530 Nicolaus
1401 495 1657 535 Zambeccarius,
1680 494 1768 526 aulae
1792 493 1971 537 pontificiae

1232 550 1457 584 consistorialis
1472 549 1650 589 advocatus,
1667 547 1742 581 dicti
1758 546 1841 580 beati
1859 547 1971 590 Ignatii

1233 603 1344 635 merita
1361 607 1390 635 et
1406 602 1587 645 principum
1605 611 1640 634 ac
1661 600 1851 644 populorum
1877 609 1972 643 super

1232 655 1412 688 huiusmodi
1437 654 1672 688 canonizatione
1695 658 1766 687 vota
1790 653 1928 696 retulit),

1277 709 1292 752 g
1316 708 1367 741 [13.
1393 709 1429 740 Ε1
1453 707 1629 741 successive
1653 707 1762 747 altero,
1779 705 1864 750 quod
1883 705 1974 738 semi-

1232 762 1393 806 publicum
1410 766 1523 795 vocant
1540 761 1586 805 (in
1606 771 1668 805 quo
1684 760 1836 805 praedicti
1853 769 1972 801 omnes,

1233 826 1269 849 ac
1285 816 1378 849 etiam
1396 815 1485 848 Sedis
1501 815 1699 859 Apostolieae
1714 813 1839 853 notarii,
1859 818 1890 846 et
1905 823 1974 847 cau-

1233 879 1339 901 sarum
1364 868 1438 901 dicti
1463 868 1569 912 palatii
1594 867 1753 901 auditores
1784 866 1889 900 dilecti
1917 866 1973 900 filii

1233 921 1452 960 interfuerunt,
1477 926 1507 953 et
1531 931 1651 961 omnes,
1677 920 1762 964 quod
1785 919 1887 952 dictus
1903 919 1975 952 bea-

1233 978 1282 1006 tus
1306 973 1443 1016 ignatius
1467 973 1699 1006 canonizandus
1722 977 1813 1014 esset,
1839 972 1975 1016 publicis

1233 1026 1392 1069 suffragiis
1411 1026 1614 1069 iudicarunt),
1632 1026 1811 1059 convocatis
1828 1025 1976 1059 consisto-

1233 1080 1299 1120 riis,
1324 1084 1390 1113 toto
1416 1079 1521 1113 cordis
1545 1079 1659 1112 affectu
1690 1079 1832 1112 exultans
1864 1079 1896 1111 in
1919 1079 1977 1112 Do-

1234 1134 1329 1174 mino,
1343 1133 1488 1166 eumdem
1507 1133 1632 1165 beatum
1651 1131 1816 1175 Ignatium,
1828 1133 1891 1165 una
1904 1143 1974 1165 cuni

1234 1187 1333 1219 beatis
1358 1187 1479 1220 Isidoro
1499 1187 1646 1229 Agricola
1671 1192 1701 1219 et
1724 1185 1892 1219 Francisco
1916 1187 1976 1219 Xa-

1234 1240 1330 1278 verio,
1357 1240 1439 1273 inter
1464 1240 1593 1273 Sanetos
1616 1240 1816 1273 referendum
1842 1240 1940 1272 duxit.

1278 1293 1359 1337 544.
1383 1294 1581 1337 Praeseripto
1601 1294 1706 1336 itaque
1730 1293 1976 1327 canonizationis

1233 1347 1283 1379 dic
1314 1347 1391 1380 sesto
1424 1347 1453 1379 S.
1478 1346 1623 1389 Gregorii
1652 1346 1753 1389 Magni
1782 1347 1974 1389 nuncupati,

1235 1411 1265 1433 iv
1279 1400 1423 1433 videlicet
1440 1400 1510 1432 idus
1527 1399 1641 1436 martii,
1659 1399 1860 1442 pontificatus
1878 1399 1974 1442 ipsius

1216 1444 1378 1497 {Gregorii
1403 1452 1656 1496 praedecessoris
1687 1462 1768 1484 anno
1792 1461 1835 1491 11,
1860 1452 1973 1484 iterum

1235 1506 1336 1540 dietus
1350 1505 1522 1548 Gregorius
1536 1505 1760 1548 praedeeessor
1774 1509 1821 1537 est
1832 1504 1975 1537 hortatus

1235 1560 1273 1591 ad
1291 1559 1418 1591 iteratas
1434 1569 1554 1602 preces,
1571 1558 1685 1590 ieiunia
1706 1562 1736 1589 et
1752 1558 1975 1601 eleemosynas,

1237 1617 1269 1646 ut
1293 1613 1324 1645 in
1349 1616 1434 1646 tanto
1451 1622 1548 1655 opere
1566 1611 1750 1654 exequendo
1767 1611 1874 1644 lumen
1891 1611 1976 1647 Eius.

1236 1666 1289 1709 qui
1314 1667 1415 1699 lucem
1441 1665 1560 1698 habitat
1584 1664 1843 1705 inaccessibilem,
1868 1664 1978 1708 implo-

1218 1725 1342 1752 ÷rarent
1364 1719 1403 1751 ad
1427 1730 1462 1752 ea
1486 1718 1684 1762 peragenda,
1710 1717 1824 1761 quibus
1854 1718 1976 1750 divinae

1236 1774 1356 1816 gloriae
1372 1774 1475 1806 honor
1491 1778 1521 1805 et
1538 1773 1708 1805 catholicae
1726 1772 1882 1805 Ecclesiae
1899 1772 1976 1805 fides

1236 1832 1415 1870 augeretur.
1432 1826 1585 1859 Omnibus
1602 1836 1676 1858 vero
1694 1826 1780 1858 iuxta
1795 1830 1976 1858 sanctorum

1219 1899 1221 1928 ς
1238 1886 1363 1924 patrum
1377 1880 1571 1919 traditiones,
1581 1890 1808 1923 sacrorumque
1822 1889 1976 1912 canonum

1238 1934 1397 1973 instituta,
1422 1937 1452 1965 et
1476 1933 1633 1965 Romanae
1664 1932 1822 1965 Ecclesiae
1846 1942 1978 1965 consue-

1238 1987 1377 2019 tudinem
1402 1986 1461 2018 rite
1485 1990 1515 2018 et
1539 1991 1623 2018 recte
1644 1985 1797 2029 peractis,
1821 1985 1903 2017 dieta
1927 1983 1978 2016 die

1220 2051 1268 2073 »iv
1294 2040 1363 2073 idus
1388 2039 1510 2079 martii,
1536 2039 1618 2072 idem
1650 2038 1822 2082 Gregorius
1846 2037 1977 2081 praede-

1239 2103 1344 2126 cessor
1375 2093 1414 2125 ad
1443 2092 1597 2136 Principis
1630 2092 1845 2135 apostolorum
1875 2089 1979 2122 basili-

1239 2157 1324 2186 cam,
1350 2157 1422 2179 cum
1447 2145 1676 2186 cardinalibus,
1701 2143 1908 2188 patriarchis,
1933 2153 1979 2176 ar-

1240 2199 1457 2243 chiepiscopis,
1478 2198 1643 2241 episcopis,
1660 2197 1819 2241 praelatis,
1834 2201 1865 2229 et
1881 2196 1978 2240 ipsius

1239 2253 1383 2296 Gregorii
1398 2251 1650 2296 praedecessoris
1667 2251 1873 2283 familiaribus
1892 2261 1979 2294 prae-

1240 2306 1341 2343 1110113,
1359 2315 1480 2338 necnon
1505 2305 1626 2337 dilectis
1647 2304 1718 2336 filiis
1740 2304 1825 2337 clero
1844 2303 1978 2336 seculari

1240 2363 1271 2391 et
1295 2358 1449 2400 regulari,
1474 2368 1508 2389 ac
1534 2357 1669 2389 maxima
1701 2356 1809 2400 populi
1835 2356 1979 2399 frequen-

1241 2412 1299 2451 tia,
1324 2411 1478 2450 convenit,
1495 2414 1525 2443 01
1551 2415 1621 2453 post
1651 2410 1777 2444 iteratas
1797 2410 1912 2453 primo,
1937 2419 1980 2442 se-

1241 2465 1344 2498 cundo
1359 2476 1394 2497 ae
1412 2464 1503 2497 terlio
1521 2474 1579 2507 pro
1594 2463 1837 2496 canonizationis
1852 2464 1979 2497 decreto

1242 2518 1407 2562 petitiones
1438 2528 1495 2561 per
1519 2517 1667 2550 dilectum
1694 2517 1792 2550 filium
1818 2522 1979 2557 nostrum,

1243 2577 1314 2604 tunc
1339 2583 1441 2611 suuni,
1466 2571 1658 2604 lautovicum
1683 2571 1764 2603 tituli
1781 2575 1905 2603 sanctae
1922 2570 1981 2603 Ma-

1225 2626 1306 2662 ,riae
1342 2625 1590 2669 'franspontinae
1627 2625 1843 2668 presbyterum
1881 2623 1979 2656 cardi-

1988 235 2035 261 lln.
2050 234 2077 260 C.
2101 232 2170 262 1623

2011 717 2125 743 Gregorius
2134 716 2171 738 XV

1988 750 2035 765 eum
2050 745 2105 765 111101·
2119 744 2172 765 San·

1988 773 2034 791 ctos
2045 771 2104 791 ducit
2118 771 2173 791 rofe-

1988 797 2083 818 rendum.

2000 1299 2058 1323 Qumt
2071 1299 2173 1325 praestitit

1989 1332 2005 1346 11
2036 1326 2082 1345 ulus
2106 1332 2150 1346 mai·
2161 1326 2174 1345 11

1991 1359 2010 1373 111
2026 1353 2114 1373 bantini
2127 1359 2175 1372 sau-

1990 1381 2017 1399 vti
2036 1379 2100 1399 l'ctrh
