2269 3235
128 247 179 276 An.
200 247 228 276 C.
246 246 312 274 1627

128 310 222 337 probatis
243 309 310 335 ingro-

128 338 219 359 (llantur.

167 467 312 494 'transumptis

129 497 186 519 credi
201 496 266 517 iubet.

156 1643 297 1666 Prooemium.

933 244 1074 268 URBANL'S
1099 245 1154 268 VIII
1179 245 1225 268 PP.

326 293 419 327 nibus
434 303 451 325 a
467 292 546 327 Sede
559 292 737 337 Apostolica
754 292 944 336 approbatis,
960 293 1064 336 ibique

326 346 458 379 reddant
482 346 614 379 Domino
631 349 701 379 vota
722 355 786 378 sua.
812 344 845 377 ln
870 345 1063 376 contrarium
1098 345 1173 377 alifis
1205 344 1302 377 felicis
1327 343 1553 377 recordationis
1577 343 1749 385 Gregorius
1780 343 1837 375 Pa-
1854 364 1879 380 μ..

326 399 512 433 facientibus
522 409 584 432 non
595 398 792 432 obstantibus
806 396 1063 440 quibuscumque.

371 454 386 496 ἓ
406 453 434 485 5.
461 453 609 485 Volumus
629 455 731 485 autem
749 449 832 494 quod
853 449 1064 492 praesentium

326 505 541 549 transumptis,
561 504 654 538 etiarn
675 502 864 546 impresssis,
890 512 985 534 manu
1009 512 1065 534 no-

327 559 397 592 tarii
421 558 537 603 publici
562 555 762 599 subscriptis,
785 559 814 587 et
839 554 942 597 sigillo
962 565 1067 598 perso-

326 623 384 645 nae
412 612 443 644 in
463 609 673 645 ecclesiastica
701 607 852 650 dignitate
880 607 1066 640 constitutae

327 666 472 707 munitis,
505 664 612 697 eadem
642 672 774 706 prorsus
805 661 882 694 fides
904 661 1066 701 habeatur,

327 729 406 763 quae
426 718 501 762 ipsis
526 715 746 760 praesentibus
769 714 950 757 haberetur,
977 714 1002 747 si
1026 714 1068 747 so-

326 777 397 806 rent
419 771 574 805 exhibitae
599 770 646 802 vel
671 773 821 803 ostensae.

369 825 481 858 Datum
505 824 632 863 Romae,
665 822 747 866 apud
772 822 800 856 S.
822 821 951 854 Mariam
976 820 1067 854 Maio-

326 888 411 920 rem,
435 877 493 910 sub
518 877 633 909 annulo
657 875 841 916 piscatoris,
862 875 911 908 die
930 884 973 907 xx
993 874 1067 907 maii

325 941 479 972 Mncxxvl,
504 930 704 974 pontificatus
728 929 828 962 nostri
852 938 934 962 anno
959 938 1000 961 1v.

361 992 419 1020 Dat.
437 992 481 1020 die
496 992 530 1019 ΞΟ
545 991 607 1019 maii
624 991 702 1026 1627,
723 990 818 1027 pontif.
839 999 909 1018 anno
924 997 960 1018 lv.

620 1116 769 1166 ccum.

326 1188 418 1222 Nova
441 1188 554 1221 erectio
579 1187 707 1231 collcyiz'
723 1186 857 1231 Illyrici
880 1186 917 1219 in
939 1186 1069 1219 civitate

371 1242 560 1275 Lauretaud
579 1252 637 1285 pro
653 1240 905 1274 adolescentibus
925 1250 963 1272 esc
985 1239 1069 1282 Illy-

372 1296 449 1328 ricis
462 1295 642 1339 provinciis
661 1294 844 1338 sumptibus
858 1293 972 1326 domus
988 1292 1070 1325 Lau-

370 1352 503 1381 retanae
520 1347 705 1388 educandis,
727 1358 800 1380 cum
816 1345 1070 1390 privileyiorum

371 1407 400 1435 et
424 1402 632 1436 indultorum
656 1401 857 1445 elarssz'cione.

531 1474 668 1501 Urbanus
688 1473 863 1507 Episcopus,

505 1526 611 1547 servus
636 1526 790 1547 servorum
818 1517 890 1549 Dei,

444 1566 480 1592 ad
504 1567 680 1598 perpetuam
699 1564 744 1591 rei
768 1562 947 1590 memoriam.

372 1627 443 1660 Zelo
467 1626 580 1660 domus
604 1626 659 1659 Dei
683 1635 740 1658 nos
771 1627 1007 1663 commovente,
1034 1627 1069 1655 ut

328 1675 468 1725 parvulis
493 1679 671 1724 petentibus
696 1688 808 1722 panem
833 1676 920 1710 verbi
937 1675 991 1709 Dei
1011 1686 1069 1719 pro

328 1744 458 1767 munere
474 1739 583 1767 nostro
600 1732 792 1775 frangamus,
809 1730 926 1775 quippe
939 1729 992 1773 qui
1006 1729 1071 1761 uni-

329 1797 493 1820 versarum
513 1786 653 1829 gentium
682 1785 937 1829 populorumque
957 1782 1071 1816 Christi

329 1841 424 1874 fidem
447 1840 663 1885 profitentium
688 1840 820 1873 salutem
844 1848 1016 1882 procurare
1042 1842 1071 1870 et

329 1905 518 1939 promovere
543 1895 713 1936 studemus,
740 1894 813 1927 dum
843 1903 952 1926 omnes
981 1892 1068 1925 chri-

330 1949 420 1982 stiani
447 1949 532 1982 orbis
556 1953 661 1993 partes
686 1947 786 1981 oculis
810 1947 923 1980 mentis
947 1950 1071 1980 nostrae

329 2004 558 2046 perlustramus
583 2002 723 2047 Illyricae
740 2001 864 2044 linguae
882 2000 994 2043 gentis,
1010 2010 1072 2032 ma-

331 2056 430 2090 iorem
455 2057 598 2101 Europae
624 2061 654 2089 et
677 2056 845 2088 maximam
876 2054 966 2087 Asiae
990 2064 1068 2098 por-

330 2110 447 2144 tionem
483 2110 668 2151 incolentis,
693 2115 786 2154 atque
821 2120 877 2153 per
912 2109 1071 2152 Europam

330 2165 606 2208 praestantissimis
630 2164 736 2207 regnis
754 2168 783 2196 et
804 2162 976 2206 provinciis
997 2162 1070 2194 olim

331 2218 591 2262 florentissimae,
616 2229 652 2251 ac
676 2218 757 2250 inter
782 2218 902 2261 plantas
927 2216 1074 2260 apostoli—

333 2282 383 2305 cas
400 2272 431 2304 in
451 2273 572 2315 gremio
589 2272 761 2306 catholicae
778 2270 938 2304 Ecclesiae
955 2270 1073 2314 primo-

332 2328 464 2372 genitae,
482 2339 564 2362 nunc
588 2340 662 2362 vero
686 2328 823 2361 maxima
849 2338 885 2360 ex
910 2331 998 2370 parte
1015 2327 1072 2359 sub

333 2382 430 2426 impia
450 2387 610 2415 turcarum
627 2382 789 2427 tyrannide
814 2381 976 2425 gementis,
995 2381 1073 2414 sehi-

332 2436 601 2480 smaticorumque
614 2437 825 2476 orientalium,
843 2436 1073 2478 haercsumque

333 2490 623 2534 septentrionalium
647 2491 774 2524 venenis
794 2501 852 2534 per
872 2494 976 2535 partes
1001 2489 1074 2521 inse-

333 2550 411 2585 etae,
432 2555 489 2588 pro
514 2544 620 2578 debito
644 2545 744 2578 nostri
768 2544 934 2588 pastoralis
959 2542 1073 2583 ossicii,

332 2598 570 2632 necessitatibus
589 2599 804 2642 spiritualibus
822 2608 1007 2633 succurrere
1025 2608 1074 2631 co-

334 2653 439 2697 gimur
464 2657 494 2687 et
517 2652 735 2687 admonemur.

1739 233 1796 265 sisol
1849 242 1900 269 An.
1921 242 1949 269 C.
1968 242 2034 270 1027

1142 293 1205 335 §t
1231 292 1307 325 Cum
1335 291 1448 335 itaque,
1466 290 1545 324 sicut
1568 290 1658 323 nobis
1685 290 1836 331 innotuit,
1866 304 1977 328 erocum-1
1990 305 2035 324 xm

1854 331 1947 350 tundant
1973 332 2037 351 ‹mlle-

1883 365 1909 376 iu»
1935 358 2036 382 Illyricum

1854 385 1938 403 Lanrrti
1953 390 1989 408 pru
2001 391 2036 403 ux

1099 408 1137 441 pa
1162 398 1227 429 xnl
1251 397 1475 441 praedecessor
1496 402 1611 439 noster,
1638 397 2037 430 misci-ationeiw1111a1w11111.

1100 456 1201 482 tantae
1234 451 1344 493 gentis,
1372 451 1539 493 collegium
1566 450 1762 495 Illyricorum
1793 450 1839 482 iu-
1854 441 1900 458 ’Μ’
1917 440 2015 458 ¹¹³¹¹⁰¹¹¹⁴'

1101 503 1234 537 ventutis
1253 503 1282 535 in
1301 503 1423 536 civitate
1450 505 1621 537 Lauretana
1640 504 1722 536 illius
1740 514 1840 536 sacro-

1100 560 1223 590 sanctae
1248 557 1361 589 domus
1386 557 1588 601 proventibus
1613 558 1751 599 alendae,
1782 557 1838 590 bo-

1100 610 1211 653 nisque
1232 610 1352 643 artibus
1377 615 1406 642 et
1431 610 1604 653 disciplinis
1629 610 1839 651 instruendae,

1100 663 1239 706 praefixo
1272 667 1345 696 tunc
1379 663 1527 706 temporis
1560 674 1692 696 nurnero
1722 664 1759 696 ad
1785 664 1840 696 tri-

1101 717 1186 759 ginta
1211 716 1434 758 adolescentes,
1460 717 1630 759 apostolica
1655 717 1841 750 auctoritate

1101 770 1252 803 erexisset
1277 775 1307 802 et
1324 769 1507 802 instituisset
1524 769 1643 813 optimo
1660 781 1757 813 acque
1772 781 1842 803 con-

1101 823 1180 865 silio,
1206 824 1390 866 fructuque;
1416 834 1487 856 cum
1506 823 1603 863 brevi,
1625 823 1775 866 temporis
1800 824 1843 855 in-

1102 878 1241 919 tervallo,
1267 878 1411 911 iuventus
1437 877 1512 910 inibi
1537 877 1628 910 bonis
1646 876 1790 910 moribus
1806 887 1841 909 ac

1101 931 1212 964 litteris
1227 931 1377 971 instituta,
1393 931 1573 975 patriaeque
1592 930 1742 963 iuvandae
1759 929 1843 962 adhi-

1101 985 1185 1027 bita,
1218 995 1333 1028 magno
1358 984 1481 1017 divinae
1506 984 1625 1027 gloriae
1649 988 1841 1026 augmento,

1102 1039 1343 1082 animarumque
1366 1038 1474 1080 salute,
1492 1037 1671 1081 provincias
1693 1037 1842 1080 Illyricas,

1102 1092 1288 1136 praesertim
1306 1103 1381 1125 vero
1399 1092 1553 1125 litoralem
1571 1091 1767 1131 Dalmatiam,
1784 1091 1844 1124 dis-

1102 1146 1210 1188 cussis,
1222 1145 1335 1189 quibus
1349 1145 1580 1185 offundebatur,
1595 1144 1788 1187 ignorantiae
1802 1148 1844 1177 te-

1101 1199 1217 1241 nebris,
1233 1198 1271 1231 ad
1289 1209 1381 1231 verae
1398 1197 1521 1242 pietatis
1537 1198 1639 1230 media
1652 1198 1842 1237 excitaverit3

1146 1253 1161 1296 ἓ
1185 1252 1213 1285 ⁶2.
1240 1252 1379 1296 Cumque
1404 1251 1482 1284 adeo
1510 1251 1597 1294 pium
1622 1262 1701 1295 opus
1725 1250 1844 1294 aliquot

1102 1310 1175 1349 post
1198 1306 1298 1346 annis,
1324 1305 1510 1349 quibusdam
1536 1305 1573 1337 de
1598 1305 1711 1346 causis,
1736 1304 1844 1337 admo-

1102 1360 1177 1392 dum
1201 1358 1403 1392 imminutum
1427 1358 1531 1398 fuerit,
1557 1358 1684 1391 redacto
1709 1358 1747 1390 ad
1771 1358 1845 1390 duo-

1102 1413 1204 1446 decim
1222 1416 1341 1447 tantum
1356 1410 1567 1445 alumnorum¹
1586 1411 1843 1451 adolescentium,

1103 1467 1234 1500 Romam
1268 1466 1403 1499 Laureto
1435 1466 1670 1506 translatorum,
1699 1476 1843 1506 numero,

1104 1521 1278 1553 Lauretano
1298 1520 1432 1563 collegio
1456 1519 1579 1563 penitus
1602 1519 1755 1552 extincto:

1149 1574 1164 1617 ἓ
1187 1572 1217 1606 3.
1243 1574 1315 1615 Nos,
1333 1573 1386 1616 qui
1407 1573 1487 1605 hanc
1507 1573 1698 1606 eiuscemodi
1718 1572 1847 1605 transla-

1104 1627 1223 1660 tionem
1248 1632 1277 1660 et
1294 1627 1418 1659 numeri
1435 1627 1636 1659 alumnorum
1654 1627 1846 1659 imminutio-

1105 1691 1177 1714 nem
1205 1681 1237 1713 in
1262 1681 1434 1713 maximum
1459 1681 1608 1713 damnum
1632 1680 1706 1713 fidei
1731 1681 1762 1713 in
1787 1680 1847 1712 illis

1105 1735 1277 1779 provinciis
1295 1734 1463 1778 contigisse
1487 1736 1573 1767 certa
1588 1734 1718 1767 scientia
1735 1744 1848 1777 eogno-

1105 1789 1216 1830 vimus,
1234 1789 1273 1822 ad
1298 1799 1378 1832 opus
1402 1788 1471 1831 hoc,
1493 1788 1610 1821 [lictum
1628 1788 1796 1831 collegium
1817 1788 1847 1820 in

1105 1843 1285 1887 pristinum,
1304 1846 1343 1884 et,
1364 1847 1516 1886 quantum
1540 1842 1609 1874 sieri
1634 1841 1760 1886 poterit,
1786 1852 1848 1874 me-

1107 1897 1218 1930 liorem
1244 1901 1357 1929 statum
1391 1895 1621 1928 restituemlum
1646 1900 1675 1928 et
1700 1905 1849 1928 renovan-

1106 1951 1191 1991 dum,
1212 1950 1352 1983 animum
1377 1954 1407 1982 et
1431 1954 1568 1982 mentem
1593 1953 1733 1982 nostram
1766 1959 1844 1981 con-

1107 2008 1272 2046 vertentes,
1289 2008 1413 2036 maturo
1434 2003 1568 2046 desuper
1593 2013 1664 2035 cum
1690 2001 1849 2035 venerabi-

1107 2059 1189 2091 libus
1206 2058 1356 2090 sratribus
1371 2057 1485 2090 nostris
1500 2059 1528 2090 S.
1544 2057 1576 2089 u.
1591 2057 1622 2089 E.
1638 2056 1849 2089 cardinalibus

1107 2112 1345 2155 congregationi
1379 2111 1417 2144 dc
1450 2110 1653 2155 propaganda
1678 2110 1739 2142 tide
1763 2120 1850 2153 prae-

1107 2167 1195 2199 sectis
1224 2166 1330 2199 habito
1348 2165 1496 2205 consilio,
1518 2170 1604 2197 motu
1625 2164 1765 2207 proprio,
1786 2173 1849 2196 non

1108 2220 1144 2252 ad
1163 2219 1294 2252 alicuius
1318 2219 1409 2252 nobis
1430 2218 1566 2261 desuper
1589 2217 1711 2250 oblatae
1728 2216 1850 2260 petitio-

1108 2274 1155 2306 nis
1171 2273 1362 2313 instantiam,
1380 2272 1433 2305 sed
1454 2283 1490 2305 ex
1511 2273 1596 2304 certa
1622 2271 1762 2311 scientia,
1784 2281 1849 2303 me-

1108 2329 1206 2372 raque
1230 2327 1416 2359 liberalitate
1441 2325 1556 2358 nostris
1572 2352 1579 2366 ,
1604 2336 1640 2358 ac
1665 2324 1701 2357 de
1727 2329 1850 2368 aposto-

1109 2382 1185 2415 licae
1210 2380 1372 2425 potestatis
1397 2379 1601 2423 plenitudine,
1619 2378 1656 2411 ad
1676 2378 1730 2410 Dei
1748 2377 1849 2410 omni-

1108 2435 1243 2479 potentis
1260 2434 1396 2474 laudem,
1414 2438 1601 2476 sanctaeque
1626 2431 1724 2475 ipsius
1748 2431 1850 2464 Eccle-

1109 2488 1172 2521 siae
1185 2488 1424 2527 incrcmcntum,
1434 2497 1469 2519 ac
1479 2485 1682 2530 praecipuam
1691 2483 1701 2500 ²
1710 2484 1850 2528 Illyricae

1109 2542 1210 2586 gentis
1236 2542 1368 2574 salutem
1393 2545 1422 2573 ct
1447 2539 1661 2579 commodum,
1679 2538 1710 2571 in
1727 2538 1849 2571 civitate

1885 1264 1936 1284 Illud
1954 1269 2002 1284 veru
2015 1264 2042 1283 ad

1859 1297 1886 1311 xli
1903 1291 1968 1310 ruerat
1981 1291 2043 1310 reda-

1859 1321 1922 1338 etum.

1902 1583 1998 1603 Urbanus
2019 1582 2044 1601 :le

1861 1615 1915 1630 novo
1958 1609 2044 1629 Laurcti

1862 1637 1931 1656 sundal
1950 1638 1970 1656 et
1986 1638 2046 1661 erigit

1861 1669 1899 1689 pro
1915 1669 1972 1683 xxxxi
1988 1668 2045 1682 iuve-

1862 1689 2046 1715 nitiuscxIIhrica

1863 1719 1956 1737 nalwul’.

1145 2616 1156 2641 1
1174 2614 1244 2641 Edit.
1261 2613 1341 2640 Main.
1358 2612 1440 2639 habet
1454 2613 1588 2639 alumnos
1602 2612 1640 2646 (R.
1657 2611 1706 2646 Tu).

1143 2660 1159 2686 ἰ).
1174 2658 1274 2687 Forsan
1289 2658 1435 2694 legendum
1447 2658 1604 2693 praecipue
1621 2657 1660 2691 (a.
1675 2656 1712 2689 T.)
