2269 3235
265 256 354 285 Amc.
377 255 443 284 1627

302 690 444 710 Prot-*ciarum

264 720 284 737 (tl
295 718 445 741 xiceprolt‘clo-

263 750 291 763 ri<
311 744 392 767 collegii
411 742 445 761 ile·

263 771 351 795 putatio.

323 1965 448 1986 Earnmdom

266 1993 380 2013 auctmitas
390 1994 411 2013 ct
420 1992 448 2012 t'a-

265 2020 361 2040 cultatem

493 246 555 279 558

462 304 530 336 aliis
548 303 722 335 huiusmodi
744 301 884 343 collegiis
904 305 933 333 et
950 300 980 332 in
996 300 1056 332 lior,
1071 301 1137 343 ipso
1155 310 1198 332 sa-

462 357 500 389 tis
521 358 644 397 cognitu
663 356 711 397 sit,
733 358 823 397 atquc
841 357 1014 397 perspecta,
1033 353 1114 385 idem
1133 354 1197 386 cel-

462 410 577 452 lcgium
593 436 600 450 ,
626 413 717 451 atque
743 407 902 439 scholares
932 406 1013 439 illius
1042 407 1199 451 presbyte-

462 474 579 504 rorum,
599 462 677 494 sicut.
694 461 795 494 adliuc
820 461 886 501 suit,
908 460 1063 503 regimini,
1082 461 1199 494 institu-

462 515 548 555 tioni,
568 515 738 556 doctrinae,
764 519 856 557 atque
880 514 1066 558 prudentiae
1090 514 1197 547 eadem

461 568 643 603 auctoritate
671 568 763 600 etiam
782 573 935 612 perpetuo
953 568 1136 601 subiicimus
1157 573 1199 600 at-

460 630 521 663 que
535 620 756 654 submittimus.

505 675 519 717 g
540 674 569 707 5.
588 674 762 715 Praeterea,
779 679 813 707 ut
830 674 968 708 eiusdem
987 675 1110 717 collegii
1128 685 1199 708 con-

461 727 639 768 servationi,
663 728 820 772 bonoque,
842 733 903 761 tam
929 729 959 761 in
984 729 1032 761 his
1056 739 1135 772 quae
1160 728 1197 761 ad

461 780 651 813 scholarium
677 781 904 814 institutionem
930 787 960 814 et
984 781 1197 825 disciplinam,

460 843 555 876 quam
579 844 658 877 quae
682 834 720 866 ad
744 834 870 875 victum,
892 835 1052 875 vestitum,
1076 834 1197 877 aliaque

461 887 638 919 huiusmodi
664 888 838 920 necessaria
863 887 1028 931 pertinent,
1050 892 1198 930 opportu-

459 940 530 973 nius
543 940 732 981 consulatur,
747 946 776 973 et
792 944 973 984 promptum
988 941 1032 973 eis
1042 946 1199 984 paratum—

460 1004 520 1036 que
544 993 692 1025 auxilium
718 993 765 1033 sit,
782 998 905 1026 sanctae
923 994 1078 1026 Romanae
1096 993 1198 1027 Eccle-

460 1046 522 1078 siae
531 1046 702 1078 cardinales
712 1056 817 1079 sacrae
827 1046 1068 1089 Congrcgationi
1076 1047 1114 1079 de
1126 1047 1198 1080 Pro-

460 1099 602 1142 paganda
630 1099 703 1131 Fide
728 1100 901 1143 praefectos
928 1100 1093 1143 praefatos,
1114 1110 1196 1132 nunc

460 1157 487 1184 et
502 1162 559 1195 pro
574 1156 715 1195 tempore
730 1152 904 1193 existentes,
919 1152 1058 1185 eiusdem
1073 1153 1195 1196 collegii

460 1210 656 1248 protectores
680 1210 709 1238 et
729 1205 918 1245 defensores,
936 1206 988 1249 qui
1008 1205 1040 1238 in
1057 1206 1197 1249 vicepro-

460 1262 609 1291 tectorem
635 1257 717 1290 illius
749 1258 960 1291 venerabitem
986 1259 1116 1292 fratrem
1139 1270 1196 1293 no-

460 1315 559 1343 strum
577 1311 758 1354 episcopum
774 1311 979 1345 Viennensem
994 1322 1078 1345 nunc
1095 1318 1125 1345 et
1139 1324 1196 1357 pro

460 1369 602 1407 tempore
619 1364 802 1397 existentem
822 1365 876 1407 (ita
896 1371 1010 1406 tamen,
1028 1372 1062 1398 ut
1078 1366 1108 1398 in
1129 1377 1196 1409 gra-

461 1418 599 1450 vioribus
623 1418 700 1450 nihil
724 1418 906 1462 praecipere
921 1446 928 1459 ,
954 1424 1006 1451 aut
1030 1420 1195 1462 mandare,

461 1472 507 1505 vel
525 1473 626 1505 facere
644 1474 742 1507 valeat
760 1474 825 1506 sine
843 1474 973 1507 consilio
990 1478 1020 1507 et
1043 1484 1196 1508 consensu

460 1526 560 1558 nuntii
591 1526 742 1569 praefati⁷
768 1526 881 1570 quibus
913 1527 1031 1570 aliquid
1063 1538 1172 1560 eorum
1190 1555 1197 1569 ,

461 1589 539 1623 quae
556 1580 602 1612 vel
626 1580 657 1612 in
677 1580 735 1612 hac
755 1580 936 1613 fundatione
960 1581 1007 1613 vel
1028 1581 1059 1613 in
1081 1581 1198 1624 regulis

461 1643 476 1665 a
497 1633 743 1676 Congregatione
763 1635 904 1678 praefata
928 1635 1111 1678 approbatis
1129 1646 1199 1668 con-

463 1687 608 1729 tinentur,
626 1688 792 1720 immutare
810 1688 938 1720 minime
954 1688 1060 1721 licebit
1080 1689 1198 1732 absque

463 1741 599 1774 eiusdem
621 1742 877 1784 Congrcgationis
898 1742 945 1774 vel
968 1742 1099 1775 Romani
1121 1743 1198 1775 Pon-

465 1793 554 1825 tificis
578 1804 635 1836 pro
659 1798 800 1836 tempore
825 1794 985 1826 existentis
1002 1797 1150 1837 expressa
1167 1795 1200 1826 li—

464 1845 577 1889 centia)
595 1846 743 1889 deputare
759 1846 880 1890 possint
897 1852 926 1879 et.
940 1848 1072 1888 valeant,
1090 1848 1198 1880 eadem

464 1899 647 1932 auctoritate
664 1900 883 1933 constituimus
905 1905 997 1944 atque
1014 1911 1168 1933 creamus.

508 1953 522 1996 ξ
543 1952 571 1985 6.
590 1953 725 1996 illisque,
743 1964 778 1986 ac
793 1954 1032 1998 viceprotectori
1049 1955 1199 1998 praefato,

463 2016 522 2049 pro
542 2006 658 2039 salubri
683 2007 765 2039 illius
790 2008 1037 2047 conservatione,
1062 2009 1202 2041 alumno-

464 2071 544 2101 rum,
562 2060 716 2093 bonorum
731 2065 760 2093 et
774 2072 890 2103 rerum7
906 2072 940 2093 ac
954 2061 1070 2094 iurium
1086 2066 1202 2105 tempo-

465 2114 576 2146 ralium
589 2119 620 2146 et
633 2114 844 2157 spiritualium
862 2114 1012 2155 eiusdem,
1033 2116 1157 2158 plenam
1173 2120 1202 2148 et
1217 2127 1219 2141 1

464 2168 592 2200 liberam
614 2169 790 2201 facultatem
808 2174 837 2201 ct
858 2169 1092 2202 auctoritatem¹
1113 2180 1202 2203 oeco-

463 2231 591 2262 nomos,
617 2221 782 2255 advocatos
808 2226 837 2256 et
860 2228 1084 2266 procuratores
1109 2223 1141 2256 in
1165 2234 1201 2256 co

464 2274 631 2317 deputandi
653 2280 682 2307 et
705 2276 879 2315 amovendi,
896 2286 931 2308 ac
948 2276 1025 2309 alios
1042 2276 1072 2308 in
1090 2287 1200 2309 eorum

464 2328 566 2361 locum
592 2329 819 2368 substituendi,
845 2330 1054 2371 differentias,
1080 2330 1148 2363 lites
1173 2336 1198 2363 et

465 2383 701 2421 ecetroversias,
715 2384 796 2416 inter
812 2394 1024 2428 quascumque
1041 2395 1200 2428 personas,

467 2442 526 2468 tani
544 2437 741 2470 alumnorum
757 2438 863 2481 (quam
882 2438 1127 2471 ministrantium
1145 2440 1202 2472 cle-

467 2490 604 2522 iicorum
629 2496 659 2523 et
682 2491 845 2531 laicorum,
863 2502 924 2525 non
942 2497 1056 2525 tamem
1077 2493 1202 2537 presby-

469 2553 606 2577 tercrum
624 2544 719 2587 ipsius
732 2546 893 2578 Societatis
907 2547 1055 2589 (exortas,
1069 2557 1203 2579 summa—

506 2616 514 2641 1
531 2615 620 2642 Verba
632 2616 744 2649 plenam
758 2619 783 2644 et
799 2617 918 2645 liberam
933 2618 1096 2652 flicullalem
1111 2620 1135 2646 el
1150 2626 1202 2645 au:

469 2659 627 2687 ctorilalem
642 2659 701 2687 heic
716 2660 867 2687 redundant
883 2664 921 2695 tn„
938 2662 987 2696 r).

1035 252 1215 277 nULLARIUM
1238 251 1391 276 ROMANUM

1234 300 1288 340 rie,
1313 299 1499 343 simpliciter
1523 304 1553 331 et
1576 298 1614 331 (le
1639 299 1751 342 plano,
1776 300 1842 334 sine
1866 300 1968 343 figura

1233 357 1285 386 aut
1308 352 1440 396 strepitu
1457 352 1573 392 iudicii,
1591 352 1800 396 appellatione
1822 364 1971 398 quacum-

1233 416 1292 448 que
1313 407 1443 446 remota,
1468 405 1641 448 decidendi,
1663 405 1842 447 definiendi,
1866 407 1971 440 termi-

1233 459 1324 491 nandi
1350 464 1380 492 ct
1403 458 1593 502 exequendi,
1619 462 1794 502 statutaque
1825 463 1855 492 et
1879 459 1967 492 ordi-

1232 513 1382 555 nationes,
1397 512 1592 556 disciplinam
1607 512 1809 545 domesticam
1825 517 1855 545 et
1871 512 1970 545 studia

1233 567 1432 600 alumnorum
1469 567 1683 611 praefatorum
1728 566 1970 608 concernentia,

1232 631 1330 664 aequa
1354 626 1458 654 tamen
1483 625 1513 653 et
1536 620 1677 660 honesta,
1702 619 1860 663 sacrisque
1882 629 1971 653 cano-

1232 673 1323 706 nibus
1348 678 1378 706 et
1401 673 1529 707 Concilii
1554 672 1726 706 Tridentini
1751 672 1884 706 decretis
1907 682 1971 706 non

1232 726 1451 770 repugnantia,
1476 726 1608 759 faciendi
1626 731 1656 759 et
1676 725 1841 767 condendi,
1862 735 1970 769 eaque,

1233 791 1302 813 cum
1328 790 1408 824 opus
1438 780 1548 821 suerit,
1573 779 1759 822 revocandi,
1784 779 1971 812 immutandi

1232 837 1261 867 et
1286 833 1474 875 corrigendi,
1500 833 1622 877 aliaque
1646 833 1684 866 de
1707 843 1789 866 novo
1806 832 1970 874 condendi,

1232 896 1332 929 quae,
1360 891 1528 930 postquam
1557 887 1657 929 sacta,
1689 886 1791 929 edita,
1815 890 1970 927 revocata,

1232 939 1393 973 immutata
1417 944 1446 972 et
1470 945 1612 972 correcta
1630 939 1755 982 suerint,
1773 939 1904 983 perinde
1920 939 1972 972 ha-

1231 992 1365 1025 beantur
1389 996 1419 1027 et
1442 993 1659 1033 observentur,
1676 1003 1712 1026 ac
1736 993 1760 1026 si
1785 992 1971 1025 auctoritate

1231 1045 1401 1089 apostoliea
1422 1046 1594 1090 approbata
1611 1051 1641 1079 et
1658 1045 1841 1079 confirmata
1858 1049 1969 1088 essent,

1231 1104 1326 1142 prout
1350 1099 1402 1132 illa
1422 1099 1461 1132 ab
1478 1099 1625 1132 omnibus
1641 1099 1716 1132 dicti
1733 1099 1858 1142 collegii
1875 1099 1972 1132 alum-

1230 1152 1278 1185 nis
1305 1152 1347 1185 ita
1376 1152 1485 1185 haberi
1510 1157 1540 1185 et
1564 1151 1786 1185 inviolabiliter
1810 1152 1971 1186 observari

1231 1206 1425 1246 mandamus,
1450 1206 1576 1250 plenam
1600 1211 1630 1239 et
1654 1205 1803 1247 liberam,
1828 1205 1968 1239 auctori-

1231 1263 1292 1291 tate
1317 1264 1347 1291 et
1371 1264 1479 1293 tenore
1499 1259 1691 1304 praemissis,
1709 1259 1911 1293 concedimus
1930 1259 1971 1292 sa-

1231 1313 1388 1346 cultatem.

1275 1367 1290 1410 ἓ
1315 1367 1343 1399 7.
1368 1366 1456 1406 Quod
1488 1370 1590 1400 autem
1622 1367 1661 1400 ad
1690 1367 1847 1400 dictorum
1875 1367 1973 1400 alum—

1231 1430 1344 1452 norum
1377 1420 1576 1453 admissionis
1611 1420 1740 1453 modum
1772 1426 1803 1454 et
1838 1421 1971 1454 formam

1231 1473 1380 1517 deinceps
1393 1473 1570 1507 habendam
1585 1474 1704 1516 attinet,
1714 1479 1872 1508 rectorem
1885 1485 1973 1519 prae-

1231 1528 1328 1560 fatum
1350 1527 1424 1560 dicti
1449 1527 1582 1571 collegii,
1603 1538 1662 1572 pro
1681 1533 1826 1572 tempore
1843 1529 1974 1562 existen-

1232 1585 1305 1621 tem,
1327 1580 1442 1613 librum
1466 1581 1593 1622 habere,
1618 1581 1649 1613 in
1673 1592 1736 1625 quo
1756 1586 1904 1615 notentur
1921 1592 1974 1615 no-

1232 1634 1316 1666 mina
1330 1638 1357 1666 et
1373 1635 1572 1677 cognomina,
1590 1645 1626 1667 ac
1642 1635 1762 1678 patriae
1779 1640 1810 1668 et
1828 1640 1973 1679 parentes

1232 1688 1445 1728 alumnorum,
1468 1688 1521 1731 qui
1540 1688 1733 1732 recipientur
1757 1689 1788 1721 in
1812 1688 1896 1722 dicto
1914 1688 1974 1722 col-

1232 1742 1315 1784 legio
1340 1747 1369 1774 et
1394 1753 1431 1774 ex
1455 1753 1492 1775 eo
1516 1742 1735 1783 dimittentur,
1760 1753 1798 1775 ex
1826 1742 1973 1786 dictoque

1232 1796 1315 1829 libro
1332 1796 1463 1838 singulis
1480 1796 1569 1829 annis
1588 1797 1764 1839 catalogum
1781 1806 1902 1837 eorum,
1920 1796 1974 1840 qui

1233 1850 1352 1893 recepti
1377 1853 1407 1882 et
1429 1849 1481 1893 qui
1506 1849 1627 1882 dimissi
1651 1849 1785 1890 fuerint,
1810 1860 1881 1882 cum
1906 1849 1973 1890 die,

1234 1913 1403 1946 menseque
1427 1903 1590 1945 ingressus
1615 1907 1645 1936 et
1669 1913 1816 1946 egressus
1846 1903 1973 1936 illorum

1234 1956 1344 1989 nuntio
1369 1957 1510 2000 praefato
1534 1956 1674 1999 mittere,
1699 1960 1734 1990 ut
1757 1956 1823 2000 ipse
1846 1956 1973 1990 nuntius

1234 2009 1323 2041 illum
1343 2010 1500 2052 praefatae
1520 2009 1558 2042 dc
1582 2009 1787 2053 Propaganda
1807 2009 1881 2042 Fide
1898 2009 1973 2043 Con-

1235 2063 1411 2105 gregationi
1434 2063 1646 2096 transmittere
1662 2063 1773 2107 possit;
1792 2062 1876 2106 quod
1894 2063 1919 2095 si
1937 2073 1974 2095 ex

1235 2116 1340 2160 aliqua
1368 2116 1519 2159 peculiari
1537 2118 1631 2149 causa
1659 2116 1773 2148 dimitti
1797 2115 1974 2159 contigerit,

1236 2180 1304 2202 eam
1325 2170 1418 2202 etiam
1439 2170 1469 2202 in
1494 2170 1577 2203 dicto
1602 2170 1746 2212 catalogo
1763 2169 1912 2214 exprimi,
1933 2169 1976 2202 in-

1235 2223 1389 2266 signiores
1420 2234 1495 2257 vero
1528 2223 1728 2257 alumnorum
1760 2223 1975 2267 praefatorum

1235 2277 1374 2310 actiones
1394 2277 1426 2309 in
1449 2277 1559 2310 eodem
1578 2277 1660 2310 libro
1680 2282 1841 2317 annotare,
1861 2287 1975 2321 easque

1235 2341 1291 2363 suo
1314 2336 1457 2374 tempore
1482 2330 1583 2363 eidem
1600 2330 1709 2363 nuntio
1734 2330 1923 2372 significare,
1942 2335 1977 2363 ut

1234 2384 1353 2428 pariter
1378 2384 1416 2417 de
1441 2385 1502 2417 illis
1526 2384 1668 2417 eamdem
1693 2384 1976 2427 Congregationern

1235 2437 1403 2471 certiorem
1427 2438 1529 2471 facere
1553 2438 1672 2479 valeat,
1698 2448 1776 2481 quas
1804 2437 1843 2470 ad
1865 2447 1923 2470 nos
1947 2442 1977 2470 et

1235 2501 1433 2525 successores
1464 2496 1590 2525 nostros
1620 2492 1778 2525 Romanos
1810 2491 1977 2524 Pontifices

1234 2557 1292 2589 pro
1312 2551 1454 2589 tempore
1473 2546 1639 2578 existentes
1659 2556 1717 2590 per
1734 2545 1877 2579 eamdem
1897 2545 1976 2578 Con-

1235 2599 1451 2642 greg-ationem
1468 2599 1582 2632 deferri
1600 2600 1755 2641 volumus,
1775 2603 1819 2640 ut,
1839 2608 1910 2632 cum
1928 2608 1977 2631 oc-

1235 2653 1318 2686 casio
1336 2653 1450 2693 tulerit,
1468 2653 1610 2697 praemio
1627 2653 1888 2693 cohonestentur3

1984 252 2034 282 An.
2046 254 2076 282 C.
2100 256 2166 284 ¹627

2012 1322 2087 1344 Modus
2099 1325 2120 1344 ot
2130 1323 2171 1345 sor-

1987 1356 2020 1370 ma
2037 1350 2171 1371 admissionis

1987 1378 2126 1398 alumnorum.
