2269 3235
134 204 183 232 An.
199 202 227 230 C.
250 202 318 230 1625

169 476 229 501 Quod
245 478 267 497 ut
283 482 318 497 ce-

142 504 199 524 orius
215 503 250 524 ille
269 508 318 524 con-

132 531 244 556 sequatur,

137 1435 234 1460 Indulget
254 1433 322 1455 Urba·

138 1467 176 1482 nus
195 1464 218 1482 ut
238 1461 265 1482 ab
288 1466 321 1481 ec-

139 1488 265 1509 elesiasticis
273 1493 325 1514 quo-

139 1520 180 1542 que
195 1517 322 1541 praestetur.

935 199 1078 225 URBANUS
1095 199 1151 224 vlu
1170 198 1218 223 1³1³.

331 250 424 284 tionis
448 254 478 283 et
501 249 766 294 praeeminentiae
791 248 899 282 eadem
934 247 1070 281 subsidia

332 302 532 337 contribuere
555 307 585 336 et
609 303 763 346 gabellam
782 302 901 336 solvere
927 301 1069 342 debeant,

331 366 433 400 neque
456 356 539 389 ullus
571 355 718 388 immunis
750 355 789 387 sit
813 358 866 387 aut
890 358 1070 396 exemptus,

334 413 448 452 tuaque
473 409 618 442 maiestas
635 408 725 442 nobis
742 407 820 440 haec
839 405 1071 449 significaverit:

377 461 434 506 §CL
451 463 525 503 Nos,
541 466 721 506 promptam
738 465 767 493 ct
787 460 932 493 devotam
949 469 1073 491 eorum-

334 516 406 549 dem
431 526 602 559 regnorum
622 520 653 548 et
676 514 873 548 subditorum
895 518 1021 546 tuorum
1042 512 1073 545 in

335 574 364 602 te
396 569 610 609 voluntatem,
637 567 691 611 qui
725 567 884 600 facultates
913 576 985 599 suas
1015 576 1074 609 pro

335 622 506 655 catholicae
522 621 595 654 fidei
612 620 791 654 defensione
809 620 953 653 conferre
978 619 1075 651 inten-

334 675 420 718 dunt,
438 674 692 708 commendantes
708 673 805 717 (quia,
819 673 899 706 sicut
919 672 1011 705 etiam
1029 683 1076 705 ac-

335 728 486 772 cepimus,
500 727 526 760 si
542 726 759 760 tantummodo
775 726 845 759 laici
863 726 1000 759 subsidia
1017 726 1075 758 hu-

334 782 470 816 iusmodi
499 782 752 822 contribuerent‚
777 785 807 815 et
835 781 988 824 gabellum
1021 791 1075 813 seu

335 836 428 870 sisam
452 835 646 880 praedictam
671 835 838 876 solverent,
863 835 956 868 nimis
980 835 1075 877 longo

333 895 476 933 tempore
493 899 615 922 summa
631 888 792 933 praedicta
811 888 1030 929 conficeretur,
1047 893 1077 920 et

334 943 488 976 laicorum
518 943 681 976 facultates
710 942 748 975 ad
782 953 938 976 summam
967 942 1076 975 liuius-

335 996 420 1030 modi
445 996 611 1030 duodecim
632 996 819 1038 millionum,
838 1002 872 1029 ut
888 996 1076 1040 praefertur,

335 1050 562 1084 conficiendam
587 1049 716 1083 minime
741 1054 918 1094 suppetunt,
940 1049 1077 1082 difficile-

337 1115 398 1149 que
424 1103 595 1136 admodum
620 1108 667 1136 est
691 1103 919 1136 ecclesiasticos
947 1113 964 1135 a
990 1102 1077 1135 laicis

334 1157 365 1189 in
379 1157 520 1200 gabellae
530 1156 711 1189 huiusmodi
723 1156 877 1189 solutione
887 1157 1077 1198 secernere),

335 1210 442 1243 eadem
457 1209 595 1242 subsidia
608 1220 665 1253 per
682 1209 908 1242 ecclesiasticas
927 1219 1078 1252 personas

335 1262 519 1303 adiuvanda,
537 1263 741 1306 gabellasque
766 1273 820 1295 seu
845 1263 921 1295 sisas
945 1263 1079 1306 aequali-

336 1322 384 1350 ter
400 1316 633 1360 persolvendas,
650 1321 684 1349 ut
700 1316 782 1349 infra
802 1316 953 1361 sequitur,
971 1317 1078 1349 existi-

337 1371 500 1404 mavimus.

383 1425 397 1469 ἓ
421 1424 450 1458 3.
476 1424 560 1458 Motu
590 1424 695 1468 itaque
720 1423 852 1468 proprio
878 1427 907 1458 et
931 1434 968 1456 ex
993 1426 1078 1457 certa

339 1477 469 1511 scientia
492 1488 528 1510 ac
553 1479 677 1510 matura
705 1477 929 1511 deliberatione
953 1477 1079 1517 nostris,

339 1530 440 1574 deque
465 1530 654 1574 apostolicae
683 1530 845 1573 potestatis
869 1530 1078 1573 plenitudine,

339 1594 447 1618 omnes
464 1589 493 1617 et
514 1584 654 1627 singulas
677 1584 903 1616 ecclesiasticas
921 1594 1080 1627 personas,

339 1641 402 1670 tam
412 1638 579 1677 seculares,
590 1647 684 1680 quam
699 1637 836 1669 cuiusvis
850 1636 973 1669 Ordinis
987 1637 1079 1669 etiam

339 1690 474 1734 exempti
488 1695 518 1723 et
530 1689 727 1734 Apostolicae
741 1689 812 1722 Sedi
823 1689 999 1722 immediate
1014 1690 1081 1722 sub-

339 1743 410 1776 iecti
426 1743 598 1786 regulares,
612 1753 669 1776 nec
687 1753 749 1775 non
764 1742 953 1775 monasteria
969 1743 1082 1775 utrius-

339 1807 400 1841 que
424 1807 524 1838 sexus,
551 1799 720 1830 conventus
745 1802 774 1829 et
799 1796 945 1840 collegia,
971 1807 1005 1829 ac
1030 1807 1081 1829 ca-

338 1849 436 1894 pitula
472 1849 677 1883 ecclesiarum
718 1860 891 1892 regnorum
933 1850 1081 1883 Castellae

340 1903 586 1948 praedictorum,
612 1908 641 1936 et
664 1903 696 1935 in
721 1903 839 1936 eisdem
868 1903 975 1946 regnis
1000 1915 1082 1937 com-

340 1962 500 1991 morantes
519 1962 549 1990 et
566 1957 770 1991 consistentes
794 1957 832 1990 ad
857 1958 1080 1990 conferendum

340 2016 370 2044 et
389 2011 652 2044 contribuendum
671 2011 962 2054 proportionaliter,
977 2016 1006 2043 et
1020 2021 1082 2043 non

340 2065 425 2107 alias,
449 2069 544 2108 prout
567 2064 637 2097 laici
665 2064 696 2097 in
725 2064 816 2097 dietis
839 2064 986 2097 subsidiis
1010 2076 1079 2097 me-

341 2118 444 2152 diante
467 2118 623 2152 solutione
647 2118 789 2162 gabellae
822 2129 877 2151 seu
906 2118 1003 2159 sisae,
1028 2129 1082 2151 eo-

342 2172 486 2205 rumdem
515 2172 728 2206 subsidiorum
758 2174 851 2205 causa
883 2183 978 2216 super
1002 2173 1082 2214 sale,

343 2227 430 2258 carta
461 2225 597 2259 cuiusvis
633 2226 779 2269 generis,
811 2231 874 2258 tam
906 2226 1082 2269 impressa,

343 2289 436 2322 quain
455 2289 519 2313 non
538 2280 701 2324 impressa,
727 2279 758 2312 in
782 2280 888 2323 regnis
913 2280 1083 2323 praedictis

344 2332 588 2374 introducendis,
605 2344 659 2367 seu
676 2334 825 2368 confectis
843 2334 891 2367 vel
910 2334 1083 2378 productis,

345 2391 375 2419 et
390 2386 570 2427 vendendis,
586 2397 644 2420 nec
660 2398 724 2421 non
747 2387 840 2420 unius
865 2399 924 2432 pro
942 2393 1084 2421 centena-

344 2439 392 2472 rio
417 2439 552 2472 aliarum·
574 2451 682 2474 rerum
712 2441 877 2475 mobilium
903 2447 933 2474 et
964 2452 997 2475 se
1022 2453 1085 2475 mo-

344 2492 493 2533 ventium,
507 2503 543 2526 ac
556 2493 724 2536 stabilium,
737 2494 1005 2538 patrimonialium
1022 2500 1085 2527 tan-

344 2549 421 2587 tum,
438 2555 501 2578 non
517 2549 620 2580 autem
637 2547 853 2590 ecclesiarum,
871 2558 973 2591 neque
990 2559 1083 2591 super

345 2598 413 2631 aliis
437 2609 545 2632 rerum
569 2600 740 2644 speciebus,
759 2612 853 2646 super
877 2601 990 2645 quibus
1008 2602 1083 2635 olim

1739 183 1803 218 399
1850 193 1944 220 Amo.
1969 191 2039 219 16:25

1103 247 1224 290 gabella
1240 256 1294 279 seu
1319 245 1384 278 sisa
1400 245 1508 277 decem
1527 247 1557 275 et
1574 246 1644 275 octo
1665 241 1840 274 millionum

1104 310 1306 332 nummorum
1325 298 1468 331 similiter
1485 306 1654 329 aureorum
1676 293 1764 326 aliiis¹
1784 294 1841 326 im-

1105 354 1227 397 posita,
1252 357 1281 386 et
1308 364 1362 396 per
1391 351 1487 384 ti=licis
1518 347 1743 383 recordationis
1768 348 1844 380 Pau-

1106 408 1169 439 luin
1192 407 1273 450 I'apa
1296 407 1315 438 Υ
1335 405 1609 449 praedecessorem
1637 406 1779 435 nostrum
1805 400 1843 434 ad

1106 459 1334 492 ecclesiasticos
1355 458 1392 489 ad
1419 463 1538 490 eertum
1565 460 1687 499 tempus
1707 460 1843 495 extensa,

1106 518 1135 545 et
1171 523 1226 556 per
1260 521 1317 544 nos
1352 522 1453 554 nuper
1490 516 1657 554 prorogata
1687 508 1846 552 reperitur

1107 565 1163 598 sub
1188 565 1281 598 certis
1301 564 1395 597 ruodo
1415 568 1445 595 et
1465 564 1562 595 forma
1583 569 1654 595 tunc
1680 561 1846 606 expressis,

1108 617 1327 662 imponendae,
1353 628 1408 649 seu
1432 617 1536 649 forsan
1555 616 1727 659 impositae,
1742 620 1771 647 ct
1790 614 1847 647 (lu-

1109 676 1196 704 rante
1215 677 1317 703 tamen
1337 669 1484 702 sexennio
1501 669 1645 712 proximo
1670 668 1846 707 dumtaxat,

1109 729 1138 757 et
1162 734 1225 757 non
1245 724 1338 764 ultra,
1358 723 1456 755 teneri
1480 726 1509 753 et
1534 722 1687 763 obligatos
1712 732 1788 753 esse:
1807 721 1847 753 ita

1110 782 1212 812 tamen
1237 776 1331 821 quod,
1354 776 1379 809 si
1410 781 1480 808 ante
1506 774 1643 807 sexennii
1668 774 1848 807 huiusmodi

1109 832 1202 864 finem
1228 830 1388 874 praedicta
1413 839 1535 862 summa
1555 827 1720 860 duodecim
1740 827 1849 860 millio-

1109 896 1183 917 num
1208 894 1413 917 nummorum
1431 882 1571 916 confecta
1587 881 1691 922 suerit,
1709 880 1850 913 ecclesia-

1110 938 1178 971 stici
1202 937 1352 982 praedicti
1377 936 1511 980 amplius
1530 935 1742 975 contribuere,
1758 939 1787 967 et
1805 933 1850 966 di-

1110 996 1190 1026 ctam
1217 991 1380 1035 gabellum,
1407 1001 1462 1023 seu
1486 989 1590 1029 sisam,
1607 994 1641 1021 ut
1665 988 1850 1032 praefertur,

1110 1047 1231 1079 solvere
1260 1055 1325 1078 non
1352 1044 1495 1085 debeant,
1511 1054 1547 1076 ac
1575 1053 1722 1087 praesens
1750 1042 1850 1085 gratia

1110 1100 1195 1132 nulla
1220 1099 1257 1132 sit
1283 1109 1320 1132 eo
1345 1098 1431 1142 ipso,
1456 1094 1657 1131 decernimus
1688 1101 1719 1128 et
1746 1096 1849 1129 decla-

1112 1164 1228 1187 ramus.

1156 1208 1170 1251 g
1194 1207 1223 1239 4.
1249 1207 1458 1239 Decernentes
1474 1205 1577 1245 etiam,
1594 1204 1677 1248 quod
1699 1214 1807 1237 omnes
1823 1209 1852 1237 et
1894 1215 1978 1241 mque
1993 1216 2019 1235 aa
2032 1215 2051 1235 m

1112 1260 1227 1303 singuli
1245 1258 1449 1293 ecclesiastici
1464 1258 1615 1302 praedicti
1630 1258 1750 1290 solvere
1767 1268 1853 1290 recu·
1868 1243 2052 1297 ἷῗῖοωυιῖῗιῃξζζῖἶ

1112 1319 1215 1346 santes
1240 1312 1428 1357 opportunis
1453 1312 1530 1344 iuris
1555 1316 1585 1344 et
1610 1311 1680 1343 facti
1706 1310 1854 1344 remediis
1869 1296 1974 1321 ⁰⁰¹¹'f'⁶¹¹¹'

1114 1379 1170 1411 per
1190 1367 1372 1400 Ordinarios
1392 1366 1535 1399 locorum
1563 1369 1683 1399 tantum
1707 1365 1745 1397 ad
1769 1366 1854 1398 solu-

1115 1421 1231 1453 tionem
1260 1420 1441 1452 huiusmodi
1472 1425 1639 1462 eogantur3
1664 1429 1727 1451 non
1751 1425 1855 1451 autem

1114 1486 1220 1507 eoram
1247 1474 1405 1506 iudicibus
1430 1473 1537 1512 laicis,
1563 1473 1626 1505 sive
1659 1473 1856 1506 exactoribus

1115 1528 1253 1560 eiusdem
1271 1528 1412 1570 gabellae
1433 1538 1487 1559 seu
1505 1527 1594 1566 sisae,
1612 1537 1713 1570 neque
1730 1526 1858 1570 quibus-

1115 1582 1191 1613 libet
1215 1581 1283 1613 aliis
1309 1580 1465 1613 iudicibus
1490 1585 1543 1612 aut
1567 1580 1719 1612 ministris
1736 1580 1857 1612 secula-

1114 1635 1283 1674 1·ihus‚sub
1300 1636 1401 1678 poena
1420 1634 1752 1667 exconununicationis
1764 1634 1858 1667 maio-

1115 1688 1167 1728 ris,
1186 1698 1307 1721 necnon
1326 1688 1393 1719 aliis
1410 1688 1521 1731 poenis
1541 1698 1557 1719 a
1575 1687 1672 1719 saeris
1686 1686 1858 1719 canonibus

1116 1746 1145 1775 et
1170 1740 1446 1775 constitutionibus
1470 1740 1652 1784 apostolicis
1677 1740 1803 1772 inflictis
1828 1746 1858 1774 et

1116 1796 1325 1835 comminatis,
1344 1796 1411 1839 ipso
1426 1796 1507 1827 facto
1527 1794 1734 1834 incurrendis;
1752 1805 1770 1826 a
1787 1795 1858 1837 qui-

1115 1850 1173 1882 bus
1198 1855 1418 1893 praeterquam
1444 1860 1462 1880 a
1486 1847 1635 1881 Romanis
1656 1848 1859 1881 Pontificibus

1116 1913 1174 1946 pro
1200 1906 1341 1946 tempore
1367 1901 1592 1941 existentibus,
1625 1901 1717 1933 etiam
1751 1901 1859 1944 vigore

1116 1966 1389 2000 quorumcumque
1412 1954 1663 1998 privilegiorum,
1681 1954 1774 1986 etiam
1792 1966 1860 1987 cru-

1117 2010 1214 2043 ciatae
1235 2015 1368 2047 sanotae,
1392 2010 1570 2041 nullatenus
1595 2008 1713 2041 absolvi
1733 2013 1858 2052 queant,

1117 2063 1277 2097 conveniri
1295 2064 1399 2096 nullo‘z
1411 2062 1503 2095 modo
1517 2062 1635 2106 possint
1648 2073 1703 2095 seu
1716 2062 1858 2105 debeant,

1117 2118 1171 2151 sed
1200 2128 1217 2150 a
1249 2112 1615 2161 praedictis'Ordinariis
1641 2116 1859 2149 ecclesiasticis

1117 2177 1237 2204 tantum
1255 2172 1293 2204 ad
1310 2171 1498 2204 solutionem
1517 2170 1696 2204 huiusmodi
1710 2170 1859 2214 compelli

1117 2226 1248 2259 valeant.

1163 2279 1176 2322 ξ
1201 2278 1230 2311 5.
1255 2278 1373 2318 Quibus
1391 2277 1563 2311 Ordinariis
1581 2277 1721 2310 districte
1737 2277 1858 2320 praeci·
1933 2285 1971 2309 Qui
1988 2287 2057 2305 tamen

1117 2332 1231 2376 piendo
1256 2332 1463 2371 mandamus,
1489 2336 1518 2363 ut
1545 2331 1639 2363 divini
1666 2330 1770 2363 iudicii
1796 2341 1859 2364 me·
1874 2312 2059 2373 {ffiffifls‘ffssfiffi

1118 2396 1242 2425 mores,
1268 2395 1307 2417 ne
1331 2384 1533 2417 ecclesiastici
1559 2384 1695 2416 indebite
1720 2388 1750 2416 et
1773 2384 1859 2428 plus·
1874 2367 1960 2389 ‘emur'

1118 2449 1211 2482 quam
1235 2438 1326 2480 laici,
1359 2448 1416 2470 nec
1440 2438 1521 2470 ultra
1546 2437 1771 2470 continentiam
1794 2448 1855 2471 no-

1118 2499 1254 2526 strarum
1273 2493 1449 2525 litterarum
1470 2496 1648 2534 graventur,
1675 2502 1771 2535 super
1795 2502 1857 2536 quo

1154 2566 1163 2591 1
1182 2564 1252 2591 Edit.
1269 2563 1346 2590 lllain.
1364 2563 1428 2595 legit
1443 2563 1569 2597 aliasque
1586 2563 1621 2598 (a.
1638 2563 1686 2598 Tr).

1151 2610 1167 2636 2
1183 2609 1274 2636 Potius
1288 2609 1348 2644 lege
1363 2609 1432 2642 ullo,
1448 2616 1511 2640 nain
1525 2608 1672 2643 praecessit
1687 2615 1743 2635 non
1756 2607 1793 2643 (a.
1804 2607 1856 2643 T.).
