2269 3235
209 269 256 295 Au.
275 269 303 295 C.
325 269 390 295 mes)

435 260 472 292 tt
485 260 498 292 ἰι

409 318 462 358 nti,
482 317 574 361 potiri
600 322 627 349 et
653 317 789 359 gaudere
814 316 944 355 debere;
970 326 1006 348 ac
1030 326 1141 349 novem

408 371 608 402 canonicatus
618 375 644 402 et
657 380 767 402 novem
784 367 991 412 praclwmlas¹
1003 368 1142 401 eiusdem

406 424 555 455 eeclesiae
584 423 717 466 lprensis
745 422 788 455 sic
816 422 943 455 atl'cetos
968 422 1144 465 praedictos

407 488 463 519 per
486 486 701 519 quoscumque
726 475 818 507 ctiam
839 480 1001 519 praetextu
1019 475 1145 507 manda-

407 533 507 562 torum
533 529 570 560 dc
595 528 800 571 providendo,
823 528 1082 568 nominationum,
1100 528 1143 560 sa—

406 583 566 621 rultatum,
584 582 675 614 etiam
697 581 780 614 iuxta
797 582 986 615 concordata
1010 581 1144 615 nationis

405 635 618 675 Germanicae,
643 635 907 679 expectativarum
934 639 963 669 et
987 645 1141 678 quarum-

406 698 539 731 cumque
564 688 695 721 aliarum
721 689 893 731 gratiarum
907 699 1033 733 quoquo
1051 689 1144 722 modo

406 741 534 774 minime
558 741 735 785 acceptat-W
758 752 863 785 posse;
888 747 918 774 et
941 742 1145 775 nibilominus

405 804 619 837 quascumque
630 794 868 838 acceptationes,
876 795 1066 837 collationes,
1076 805 1146 838 pro-

406 847 549 889 visiones,
564 848 776 889 commendas,
790 849 931 889 uniones,
957 848 1146 881 annexiones

405 906 434 934 et
452 901 731 945 incorporationes,
742 914 776 935 ac
790 902 866 935 alias
876 901 1094 945 dispositiones
1108 901 1145 934 de

406 954 524 987 eisdem
542 960 570 986 ct
589 955 745 998 aliquibus
762 966 882 997 eorum,
906 955 999 987 etiam
1016 965 1073 998 pei·
1089 965 1145 987 nos

405 1012 434 1042 et
454 1008 565 1041 Sedem
589 1010 769 1052 praelatam,
787 1008 1026 1051 quomodolibet
1050 1008 1145 1041 saetas

405 1066 434 1093 ct
460 1061 629 1101 faciendas,
655 1061 771 1094 nullius
792 1072 922 1105 prorsus
947 1061 1072 1094 roboris
1097 1061 1144 1094 vel

405 1115 554 1148 momenti
572 1115 648 1155 sore,
659 1115 844 1158 nullumque
861 1125 917 1158 per
933 1125 984 1147 eas
997 1114 1144 1158 cuiquam

405 1168 452 1201 ius
471 1168 603 1212 acquiri,
628 1179 683 1201 seu
707 1169 799 1201 etiam
820 1169 995 1202 coloratum
1020 1168 1143 1202 titulum

404 1222 584 1265 possidendi
609 1221 704 1255 tribui
729 1233 829 1266 posse;
855 1233 889 1255 ac
915 1222 1144 1263 eoncessiones,

404 1275 651 1318 assignationes,
677 1275 954 1319 suppressionem,
982 1275 1144 1308 extinctio-

404 1338 485 1369 nem,
511 1329 763 1369 translationem,
788 1329 996 1372 erectionem,
1023 1329 1145 1361 institu-

405 1382 532 1422 tionem,
550 1382 709 1424 unionem,
728 1382 944 1425 annexionem,
964 1382 1145 1426 incorpora-

406 1435 540 1478 tionem,
566 1436 819 1479 applicationcm,
844 1436 1144 1480 appropriationem,

405 1494 565 1532 statutum,
587 1489 827 1531 ordinationem,
848 1489 1078 1533 inhibitionem,
1096 1490 1146 1523 de-

405 1548 535 1584 cretum,
553 1543 916 1587 ceteraquepraemissa,
942 1554 977 1577 ac
1002 1554 1145 1588 praesen-

405 1602 451 1629 tes
468 1596 586 1629 litteras
604 1607 639 1629 ex
656 1607 740 1629 nunc
759 1597 977 1630 omnimodum
998 1596 1143 1630 effectum

406 1651 515 1683 sortita
539 1661 606 1683 esse
627 1655 656 1683 et
677 1651 814 1691 censeri,
831 1661 889 1683 nec
906 1651 964 1683 sub
982 1651 1145 1694 quibusvis

405 1704 666 1744 revocationibus,
691 1704 939 1744 alterationibus,
965 1704 1144 1748 suspensio-

406 1757 498 1791 nibus
522 1758 570 1790 vel
594 1757 832 1791 limitationibus
852 1757 1002 1790 similium
1019 1758 1067 1790 vel
1084 1757 1146 1791 dis-

407 1812 556 1844 similium
581 1812 744 1852 unionum,
761 1811 983 1852 annexionum,
1002 1822 1147 1856 suppres-

407 1865 539 1906 sionum,
560 1865 794 1907 extinctionum,
810 1865 903 1898 etiam
921 1864 1067 1898 effectum
1084 1875 1146 1898 non

407 1918 597 1960 sortitarum,
623 1929 702 1962 quae
725 1918 855 1962 posthac
872 1929 927 1962 per
943 1929 1000 1952 nos
1017 1919 1065 1951 vel
1082 1930 1148 1952 suc-

408 1982 547 2005 cessores
566 1977 691 2004 nostros
707 1977 770 2004 tam
788 1972 819 2004 in
839 1972 1009 2005 crastinum
1027 1983 1148 2005 assum-

407 2025 523 2069 ptionis
548 2025 712 2058 cuiuslibet
735 2036 846 2059 eorum
870 2026 908 2058 ad
933 2026 1049 2058 summi
1073 2036 1148 2070 apo-

408 2080 537 2112 stolatus
553 2079 684 2124 apicem,
698 2091 791 2123 quam
810 2080 884 2113 alias
902 2080 1147 2124 quomodolibet,

408 2145 443 2168 ac
467 2146 538 2168 cum
567 2135 731 2179 quibusvis
756 2135 903 2168 clausulis
935 2141 964 2168 et
993 2135 1148 2176 decretiS,

408 2198 607 2232 quocumque
625 2194 765 2233 tempore
778 2188 863 2230 sient,
879 2189 1006 2230 includi,
1021 2189 1075 2222 sed
1088 2188 1149 2221 illis

408 2253 471 2276 non
495 2242 689 2276 obstantibus
713 2243 745 2275 in
768 2242 832 2276 suis
850 2242 968 2285 vigore,
985 2242 1102 2276 robore
1121 2247 1150 2275 et

409 2297 545 2330 efficacia
570 2297 748 2340 persistere,
768 2301 807 2339 et,
825 2296 947 2341 quoties
972 2296 1042 2329 illae
1067 2306 1150 2329 ema-

408 2350 535 2391 nabunt,
559 2350 650 2383 toties
675 2350 704 2382 in
728 2350 896 2394 pristinum
921 2354 1035 2384 statum
1060 2349 1149 2383 resti-

410 2408 474 2436 tuta
498 2409 526 2436 ct
552 2403 589 2436 de
614 2414 694 2437 novo
719 2414 877 2444 concessa,
903 2404 1010 2448 sicque
1030 2404 1150 2437 incom-

410 2458 565 2489 mutabilis
592 2458 760 2491 voluntatis
778 2462 807 2491 ct
824 2458 1005 2491 intentionis
1024 2461 1150 2492 nostrae

410 2511 514 2548 tuisse,
532 2522 598 2544 csse
616 2517 645 2545 et
662 2512 745 2553 sore;
763 2523 798 2545 ac
822 2513 947 2545 easdem
968 2517 1150 2556 praesentes

409 2564 524 2598 litterae
552 2566 638 2600 nullo
662 2577 801 2610 unquam
822 2571 964 2611 tempore
984 2566 1022 2600 de
1043 2566 1150 2600 subre-

448 2649 456 2664 i
476 2637 595 2666 Erronee
611 2638 672 2666 edit.
690 2639 772 2666 Maia.
785 2639 1039 2674 legitpraebemlae
1049 2642 1086 2674 (n.
1099 2638 1148 2673 Τ.).

444 2682 460 2709 2
475 2682 543 2712 ltem
557 2683 652 2713 eadem
667 2685 711 2714 ed.
727 2683 810 2714 habet
824 2686 971 2720 acceptare
985 2684 1025 2720 (a,
1041 2683 1091 2719 T.).

982 268 1076 291 numia
1083 268 1156 290 tillut
1183 267 1266 290 ROMA
1273 267 1335 290 Nttttt

1176 315 1291 359 ptionis
1316 314 1361 347 vel
1387 313 1582 358 obreptionis
1595 317 1646 347 aut
1663 313 1812 347 nullitatis
1827 313 1912 355 vitio,

1176 378 1230 401 seu
1256 367 1436 400 intentionis
1459 371 1585 400 nostrae
1608 366 1655 399 vel
1681 366 1828 410 quopiam
1853 367 1914 400 alio

1176 421 1297 454 defectu
1321 420 1437 463 notari,
1462 424 1514 453 aut
1539 419 1568 452 in
1593 419 1641 452 ius
1665 419 1712 452 vcl
1732 424 1914 453 controver-

1176 473 1253 507 siam
1278 484 1475 518 quacumque
1499 473 1619 507 ratione
1636 473 1682 505 vel
1701 474 1795 506 causa
1810 472 1915 506 vocari

1177 538 1268 572 posse
1275 539 1283 569 3
1300 528 1406 572 sicque
1426 538 1484 572 per
1501 537 1718 572 quoscumque
1732 526 1849 559 iudices
1865 536 1917 559 or-

1177 581 1315 615 dinarios
1328 587 1357 614 et
1370 581 1540 624 delegatos,
1565 581 1658 614 etiam
1684 590 1848 613 causarum
1863 589 1917 623 pa-

1178 636 1242 668 latii
1267 635 1430 679 apostolici
1455 635 1632 675 auditores,
1657 638 1687 668 et
1710 633 1849 667 eiusdem
1881 643 1916 666 ac

1177 694 1301 722 sanctae
1322 690 1479 722 Romanae
1497 688 1654 722 Ecclesiae
1679 687 1861 727 cardinales,
1886 687 1917 719 in

1178 742 1286 785 quavis
1310 744 1402 775 causa
1426 747 1456 774 et
1480 741 1627 775 instantia
1652 741 1786 784 (sublata
1816 739 1860 773 eis
1888 743 1919 772 et

1179 805 1289 828 corum
1315 794 1444 827 cuilibet
1468 795 1577 838 quavis
1596 794 1686 827 aliter
1710 792 1866 826 iudicandi
1887 796 1917 824 et

1178 848 1406 892 interpretandi
1431 848 1574 881 facultate
1599 853 1629 880 et
1653 847 1850 890 auctoritate)
1871 846 1918 878 iu-

1178 901 1276 934 dicari
1301 906 1330 934 et
1354 901 1478 934 definiri
1496 901 1620 941 debere,
1638 911 1673 934 ac
1694 911 1731 934 ex
1746 910 1830 933 nunc
1845 899 1917 932 irri-

1179 959 1243 987 tum
1262 959 1292 987 et
1316 954 1417 995 inane,
1442 955 1467 987 si
1492 965 1582 988 secus
1607 965 1702 998 super
1725 954 1774 987 his
1798 964 1815 986 a
1839 964 1918 997 quo-

1178 1018 1287 1051 quam,
1312 1008 1421 1051 quavis
1456 1007 1662 1048 auctoritate,
1698 1008 1833 1041 scienter
1870 1007 1918 1039 vel

1179 1061 1378 1103 ignoranter,
1403 1060 1571 1104 eontigerit
1587 1060 1742 1093 attentari.
1766 1059 1920 1099 Quocirca

1178 1114 1409 1147 venerabilibus
1425 1113 1575 1147 fratribus
1585 1113 1701 1147 nostris
1714 1113 1921 1157 archiepisco-

1177 1178 1217 1211 po
1245 1167 1459 1200 Mcchliniensi
1485 1172 1515 1200 et
1542 1167 1690 1211 episcopo
1711 1166 1919 1207 Amerinensi,

1178 1232 1213 1255 ac
1237 1222 1351 1256 dilecto
1374 1222 1440 1255 filio
1464 1222 1583 1255 decano
1608 1221 1758 1255 ecclcsiae
1778 1221 1807 1255 S.
1836 1220 1921 1254 Petri

1178 1275 1377 1317 Cassetensis,
1405 1276 1542 1320 iprensis
1574 1275 1737 1316 dioecesis,
1766 1285 1824 1319 per
1851 1285 1921 1318 apo-

1178 1330 1288 1363 stolica
1312 1330 1449 1374 scripta,
1474 1335 1562 1363 motu
1586 1329 1698 1370 simili,
1723 1328 1920 1368 mandamus,

1178 1388 1332 1426 quatenus
1357 1383 1431 1427 ipsi,
1450 1383 1498 1417 vel
1523 1383 1596 1424 duo,
1616 1387 1669 1416 aut
1692 1392 1774 1415 unus
1798 1392 1920 1422 eorum,

1177 1447 1234 1480 per
1260 1447 1312 1478 se,
1329 1437 1378 1469 vel
1403 1436 1514 1477 alium,
1539 1446 1595 1469 seu
1619 1436 1712 1477 alios,
1737 1439 1921 1479 praesentes

1179 1490 1315 1531 litteras,
1341 1494 1371 1524 et
1395 1489 1425 1522 in
1446 1489 1490 1522 eis
1516 1492 1660 1523 contenta
1684 1498 1919 1532 quaecumque,

1179 1542 1231 1575 ubi
1257 1547 1287 1576 et
1311 1543 1435 1586 quando
1453 1553 1532 1587 opus
1549 1542 1653 1585 suerit,
1674 1547 1705 1574 et
1723 1541 1846 1585 quoties
1862 1552 1921 1585 pro

1178 1602 1266 1640 parte
1291 1596 1435 1630 moderni
1460 1602 1490 1630 ct
1513 1607 1572 1640 pro
1597 1601 1741 1639 tempore
1761 1595 1921 1628 existentis

1179 1650 1317 1694 episcopi
1342 1650 1479 1694 iprensis
1504 1653 1533 1683 et
1553 1649 1706 1690 aliorum,
1723 1650 1859 1693 quorum
1874 1649 1922 1681 in-

1181 1708 1275 1737 terest
1300 1707 1330 1738 et
1353 1703 1591 1747 quomodolibet
1614 1703 1758 1736 intererit
1782 1703 1814 1735 in
1842 1703 1922 1735 sutu-

1180 1768 1262 1799 rum,
1286 1757 1429 1801 requisiti
1453 1756 1578 1799 suerint,
1605 1766 1659 1789 seu
1679 1767 1789 1790 eorum
1811 1756 1922 1800 aliquis

1180 1810 1275 1845 suerit
1297 1810 1482 1854 requisitus,
1507 1810 1691 1844 solemniter
1714 1809 1920 1854 publicantes,

1181 1864 1287 1907 eisque
1319 1870 1349 1897 et
1380 1875 1489 1897 eorum
1522 1863 1651 1897 cuilibet
1680 1863 1711 1895 in
1741 1863 1922 1907 praemissis

1181 1918 1327 1964 efficacis,
1340 1918 1529 1951 defensionis
1553 1917 1711 1962 praesidio
1731 1917 1922 1957 assistentes,

1182 1973 1295 2005 saciant
1307 1972 1491 2005 auctoritate
1502 1973 1610 2005 nostra
1624 1971 1807 2015 episcopum
1820 1971 1924 2015 Ipren-

1182 2037 1248 2060 sem
1275 2032 1305 2060 et
1332 2027 1409 2060 alios
1436 2026 1614 2071 praedictos
1646 2025 1921 2067 concessionibus,

1183 2080 1457 2123 assignationibus,
1475 2079 1709 2124 suppressione,
1724 2078 1922 2119 extinctione,

1183 2134 1447 2178 incorporatione,
1472 2134 1692 2178 applicatione,
1710 2133 1922 2174 translatione,

1183 2188 1351 2229 erectione,
1376 2188 1579 2229 institutione,
1600 2188 1725 2229 unione,
1739 2188 1923 2229 annexione,

1183 2241 1446 2286 appropriatione,
1472 2246 1601 2284 statuto,
1626 2241 1838 2282 ordinatione,
1863 2241 1921 2274 de—

1184 2301 1269 2329 creto
1299 2306 1335 2328 ac
1362 2296 1580 2340 praesentibus
1604 2295 1734 2337 litteris,
1759 2300 1790 2328 et
1816 2295 1847 2328 in
1879 2295 1923 2328 eis

1183 2350 1337 2383 contentis
1361 2349 1552 2390 huiusmodi,
1576 2349 1705 2393 pacifice
1722 2348 1784 2382 frui
1804 2354 1833 2382 et
1852 2359 1925 2391 gau-

1184 2402 1257 2435 dere
1271 2429 1279 2444 ‚
1304 2413 1340 2435 ac
1361 2403 1436 2436 alias
1460 2403 1580 2436 litteras
1606 2408 1636 2436 et
1655 2402 1686 2435 in
1707 2401 1752 2435 eis
1780 2405 1925 2436 contenta

1183 2456 1364 2490 huiusmodi
1389 2456 1524 2489 firmiter
1548 2456 1729 2497 observari,
1762 2466 1825 2489 non
1852 2466 1925 2500 per·

1185 2510 1341 2544 mittentes
1373 2510 1443 2544 illos
1475 2521 1531 2544 seu
1561 2521 1672 2544 eorum
1704 2511 1841 2554 aliquem
1871 2509 1925 2542 de-

1184 2576 1278 2609 super
1309 2576 1368 2609 per
1399 2566 1598 2610 supradictos
1628 2570 1681 2598 aut
1709 2573 1926 2609 quoscumque

1183 2619 1260 2653 alios
1273 2619 1512 2664 quomodolibet
1522 2619 1658 2652 indebite
1672 2618 1841 2659 molestari;
1856 2627 1927 2652 con-

1183 2673 1368 2709 tradictores
1392 2673 1550 2719 quoslibet
1573 2678 1604 2708 et
1627 2673 1761 2708 rebelles
1779 2682 1837 2718 per
1857 2681 1926 2707 cen-

1929 264 1976 291 Λη.
1993 263 2021 291 C.
2045 263 2112 291 1696
