<?xml version="1.0" encoding="UTF-8"?>
<!DOCTYPE html PUBLIC "-//W3C//DTD XHTML 1.0 Transitional//EN"
    "http://www.w3.org/TR/xhtml1/DTD/xhtml1-transitional.dtd">
<html xmlns="http://www.w3.org/1999/xhtml" xml:lang="en" lang="en">
 <head>
  <title>
</title>
<meta http-equiv="Content-Type" content="text/html;charset=utf-8" />
  <meta name='ocr-system' content='tesseract 3.04.00' />
  <meta name='ocr-capabilities' content='ocr_page ocr_carea ocr_par ocr_line ocrx_word'/>
</head>
<body>
  <div class='ocr_page' id='page_1' title='image "./bullarumdiplomat13cath_0256.png"; bbox 0 0 2269 3235; ppageno 0'>
   <div class='ocr_carea' id='block_1_1' title="bbox 202 270 499 308">
    <p class='ocr_par' dir='ltr' id='par_1_1' title="bbox 202 270 499 308">
     <span class='ocr_line' id='line_1_1' title="bbox 202 270 499 308; baseline -0.024 -1"><span class='ocrx_word' id='word_1_1' title='bbox 202 281 250 308; x_wconf 78' lang='grc' dir='ltr'>Λη.</span> <span class='ocrx_word' id='word_1_2' title='bbox 272 280 299 306; x_wconf 71' lang='lat' dir='ltr'>a.</span> <span class='ocrx_word' id='word_1_3' title='bbox 323 279 390 307; x_wconf 60' lang='grc' dir='ltr'>ψει</span> <span class='ocrx_word' id='word_1_4' title='bbox 436 270 499 303; x_wconf 64' lang='lat'>⁶220</span> 
     </span>
    </p>
   </div>
   <div class='ocr_carea' id='block_1_2' title="bbox 235 2046 356 2072">
    <p class='ocr_par' dir='ltr' id='par_1_2' title="bbox 235 2046 356 2072">
     <span class='ocr_line' id='line_1_2' title="bbox 235 2046 356 2072; baseline -0.008 0"><span class='ocrx_word' id='word_1_5' title='bbox 235 2046 356 2072; x_wconf 64' lang='lat' dir='ltr'>Exordium.</span> 
     </span>
    </p>
   </div>
   <div class='ocr_carea' id='block_1_3' title="bbox 211 2424 395 2526">
    <p class='ocr_par' dir='ltr' id='par_1_3' title="bbox 211 2424 395 2526">
     <span class='ocr_line' id='line_1_3' title="bbox 213 2424 394 2450; baseline -0.022 -4"><span class='ocrx_word' id='word_1_6' title='bbox 213 2425 261 2446; x_wconf 56' lang='lat' dir='ltr'>Pul&lt;</span> <span class='ocrx_word' id='word_1_7' title='bbox 272 2426 329 2450; x_wconf 76' lang='lat' dir='ltr'>Papa</span> <span class='ocrx_word' id='word_1_8' title='bbox 339 2425 351 2443; x_wconf 64' lang='grc' dir='ltr'>Υ</span> <span class='ocrx_word' id='word_1_9' title='bbox 366 2424 394 2443; x_wconf 90' lang='lat' dir='ltr'>iu·</span> 
     </span>
     <span class='ocr_line' id='line_1_4' title="bbox 211 2453 395 2476; baseline -0.011 -4"><span class='ocrx_word' id='word_1_10' title='bbox 211 2453 329 2476; x_wconf 59' lang='lat' dir='ltr'>‹lulgentias</span> <span class='ocrx_word' id='word_1_11' title='bbox 348 2457 395 2470; x_wconf 83' lang='grc' dir='ltr'>(ϊυ-</span> 
     </span>
     <span class='ocr_line' id='line_1_5' title="bbox 212 2481 395 2503; baseline -0.011 -4"><span class='ocrx_word' id='word_1_12' title='bbox 212 2481 281 2499; x_wconf 50' lang='lat' dir='ltr'>victae</span> <span class='ocrx_word' id='word_1_13' title='bbox 289 2483 395 2503; x_wconf 71' lang='lat' dir='ltr'>nuncupa-</span> 
     </span>
     <span class='ocr_line' id='line_1_6' title="bbox 212 2505 368 2526; baseline -0.019 1"><span class='ocrx_word' id='word_1_14' title='bbox 212 2509 244 2525; x_wconf 53' lang='grc' dir='ltr'>ωε</span> <span class='ocrx_word' id='word_1_15' title='bbox 256 2505 368 2526; x_wconf 66' lang='lat' dir='ltr'>concessu.</span> 
     </span>
    </p>
   </div>
   <div class='ocr_carea' id='block_1_4' title="bbox 401 325 1139 522">
    <p class='ocr_par' dir='ltr' id='par_1_4' title="bbox 401 325 1139 413">
     <span class='ocr_line' id='line_1_7' title="bbox 402 325 1139 369; baseline -0.004 -9"><span class='ocrx_word' id='word_1_16' title='bbox 402 327 496 361; x_wconf 89' lang='lat' dir='ltr'>modo</span> <span class='ocrx_word' id='word_1_17' title='bbox 510 326 663 360; x_wconf 75' lang='lat' dir='ltr'>admissae</span> <span class='ocrx_word' id='word_1_18' title='bbox 677 325 785 369; x_wconf 83' lang='lat' dir='ltr'>culpae</span> <span class='ocrx_word' id='word_1_19' title='bbox 799 334 917 369; x_wconf 87' lang='lat' dir='ltr'>poenas</span> <span class='ocrx_word' id='word_1_20' title='bbox 933 334 965 358; x_wconf 91' lang='lat' dir='ltr'>se</span> <span class='ocrx_word' id='word_1_21' title='bbox 979 325 1139 359; x_wconf 87' lang='lat' dir='ltr'>subituros</span> 
     </span>
     <span class='ocr_line' id='line_1_8' title="bbox 401 381 618 413; baseline 0 0"><span class='ocrx_word' id='word_1_22' title='bbox 401 386 487 413; x_wconf 80' lang='lat' dir='ltr'>certo</span> <span class='ocrx_word' id='word_1_23' title='bbox 512 381 618 413; x_wconf 78' lang='lat' dir='ltr'>sciant.</span> 
     </span>
    </p>

    <p class='ocr_par' dir='ltr' id='par_1_5' title="bbox 401 431 1138 522">
     <span class='ocr_line' id='line_1_9' title="bbox 445 431 1138 477; baseline -0.003 -10"><span class='ocrx_word' id='word_1_24' title='bbox 445 435 553 467; x_wconf 83' lang='lat' dir='ltr'>Datum</span> <span class='ocrx_word' id='word_1_25' title='bbox 580 434 706 473; x_wconf 81' lang='lat' dir='ltr'>Romae,</span> <span class='ocrx_word' id='word_1_26' title='bbox 730 432 812 476; x_wconf 85' lang='lat' dir='ltr'>apud</span> <span class='ocrx_word' id='word_1_27' title='bbox 837 435 977 467; x_wconf 88' lang='lat' dir='ltr'>sanctum</span> <span class='ocrx_word' id='word_1_28' title='bbox 1003 431 1138 477; x_wconf 84' lang='lat' dir='ltr'>Petrum,</span> 
     </span>
     <span class='ocr_line' id='line_1_10' title="bbox 401 487 788 522; baseline -0.003 -2"><span class='ocrx_word' id='word_1_29' title='bbox 401 489 449 521; x_wconf 88' lang='lat' dir='ltr'>die</span> <span class='ocrx_word' id='word_1_30' title='bbox 477 497 527 522; x_wconf 82' lang='lat' dir='ltr'>xlx</span> <span class='ocrx_word' id='word_1_31' title='bbox 553 487 655 520; x_wconf 87' lang='lat' dir='ltr'>martii</span> <span class='ocrx_word' id='word_1_32' title='bbox 680 496 788 521; x_wconf 76' lang='lat' dir='ltr'>nocui.</span> 
     </span>
    </p>
   </div>
   <div class='ocr_carea' id='block_1_5' title="bbox 639 549 1094 648">
    <p class='ocr_par' dir='ltr' id='par_1_6' title="bbox 639 549 1094 648">
     <span class='ocr_line' id='line_1_11' title="bbox 718 549 1028 591; baseline 0 -8"><span class='ocrx_word' id='word_1_33' title='bbox 718 550 880 584; x_wconf 74' lang='lat' dir='ltr'><strong>ANTONIUS</strong></span> <span class='ocrx_word' id='word_1_34' title='bbox 898 549 1028 591; x_wconf 80' lang='lat' dir='ltr'>SENECA,</span> 
     </span>
     <span class='ocr_line' id='line_1_12' title="bbox 639 603 1094 648; baseline -0.002 -11"><span class='ocrx_word' id='word_1_35' title='bbox 639 603 882 638; x_wconf 83' lang='lat' dir='ltr'>Reformationis</span> <span class='ocrx_word' id='word_1_36' title='bbox 899 604 1004 648; x_wconf 85' lang='lat' dir='ltr'>Apost.</span> <span class='ocrx_word' id='word_1_37' title='bbox 1027 603 1094 638; x_wconf 86' lang='lat' dir='ltr'>Sec.</span> 
     </span>
    </p>
   </div>
   <div class='ocr_carea' id='block_1_6' title="bbox 398 675 1143 1351">
    <p class='ocr_par' dir='ltr' id='par_1_7' title="bbox 398 675 1143 1351">
     <span class='ocr_line' id='line_1_13' title="bbox 442 675 1140 718; baseline -0.003 -8"><span class='ocrx_word' id='word_1_38' title='bbox 442 677 540 710; x_wconf 78' lang='lat' dir='ltr'>Auno</span> <span class='ocrx_word' id='word_1_39' title='bbox 554 676 897 717; x_wconf 77' lang='lat' dir='ltr'>Mncxxiv,Iudz&#39;ctione</span> <span class='ocrx_word' id='word_1_40' title='bbox 908 686 961 717; x_wconf 85' lang='lat' dir='ltr'>vu,</span> <span class='ocrx_word' id='word_1_41' title='bbox 976 675 1140 718; x_wconf 76' lang='lat' dir='ltr'>Poutificis</span> 
     </span>
     <span class='ocr_line' id='line_1_14' title="bbox 399 730 1142 764; baseline -0.001 -1"><span class='ocrx_word' id='word_1_42' title='bbox 399 735 507 763; x_wconf 78' lang='lat' dir='ltr'>autem</span> <span class='ocrx_word' id='word_1_43' title='bbox 518 730 724 764; x_wconf 69' lang='lat' dir='ltr'>Sanctissimz·</span> <span class='ocrx_word' id='word_1_44' title='bbox 736 731 872 764; x_wconf 69' lang='lat' dir='ltr'>Domini</span> <span class='ocrx_word' id='word_1_45' title='bbox 889 730 993 764; x_wconf 72' lang='lat' dir='ltr'>nostri</span> <span class='ocrx_word' id='word_1_46' title='bbox 1006 730 1142 763; x_wconf 76' lang='lat' dir='ltr'>Domini</span> 
     </span>
     <span class='ocr_line' id='line_1_15' title="bbox 402 783 1140 828; baseline 0 -11"><span class='ocrx_word' id='word_1_47' title='bbox 402 784 528 817; x_wconf 68' lang='lat' dir='ltr'>Urbane?</span> <span class='ocrx_word' id='word_1_48' title='bbox 551 784 664 818; x_wconf 67' lang='lat' dir='ltr'>diviua</span> <span class='ocrx_word' id='word_1_49' title='bbox 686 785 893 828; x_wconf 65' lang='lat' dir='ltr'>providentia</span> <span class='ocrx_word' id='word_1_50' title='bbox 913 785 1024 828; x_wconf 74' lang='lat' dir='ltr'>Papae</span> <span class='ocrx_word' id='word_1_51' title='bbox 1049 783 1140 824; x_wconf 91' lang='lat' dir='ltr'>VIII,</span> 
     </span>
     <span class='ocr_line' id='line_1_16' title="bbox 399 837 1140 880; baseline -0.001 -10"><span class='ocrx_word' id='word_1_52' title='bbox 399 847 486 870; x_wconf 78' lang='lat' dir='ltr'>anuo</span> <span class='ocrx_word' id='word_1_53' title='bbox 517 838 586 870; x_wconf 74' lang='lat' dir='ltr'>eius</span> <span class='ocrx_word' id='word_1_54' title='bbox 618 838 772 877; x_wconf 68' lang='lat' dir='ltr'>scomma,</span> <span class='ocrx_word' id='word_1_55' title='bbox 802 838 853 870; x_wconf 77' lang='lat' dir='ltr'>‹Iz&#39;e</span> <span class='ocrx_word' id='word_1_56' title='bbox 884 847 957 870; x_wconf 75' lang='lat' dir='ltr'>uero</span> <span class='ocrx_word' id='word_1_57' title='bbox 985 837 1140 880; x_wconf 67' lang='lat' dir='ltr'>viyesimd</span> 
     </span>
     <span class='ocr_line' id='line_1_17' title="bbox 399 889 1137 933; baseline -0.001 -10"><span class='ocrx_word' id='word_1_58' title='bbox 399 891 489 924; x_wconf 63' lang='lat' dir='ltr'>sescla</span> <span class='ocrx_word' id='word_1_59' title='bbox 502 892 621 924; x_wconf 77' lang='lat' dir='ltr'>mensis</span> <span class='ocrx_word' id='word_1_60' title='bbox 634 891 779 929; x_wconf 66' lang='lat' dir='ltr'>octobris,</span> <span class='ocrx_word' id='word_1_61' title='bbox 797 890 988 933; x_wconf 73' lang='lat' dir='ltr'>supradicta</span> <span class='ocrx_word' id='word_1_62' title='bbox 1001 889 1137 930; x_wconf 79' lang='lat' dir='ltr'>decreta,</span> 
     </span>
     <span class='ocr_line' id='line_1_18' title="bbox 401 942 1141 987; baseline -0.003 -11"><span class='ocrx_word' id='word_1_63' title='bbox 401 949 466 976; x_wconf 78' lang='lat' dir='ltr'>tam</span> <span class='ocrx_word' id='word_1_64' title='bbox 477 954 588 977; x_wconf 81' lang='lat' dir='ltr'>sacrae</span> <span class='ocrx_word' id='word_1_65' title='bbox 599 943 865 987; x_wconf 70' lang='lat' dir='ltr'>Couyreqalionis</span> <span class='ocrx_word' id='word_1_66' title='bbox 879 942 1029 981; x_wconf 70' lang='lat' dir='ltr'>Concite&#39;z&#39;,</span> <span class='ocrx_word' id='word_1_67' title='bbox 1040 953 1141 985; x_wconf 80' lang='lat' dir='ltr'>quam</span> 
     </span>
     <span class='ocr_line' id='line_1_19' title="bbox 398 994 1142 1038; baseline -0.004 -8"><span class='ocrx_word' id='word_1_68' title='bbox 398 1001 528 1030; x_wconf 78' lang='lat' dir='ltr'>sanctae</span> <span class='ocrx_word' id='word_1_69' title='bbox 545 997 719 1029; x_wconf 71' lang='lat' dir='ltr'>memoriae</span> <span class='ocrx_word' id='word_1_70' title='bbox 734 996 906 1030; x_wconf 74' lang='lat' dir='ltr'>Clementis</span> <span class='ocrx_word' id='word_1_71' title='bbox 927 994 1019 1035; x_wconf 83' lang='lat' dir='ltr'>VIII,</span> <span class='ocrx_word' id='word_1_72' title='bbox 1040 996 1142 1038; x_wconf 73' lang='lat' dir='ltr'>affixa</span> 
     </span>
     <span class='ocr_line' id='line_1_20' title="bbox 399 1049 1142 1095; baseline -0.003 -12"><span class='ocrx_word' id='word_1_73' title='bbox 399 1058 427 1083; x_wconf 76' lang='lat' dir='ltr'>et</span> <span class='ocrx_word' id='word_1_74' title='bbox 436 1051 603 1095; x_wconf 75' lang='lat' dir='ltr'>publicata</span> <span class='ocrx_word' id='word_1_75' title='bbox 614 1052 747 1093; x_wconf 71' lang='lat' dir='ltr'>suerum</span> <span class='ocrx_word' id='word_1_76' title='bbox 757 1050 799 1082; x_wconf 79' lang='lat' dir='ltr'>ad</span> <span class='ocrx_word' id='word_1_77' title='bbox 808 1049 919 1082; x_wconf 65' lang='lat' dir='ltr'>valvas</span> <span class='ocrx_word' id='word_1_78' title='bbox 928 1049 1142 1082; x_wconf 75' lang='lat' dir='ltr'><em>basilicarum</em></span> 
     </span>
     <span class='ocr_line' id='line_1_21' title="bbox 399 1102 1141 1146; baseline -0.004 -9"><span class='ocrx_word' id='word_1_79' title='bbox 399 1105 504 1137; x_wconf 76' lang='lat' dir='ltr'>sancti</span> <span class='ocrx_word' id='word_1_80' title='bbox 520 1104 656 1136; x_wconf 75' lang='lat' dir='ltr'>Ioannis</span> <span class='ocrx_word' id='word_1_81' title='bbox 671 1102 909 1144; x_wconf 71' lang='lat' dir='ltr'>Lalcraucusc&#39;S,</span> <span class='ocrx_word' id='word_1_82' title='bbox 927 1107 955 1135; x_wconf 82' lang='lat' dir='ltr'>ct</span> <span class='ocrx_word' id='word_1_83' title='bbox 971 1103 1141 1146; x_wconf 75' lang='lat' dir='ltr'>Principis</span> 
     </span>
     <span class='ocr_line' id='line_1_22' title="bbox 399 1156 1142 1201; baseline -0.004 -10"><span class='ocrx_word' id='word_1_84' title='bbox 399 1157 640 1201; x_wconf 54' lang='lat' dir='ltr'>Apostolorum,</span> <span class='ocrx_word' id='word_1_85' title='bbox 656 1166 790 1190; x_wconf 73' lang='lat' dir='ltr'>necnon</span> <span class='ocrx_word' id='word_1_86' title='bbox 804 1157 840 1189; x_wconf 75' lang='lat' dir='ltr'>iu</span> <span class='ocrx_word' id='word_1_87' title='bbox 853 1157 921 1189; x_wconf 75' lang='lat' dir='ltr'>acie</span> <span class='ocrx_word' id='word_1_88' title='bbox 936 1156 1051 1199; x_wconf 77' lang='lat' dir='ltr'>Campi</span> <span class='ocrx_word' id='word_1_89' title='bbox 1066 1156 1142 1189; x_wconf 88' lang='lat' dir='ltr'><em>Flo-</em></span> 
     </span>
     <span class='ocr_line' id='line_1_23' title="bbox 399 1209 1143 1254; baseline -0.001 -11"><span class='ocrx_word' id='word_1_90' title='bbox 399 1222 464 1251; x_wconf 73' lang='lat' dir='ltr'>rae,</span> <span class='ocrx_word' id='word_1_91' title='bbox 483 1215 517 1244; x_wconf 82' lang='lat' dir='ltr'>ut</span> <span class='ocrx_word' id='word_1_92' title='bbox 534 1211 634 1243; x_wconf 72' lang='lat' dir='ltr'>moris</span> <span class='ocrx_word' id='word_1_93' title='bbox 651 1215 705 1251; x_wconf 75' lang='lat' dir='ltr'>est,</span> <span class='ocrx_word' id='word_1_94' title='bbox 714 1221 773 1254; x_wconf 77' lang='lat' dir='ltr'>per</span> <span class='ocrx_word' id='word_1_95' title='bbox 786 1221 842 1243; x_wconf 78' lang='lat' dir='ltr'>uos</span> <span class='ocrx_word' id='word_1_96' title='bbox 861 1210 1040 1244; x_wconf 70' lang='lat' dir='ltr'>Camillum</span> <span class='ocrx_word' id='word_1_97' title='bbox 1056 1209 1143 1242; x_wconf 77' lang='lat' dir='ltr'>Fun-</span> 
     </span>
     <span class='ocr_line' id='line_1_24' title="bbox 401 1263 1141 1297; baseline -0.001 -1"><span class='ocrx_word' id='word_1_98' title='bbox 401 1264 515 1297; x_wconf 76' lang='lat' dir='ltr'>datum</span> <span class='ocrx_word' id='word_1_99' title='bbox 539 1268 567 1296; x_wconf 74' lang='lat' dir='ltr'>eb</span> <span class='ocrx_word' id='word_1_100' title='bbox 586 1264 716 1297; x_wconf 78' lang='lat' dir='ltr'>Iulium</span> <span class='ocrx_word' id='word_1_101' title='bbox 737 1263 973 1297; x_wconf 76' lang='lat' dir='ltr'>Morzilellium</span> <span class='ocrx_word' id='word_1_102' title='bbox 998 1273 1141 1296; x_wconf 76' lang='lat' dir='ltr'>cursores</span> 
     </span>
     <span class='ocr_line' id='line_1_25' title="bbox 402 1318 621 1351; baseline 0 0"><span class='ocrx_word' id='word_1_103' title='bbox 402 1318 621 1351; x_wconf 67' lang='lat' dir='ltr'>Sanctissum&#39;.</span> 
     </span>
    </p>
   </div>
   <div class='ocr_carea' id='block_1_7' title="bbox 467 1384 1110 1483">
    <p class='ocr_par' dir='ltr' id='par_1_8' title="bbox 467 1384 1110 1483">
     <span class='ocr_line' id='line_1_26' title="bbox 584 1384 994 1425; baseline 0.002 -8"><span class='ocrx_word' id='word_1_104' title='bbox 584 1385 828 1418; x_wconf 62' lang='lat' dir='ltr'>Baaunumnrns</span> <span class='ocrx_word' id='word_1_105' title='bbox 846 1384 994 1425; x_wconf 75' lang='lat' dir='ltr'>LATINUS,</span> 
     </span>
     <span class='ocr_line' id='line_1_27' title="bbox 467 1438 1110 1483; baseline -0.005 -10"><span class='ocrx_word' id='word_1_106' title='bbox 467 1450 525 1483; x_wconf 90' lang='lat' dir='ltr'>pro</span> <span class='ocrx_word' id='word_1_107' title='bbox 547 1438 698 1482; x_wconf 83' lang='lat' dir='ltr'>magistro</span> <span class='ocrx_word' id='word_1_108' title='bbox 715 1438 916 1471; x_wconf 90' lang='lat' dir='ltr'>dominorum</span> <span class='ocrx_word' id='word_1_109' title='bbox 934 1447 1110 1471; x_wconf 82' lang='lat' dir='ltr'><strong>cursorum.</strong></span> 
     </span>
    </p>
   </div>
   <div class='ocr_carea' id='block_1_8' title="bbox 667 1524 877 1528">
    <p class='ocr_par' dir='ltr' id='par_1_9' title="bbox 667 1524 877 1528">
     <span class='ocr_line' id='line_1_28' title="bbox 667 1524 877 1528; baseline 0 0"><span class='ocrx_word' id='word_1_110' title='bbox 667 1524 877 1528; x_wconf 95' lang='lat' dir='ltr'> </span> 
     </span>
    </p>
   </div>
   <div class='ocr_carea' id='block_1_9' title="bbox 693 1601 860 1634">
    <p class='ocr_par' dir='ltr' id='par_1_10' title="bbox 693 1601 860 1634">
     <span class='ocr_line' id='line_1_29' title="bbox 693 1601 860 1634; baseline 0 0"><span class='ocrx_word' id='word_1_111' title='bbox 693 1601 860 1634; x_wconf 79' lang='lat' dir='ltr'>LXXXVII.</span> 
     </span>
    </p>
   </div>
   <div class='ocr_carea' id='block_1_10' title="bbox 404 1679 1144 1876">
    <p class='ocr_par' dir='ltr' id='par_1_11' title="bbox 404 1679 1144 1876">
     <span class='ocr_line' id='line_1_30' title="bbox 404 1679 1142 1726; baseline -0.003 -10"><span class='ocrx_word' id='word_1_112' title='bbox 404 1681 599 1716; x_wconf 77' lang='lat' dir='ltr'>Declaratur</span> <span class='ocrx_word' id='word_1_113' title='bbox 612 1682 837 1726; x_wconf 68' lang='lat' dir='ltr'>inclzilqentias</span> <span class='ocrx_word' id='word_1_114' title='bbox 854 1679 1017 1714; x_wconf 73' lang='lat' dir='ltr'><em>cruciatae</em></span> <span class='ocrx_word' id='word_1_115' title='bbox 1028 1690 1142 1724; x_wconf 71' lang='lat' dir='ltr'>reyno-</span> 
     </span>
     <span class='ocr_line' id='line_1_31' title="bbox 448 1733 1144 1779; baseline -0.004 -10"><span class='ocrx_word' id='word_1_116' title='bbox 448 1746 523 1769; x_wconf 81' lang='lat' dir='ltr'>rum</span> <span class='ocrx_word' id='word_1_117' title='bbox 550 1735 794 1779; x_wconf 73' lang='lat' dir='ltr'><em>Hispaniarum</em></span> <span class='ocrx_word' id='word_1_118' title='bbox 821 1745 887 1768; x_wconf 78' lang='lat' dir='ltr'>uon</span> <span class='ocrx_word' id='word_1_119' title='bbox 916 1733 1144 1778; x_wconf 74' lang='lat' dir='ltr'><em>comprehendi</em></span> 
     </span>
     <span class='ocr_line' id='line_1_32' title="bbox 449 1788 1143 1833; baseline -0.003 -11"><span class='ocrx_word' id='word_1_120' title='bbox 449 1790 485 1823; x_wconf 71' lang='lat' dir='ltr'>iu</span> <span class='ocrx_word' id='word_1_121' title='bbox 515 1790 724 1833; x_wconf 74' lang='lat' dir='ltr'><em>suspensione</em></span> <span class='ocrx_word' id='word_1_122' title='bbox 747 1788 1033 1832; x_wconf 68' lang='lat' dir='ltr'>iudulqentiarum</span> <span class='ocrx_word' id='word_1_123' title='bbox 1058 1798 1143 1822; x_wconf 81' lang='lat' dir='ltr'>occa-</span> 
     </span>
     <span class='ocr_line' id='line_1_33' title="bbox 450 1841 983 1876; baseline -0.004 0"><span class='ocrx_word' id='word_1_124' title='bbox 450 1843 539 1876; x_wconf 70' lang='lat' dir='ltr'>sione</span> <span class='ocrx_word' id='word_1_125' title='bbox 557 1842 641 1876; x_wconf 73' lang='lat' dir='ltr'>anui</span> <span class='ocrx_word' id='word_1_126' title='bbox 663 1841 799 1876; x_wconf 73' lang='lat' dir='ltr'>iubilaec&#39;</span> <span class='ocrx_word' id='word_1_127' title='bbox 822 1851 950 1875; x_wconf 81' lang='lat' dir='ltr'>Mncxxv</span> <span class='ocrx_word' id='word_1_128' title='bbox 963 1841 983 1873; x_wconf 69' lang='lat'>⁴³.</span> 
     </span>
    </p>
   </div>
   <div class='ocr_carea' id='block_1_11' title="bbox 548 1923 1001 1995">
    <p class='ocr_par' dir='ltr' id='par_1_12' title="bbox 548 1923 1001 1995">
     <span class='ocr_line' id='line_1_34' title="bbox 617 1923 931 1956; baseline -0.006 -5"><span class='ocrx_word' id='word_1_129' title='bbox 617 1923 752 1951; x_wconf 80' lang='lat' dir='ltr'>Urbanus</span> <span class='ocrx_word' id='word_1_130' title='bbox 763 1923 843 1956; x_wconf 84' lang='lat' dir='ltr'>Papa</span> <span class='ocrx_word' id='word_1_131' title='bbox 853 1923 931 1954; x_wconf 86' lang='lat' dir='ltr'>vm,</span> 
     </span>
     <span class='ocr_line' id='line_1_35' title="bbox 548 1965 1001 1995; baseline -0.004 0"><span class='ocrx_word' id='word_1_132' title='bbox 548 1968 585 1995; x_wconf 84' lang='lat' dir='ltr'>ad</span> <span class='ocrx_word' id='word_1_133' title='bbox 605 1967 739 1995; x_wconf 79' lang='lat' dir='ltr'>futuram</span> <span class='ocrx_word' id='word_1_134' title='bbox 756 1967 801 1994; x_wconf 83' lang='lat' dir='ltr'>rei</span> <span class='ocrx_word' id='word_1_135' title='bbox 821 1965 1001 1994; x_wconf 83' lang='lat' dir='ltr'>memoriam.</span> 
     </span>
    </p>
   </div>
   <div class='ocr_carea' id='block_1_12' title="bbox 406 2037 1148 2620">
    <p class='ocr_par' dir='ltr' id='par_1_13' title="bbox 406 2037 1146 2405">
     <span class='ocr_line' id='line_1_36' title="bbox 450 2037 1144 2080; baseline -0.006 -7"><span class='ocrx_word' id='word_1_136' title='bbox 450 2040 543 2073; x_wconf 88' lang='lat' dir='ltr'>Decet</span> <span class='ocrx_word' id='word_1_137' title='bbox 566 2040 743 2072; x_wconf 85' lang='lat' dir='ltr'>Romanum</span> <span class='ocrx_word' id='word_1_138' title='bbox 771 2038 955 2071; x_wconf 81' lang='lat' dir='ltr'>Pontificem</span> <span class='ocrx_word' id='word_1_139' title='bbox 980 2037 1144 2080; x_wconf 89' lang='lat' dir='ltr'>indulgen-</span> 
     </span>
     <span class='ocr_line' id='line_1_37' title="bbox 406 2091 1145 2136; baseline -0.004 -10"><span class='ocrx_word' id='word_1_140' title='bbox 406 2094 520 2127; x_wconf 84' lang='lat' dir='ltr'>tiarum</span> <span class='ocrx_word' id='word_1_141' title='bbox 535 2098 565 2126; x_wconf 91' lang='lat' dir='ltr'>et</span> <span class='ocrx_word' id='word_1_142' title='bbox 581 2093 754 2136; x_wconf 89' lang='lat' dir='ltr'>gratiarum</span> <span class='ocrx_word' id='word_1_143' title='bbox 772 2092 999 2134; x_wconf 84' lang='lat' dir='ltr'>concessiones,</span> <span class='ocrx_word' id='word_1_144' title='bbox 1014 2101 1093 2136; x_wconf 87' lang='lat' dir='ltr'>quae</span> <span class='ocrx_word' id='word_1_145' title='bbox 1107 2091 1145 2124; x_wconf 89' lang='lat' dir='ltr'>ad</span> 
     </span>
     <span class='ocr_line' id='line_1_38' title="bbox 407 2146 1145 2181; baseline -0.003 -1"><span class='ocrx_word' id='word_1_146' title='bbox 407 2147 613 2181; x_wconf 79' lang='lat' dir='ltr'>adiuvandam</span> <span class='ocrx_word' id='word_1_147' title='bbox 638 2151 747 2180; x_wconf 81' lang='lat' dir='ltr'>eontra</span> <span class='ocrx_word' id='word_1_148' title='bbox 772 2146 1017 2179; x_wconf 86' lang='lat' dir='ltr'>immanissimos</span> <span class='ocrx_word' id='word_1_149' title='bbox 1043 2150 1145 2178; x_wconf 85' lang='lat' dir='ltr'>turcas</span> 
     </span>
     <span class='ocr_line' id='line_1_39' title="bbox 408 2198 1146 2245; baseline -0.004 -10"><span class='ocrx_word' id='word_1_150' title='bbox 408 2201 636 2245; x_wconf 73' lang='lat' dir='ltr'>expeditionem</span> <span class='ocrx_word' id='word_1_151' title='bbox 669 2211 685 2232; x_wconf 92' lang='lat' dir='ltr'>a</span> <span class='ocrx_word' id='word_1_152' title='bbox 715 2199 793 2233; x_wconf 83' lang='lat' dir='ltr'>Sede</span> <span class='ocrx_word' id='word_1_153' title='bbox 820 2199 999 2243; x_wconf 77' lang='lat' dir='ltr'>Apostolica</span> <span class='ocrx_word' id='word_1_154' title='bbox 1025 2198 1146 2232; x_wconf 69' lang='lat' dir='ltr'>sactae²</span> 
     </span>
     <span class='ocr_line' id='line_1_40' title="bbox 408 2253 1145 2297; baseline -0.004 -9"><span class='ocrx_word' id='word_1_155' title='bbox 408 2259 488 2296; x_wconf 88' lang='lat' dir='ltr'>sunt,</span> <span class='ocrx_word' id='word_1_156' title='bbox 513 2265 531 2287; x_wconf 83' lang='lat' dir='ltr'>a</span> <span class='ocrx_word' id='word_1_157' title='bbox 555 2254 693 2297; x_wconf 83' lang='lat' dir='ltr'>generali</span> <span class='ocrx_word' id='word_1_158' title='bbox 720 2253 988 2296; x_wconf 78' lang='lat' dir='ltr'>indulgentiarum</span> <span class='ocrx_word' id='word_1_159' title='bbox 1016 2262 1145 2296; x_wconf 89' lang='lat' dir='ltr'>suspen-</span> 
     </span>
     <span class='ocr_line' id='line_1_41' title="bbox 409 2305 1146 2351; baseline -0.004 -10"><span class='ocrx_word' id='word_1_160' title='bbox 409 2309 495 2342; x_wconf 91' lang='lat' dir='ltr'>sione</span> <span class='ocrx_word' id='word_1_161' title='bbox 530 2308 700 2351; x_wconf 77' lang='lat' dir='ltr'>excipere,</span> <span class='ocrx_word' id='word_1_162' title='bbox 729 2317 768 2340; x_wconf 90' lang='lat' dir='ltr'>ne</span> <span class='ocrx_word' id='word_1_163' title='bbox 796 2306 880 2340; x_wconf 88' lang='lat' dir='ltr'>circa</span> <span class='ocrx_word' id='word_1_164' title='bbox 904 2316 956 2339; x_wconf 88' lang='lat' dir='ltr'>eas</span> <span class='ocrx_word' id='word_1_165' title='bbox 989 2305 1146 2349; x_wconf 78' lang='lat' dir='ltr'>aliquibus</span> 
     </span>
     <span class='ocr_line' id='line_1_42' title="bbox 409 2361 939 2405; baseline -0.004 -10"><span class='ocrx_word' id='word_1_166' title='bbox 409 2362 571 2395; x_wconf 78' lang='lat' dir='ltr'>dubitandi</span> <span class='ocrx_word' id='word_1_167' title='bbox 596 2362 718 2395; x_wconf 80' lang='lat' dir='ltr'>occasio</span> <span class='ocrx_word' id='word_1_168' title='bbox 742 2361 939 2405; x_wconf 56' lang='lat' dir='ltr'>praebeatur</span> 
     </span>
    </p>

    <p class='ocr_par' dir='ltr' id='par_1_14' title="bbox 410 2413 1148 2620">
     <span class='ocr_line' id='line_1_43' title="bbox 455 2413 1148 2459; baseline -0.004 -11"><span class='ocrx_word' id='word_1_169' title='bbox 455 2418 468 2455; x_wconf 61' lang='grc' dir='ltr'>ξ</span> <span class='ocrx_word' id='word_1_170' title='bbox 493 2416 521 2448; x_wconf 68' lang='grc'>’1.</span> <span class='ocrx_word' id='word_1_171' title='bbox 548 2416 622 2448; x_wconf 75' lang='lat' dir='ltr'>Cum</span> <span class='ocrx_word' id='word_1_172' title='bbox 648 2415 761 2459; x_wconf 83' lang='lat' dir='ltr'>itaque,</span> <span class='ocrx_word' id='word_1_173' title='bbox 778 2419 944 2458; x_wconf 84' lang='lat' dir='ltr'>postquam</span> <span class='ocrx_word' id='word_1_174' title='bbox 965 2413 1082 2446; x_wconf 88' lang='lat' dir='ltr'>dudum</span> <span class='ocrx_word' id='word_1_175' title='bbox 1107 2413 1148 2446; x_wconf 86' lang='lat' dir='ltr'>se-</span> 
     </span>
     <span class='ocr_line' id='line_1_44' title="bbox 410 2467 1147 2512; baseline -0.004 -10"><span class='ocrx_word' id='word_1_176' title='bbox 410 2470 477 2502; x_wconf 59' lang='lat' dir='ltr'>nsi&lt;</span> <span class='ocrx_word' id='word_1_177' title='bbox 504 2468 729 2503; x_wconf 77' lang='lat' dir='ltr'>recordationis</span> <span class='ocrx_word' id='word_1_178' title='bbox 757 2468 829 2501; x_wconf 89' lang='lat' dir='ltr'>Pius</span> <span class='ocrx_word' id='word_1_179' title='bbox 856 2468 940 2512; x_wconf 87' lang='lat' dir='ltr'>Papa</span> <span class='ocrx_word' id='word_1_180' title='bbox 968 2467 991 2499; x_wconf 76' lang='lat' dir='ltr'><strong>V</strong></span> <span class='ocrx_word' id='word_1_181' title='bbox 1016 2467 1147 2511; x_wconf 88' lang='lat' dir='ltr'>praede-</span> 
     </span>
     <span class='ocr_line' id='line_1_45' title="bbox 412 2521 1146 2565; baseline -0.004 -9"><span class='ocrx_word' id='word_1_182' title='bbox 412 2533 516 2556; x_wconf 55' lang='lat' dir='ltr'>cvvsm·</span> <span class='ocrx_word' id='word_1_183' title='bbox 546 2528 652 2557; x_wconf 87' lang='lat' dir='ltr'>noster</span> <span class='ocrx_word' id='word_1_184' title='bbox 683 2522 830 2556; x_wconf 85' lang='lat' dir='ltr'>omnibus</span> <span class='ocrx_word' id='word_1_185' title='bbox 862 2521 894 2554; x_wconf 88' lang='lat' dir='ltr'>in</span> <span class='ocrx_word' id='word_1_186' title='bbox 926 2521 1146 2565; x_wconf 81' lang='lat' dir='ltr'>Hispaniarum</span> 
     </span>
     <span class='ocr_line' id='line_1_46' title="bbox 412 2575 1147 2620; baseline -0.003 -10"><span class='ocrx_word' id='word_1_187' title='bbox 412 2578 517 2620; x_wconf 80' lang='lat' dir='ltr'>regnis</span> <span class='ocrx_word' id='word_1_188' title='bbox 529 2583 558 2610; x_wconf 88' lang='lat' dir='ltr'>et</span> <span class='ocrx_word' id='word_1_189' title='bbox 575 2577 684 2610; x_wconf 88' lang='lat' dir='ltr'>insulis</span> <span class='ocrx_word' id='word_1_190' title='bbox 696 2577 757 2609; x_wconf 92' lang='lat' dir='ltr'>illis</span> <span class='ocrx_word' id='word_1_191' title='bbox 773 2575 986 2609; x_wconf 87' lang='lat' dir='ltr'>adiacentibus</span> <span class='ocrx_word' id='word_1_192' title='bbox 1000 2585 1035 2608; x_wconf 90' lang='lat' dir='ltr'>ae</span> <span class='ocrx_word' id='word_1_193' title='bbox 1055 2575 1147 2608; x_wconf 87' lang='lat' dir='ltr'>etiam</span> 
     </span>
    </p>
   </div>
   <div class='ocr_carea' id='block_1_13' title="bbox 445 2648 935 2729">
    <p class='ocr_par' dir='ltr' id='par_1_15' title="bbox 445 2648 935 2729">
     <span class='ocr_line' id='line_1_47' title="bbox 448 2648 934 2684; baseline -0.002 -9"><span class='ocrx_word' id='word_1_194' title='bbox 448 2649 458 2675; x_wconf 82' lang='lat'>1</span> <span class='ocrx_word' id='word_1_195' title='bbox 483 2649 519 2675; x_wconf 82' lang='lat' dir='ltr'>Ex</span> <span class='ocrx_word' id='word_1_196' title='bbox 543 2648 650 2684; x_wconf 81' lang='lat' dir='ltr'>Regest.</span> <span class='ocrx_word' id='word_1_197' title='bbox 677 2649 703 2675; x_wconf 88' lang='lat' dir='ltr'>iu</span> <span class='ocrx_word' id='word_1_198' title='bbox 728 2648 828 2676; x_wconf 83' lang='lat' dir='ltr'>Secret.</span> <span class='ocrx_word' id='word_1_199' title='bbox 855 2648 934 2675; x_wconf 81' lang='lat' dir='ltr'>Brev.</span> 
     </span>
     <span class='ocr_line' id='line_1_48' title="bbox 445 2693 935 2729; baseline -0.002 -9"><span class='ocrx_word' id='word_1_200' title='bbox 445 2693 463 2720; x_wconf 77' lang='lat'><strong>2</strong></span> <span class='ocrx_word' id='word_1_201' title='bbox 476 2693 546 2721; x_wconf 80' lang='lat' dir='ltr'>Edit.</span> <span class='ocrx_word' id='word_1_202' title='bbox 562 2693 645 2722; x_wconf 71' lang='grc' dir='ltr'><strong>Μαίη.</strong></span> <span class='ocrx_word' id='word_1_203' title='bbox 661 2693 725 2729; x_wconf 81' lang='lat' dir='ltr'>legit</span> <span class='ocrx_word' id='word_1_204' title='bbox 739 2695 817 2728; x_wconf 76' lang='lat' dir='ltr'>sacca</span> <span class='ocrx_word' id='word_1_205' title='bbox 834 2695 871 2729; x_wconf 84' lang='lat' dir='ltr'>(a.</span> <span class='ocrx_word' id='word_1_206' title='bbox 887 2694 935 2727; x_wconf 79' lang='lat' dir='ltr'>r.).</span> 
     </span>
    </p>
   </div>
   <div class='ocr_carea' id='block_1_14' title="bbox 1154 329 1163 1551">
    <p class='ocr_par' dir='ltr' id='par_1_16' title="bbox 1154 329 1163 1551">
     <span class='ocr_line' id='line_1_49' title="bbox 1154 329 1163 1551; baseline 0 0"><span class='ocrx_word' id='word_1_207' title='bbox 1154 329 1163 1551; x_wconf 95' lang='lat' dir='ltr'> </span> 
     </span>
    </p>
   </div>
   <div class='ocr_carea' id='block_1_15' title="bbox 978 274 1334 301">
    <p class='ocr_par' dir='ltr' id='par_1_17' title="bbox 978 274 1334 301">
     <span class='ocr_line' id='line_1_50' title="bbox 978 274 1334 301; baseline -0.003 -1"><span class='ocrx_word' id='word_1_208' title='bbox 978 275 1157 301; x_wconf 77' lang='lat' dir='ltr'>BULLARIUM</span> <span class='ocrx_word' id='word_1_209' title='bbox 1180 274 1334 300; x_wconf 78' lang='lat' dir='ltr'>ROMANUM</span> 
     </span>
    </p>
   </div>
   <div class='ocr_carea' id='block_1_16' title="bbox 1173 320 1920 2076">
    <p class='ocr_par' dir='ltr' id='par_1_18' title="bbox 1173 320 1917 1164">
     <span class='ocr_line' id='line_1_51' title="bbox 1173 320 1911 365; baseline -0.003 -8"><span class='ocrx_word' id='word_1_210' title='bbox 1173 323 1335 358; x_wconf 80' lang='lat' dir='ltr'>Sardiniae</span> <span class='ocrx_word' id='word_1_211' title='bbox 1351 320 1603 364; x_wconf 81' lang='lat' dir='ltr'>consistentibus,</span> <span class='ocrx_word' id='word_1_212' title='bbox 1629 321 1682 365; x_wconf 90' lang='lat' dir='ltr'>qui</span> <span class='ocrx_word' id='word_1_213' title='bbox 1707 321 1779 355; x_wconf 85' lang='lat' dir='ltr'>fidei</span> <span class='ocrx_word' id='word_1_214' title='bbox 1803 321 1911 355; x_wconf 85' lang='lat' dir='ltr'>catho-</span> 
     </span>
     <span class='ocr_line' id='line_1_52' title="bbox 1173 375 1911 419; baseline -0.001 -9"><span class='ocrx_word' id='word_1_215' title='bbox 1173 377 1251 410; x_wconf 89' lang='lat' dir='ltr'>licae</span> <span class='ocrx_word' id='word_1_216' title='bbox 1266 377 1332 410; x_wconf 84' lang='lat' dir='ltr'>zelo</span> <span class='ocrx_word' id='word_1_217' title='bbox 1349 375 1474 409; x_wconf 88' lang='lat' dir='ltr'>adducti</span> <span class='ocrx_word' id='word_1_218' title='bbox 1488 375 1570 408; x_wconf 84' lang='lat' dir='ltr'>infra</span> <span class='ocrx_word' id='word_1_219' title='bbox 1587 378 1709 408; x_wconf 90' lang='lat' dir='ltr'>certum</span> <span class='ocrx_word' id='word_1_220' title='bbox 1729 384 1911 419; x_wconf 86' lang='lat' dir='ltr'>expressum</span> 
     </span>
     <span class='ocr_line' id='line_1_53' title="bbox 1174 428 1912 475; baseline -0.004 -11"><span class='ocrx_word' id='word_1_221' title='bbox 1174 436 1299 475; x_wconf 84' lang='lat' dir='ltr'>tempus</span> <span class='ocrx_word' id='word_1_222' title='bbox 1323 430 1361 464; x_wconf 87' lang='lat' dir='ltr'>ad</span> <span class='ocrx_word' id='word_1_223' title='bbox 1385 429 1557 463; x_wconf 85' lang='lat' dir='ltr'>exercitum</span> <span class='ocrx_word' id='word_1_224' title='bbox 1576 433 1649 462; x_wconf 89' lang='lat' dir='ltr'>tunc</span> <span class='ocrx_word' id='word_1_225' title='bbox 1670 428 1772 462; x_wconf 86' lang='lat' dir='ltr'>clarae</span> <span class='ocrx_word' id='word_1_226' title='bbox 1795 438 1912 462; x_wconf 84' lang='lat' dir='ltr'>memo-</span> 
     </span>
     <span class='ocr_line' id='line_1_54' title="bbox 1174 481 1912 528; baseline -0.003 -11"><span class='ocrx_word' id='word_1_227' title='bbox 1174 484 1238 518; x_wconf 85' lang='lat' dir='ltr'>riae</span> <span class='ocrx_word' id='word_1_228' title='bbox 1250 483 1386 528; x_wconf 81' lang='lat' dir='ltr'>Philippi</span> <span class='ocrx_word' id='word_1_229' title='bbox 1400 483 1424 516; x_wconf 92' lang='lat' dir='ltr'>Il</span> <span class='ocrx_word' id='word_1_230' title='bbox 1435 482 1656 527; x_wconf 81' lang='lat' dir='ltr'>Hispaniarum</span> <span class='ocrx_word' id='word_1_231' title='bbox 1670 481 1754 525; x_wconf 80' lang='lat' dir='ltr'>regis</span> <span class='ocrx_word' id='word_1_232' title='bbox 1768 481 1912 515; x_wconf 81' lang='lat' dir='ltr'>catholici</span> 
     </span>
     <span class='ocr_line' id='line_1_55' title="bbox 1174 535 1914 581; baseline -0.001 -11"><span class='ocrx_word' id='word_1_233' title='bbox 1174 541 1282 572; x_wconf 87' lang='lat' dir='ltr'>contra</span> <span class='ocrx_word' id='word_1_234' title='bbox 1299 542 1404 571; x_wconf 87' lang='lat' dir='ltr'>turcas</span> <span class='ocrx_word' id='word_1_235' title='bbox 1418 539 1636 581; x_wconf 87' lang='lat' dir='ltr'>comparatum</span> <span class='ocrx_word' id='word_1_236' title='bbox 1654 540 1764 569; x_wconf 86' lang='lat' dir='ltr'>contra</span> <span class='ocrx_word' id='word_1_237' title='bbox 1776 535 1847 569; x_wconf 89' lang='lat' dir='ltr'>illos</span> <span class='ocrx_word' id='word_1_238' title='bbox 1860 546 1914 580; x_wconf 88' lang='lat' dir='ltr'>pu-</span> 
     </span>
     <span class='ocr_line' id='line_1_56' title="bbox 1174 589 1913 634; baseline -0.004 -9"><span class='ocrx_word' id='word_1_239' title='bbox 1174 591 1299 634; x_wconf 82' lang='lat' dir='ltr'>gnaturi</span> <span class='ocrx_word' id='word_1_240' title='bbox 1330 596 1382 625; x_wconf 86' lang='lat' dir='ltr'>aut</span> <span class='ocrx_word' id='word_1_241' title='bbox 1406 590 1490 624; x_wconf 90' lang='lat' dir='ltr'>aliud</span> <span class='ocrx_word' id='word_1_242' title='bbox 1514 600 1612 633; x_wconf 86' lang='lat' dir='ltr'>genus</span> <span class='ocrx_word' id='word_1_243' title='bbox 1637 589 1754 623; x_wconf 90' lang='lat' dir='ltr'>servitii</span> <span class='ocrx_word' id='word_1_244' title='bbox 1776 589 1913 633; x_wconf 81' lang='lat' dir='ltr'>gratuito</span> 
     </span>
     <span class='ocr_line' id='line_1_57' title="bbox 1173 642 1915 689; baseline -0.005 -10"><span class='ocrx_word' id='word_1_245' title='bbox 1173 646 1286 679; x_wconf 87' lang='lat' dir='ltr'>facturi</span> <span class='ocrx_word' id='word_1_246' title='bbox 1303 645 1367 678; x_wconf 89' lang='lat' dir='ltr'>suis</span> <span class='ocrx_word' id='word_1_247' title='bbox 1384 644 1561 689; x_wconf 84' lang='lat' dir='ltr'>sumptibus</span> <span class='ocrx_word' id='word_1_248' title='bbox 1578 643 1791 685; x_wconf 80' lang='lat' dir='ltr'>accessissent,</span> <span class='ocrx_word' id='word_1_249' title='bbox 1809 647 1839 676; x_wconf 89' lang='lat' dir='ltr'>et</span> <span class='ocrx_word' id='word_1_250' title='bbox 1856 642 1915 675; x_wconf 90' lang='lat' dir='ltr'>ibi-</span> 
     </span>
     <span class='ocr_line' id='line_1_58' title="bbox 1174 696 1914 742; baseline -0.005 -10"><span class='ocrx_word' id='word_1_251' title='bbox 1174 699 1244 732; x_wconf 91' lang='lat' dir='ltr'>dem</span> <span class='ocrx_word' id='word_1_252' title='bbox 1258 709 1357 742; x_wconf 86' lang='lat' dir='ltr'>usque</span> <span class='ocrx_word' id='word_1_253' title='bbox 1371 698 1408 731; x_wconf 90' lang='lat' dir='ltr'>ad</span> <span class='ocrx_word' id='word_1_254' title='bbox 1425 698 1520 731; x_wconf 87' lang='lat' dir='ltr'>finem</span> <span class='ocrx_word' id='word_1_255' title='bbox 1538 696 1746 742; x_wconf 80' lang='lat' dir='ltr'>expeditionis</span> <span class='ocrx_word' id='word_1_256' title='bbox 1762 696 1829 730; x_wconf 88' lang='lat' dir='ltr'>eius</span> <span class='ocrx_word' id='word_1_257' title='bbox 1842 696 1914 728; x_wconf 90' lang='lat' dir='ltr'>anni</span> 
     </span>
     <span class='ocr_line' id='line_1_59' title="bbox 1173 749 1915 797; baseline -0.005 -11"><span class='ocrx_word' id='word_1_258' title='bbox 1173 753 1433 797; x_wconf 83' lang='lat' dir='ltr'>permansissent,</span> <span class='ocrx_word' id='word_1_259' title='bbox 1458 757 1510 785; x_wconf 84' lang='lat' dir='ltr'>aut</span> <span class='ocrx_word' id='word_1_260' title='bbox 1539 751 1577 784; x_wconf 90' lang='lat' dir='ltr'>de</span> <span class='ocrx_word' id='word_1_261' title='bbox 1606 751 1698 784; x_wconf 89' lang='lat' dir='ltr'>bonis</span> <span class='ocrx_word' id='word_1_262' title='bbox 1727 750 1786 783; x_wconf 87' lang='lat' dir='ltr'>sibi</span> <span class='ocrx_word' id='word_1_263' title='bbox 1810 760 1827 782; x_wconf 90' lang='lat' dir='ltr'>a</span> <span class='ocrx_word' id='word_1_264' title='bbox 1851 749 1915 782; x_wconf 89' lang='lat' dir='ltr'>Deo</span> 
     </span>
     <span class='ocr_line' id='line_1_60' title="bbox 1175 803 1917 850; baseline -0.004 -11"><span class='ocrx_word' id='word_1_265' title='bbox 1175 806 1296 840; x_wconf 87' lang='lat' dir='ltr'>collatis</span> <span class='ocrx_word' id='word_1_266' title='bbox 1313 806 1545 850; x_wconf 82' lang='lat' dir='ltr'>expeditionem</span> <span class='ocrx_word' id='word_1_267' title='bbox 1565 804 1758 849; x_wconf 84' lang='lat' dir='ltr'>praedictam</span> <span class='ocrx_word' id='word_1_268' title='bbox 1776 803 1917 836; x_wconf 87' lang='lat' dir='ltr'>adiuvas-</span> 
     </span>
     <span class='ocr_line' id='line_1_61' title="bbox 1175 850 1913 902; baseline -0.004 -11"><span class='ocrx_word' id='word_1_269' title='bbox 1175 850 1268 899; x_wconf 52' lang='lat' dir='ltr'>sents</span> <span class='ocrx_word' id='word_1_270' title='bbox 1285 859 1393 902; x_wconf 85' lang='lat' dir='ltr'>plures</span> <span class='ocrx_word' id='word_1_271' title='bbox 1418 858 1628 901; x_wconf 78' lang='lat' dir='ltr'>indulgentias</span> <span class='ocrx_word' id='word_1_272' title='bbox 1652 868 1688 890; x_wconf 91' lang='lat' dir='ltr'>ac</span> <span class='ocrx_word' id='word_1_273' title='bbox 1711 861 1913 901; x_wconf 84' lang='lat' dir='ltr'>peccatorum</span> 
     </span>
     <span class='ocr_line' id='line_1_62' title="bbox 1175 910 1916 955; baseline -0.001 -12"><span class='ocrx_word' id='word_1_274' title='bbox 1175 911 1376 944; x_wconf 87' lang='lat' dir='ltr'>remissiones</span> <span class='ocrx_word' id='word_1_275' title='bbox 1406 915 1436 944; x_wconf 89' lang='lat' dir='ltr'>et</span> <span class='ocrx_word' id='word_1_276' title='bbox 1464 911 1672 944; x_wconf 81' lang='lat' dir='ltr'>relaxationes</span> <span class='ocrx_word' id='word_1_277' title='bbox 1699 921 1759 955; x_wconf 90' lang='lat' dir='ltr'>pro</span> <span class='ocrx_word' id='word_1_278' title='bbox 1783 910 1860 943; x_wconf 86' lang='lat' dir='ltr'>vivis</span> <span class='ocrx_word' id='word_1_279' title='bbox 1885 914 1916 942; x_wconf 88' lang='lat' dir='ltr'>et</span> 
     </span>
     <span class='ocr_line' id='line_1_63' title="bbox 1175 963 1914 1007; baseline 0 -10"><span class='ocrx_word' id='word_1_280' title='bbox 1175 964 1348 1004; x_wconf 87' lang='lat' dir='ltr'>defunctis,</span> <span class='ocrx_word' id='word_1_281' title='bbox 1373 964 1513 1007; x_wconf 85' lang='lat' dir='ltr'>aliasque</span> <span class='ocrx_word' id='word_1_282' title='bbox 1537 964 1715 1007; x_wconf 87' lang='lat' dir='ltr'>spirituales</span> <span class='ocrx_word' id='word_1_283' title='bbox 1737 963 1914 998; x_wconf 89' lang='lat' dir='ltr'>eoncessio-</span> 
     </span>
     <span class='ocr_line' id='line_1_64' title="bbox 1175 1016 1915 1060; baseline 0 -11"><span class='ocrx_word' id='word_1_284' title='bbox 1175 1028 1240 1058; x_wconf 82' lang='lat' dir='ltr'>nes,</span> <span class='ocrx_word' id='word_1_285' title='bbox 1258 1027 1380 1050; x_wconf 87' lang='lat' dir='ltr'>necnon</span> <span class='ocrx_word' id='word_1_286' title='bbox 1397 1016 1573 1060; x_wconf 87' lang='lat' dir='ltr'>privilegia,</span> <span class='ocrx_word' id='word_1_287' title='bbox 1591 1017 1753 1050; x_wconf 85' lang='lat' dir='ltr'>facultates</span> <span class='ocrx_word' id='word_1_288' title='bbox 1771 1021 1801 1050; x_wconf 88' lang='lat' dir='ltr'>et</span> <span class='ocrx_word' id='word_1_289' title='bbox 1817 1016 1915 1050; x_wconf 89' lang='lat' dir='ltr'>indul-</span> 
     </span>
     <span class='ocr_line' id='line_1_65' title="bbox 1175 1070 1916 1114; baseline 0 -11"><span class='ocrx_word' id='word_1_290' title='bbox 1175 1075 1215 1112; x_wconf 88' lang='lat' dir='ltr'>ta,</span> <span class='ocrx_word' id='word_1_291' title='bbox 1234 1071 1280 1103; x_wconf 85' lang='lat' dir='ltr'>vel</span> <span class='ocrx_word' id='word_1_292' title='bbox 1294 1070 1404 1114; x_wconf 85' lang='lat' dir='ltr'>quovis</span> <span class='ocrx_word' id='word_1_293' title='bbox 1421 1070 1481 1103; x_wconf 91' lang='lat' dir='ltr'>alio</span> <span class='ocrx_word' id='word_1_294' title='bbox 1498 1070 1626 1104; x_wconf 90' lang='lat' dir='ltr'>nomine</span> <span class='ocrx_word' id='word_1_295' title='bbox 1639 1074 1835 1114; x_wconf 88' lang='lat' dir='ltr'>nuncupatas</span> <span class='ocrx_word' id='word_1_296' title='bbox 1848 1080 1916 1113; x_wconf 82' lang='lat' dir='ltr'>gra-</span> 
     </span>
     <span class='ocr_line' id='line_1_66' title="bbox 1175 1123 1429 1164; baseline -0.004 -7"><span class='ocrx_word' id='word_1_297' title='bbox 1175 1125 1233 1157; x_wconf 89' lang='lat' dir='ltr'>tias</span> <span class='ocrx_word' id='word_1_298' title='bbox 1258 1123 1429 1164; x_wconf 70' lang='lat' dir='ltr'>concessit,</span> 
     </span>
    </p>

    <p class='ocr_par' dir='ltr' id='par_1_19' title="bbox 1175 1176 1920 2076">
     <span class='ocr_line' id='line_1_67' title="bbox 1221 1176 1915 1222; baseline -0.001 -11"><span class='ocrx_word' id='word_1_299' title='bbox 1221 1179 1235 1222; x_wconf 62' lang='grc' dir='ltr'>ἓ</span> <span class='ocrx_word' id='word_1_300' title='bbox 1260 1178 1289 1211; x_wconf 72' lang='lat'>02.</span> <span class='ocrx_word' id='word_1_301' title='bbox 1315 1179 1357 1211; x_wconf 91' lang='lat' dir='ltr'>Ac</span> <span class='ocrx_word' id='word_1_302' title='bbox 1382 1177 1567 1211; x_wconf 82' lang='lat' dir='ltr'>recolendae</span> <span class='ocrx_word' id='word_1_303' title='bbox 1599 1176 1772 1211; x_wconf 86' lang='lat' dir='ltr'>memoriae</span> <span class='ocrx_word' id='word_1_304' title='bbox 1796 1176 1915 1220; x_wconf 82' lang='lat' dir='ltr'>Grego-</span> 
     </span>
     <span class='ocr_line' id='line_1_68' title="bbox 1176 1231 1915 1276; baseline -0.003 -11"><span class='ocrx_word' id='word_1_305' title='bbox 1176 1232 1241 1265; x_wconf 86' lang='lat' dir='ltr'>rius</span> <span class='ocrx_word' id='word_1_306' title='bbox 1258 1233 1341 1276; x_wconf 86' lang='lat' dir='ltr'>Papa</span> <span class='ocrx_word' id='word_1_307' title='bbox 1357 1231 1434 1272; x_wconf 85' lang='lat' dir='ltr'>XIII,</span> <span class='ocrx_word' id='word_1_308' title='bbox 1448 1231 1541 1264; x_wconf 88' lang='lat' dir='ltr'>etiam</span> <span class='ocrx_word' id='word_1_309' title='bbox 1559 1231 1784 1275; x_wconf 86' lang='lat' dir='ltr'>praedeeessor</span> <span class='ocrx_word' id='word_1_310' title='bbox 1799 1233 1915 1270; x_wconf 86' lang='lat' dir='ltr'>noster,</span> 
     </span>
     <span class='ocr_line' id='line_1_69' title="bbox 1176 1283 1916 1330; baseline -0.005 -11"><span class='ocrx_word' id='word_1_311' title='bbox 1176 1291 1300 1330; x_wconf 84' lang='lat' dir='ltr'>tempus</span> <span class='ocrx_word' id='word_1_312' title='bbox 1318 1285 1349 1318; x_wconf 92' lang='lat' dir='ltr'>in</span> <span class='ocrx_word' id='word_1_313' title='bbox 1369 1284 1442 1317; x_wconf 92' lang='lat' dir='ltr'>dicti</span> <span class='ocrx_word' id='word_1_314' title='bbox 1461 1284 1505 1317; x_wconf 86' lang='lat' dir='ltr'>Pii</span> <span class='ocrx_word' id='word_1_315' title='bbox 1526 1283 1780 1328; x_wconf 89' lang='lat' dir='ltr'>praedecessoris</span> <span class='ocrx_word' id='word_1_316' title='bbox 1803 1283 1916 1316; x_wconf 88' lang='lat' dir='ltr'>litteris</span> 
     </span>
     <span class='ocr_line' id='line_1_70' title="bbox 1175 1336 1918 1383; baseline -0.004 -11"><span class='ocrx_word' id='word_1_317' title='bbox 1175 1339 1350 1383; x_wconf 84' lang='lat' dir='ltr'>praefixum</span> <span class='ocrx_word' id='word_1_318' title='bbox 1375 1337 1588 1382; x_wconf 85' lang='lat' dir='ltr'>prorogando,</span> <span class='ocrx_word' id='word_1_319' title='bbox 1609 1337 1839 1379; x_wconf 78' lang='lat' dir='ltr'>concessiones,</span> <span class='ocrx_word' id='word_1_320' title='bbox 1856 1336 1918 1381; x_wconf 87' lang='lat' dir='ltr'>pri-</span> 
     </span>
     <span class='ocr_line' id='line_1_71' title="bbox 1176 1391 1918 1436; baseline -0.003 -10"><span class='ocrx_word' id='word_1_321' title='bbox 1176 1393 1300 1436; x_wconf 84' lang='lat' dir='ltr'>vilegia,</span> <span class='ocrx_word' id='word_1_322' title='bbox 1312 1392 1485 1433; x_wconf 86' lang='lat' dir='ltr'>facultates,</span> <span class='ocrx_word' id='word_1_323' title='bbox 1497 1391 1618 1424; x_wconf 83' lang='lat' dir='ltr'>indulta</span> <span class='ocrx_word' id='word_1_324' title='bbox 1631 1397 1661 1425; x_wconf 90' lang='lat' dir='ltr'>et</span> <span class='ocrx_word' id='word_1_325' title='bbox 1677 1391 1794 1435; x_wconf 77' lang='lat' dir='ltr'>gratias</span> <span class='ocrx_word' id='word_1_326' title='bbox 1810 1391 1918 1424; x_wconf 91' lang='lat' dir='ltr'>huius-</span> 
     </span>
     <span class='ocr_line' id='line_1_72' title="bbox 1177 1444 1917 1487; baseline -0.004 -6"><span class='ocrx_word' id='word_1_327' title='bbox 1177 1447 1273 1487; x_wconf 83' lang='lat' dir='ltr'>modi,</span> <span class='ocrx_word' id='word_1_328' title='bbox 1297 1446 1456 1479; x_wconf 89' lang='lat' dir='ltr'>nonnullis</span> <span class='ocrx_word' id='word_1_329' title='bbox 1472 1445 1541 1479; x_wconf 89' lang='lat' dir='ltr'>aliis</span> <span class='ocrx_word' id='word_1_330' title='bbox 1564 1444 1687 1487; x_wconf 86' lang='lat' dir='ltr'>additis,</span> <span class='ocrx_word' id='word_1_331' title='bbox 1705 1445 1870 1479; x_wconf 86' lang='lat' dir='ltr'>declaratis</span> <span class='ocrx_word' id='word_1_332' title='bbox 1887 1450 1917 1478; x_wconf 90' lang='lat' dir='ltr'>et</span> 
     </span>
     <span class='ocr_line' id='line_1_73' title="bbox 1176 1498 1917 1541; baseline -0.004 -7"><span class='ocrx_word' id='word_1_333' title='bbox 1176 1500 1364 1541; x_wconf 88' lang='lat' dir='ltr'>immutatis,</span> <span class='ocrx_word' id='word_1_334' title='bbox 1388 1499 1427 1532; x_wconf 85' lang='lat' dir='ltr'>ad</span> <span class='ocrx_word' id='word_1_335' title='bbox 1451 1499 1611 1533; x_wconf 81' lang='lat' dir='ltr'>Indiarum</span> <span class='ocrx_word' id='word_1_336' title='bbox 1636 1498 1733 1532; x_wconf 88' lang='lat' dir='ltr'>maris</span> <span class='ocrx_word' id='word_1_337' title='bbox 1757 1498 1870 1532; x_wconf 87' lang='lat' dir='ltr'>Oceani</span> <span class='ocrx_word' id='word_1_338' title='bbox 1887 1502 1917 1532; x_wconf 88' lang='lat' dir='ltr'>et</span> 
     </span>
     <span class='ocr_line' id='line_1_74' title="bbox 1177 1552 1918 1598; baseline -0.004 -10"><span class='ocrx_word' id='word_1_339' title='bbox 1177 1554 1267 1598; x_wconf 82' lang='lat' dir='ltr'>regni</span> <span class='ocrx_word' id='word_1_340' title='bbox 1284 1553 1408 1587; x_wconf 87' lang='lat' dir='ltr'>Siciliae</span> <span class='ocrx_word' id='word_1_341' title='bbox 1423 1553 1506 1586; x_wconf 89' lang='lat' dir='ltr'>ultra</span> <span class='ocrx_word' id='word_1_342' title='bbox 1523 1553 1670 1597; x_wconf 82' lang='lat' dir='ltr'>pharum,</span> <span class='ocrx_word' id='word_1_343' title='bbox 1688 1552 1783 1586; x_wconf 89' lang='lat' dir='ltr'>etiam</span> <span class='ocrx_word' id='word_1_344' title='bbox 1799 1552 1918 1596; x_wconf 88' lang='lat' dir='ltr'>aliquot</span> 
     </span>
     <span class='ocr_line' id='line_1_75' title="bbox 1176 1606 1919 1650; baseline -0.003 -9"><span class='ocrx_word' id='word_1_345' title='bbox 1176 1608 1281 1642; x_wconf 85' lang='lat' dir='ltr'>forsan</span> <span class='ocrx_word' id='word_1_346' title='bbox 1298 1607 1432 1641; x_wconf 88' lang='lat' dir='ltr'>aliorum</span> <span class='ocrx_word' id='word_1_347' title='bbox 1445 1617 1618 1650; x_wconf 85' lang='lat' dir='ltr'>regnorum</span> <span class='ocrx_word' id='word_1_348' title='bbox 1632 1611 1662 1640; x_wconf 88' lang='lat' dir='ltr'>et</span> <span class='ocrx_word' id='word_1_349' title='bbox 1674 1606 1828 1649; x_wconf 84' lang='lat' dir='ltr'>locorum,</span> <span class='ocrx_word' id='word_1_350' title='bbox 1846 1616 1919 1650; x_wconf 91' lang='lat' dir='ltr'>per-</span> 
     </span>
     <span class='ocr_line' id='line_1_76' title="bbox 1177 1659 1918 1706; baseline -0.004 -11"><span class='ocrx_word' id='word_1_351' title='bbox 1177 1672 1287 1703; x_wconf 88' lang='lat' dir='ltr'>sonas,</span> <span class='ocrx_word' id='word_1_352' title='bbox 1312 1671 1392 1706; x_wconf 84' lang='lat' dir='ltr'>quae</span> <span class='ocrx_word' id='word_1_353' title='bbox 1417 1660 1490 1694; x_wconf 90' lang='lat' dir='ltr'>dicti</span> <span class='ocrx_word' id='word_1_354' title='bbox 1516 1659 1650 1704; x_wconf 87' lang='lat' dir='ltr'>Philippi</span> <span class='ocrx_word' id='word_1_355' title='bbox 1675 1660 1760 1703; x_wconf 81' lang='lat' dir='ltr'>regis</span> <span class='ocrx_word' id='word_1_356' title='bbox 1783 1659 1918 1703; x_wconf 89' lang='lat' dir='ltr'>imperio</span> 
     </span>
     <span class='ocr_line' id='line_1_77' title="bbox 1177 1712 1918 1755; baseline -0.004 -7"><span class='ocrx_word' id='word_1_357' title='bbox 1177 1719 1281 1748; x_wconf 85' lang='lat' dir='ltr'>essent</span> <span class='ocrx_word' id='word_1_358' title='bbox 1304 1714 1471 1755; x_wconf 86' lang='lat' dir='ltr'>subiectae,</span> <span class='ocrx_word' id='word_1_359' title='bbox 1497 1713 1652 1754; x_wconf 82' lang='lat' dir='ltr'>extendit;</span> <span class='ocrx_word' id='word_1_360' title='bbox 1678 1723 1713 1746; x_wconf 84' lang='lat' dir='ltr'>ae</span> <span class='ocrx_word' id='word_1_361' title='bbox 1738 1712 1851 1746; x_wconf 91' lang='lat' dir='ltr'>deinde</span> <span class='ocrx_word' id='word_1_362' title='bbox 1875 1712 1918 1745; x_wconf 91' lang='lat' dir='ltr'>di-</span> 
     </span>
     <span class='ocr_line' id='line_1_78' title="bbox 1177 1766 1919 1810; baseline -0.004 -8"><span class='ocrx_word' id='word_1_363' title='bbox 1177 1769 1258 1802; x_wconf 88' lang='lat' dir='ltr'>versi</span> <span class='ocrx_word' id='word_1_364' title='bbox 1270 1767 1402 1801; x_wconf 84' lang='lat' dir='ltr'>Romani</span> <span class='ocrx_word' id='word_1_365' title='bbox 1415 1767 1590 1808; x_wconf 87' lang='lat' dir='ltr'>Pontifices,</span> <span class='ocrx_word' id='word_1_366' title='bbox 1601 1767 1695 1801; x_wconf 87' lang='lat' dir='ltr'>etiam</span> <span class='ocrx_word' id='word_1_367' title='bbox 1715 1766 1815 1800; x_wconf 87' lang='lat' dir='ltr'>nostri</span> <span class='ocrx_word' id='word_1_368' title='bbox 1831 1776 1919 1810; x_wconf 86' lang='lat' dir='ltr'>prae-</span> 
     </span>
     <span class='ocr_line' id='line_1_79' title="bbox 1177 1819 1920 1864; baseline -0.004 -9"><span class='ocrx_word' id='word_1_369' title='bbox 1177 1822 1369 1862; x_wconf 89' lang='lat' dir='ltr'>decessores,</span> <span class='ocrx_word' id='word_1_370' title='bbox 1394 1826 1425 1854; x_wconf 89' lang='lat' dir='ltr'>et</span> <span class='ocrx_word' id='word_1_371' title='bbox 1447 1831 1504 1854; x_wconf 90' lang='lat' dir='ltr'>nos</span> <span class='ocrx_word' id='word_1_372' title='bbox 1529 1821 1622 1853; x_wconf 83' lang='lat' dir='ltr'>etiam</span> <span class='ocrx_word' id='word_1_373' title='bbox 1648 1820 1715 1853; x_wconf 85' lang='lat' dir='ltr'>illas</span> <span class='ocrx_word' id='word_1_374' title='bbox 1736 1819 1920 1864; x_wconf 83' lang='lat' dir='ltr'>prorogavi-</span> 
     </span>
     <span class='ocr_line' id='line_1_80' title="bbox 1179 1874 1920 1918; baseline -0.004 -9"><span class='ocrx_word' id='word_1_375' title='bbox 1179 1887 1258 1917; x_wconf 87' lang='lat' dir='ltr'>mus,</span> <span class='ocrx_word' id='word_1_376' title='bbox 1283 1875 1480 1909; x_wconf 85' lang='lat' dir='ltr'>extendimus</span> <span class='ocrx_word' id='word_1_377' title='bbox 1504 1879 1534 1908; x_wconf 90' lang='lat' dir='ltr'>et</span> <span class='ocrx_word' id='word_1_378' title='bbox 1558 1874 1799 1918; x_wconf 85' lang='lat' dir='ltr'>ampliavimus,</span> <span class='ocrx_word' id='word_1_379' title='bbox 1824 1879 1920 1918; x_wconf 92' lang='lat' dir='ltr'>prout</span> 
     </span>
     <span class='ocr_line' id='line_1_81' title="bbox 1178 1927 1919 1972; baseline -0.004 -10"><span class='ocrx_word' id='word_1_380' title='bbox 1178 1929 1210 1962; x_wconf 92' lang='lat' dir='ltr'>in</span> <span class='ocrx_word' id='word_1_381' title='bbox 1234 1929 1365 1962; x_wconf 88' lang='lat' dir='ltr'>diversis</span> <span class='ocrx_word' id='word_1_382' title='bbox 1397 1928 1509 1961; x_wconf 87' lang='lat' dir='ltr'>litteris</span> <span class='ocrx_word' id='word_1_383' title='bbox 1541 1927 1741 1972; x_wconf 83' lang='lat' dir='ltr'>apostolicis,</span> <span class='ocrx_word' id='word_1_384' title='bbox 1767 1927 1862 1960; x_wconf 85' lang='lat' dir='ltr'>etiam</span> <span class='ocrx_word' id='word_1_385' title='bbox 1887 1927 1919 1960; x_wconf 90' lang='lat' dir='ltr'>in</span> 
     </span>
     <span class='ocr_line' id='line_1_82' title="bbox 1179 1980 1920 2026; baseline 0 -11"><span class='ocrx_word' id='word_1_386' title='bbox 1179 1983 1279 2015; x_wconf 79' lang='lat' dir='ltr'>forma</span> <span class='ocrx_word' id='word_1_387' title='bbox 1310 1981 1417 2015; x_wconf 84' lang='lat' dir='ltr'>Brevis</span> <span class='ocrx_word' id='word_1_388' title='bbox 1441 1981 1576 2026; x_wconf 86' lang='lat' dir='ltr'>desuper</span> <span class='ocrx_word' id='word_1_389' title='bbox 1601 1981 1772 2026; x_wconf 85' lang='lat' dir='ltr'>expeditis,</span> <span class='ocrx_word' id='word_1_390' title='bbox 1797 1980 1920 2025; x_wconf 88' lang='lat' dir='ltr'>plenius</span> 
     </span>
     <span class='ocr_line' id='line_1_83' title="bbox 1179 2036 1377 2076; baseline -0.005 -6"><span class='ocrx_word' id='word_1_391' title='bbox 1179 2036 1356 2070; x_wconf 84' lang='lat' dir='ltr'>continetur</span> <span class='ocrx_word' id='word_1_392' title='bbox 1370 2047 1377 2076; x_wconf 89' lang='lat'>;</span> 
     </span>
    </p>
   </div>
   <div class='ocr_carea' id='block_1_17' title="bbox 1224 2088 2119 2133">
    <p class='ocr_par' dir='ltr' id='par_1_20' title="bbox 1224 2088 2119 2133">
     <span class='ocr_line' id='line_1_84' title="bbox 1224 2088 2119 2133; baseline -0.003 -10"><span class='ocrx_word' id='word_1_393' title='bbox 1224 2090 1238 2133; x_wconf 61' lang='grc' dir='ltr'><strong>ἓ</strong></span> <span class='ocrx_word' id='word_1_394' title='bbox 1262 2089 1290 2123; x_wconf 79' lang='lat'>3.</span> <span class='ocrx_word' id='word_1_395' title='bbox 1312 2089 1496 2129; x_wconf 84' lang='lat' dir='ltr'>Novissime,</span> <span class='ocrx_word' id='word_1_396' title='bbox 1514 2089 1679 2122; x_wconf 85' lang='lat' dir='ltr'>occasione</span> <span class='ocrx_word' id='word_1_397' title='bbox 1699 2088 1920 2121; x_wconf 86' lang='lat' dir='ltr'>celebrationis</span> <span class='ocrx_word' id='word_1_398' title='bbox 1962 2094 2072 2115; x_wconf 76' lang='lat' dir='ltr'>Cnmvero</span> <span class='ocrx_word' id='word_1_399' title='bbox 2081 2093 2119 2115; x_wconf 81' lang='lat' dir='ltr'>Ur-</span> 
     </span>
    </p>
   </div>
   <div class='ocr_carea' id='block_1_18' title="bbox 1935 2121 2120 2142">
    <p class='ocr_par' dir='ltr' id='par_1_21' title="bbox 1935 2121 2120 2142">
     <span class='ocr_line' id='line_1_85' title="bbox 1935 2121 2120 2142; baseline -0.005 0"><span class='ocrx_word' id='word_1_400' title='bbox 1935 2121 2002 2142; x_wconf 77' lang='lat' dir='ltr'>hauus</span> <span class='ocrx_word' id='word_1_401' title='bbox 2024 2122 2120 2141; x_wconf 74' lang='lat' dir='ltr'>occasio-</span> 
     </span>
    </p>
   </div>
   <div class='ocr_carea' id='block_1_19' title="bbox 1179 2141 2120 2185">
    <p class='ocr_par' dir='ltr' id='par_1_22' title="bbox 1179 2141 2120 2185">
     <span class='ocr_line' id='line_1_86' title="bbox 1179 2141 2120 2185; baseline -0.003 -9"><span class='ocrx_word' id='word_1_402' title='bbox 1179 2142 1366 2176; x_wconf 85' lang='lat' dir='ltr'>sauctissimi</span> <span class='ocrx_word' id='word_1_403' title='bbox 1390 2141 1517 2175; x_wconf 84' lang='lat' dir='ltr'>iubilaei</span> <span class='ocrx_word' id='word_1_404' title='bbox 1541 2141 1684 2185; x_wconf 86' lang='lat' dir='ltr'>proxime</span> <span class='ocrx_word' id='word_1_405' title='bbox 1708 2141 1814 2174; x_wconf 86' lang='lat' dir='ltr'>futuro</span> <span class='ocrx_word' id='word_1_406' title='bbox 1838 2151 1920 2175; x_wconf 89' lang='lat' dir='ltr'>anno</span> <span class='ocrx_word' id='word_1_407' title='bbox 1935 2148 2018 2168; x_wconf 69' lang='lat' dir='ltr'>neanui</span> <span class='ocrx_word' id='word_1_408' title='bbox 2033 2148 2120 2168; x_wconf 65' lang='lat' dir='ltr'>iubihwi</span> 
     </span>
    </p>
   </div>
   <div class='ocr_carea' id='block_1_20' title="bbox 1935 2180 2120 2200">
    <p class='ocr_par' dir='ltr' id='par_1_23' title="bbox 1935 2180 2120 2200">
     <span class='ocr_line' id='line_1_87' title="bbox 1935 2180 2120 2200; baseline 0 -6"><span class='ocrx_word' id='word_1_409' title='bbox 1935 2180 2007 2194; x_wconf 72' lang='grc' dir='ltr'>(1111ῐὶ85</span> <span class='ocrx_word' id='word_1_410' title='bbox 2033 2180 2120 2200; x_wconf 70' lang='lat' dir='ltr'>Suspen-</span> 
     </span>
    </p>
   </div>
   <div class='ocr_carea' id='block_1_21' title="bbox 1180 2195 1940 2724">
    <p class='ocr_par' dir='ltr' id='par_1_24' title="bbox 1180 2195 1940 2724">
     <span class='ocr_line' id='line_1_88' title="bbox 1180 2195 1940 2248; baseline -0.003 -19"><span class='ocrx_word' id='word_1_411' title='bbox 1180 2197 1346 2230; x_wconf 86' lang='lat' dir='ltr'>millesimo</span> <span class='ocrx_word' id='word_1_412' title='bbox 1378 2196 1605 2230; x_wconf 82' lang='lat' dir='ltr'>sexcentesimo</span> <span class='ocrx_word' id='word_1_413' title='bbox 1633 2195 1785 2239; x_wconf 86' lang='lat' dir='ltr'>vigesimo</span> <span class='ocrx_word' id='word_1_414' title='bbox 1810 2195 1940 2248; x_wconf 56' lang='lat' dir='ltr'>quint0;</span> 
     </span>
     <span class='ocr_line' id='line_1_89' title="bbox 1180 2248 1920 2294; baseline -0.003 -11"><span class='ocrx_word' id='word_1_415' title='bbox 1180 2251 1326 2283; x_wconf 76' lang='lat' dir='ltr'>universo</span> <span class='ocrx_word' id='word_1_416' title='bbox 1340 2250 1458 2294; x_wconf 83' lang='lat' dir='ltr'>populo</span> <span class='ocrx_word' id='word_1_417' title='bbox 1472 2249 1643 2282; x_wconf 82' lang='lat' dir='ltr'>christiano</span> <span class='ocrx_word' id='word_1_418' title='bbox 1656 2248 1774 2289; x_wconf 86' lang='lat' dir='ltr'>indicti,</span> <span class='ocrx_word' id='word_1_419' title='bbox 1785 2248 1920 2282; x_wconf 88' lang='lat' dir='ltr'>aliorum</span> 
     </span>
     <span class='ocr_line' id='line_1_90' title="bbox 1180 2302 1920 2338; baseline -0.004 0"><span class='ocrx_word' id='word_1_420' title='bbox 1180 2306 1394 2338; x_wconf 84' lang='lat' dir='ltr'>Romanorum</span> <span class='ocrx_word' id='word_1_421' title='bbox 1422 2303 1608 2337; x_wconf 85' lang='lat' dir='ltr'>Pontificum</span> <span class='ocrx_word' id='word_1_422' title='bbox 1633 2313 1755 2335; x_wconf 89' lang='lat' dir='ltr'>morem</span> <span class='ocrx_word' id='word_1_423' title='bbox 1780 2304 1815 2335; x_wconf 77' lang='lat' dir='ltr'>ea</span> <span class='ocrx_word' id='word_1_424' title='bbox 1836 2302 1867 2335; x_wconf 91' lang='lat' dir='ltr'>iu</span> <span class='ocrx_word' id='word_1_425' title='bbox 1887 2313 1920 2335; x_wconf 89' lang='lat' dir='ltr'>re</span> 
     </span>
     <span class='ocr_line' id='line_1_91' title="bbox 1181 2356 1921 2402; baseline -0.004 -11"><span class='ocrx_word' id='word_1_426' title='bbox 1181 2358 1314 2402; x_wconf 88' lang='lat' dir='ltr'>sequuti,</span> <span class='ocrx_word' id='word_1_427' title='bbox 1331 2358 1368 2390; x_wconf 87' lang='lat' dir='ltr'>de</span> <span class='ocrx_word' id='word_1_428' title='bbox 1387 2357 1578 2401; x_wconf 83' lang='lat' dir='ltr'>apostolicae</span> <span class='ocrx_word' id='word_1_429' title='bbox 1603 2356 1766 2400; x_wconf 85' lang='lat' dir='ltr'>potestatis</span> <span class='ocrx_word' id='word_1_430' title='bbox 1788 2356 1921 2400; x_wconf 86' lang='lat' dir='ltr'>plenitu-</span> 
     </span>
     <span class='ocr_line' id='line_1_92' title="bbox 1181 2409 1921 2454; baseline -0.004 -9"><span class='ocrx_word' id='word_1_431' title='bbox 1181 2412 1253 2445; x_wconf 90' lang='lat' dir='ltr'>dine</span> <span class='ocrx_word' id='word_1_432' title='bbox 1278 2422 1387 2445; x_wconf 87' lang='lat' dir='ltr'>omnes</span> <span class='ocrx_word' id='word_1_433' title='bbox 1418 2416 1448 2444; x_wconf 87' lang='lat' dir='ltr'>et</span> <span class='ocrx_word' id='word_1_434' title='bbox 1472 2421 1687 2454; x_wconf 86' lang='lat' dir='ltr'>quascumque</span> <span class='ocrx_word' id='word_1_435' title='bbox 1712 2409 1921 2453; x_wconf 79' lang='lat' dir='ltr'>indulgentias</span> 
     </span>
     <span class='ocr_line' id='line_1_93' title="bbox 1182 2463 1922 2509; baseline -0.004 -10"><span class='ocrx_word' id='word_1_436' title='bbox 1182 2466 1274 2499; x_wconf 87' lang='lat' dir='ltr'>etiam</span> <span class='ocrx_word' id='word_1_437' title='bbox 1299 2465 1466 2509; x_wconf 90' lang='lat' dir='ltr'>plenarias,</span> <span class='ocrx_word' id='word_1_438' title='bbox 1486 2470 1516 2497; x_wconf 89' lang='lat' dir='ltr'>et</span> <span class='ocrx_word' id='word_1_439' title='bbox 1535 2465 1573 2498; x_wconf 89' lang='lat' dir='ltr'>ad</span> <span class='ocrx_word' id='word_1_440' title='bbox 1594 2464 1692 2497; x_wconf 87' lang='lat' dir='ltr'>instar</span> <span class='ocrx_word' id='word_1_441' title='bbox 1712 2463 1847 2504; x_wconf 88' lang='lat' dir='ltr'>iubilaei,</span> <span class='ocrx_word' id='word_1_442' title='bbox 1864 2473 1922 2496; x_wconf 89' lang='lat' dir='ltr'>nec</span> 
     </span>
     <span class='ocr_line' id='line_1_94' title="bbox 1182 2517 1922 2559; baseline -0.003 -7"><span class='ocrx_word' id='word_1_443' title='bbox 1182 2530 1243 2553; x_wconf 90' lang='lat' dir='ltr'>nou</span> <span class='ocrx_word' id='word_1_444' title='bbox 1278 2519 1459 2559; x_wconf 88' lang='lat' dir='ltr'>facultates,</span> <span class='ocrx_word' id='word_1_445' title='bbox 1493 2518 1711 2552; x_wconf 87' lang='lat' dir='ltr'>concessiones</span> <span class='ocrx_word' id='word_1_446' title='bbox 1741 2523 1771 2551; x_wconf 89' lang='lat' dir='ltr'>et</span> <span class='ocrx_word' id='word_1_447' title='bbox 1803 2517 1922 2550; x_wconf 89' lang='lat' dir='ltr'>indulta</span> 
     </span>
     <span class='ocr_line' id='line_1_95' title="bbox 1182 2570 1921 2617; baseline -0.004 -11"><span class='ocrx_word' id='word_1_448' title='bbox 1182 2583 1410 2617; x_wconf 82' lang='lat' dir='ltr'>quaecumque,</span> <span class='ocrx_word' id='word_1_449' title='bbox 1427 2583 1444 2605; x_wconf 89' lang='lat' dir='ltr'>a</span> <span class='ocrx_word' id='word_1_450' title='bbox 1464 2571 1564 2614; x_wconf 87' lang='lat' dir='ltr'>nobis,</span> <span class='ocrx_word' id='word_1_451' title='bbox 1582 2576 1613 2604; x_wconf 87' lang='lat' dir='ltr'>et</span> <span class='ocrx_word' id='word_1_452' title='bbox 1630 2571 1712 2604; x_wconf 75' lang='lat' dir='ltr'>dicta</span> <span class='ocrx_word' id='word_1_453' title='bbox 1731 2570 1820 2611; x_wconf 89' lang='lat' dir='ltr'>Sede,</span> <span class='ocrx_word' id='word_1_454' title='bbox 1841 2570 1921 2603; x_wconf 90' lang='lat' dir='ltr'>eius-</span> 
     </span>
     <span class='ocr_line' id='line_1_96' title="bbox 1183 2623 1922 2672; baseline -0.004 -11"><span class='ocrx_word' id='word_1_455' title='bbox 1183 2638 1244 2672; x_wconf 88' lang='lat' dir='ltr'>que</span> <span class='ocrx_word' id='word_1_456' title='bbox 1259 2627 1456 2668; x_wconf 81' lang='lat' dir='ltr'>auctoritate,</span> <span class='ocrx_word' id='word_1_457' title='bbox 1472 2626 1722 2670; x_wconf 87' lang='lat' dir='ltr'>quibuscumque</span> <span class='ocrx_word' id='word_1_458' title='bbox 1736 2623 1876 2658; x_wconf 86' lang='lat' dir='ltr'>ecclesiis</span> <span class='ocrx_word' id='word_1_459' title='bbox 1893 2627 1922 2658; x_wconf 77' lang='lat' dir='ltr'>el</span> 
     </span>
     <span class='ocr_line' id='line_1_97' title="bbox 1184 2677 1923 2724; baseline -0.007 -9"><span class='ocrx_word' id='word_1_460' title='bbox 1184 2680 1383 2716; x_wconf 88' lang='lat' dir='ltr'>monasteriis</span> <span class='ocrx_word' id='word_1_461' title='bbox 1408 2680 1570 2724; x_wconf 79' lang='lat' dir='ltr'>utriusque</span> <span class='ocrx_word' id='word_1_462' title='bbox 1595 2689 1685 2714; x_wconf 83' lang='lat' dir='ltr'>sexus</span> <span class='ocrx_word' id='word_1_463' title='bbox 1709 2689 1744 2713; x_wconf 86' lang='lat' dir='ltr'>ac</span> <span class='ocrx_word' id='word_1_464' title='bbox 1765 2677 1923 2713; x_wconf 83' lang='lat' dir='ltr'>conventi-</span> 
     </span>
    </p>
   </div>
   <div class='ocr_carea' id='block_1_22' title="bbox 1924 273 2109 302">
    <p class='ocr_par' dir='ltr' id='par_1_25' title="bbox 1924 273 2109 302">
     <span class='ocr_line' id='line_1_98' title="bbox 1924 273 2109 302; baseline 0 -2"><span class='ocrx_word' id='word_1_465' title='bbox 1924 273 1974 301; x_wconf 83' lang='lat' dir='ltr'>An.</span> <span class='ocrx_word' id='word_1_466' title='bbox 1990 273 2020 302; x_wconf 88' lang='lat' dir='ltr'>C.</span> <span class='ocrx_word' id='word_1_467' title='bbox 2042 273 2109 301; x_wconf 68' lang='lat'>162⁴</span> 
     </span>
    </p>
   </div>
   <div class='ocr_carea' id='block_1_23' title="bbox 1931 1187 2115 1266">
    <p class='ocr_par' dir='ltr' id='par_1_26' title="bbox 1931 1187 2115 1266">
     <span class='ocr_line' id='line_1_99' title="bbox 1957 1187 2114 1212; baseline 0 -5"><span class='ocrx_word' id='word_1_468' title='bbox 1957 1187 2012 1210; x_wconf 61' lang='lat' dir='ltr'>Quas</span> <span class='ocrx_word' id='word_1_469' title='bbox 2037 1187 2114 1212; x_wconf 65' lang='lat' dir='ltr'>Grego-</span> 
     </span>
     <span class='ocr_line' id='line_1_100' title="bbox 1931 1213 2115 1243; baseline 0 -9"><span class='ocrx_word' id='word_1_470' title='bbox 1931 1213 1974 1234; x_wconf 82' lang='lat' dir='ltr'>rius</span> <span class='ocrx_word' id='word_1_471' title='bbox 1997 1214 2043 1243; x_wconf 65' lang='lat' dir='ltr'>Mil</span> <span class='ocrx_word' id='word_1_472' title='bbox 2066 1219 2115 1240; x_wconf 81' lang='lat' dir='ltr'>pro-</span> 
     </span>
     <span class='ocr_line' id='line_1_101' title="bbox 1931 1242 2020 1266; baseline 0.022 -7"><span class='ocrx_word' id='word_1_473' title='bbox 1931 1242 2020 1266; x_wconf 68' lang='lat' dir='ltr'>rogavit,</span> 
     </span>
    </p>
   </div>
   <div class='ocr_carea' id='block_1_24' title="bbox 1942 2201 2120 2231">
    <p class='ocr_par' dir='ltr' id='par_1_27' title="bbox 1942 2201 2120 2231">
     <span class='ocr_line' id='line_1_102' title="bbox 1942 2201 2120 2231; baseline 0.006 -10"><span class='ocrx_word' id='word_1_474' title='bbox 1942 2201 1991 2231; x_wconf 74' lang='lat' dir='ltr'>ierit</span> <span class='ocrx_word' id='word_1_475' title='bbox 2013 2201 2120 2227; x_wconf 72' lang='lat' dir='ltr'>indulgen-</span> 
     </span>
    </p>
   </div>
  </div>
 </body>
</html>
