2269 3235
108 251 156 278 An.
173 249 202 277 G.
224 248 290 277 1627

159 685 188 705 Ab
203 684 243 704 hoe
259 682 294 703 da-

111 714 168 733 creto
188 710 294 740 excipiatis

111 741 144 759 tui·
156 742 294 758 commissarii

111 765 138 786 ad
150 764 238 785 ducatus
247 769 295 789 pos-

112 796 225 812 sessiouem
260 795 294 809 ca-

112 817 210 845 piendam
223 822 235 837 a
247 822 295 836 sau-

112 846 146 865 cta
157 843 213 865 Sede
229 842 295 869 depu-

113 870 157 892 tati.

144 1698 255 1719 Contraria
263 1698 301 1719 tol·

118 1725 194 1746 luatur.

159 1910 304 1937 Transumpus

121 1937 191 1959 danda
206 1937 265 1958 fides.

914 246 1056 270 URBANUS
1081 246 1135 270 vlt}
1160 247 1207 270 FP.

306 305 377 329 rum
402 294 632 337 significatione
657 304 720 328 non
742 294 893 334 venirent,
911 294 963 327 sed
982 304 1046 338 spe-

306 347 437 381 cialibus
462 347 640 391 indigerent
667 347 837 389 vocabulis,
862 348 1046 390 specialem-

307 411 378 445 que,
404 411 583 445 expressam
600 405 630 434 et
643 400 835 434 individuam
849 400 1047 443 requirerent

308 454 511 496 mentionem,
536 454 680 496 faciendi,
705 454 839 494 dicendi,
864 453 992 496 gerendi
1018 458 1048 485 et

308 508 504 551 exequendi,
528 508 653 552 plenam
668 534 675 548 ,
700 507 831 540 liberam
857 511 887 539 et
911 506 1045 550 amplam

308 559 486 592 facultatem
500 563 530 591 et
543 558 770 600 auctoritatem,
784 562 891 590 tenore
905 567 1048 600 praesen-

310 611 387 644 tium
412 611 613 646 concedimus
639 615 669 644 et
692 611 902 654 impartimur.

354 666 369 709 ξ
394 665 422 699 5.
449 666 512 699 Sub
537 665 750 710 prohibitione
772 668 874 698 autem
900 668 930 696 et
954 663 1049 697 inter-

310 719 392 752 dicto
416 730 473 763 per
496 723 525 753 te
549 719 658 762 vigore
671 718 883 762 praesentium
901 717 1049 750 faciendis

311 777 340 805 et
355 771 562 816 publicandis,
578 772 726 805 nolumus
740 771 974 815 comprehendi,
992 781 1050 804 nec

311 826 558 870 comprehensos
581 825 646 858 ullo
671 825 766 858 modo
787 824 924 867 censeri,
950 835 1052 858 armo-

311 890 383 912 rum
400 880 640 922 gubernatores,
654 879 774 912 arcium
791 879 976 923 praefectos,
987 878 1051 912 sire

311 933 496 966 castellanos
520 936 550 967 et
573 932 756 967 militiarum
775 933 969 976 capitaneos,
994 943 1051 965 nec

312 987 399 1029 alios⁷
418 986 482 1030 qui,
498 997 558 1030 pro
572 986 723 1030 capienda
736 986 906 1027 civitatum,
921 986 1051 1027 arcium,

314 1040 546 1081 fortalitiorum,
572 1044 740 1080 terrarum,
765 1043 952 1081 castrorum,
970 1040 1053 1084 pala-

315 1094 429 1127 tiorum
455 1093 585 1126 dominii
611 1093 705 1126 totius
726 1094 829 1127 Status
854 1094 1052 1135 huiusmodi,

313 1158 349 1180 ac
380 1147 536 1180 bonorum
568 1138 736 1180 feudalium
768 1147 831 1180 sive
863 1147 1052 1181 iurisdictio-

313 1201 430 1233 nalium
467 1201 554 1234 Sedis
586 1206 615 1233 et
646 1211 789 1234 camerae
820 1201 1052 1245 praedictarum

313 1254 528 1298 possessione,
553 1265 588 1287 ac
613 1265 722 1287 eorum
755 1259 863 1288 contra
892 1266 1000 1288 omnes
1025 1261 1054 1288 01

314 1318 540 1352 quoscumque,
558 1307 612 1351 qui
632 1307 683 1339 illa
708 1307 854 1341 invadere
874 1319 1055 1352 praesume-

314 1366 394 1402 rent,
419 1360 610 1401 defensione,
629 1362 690 1394 una
712 1372 783 1394 cum
805 1362 957 1395 militibus
982 1373 1055 1395 suae

314 1426 408 1449 curae
433 1415 620 1456 commissis,
640 1420 704 1457 tua,
719 1427 772 1449 seu
787 1417 923 1450 aliorum
936 1427 952 1449 a
966 1418 1055 1451 nobis

315 1469 533 1503 auctoritatem
560 1474 590 1502 et
615 1470 793 1502 facultatem
819 1470 858 1502 ad
883 1470 913 1503 id
938 1471 1055 1504 haben-

314 1524 403 1568 tium,
424 1524 509 1557 iussa
525 1528 555 1556 et
579 1523 725 1557 mandata
749 1524 780 1556 in
805 1528 933 1558 eventus
953 1525 1057 1558 huius-

315 1578 410 1621 modi,
431 1579 478 1619 ea,
496 1588 558 1621 qua
570 1578 668 1619 decet,
684 1577 933 1622 promptitudine
947 1579 1057 1623 exequi

316 1633 429 1667 dehent
452 1636 483 1666 et
507 1636 661 1666 tenentur.

360 1688 375 1731 ἓ
400 1686 428 1719 6.
454 1686 522 1720 Νο11
542 1685 738 1719 obstantibus
762 1685 960 1729 praemissis,
985 1696 1057 1719 nec-

316 1751 379 1774 non
390 1740 537 1774 omnibus
548 1739 618 1780 illis,
628 1749 706 1782 quae
719 1740 749 1771 in
760 1739 928 1783 praedictis
945 1739 1058 1772 litteris

318 1794 474 1828 voluimus
492 1803 556 1826 non
572 1792 707 1834 obstare,
728 1793 903 1837 ceterisque
928 1797 1055 1827 contra·

319 1847 374 1880 riis
391 1846 651 1891 quibuscumq'he.

363 1902 378 1945 ἓ
403 1901 431 1934 7.
462 1901 612 1935 Volumus
640 1906 764 1942 autem,
790 1906 822 1934 ut
846 1902 1059 1945 praesentium

318 1955 533 1999 transumptis,
543 1965 598 1988 seu
611 1956 770 1999 exemplis,
783 1956 876 1988 etiam
888 1956 1059 1999 impressis,

318 2020 413 2042 manu
430 2009 561 2043 alicuius
586 2009 699 2042 notarii
724 2010 843 2053 publici
865 2010 1059 2053 subscriptis,

319 2068 348 2096 et
372 2063 475 2107 sigillo
499 2073 652 2107 personae
677 2063 709 2096 in
732 2063 883 2106 dignitate
912 2064 1058 2097 ecclesia-

318 2117 396 2151 stica
413 2117 599 2150 constitutae
623 2117 769 2158 munitis,
796 2118 904 2151 eadem
929 2129 1060 2162 prorsus

318 2171 397 2205 fides
412 2171 444 2204 in
460 2171 576 2205 iudicio
594 2176 624 2204 et
641 2177 745 2212 extra,
770 2171 888 2215 ubique
906 2172 1059 2214 locorum,

320 2225 489 2268 habeatur,
514 2235 594 2269 quae
623 2225 842 2269 praesentibus
872 2225 1058 2268 haberetur,

322 2279 347 2312 si
364 2279 466 2312 forent
490 2279 645 2312 exhibitae
662 2279 709 2312 vel
727 2282 878 2313 ostensae.

365 2333 476 2366 Datum
498 2333 625 2374 Romae,
645 2332 727 2377 apud
756 2333 784 2366 S.
813 2333 941 2366 Mariam
965 2333 1060 2367 Maio-

320 2396 399 2428 rem,
416 2386 473 2419 sub
490 2386 604 2420 annulo
614 2386 791 2428 Piscatoris,
800 2387 851 2420 die
867 2397 921 2421 xlv
938 2387 1061 2430 augusti

322 2450 485 2481 nncxxvn,
507 2441 687 2485 pontifiatus
711 2441 812 2474 nostri
837 2451 919 2474 anno
943 2452 972 2474 v.

359 2502 417 2530 Dat.
434 2503 477 2531 die
496 2503 526 2530 14
541 2503 649 2539 augusti
664 2504 742 2539 1627,
759 2504 855 2540 pontif.
873 2512 942 2532 anno
957 2511 982 2531 v.

1723 235 1781 268 591
1832 244 1880 269 11η.
1898 243 1924 269 c.
1950 242 2014 269 1627

1384 294 1513 327 CCLVll.

1084 365 1459 408 (⁷‹n1sis1-matu1·‹lec-retum
1472 366 1650 407 Conqrvssal
1656 364 1704 396 ion
1712 364 1737 395 is
1749 364 1822 397 Con-

1126 418 1199 451 cilit'
1229 430 1326 463 supet·
1354 418 1594 457 vzntrae'tmmiis,
1628 428 1709 462 (luae
1740 417 1823 449 111101·

1126 472 1281 515 lrasfereu
1289 476 1331 504 tes
1341 471 1541 504 (Introit-[lium
1555 471 1689 504 0011111111,
1697 474 1795 503 untur
1806 469 1822 501 ¹.

1287 552 1425 578 Urbanus
1446 553 1525 585 Papa
1544 552 1620 584 vm,

1225 597 1259 622 ad
1280 596 1412 622 futuram
1432 596 1476 622 rei
1496 596 1676 623 memoriam.
1739 607 1754 619 ·

1128 667 1142 707 ξ
1165 667 1188 698 1.
1214 666 1333 709 Exponi
1350 666 1440 698 nobis
1457 677 1559 709 nuper
1576 667 1646 700 fecit
1667 667 1825 699 renerabi-
1868 680 1933 709 11111111
1950 680 1976 699 :ai
1992 686 2024 711 2⁴*

1084 719 1120 751 lis
1134 720 1230 751 frater
1244 719 1499 763 archiepiscopus
1513 720 1715 760 (blemensis,
1730 720 1824 763 quod,
1840 707 2024 759 filiiflii?'tsi-Cffflssl

1085 772 1191 805 habito
1216 783 1317 816 nuper
1333 783 1389 816 per
1406 783 1478 805 euin
1497 772 1534 804 ad
1557 773 1751 805 venerabiles
1769 774 1826 805 fra-
1841 763 1888 780 ’Μ’

1085 831 1148 859 tres
1172 831 1297 859 nostros
1315 826 1343 858 S.
1362 827 1396 858 r..
1417 826 1447 858 E.
1467 825 1640 858 cardinales
1658 826 1826 859 5110116011-

1086 880 1148 912 1·1111
1173 880 1346 913 Tridentini
1372 880 1560 924 interpretes
1581 891 1713 913 recursu
1733 890 1827 923 super

1086 934 1292 978 infrascriptis
1317 933 1438 973 dubiis,
1464 933 1624 967 videlieet:

1130 988 1253 1021 Primo:
1278 988 1323 1020 An
1348 987 1469 1020 incolae
1494 992 1556 1019 tam
1582 988 1713 1020 masculi
1733 998 1826 1031 quam

1087 1042 1220 1075 feminae
1252 1042 1332 1082 loci,
1357 1042 1389 1074 in
1413 1052 1475 1085 quo
1503 1042 1676 1075 Concilium
1697 1042 1828 1075 Triden-

1088 1096 1186 1128 tinum
1208 1097 1238 1128 in
1263 1100 1380 1139 puncto
1405 1095 1598 1129 matrimonii
1622 1102 1668 1128 est
1687 1096 1829 1140 promul—

1088 1155 1195 1192 gatum
1221 1155 1251 1182 et
1275 1153 1480 1193 acceptatum,
1499 1154 1694 1182 transeuntes
1711 1160 1767 1193 per
1784 1151 1827 1183 lo-

1089 1213 1159 1236 cum
1196 1203 1228 1235 in
1259 1214 1320 1246 quo
1351 1203 1469 1236 dictum
1501 1203 1673 1236 Comeilium
1698 1214 1761 1236 non
1786 1209 1831 1236 est

1088 1257 1335 1300 promulgatum,
1346 1256 1516 1289 retinentes
1527 1256 1608 1289 idem
1623 1256 1829 1295 domicilium,

1090 1309 1188 1342 valide
1213 1310 1334 1353 possint.
1358 1309 1390 1342 in
1414 1310 1474 1342 isto
1498 1310 1568 1343 loco
1594 1310 1829 1343 matrimonium

1090 1363 1156 1395 sine
1180 1364 1319 1406 parocho
1344 1368 1374 1396 et
1399 1363 1530 1396 testibus
1554 1364 1763 1396 contrahere‘?

1135 1417 1294 1450 Secundo:
1320 1416 1408 1459 Quid7
1428 1417 1451 1449 si
1481 1428 1518 1450 00
1536 1417 1686 1460 praedicti
1712 1417 1831 1450 incolae

1092 1474 1154 1504 tam
1182 1471 1313 1503 masculi
1339 1481 1432 1514 quam
1464 1471 1596 1504 feminae
1627 1471 1694 1504 solo
1725 1471 1831 1505 animo

1092 1524 1157 1556 sine
1186 1525 1326 1568 parocho
1351 1529 1381 1557 et
1405 1525 1535 1557 testibus
1568 1525 1773 1557 contrahendi
1801 1535 1832 1558 se

1093 1578 1291 1618 transferant,
1316 1577 1541 1611 habitationem
1566 1588 1630 1611 11011
1654 1579 1832 1611 mutantes‘?

1136 1631 1262 1663 Tertio:
1296 1631 1395 1670 Quid,
1429 1632 1453 1663 si
1490 1631 1583 1663 iidem
1618 1632 1737 1665 incolae
1771 1637 1832 1664 tam

1093 1684 1224 1716 masculi
1242 1695 1336 1728 quain
1361 1684 1494 1717 feminae
1513 1695 1549 1717 eo
1568 1686 1755 1718 transferant
1778 1686 1833 1719 ha-

1092 1737 1297 1779 bitationem,
1326 1738 1378 1771 illo
1403 1738 1470 1771 5010
1495 1739 1622 1781 animo,
1653 1744 1687 1771 ut
1717 1739 1834 1783 absque

1094 1792 1232 1835 parocho
1253 1796 1283 1824 et
1300 1791 1430 1824 testibus
1447 1792 1657 1825 contrahant?

1138 1846 1153 1889 ξ
1177 1845 1206 1879 81.
1232 1845 1330 1878 11110111
1356 1845 1548 1885 cardinales,
1575 1846 1612 1878 ad
1637 1846 1777 1889 primum
1806 1852 1835 1879 et
1884 1856 1966 1876 sum-io
1982 1856 2035 1888 con-

1094 1899 1277 1941 secundum,
1299 1910 1362 1932 non
1379 1910 1446 1932 esse
1471 1900 1647 1942 legitimum
1672 1900 1835 1933 matrimo-
1851 1884 2036 1932 {mua-niscan-

1094 1953 1180 1985 11111111
1201 1953 1282 1986 inter
1307 1953 1351 1985 sic
1381 1964 1413 1986 se
1441 1955 1663 1986 transferentes
1693 1959 1723 1986 et
1750 1959 1834 1986 tran-

1076 2013 1218 2041 iseuntes
1243 2019 1314 2041 eum
1339 2007 1458 2048 fraude,
1480 2008 1517 2041 ad
1544 2008 1669 2040 tertium
1689 2019 1763 2042 vero
1783 2009 1836 2041 du-

1094 2062 1220 2094 biorum
1254 2061 1454 2101 huiusmodi,
1486 2062 1512 2094 si
1544 2061 1738 2095 domicilium
1764 2074 1835 2095 rere

1094 2116 1291 2156 transferant⁷
1306 2115 1619 2148 111111111110111111110550
1637 2116 1775 2148 validum
1791 2127 1836 2149 re-

1095 2170 1290 2214 sponderunt
1315 2176 1344 2203 et
1368 2170 1584 2211 resolverunt,
1609 2176 1703 2214 prout
1727 2171 1758 2203 in
1783 2171 1836 2203 de-

1095 2229 1181 2257 creto
1199 2224 1335 2267 desuper
1355 2228 1498 2256 emanato
1512 2224 1634 2267 plenius
1649 2224 1834 2258 continetur.

1140 2279 1154 2321 g
1171 2277 1199 2310 3.
1218 2278 1293 2311 Cum
1320 2282 1435 2318 autem,
1460 2278 1538 2310 sicut
1557 2278 1665 2310 eadem
1685 2278 1836 2322 expositio
1853 2313 1863 2332 s
1874 2285 1960 2331 7Ιξιχῐίψῑτ
1969 2286 2037 2331 ‘15⁰3-

1095 2331 1315 2374 subiungebat,
1326 2331 1426 2364 dictus
1441 2331 1698 2375 arcl‘tiepiseopus
1711 2342 1838 2375 respon-
1854 2319 1989 2359 tii‘viiiiiiihr’iil
2002 2319 2012 2332 Α
2026 2321 2034 2333 k

1097 2396 1176 2426 suin,
1193 2396 1248 2418 seu
1265 2385 1435 2417 dubiorum
1460 2384 1695 2428 praedictorum
1720 2386 1838 2419 resolu-

1096 2440 1213 2472 tionem
1238 2438 1430 2479 huiusmodi,
1449 2449 1508 2482 pro
1530 2439 1612 2471 illius
1638 2438 1838 2472 subsistentia

1097 2499 1126 2527 et
1147 2493 1303 2526 validitate
1329 2492 1542 2533 firmioribus,
1567 2493 1758 2536 apostolicae
1782 2503 1839 2527 no-

1097 2552 1179 2580 strae
1215 2545 1464 2579 confirmationis
1498 2546 1615 2581 robore
1650 2547 1838 2581 communiri

1097 2610 1298 2644 summopere
1322 2599 1494 2632 desideret:

1135 2665 1146 2691 1
1169 2663 1207 2691 Ex
1225 2662 1332 2698 Regest.
1353 2663 1381 2690 in
1400 2661 1502 2690 Secret.
1523 2662 1600 2690 Brev.
