2269 3235
252 242 300 269 An.
321 242 349 270 c.
366 241 434 268 1627
482 232 545 266 (300

251 305 294 328 au,
310 307 331 325 ui
347 305 366 324 m
382 303 435 323 (ω...
451 289 508 322 sub
534 289 673 323 kalendis
697 290 762 322 iulii
787 288 985 332 pontificatus
1001 288 1047 320 sui
1068 298 1150 321 anno
1166 297 1186 330 1,

251 334 513 387 Ti'ss¹¹¹2·}'.'31'i2.'‘³¹}'.;qua
538 348 678 379 cavetur.
703 353 741 374 ne.
766 342 846 374 bona
871 341 900 373 in
926 342 1073 381 forenses,
1091 345 1121 373 et
1137 351 1187 374 ea-

450 402 513 429 stra
538 397 658 440 aliaque
680 395 934 427 iurisdictitmalia
951 399 1013 426 tam
1037 394 1066 426 in
1084 395 1186 427 soren-

451 462 498 483 ses
516 461 607 493 quam
635 450 664 481 iu
690 449 830 481 subditos
858 449 976 491 absque
1001 448 1088 481 Sedis
1105 449 1187 492 Apo-

451 503 576 535 stolieae
597 502 720 534 licentia
735 502 919 541 alienentur,
934 512 969 533 ac
982 501 1074 533 aliam
1088 512 1105 533 a
1118 501 1188 545 piae

452 555 620 587 memoriae
638 554 793 586 Clemente
809 554 882 595 vlll,
898 553 954 586 sub
972 553 1073 597 pridie
1090 563 1188 586 nonas

453 608 504 640 iuli
517 607 725 651 ipoutiticatus
735 606 781 639 sui
792 617 873 639 anno
883 617 911 648 x,
924 606 1100 650 praedictae
1112 606 1188 639 Sixti

453 660 677 693 innovatoriam
695 670 729 691 ac
747 659 946 699 extensivam,
964 670 999 691 ae
1024 659 1187 703 reliquam,

452 718 603 757 perpetuo
629 713 776 745 valituras
801 712 1039 745 constitutiones
1063 722 1080 744 a
1104 723 1190 746 reco-

452 767 560 799 lendae
578 766 749 799 memoriae
768 766 862 798 Paulo
883 766 975 798 etiam
992 765 1024 806 V,
1041 765 1189 798 Romanis

454 819 654 853 Pontificibus
675 818 973 863 praedecessoribus
993 818 1118 859 nostris,
1132 818 1189 851 sub

452 884 495 906 ΧΠ
526 873 673 905 kalendas
704 871 880 904 decembris
917 871 1117 914 pontificatus
1142 871 1189 904 sui

451 936 532 959 anuo
547 936 611 965 xm,
626 925 797 968 respective
815 924 894 957 datis
908 923 1030 965 editas¹‚
1049 935 1084 957 ac
1100 936 1189 969 prae-

452 979 548 1011 dictas
569 978 644 1011 Sixti
669 982 697 1011 et
721 978 887 1011 Clementis
910 978 1189 1021 praedecessorum

451 1032 542 1064 etiam
568 1031 794 1063 innovatoriam
818 1036 847 1063 ct
868 1031 1107 1064 declaratoriam
1127 1042 1190 1064 non

453 1090 568 1117 tantum
582 1084 753 1127 apostolica
770 1084 953 1117 auctoritate
967 1088 1118 1128 perpetuo
1135 1095 1191 1129 ap-

452 1138 675 1182 probavimus,
701 1137 955 1170 contirmavimus
980 1143 1009 1170 et
1032 1138 1191 1171 innovavi-

452 1203 530 1232 mus,
552 1192 605 1224 sed
625 1192 717 1224 etiam
741 1191 778 1224 ad
803 1197 904 1224 castra
924 1192 1036 1233 diruta,
1057 1197 1190 1233 tenutas,

451 1245 579 1289 praedia
596 1246 689 1278 etiam
704 1255 766 1278 non
782 1245 1041 1278 iurisdictionalia
1052 1246 1083 1278 in
1098 1248 1191 1279 conti-

451 1300 542 1332 nibus
568 1299 627 1331 loci
654 1299 920 1339 iurisdictionalis,
941 1303 969 1333 et
994 1299 1032 1331 ad
1057 1300 1139 1333 bona
1159 1300 1190 1332 in

451 1359 559 1385 nostro
574 1358 603 1385 et
621 1357 744 1385 sanetae
760 1353 917 1385 Romanae
932 1353 1089 1386 Ecclesiae
1103 1354 1190 1387 Statu

451 1417 485 1439 ac
506 1406 640 1439 confinio
659 1406 838 1449 principum
863 1411 1043 1439 exterorum
1069 1407 1136 1450 sita,
1155 1407 1190 1439 il-

451 1460 616 1503 lorumque
641 1459 822 1499 locationes,
844 1470 878 1492 ac
896 1470 1047 1492 censuum
1072 1471 1190 1494 annuo-

450 1524 521 1546 rum
540 1524 633 1557 super
647 1513 829 1556 praemissis
845 1513 1069 1557 impositiones,
1089 1519 1118 1546 et
1136 1515 1191 1546 im-

450 1567 625 1611 positorum
651 1566 865 1607 venditiones,
890 1567 973 1599 dicta
1006 1568 1190 1601 auctoritate

451 1621 544 1653 etiam
567 1626 720 1664 perpetuo
746 1620 943 1653 extendimus
968 1626 998 1653 ct
1027 1621 1190 1665 ampliavi-

451 1685 531 1713 mus,
549 1678 641 1718 prout
660 1674 691 1706 in
715 1674 831 1706 nostris
855 1674 990 1718 desuper
1007 1675 1065 1707 sub
1083 1675 1189 1707 datum

452 1728 592 1761 kalendis
613 1728 688 1759 iunii
710 1727 911 1771 pontificatus
930 1728 1030 1760 nostri
1048 1739 1130 1762 anno
1148 1739 1189 1762 lv.

496 1783 510 1825 ξ,
525 1782 553 1814 P..
569 1782 694 1822 Verum,
710 1781 791 1824 quia,
807 1781 885 1813 sicut
898 1782 989 1814 nobis
1006 1787 1114 1825 postea
1127 1793 1190 1816 non

451 1835 518 1868 sine
539 1835 626 1878 gravi
647 1834 744 1867 animi*
758 1835 858 1867 nostri
879 1845 1025 1868 moerore
1044 1835 1190 1877 innotuit,

452 1889 555 1921 variae
580 1888 710 1932 impune
745 1892 854 1921 contra
879 1888 1137 1922 constitutionum
1162 1894 1192 1922 et

451 1943 627 1975 litterarum
642 1941 876 1985 praedictarum
887 1947 1011 1975 tenores
1022 1943 1119 1976 sactae
1129 1943 1191 1976 fue-

451 2001 524 2028 runt
541 1995 752 2037 alienationes,
766 1999 805 2037 et,
819 1995 878 2027 nisi
893 1995 923 2027 in
941 1996 1122 2039 praemissis
1136 1997 1191 2030 ali-

452 2049 535 2094 quod
561 2054 774 2093 opportunum
795 2049 969 2082 remedium
995 2050 1190 2092 adhibeatur,

451 2103 625 2147 perieulum
651 2108 707 2144 est,
727 2113 765 2135 ne
792 2104 944 2146 temporis
969 2115 1141 2147 progressu
1162 2110 1192 2138 et

452 2157 600 2189 varietate
625 2156 797 2191 iurisdictio
823 2157 926 2200 aliqua
950 2162 1136 2201 usurpetur,
1162 2163 1192 2191 et

452 2210 578 2243 termini
600 2220 654 2242 seu
679 2210 756 2242 smes
778 2210 1040 2243 iurisdictionales
1065 2212 1192 2244 consun-

454 2263 575 2304 dantur,
594 2274 647 2295 seu
672 2264 846 2296 confusioni
872 2268 902 2296 ct
925 2264 1122 2308 usurpationi
1139 2265 1193 2298 hu-

455 2317 587 2349 iusmodi
608 2317 731 2349 occasio
756 2317 961 2360 praebeatur:

257 2376 439 2427 gretffiraotffiffijhtssg
500 2370 562 2411 53.
588 2371 660 2409 Nos,
679 2370 709 2402 in
727 2371 918 2414 praemissis,
944 2376 1095 2415 quantum
1120 2382 1192 2405 cum

257 2457 358 2477 mmm
415 2441 440 2476 Usi
456 2424 586 2456 Ili-mmo
610 2434 794 2467 possumus,
820 2429 998 2468 opportune
1026 2425 1193 2469 providere

258 2484 308 2505 Sem
339 2485 353 2503 A
412 2490 440 2502 ›1-
457 2480 603 2518 volentes,
626 2487 659 2509 ae
687 2477 944 2511 constitutionum
963 2483 992 2510 ct
1016 2479 1193 2513 litterarum

257 2512 440 2575 E'ssss.,ss?12{]2‡¹“,.ffss
458 2529 644 2571 uuinmiodi,
666 2540 682 2561 a
699 2530 813 2573 quibus
834 2542 891 2574 per
908 2536 1089 2575 praesentes
1105 2543 1193 2565 rece-

258 2566 322 2584 ¹¹¹⁸⁶¹¹
359 2570 440 2585 ‘'unm''
457 2583 530 2614 dere.
555 2593 616 2614 non
641 2583 840 2625 intendimus,
861 2585 915 2617 sed
940 2585 970 2617 in
995 2595 1104 2618 earum
1128 2585 1193 2629 pri-

493 2645 503 2671 ¹l
527 2643 598 2671 Edit.
618 2644 696 2672 Main.
718 2645 782 2681 legit
801 2646 892 2680 datas,
914 2648 1006 2676 editas
1025 2648 1063 2683 (a.
1080 2647 1128 2683 Τ.).

252 388 301 406 unta
321 387 349 407 ad
369 386 433 405 iubri-

252 419 305 434 cam.

293 1791 373 1811 Causae
391 1796 436 1810 cre-

253 1819 328 1838 ctteuis
375 1818 436 1837 limus

254 1844 435 1870 (Jongrepatiouis.

258 2591 336 2617 panda.

1027 240 1207 264 BULLARIUM
1227 239 1314 264 ROMA
1323 240 1388 265 NUM

1222 298 1332 322 maevo
1348 287 1464 321 robore
1481 297 1533 321 eas
1554 293 1708 333 perpetuo
1727 299 1892 324 remanere
1913 301 1962 324 vo-

1222 342 1346 383 lumus,
1372 346 1453 375 totos
1477 346 1508 375 et
1538 342 1676 385 integros
1713 349 1836 376 tenores
1868 344 1961 377 etiam

1223 395 1361 429 veriores
1385 406 1421 429 ac
1441 395 1537 438 datas,
1563 395 1695 439 perinde
1712 407 1747 429 ac
1764 397 1788 429 si
1807 397 1844 429 de
1864 398 1961 432 verbo

1222 448 1260 481 ad
1286 449 1415 482 verbum
1433 449 1659 489 insererentur,
1672 450 1890 493 praesentibus
1904 461 1962 494 pro

1223 501 1314 545 plene
1338 506 1367 535 et
1391 501 1582 534 sufficienter
1610 502 1768 545 expressis
1793 502 1963 546 habentes,

1222 557 1309 588 motu
1333 555 1476 599 proprio,
1493 565 1555 588 non
1581 554 1620 587 ad
1644 554 1777 588 alicuius
1801 555 1893 589 nohis
1913 556 1963 589 de-

1223 617 1317 651 super
1334 607 1456 641 oblatae
1472 607 1632 652 petitionis
1650 608 1840 649 instantiam,
1855 609 1908 642 sed
1926 620 1962 642 ex

1224 662 1309 693 certa
1334 661 1476 702 scientia,
1494 662 1644 704 meraque
1662 660 1886 695 deliberatione
1906 672 1962 695 no-

1223 713 1305 753 stris,
1326 723 1362 746 ae
1378 713 1416 746 de
1436 714 1625 757 apostolicae
1650 713 1812 757 potestatis
1831 714 1964 758 plenitu-

1223 765 1305 806 dine,
1318 766 1601 809 Congregationem
1616 767 1654 799 de
1668 767 1846 800 confinibus
1860 767 1963 801 Status

1225 819 1431 852 Ecclesiastici
1450 819 1539 852 nobis
1554 824 1583 852 et
1601 819 1671 853 Sedi
1689 820 1887 864 Apostolicae
1901 831 1964 854 me-

1224 871 1306 904 diate
1318 872 1365 905 vel
1379 872 1559 906 immediate
1571 873 1700 907 subiecti
1710 874 1964 918 nuncupandam,

1225 935 1305 968 quae
1329 925 1383 958 uni
1398 924 1407 941 ¹
1432 936 1468 958 ex
1493 925 1634 958 eiusdem
1659 931 1784 959 sanctae
1805 927 1964 961 Romanae

1225 978 1381 1010 Ecclesiae
1403 978 1624 1019 cardinalibus,
1650 979 1703 1022 qui
1729 980 1914 1022 praesectuS,
1935 985 1965 1013 et

1225 1031 1292 1063 aliis
1317 1031 1432 1074 partim
1451 1041 1487 1063 ex
1508 1032 1598 1063 sacra
1623 1032 1767 1064 consulta
1787 1032 1890 1065 Status
1910 1033 1965 1065 bu-

1226 1085 1360 1117 iusmodi
1402 1084 1516 1128 partim
1555 1095 1591 1118 ex
1632 1087 1757 1118 camera
1793 1087 1965 1130 apostolica

1225 1138 1395 1182 praedicta,
1409 1148 1530 1171 necnon
1547 1138 1641 1171 etiam
1659 1138 1816 1182 aliquibus
1833 1139 1902 1172 aliis
1919 1140 1966 1172 in-

1226 1192 1367 1235 signibus
1385 1201 1401 1224 a
1418 1192 1558 1225 Romano
1576 1191 1727 1225 Pontificc
1747 1203 1806 1236 pro
1824 1197 1966 1237 tempore

1226 1244 1377 1277 existente
1401 1245 1570 1288 seligendis
1593 1245 1680 1286 viris,
1698 1245 1751 1289 qui
1770 1247 1966 1280 consultores

1225 1298 1326 1330 dictae
1351 1299 1605 1341 congregationis
1630 1299 1804 1343 respective
1822 1299 1964 1342 existant,

1225 1355 1368 1386 constare
1393 1352 1522 1393 deheat;
1650 1344 1653 1347 ¹

1270 1406 1284 1449 g
1309 1405 1337 1438 lt.
1364 1406 1401 1438 Et
1425 1405 1508 1450 apud
1533 1416 1639 1449 quam,
1664 1416 1699 1439 ac
1723 1407 1918 1451 praesectum
1936 1412 1967 1440 et

1225 1459 1421 1492 consultores
1438 1459 1629 1499 huiusmodi,
1646 1469 1755 1492 omnes
1776 1465 1806 1493 et
1827 1460 1966 1502 singulas

1225 1512 1428 1554 venditiones,
1457 1513 1722 1556 permutationes,
1752 1513 1965 1555 alienationes,

1225 1570 1254 1597 et
1278 1575 1493 1610 quascumque
1517 1566 1593 1598 alias
1618 1566 1841 1610 dispositiones
1858 1571 1967 1600 contra

1225 1619 1272 1651 vel
1297 1624 1422 1662 praeter
1447 1624 1588 1652 tenorem
1607 1625 1637 1652 et
1660 1620 1793 1653 sormam
1812 1620 1967 1658 dictarum

1225 1672 1482 1706 constitutionum
1501 1677 1530 1705 et
1547 1672 1723 1705 litterarum
1746 1673 1841 1705 factas
1860 1684 1896 1706 ac
1920 1674 1966 1707 sa-

1225 1725 1361 1766 ciendas,
1373 1731 1435 1758 tam
1450 1726 1593 1770 partibus
1611 1726 1807 1769 instantibus,
1822 1738 1916 1771 quam
1930 1738 1968 1761 ex

1225 1779 1339 1820 officio,
1355 1780 1576 1822 cognoscendi,
1598 1780 1805 1821 examinandi,
1816 1791 1861 1821 ac,
1872 1786 1968 1824 prout

1226 1833 1270 1865 eis
1294 1832 1395 1865 visum
1420 1833 1523 1875 suerit,
1543 1833 1573 1865 in
1592 1837 1655 1867 toto
1672 1834 1719 1866 vel
1742 1833 1772 1866 in
1796 1839 1884 1878 parte
1901 1845 1968 1868 cas-

1217 1886 1323 1928 ·sandi,
1349 1886 1549 1927 annullandi,
1575 1890 1628 1920 aut
1651 1887 1752 1920 nullas
1777 1887 1967 1929 declarandi,

1226 1939 1422 1981 moderandi,
1446 1940 1669 1982 restringendi,
1694 1940 1872 1982 revocandi,
1898 1952 1969 1974 con-

1225 1993 1371 2026 firmandi
1392 1998 1422 2026 et
1445 1993 1654 2037 approbandi,
1672 1999 1725 2027 aut
1742 1994 1780 2027 de
1797 2005 1879 2028 novo
1897 2006 1968 2029 con-

1226 2047 1373 2087 cedendi;
1398 2047 1608 2081 dubitationes
1633 2058 1850 2092 quascumque
1873 2059 1969 2092 super

1226 2101 1344 2134 eisdem
1369 2101 1646 2134 constitutionibus
1672 2106 1701 2134 et
1724 2101 1846 2142 litteris,
1865 2103 1968 2136 causis

1226 2154 1429 2188 cloccasione
1442 2148 1666 2187 alienationum
1680 2155 1870 2196 lmiusmodi,
1883 2160 1968 2189 ortas

1226 2208 1273 2240 vel
1299 2207 1447 2240 oriundas
1472 2207 1611 2249 tollendi,
1630 2207 1809 2240 declarandi
1833 2212 1863 2240 et
1888 2208 1969 2242 deci-

1226 2261 1335 2302 dendi,
1352 2271 1475 2295 necnon
1493 2262 1723 2295 controversias
1741 2267 1771 2295 et
1787 2262 1857 2295 lites
1877 2273 1968 2306 quas-

1227 2326 1372 2359 cumque,
1389 2315 1453 2348 sive
1474 2315 1555 2348 inter
1575 2326 1642 2358 nos,
1665 2316 1788 2357 Sedem,
1810 2327 1968 2350 cameram

1227 2369 1431 2414 apostolicam
1450 2374 1480 2402 et
1496 2380 1711 2413 quascumque
1728 2381 1890 2413 personas,
1906 2374 1968 2405 tam

1227 2423 1394 2463 seculares,
1412 2433 1507 2467 quam
1532 2423 1766 2466 ecclesiasticas,
1789 2424 1969 2458 cuiuscum-

1227 2488 1287 2521 que
1301 2476 1470 2520 dignitatis,
1484 2476 1610 2520 gi‘aduS‚
1626 2477 1754 2520 ordinis,
1769 2482 1876 2520 status,
1895 2489 1970 2512 con-

1227 2530 1354 2564 ditionis
1364 2535 1394 2564 et
1406 2530 1682 2574 praeeminentiae,
1696 2531 1788 2564 etiam
1803 2532 1841 2565 de
1854 2533 1969 2576 quibus

1227 2584 1372 2628 specialis
1393 2589 1423 2617 et
1443 2583 1603 2616 individua
1627 2584 1745 2618 mentio
1770 2585 1910 2619 facienda
1927 2586 1969 2620 so-

1263 2647 1273 2673 1
1298 2645 1392 2682 Aptius
1411 2646 1548 2682 legeretur
1567 2655 1624 2675 uno
1643 2649 1684 2683 (R.
1704 2647 1753 2682 12).

1979 243 2027 272 An.
2044 243 2072 272 G.
2093 245 2160 274 1627

2052 1416 2110 1441 Quae
2124 1417 2166 1438 sint

1981 1448 2062 1464 causae
2085 1444 2112 1464 ab
2140 1446 2165 1465 ea

1982 1471 2151 1496 cognoscendae.
