2269 3235
95 283 148 310 An.
165 283 194 310 C.
213 280 279 309 1627

131 822 189 845 Quae
205 821 232 842 ab
247 827 282 841 ac-

100 850 171 875 gratis.
181 850 229 871 etc..
242 849 283 868 siut

99 875 233 902 praestanda.

151 1353 208 1373 Aliae
224 1352 286 1373 etiam

106 1380 248 1401 conceduntur
257 1380 286 1400 in-

105 1407 231 1432 dulgentiae.

121 2071 126 2074 Ι
155 2044 183 2074 Ae
197 2049 291 2073 praeser-

111 2073 147 2091 tim
176 2077 197 2091 ln
222 2073 294 2092 mortis

111 2098 205 2119 articulo.

140 2364 237 2384 Potestas
254 2363 298 2388 epi-

114 2390 184 2415 scopis
195 2389 250 2410 saeta
261 2390 297 2409 mi-

113 2416 185 2437 litibus
212 2416 299 2437 benedi·

115 2442 184 2464 cendi.

900 262 1042 302 numus
1067 278 1121 302 vui
1143 278 1190 301 rr.

291 327 486 372 Apostolicae
503 327 574 361 Sedi
594 326 830 371 quomodolibet
853 326 1029 368 reservatis,

292 381 386 414 etiam
411 381 564 414 contentis
589 381 619 413 in
646 381 733 413 Bulla
758 379 807 412 die
831 380 951 412 Coenae
971 379 1030 411 Do-

293 434 371 467 mini
395 435 456 477 legi
481 435 582 476 solita,
601 435 632 467 in
652 434 720 467 soro
737 432 947 466 conscientiae
969 437 1033 463 tan-

293 492 369 529 tum,
388 487 526 520 iniuncta
551 487 663 531 cuique
688 486 815 519 illorum
840 483 1031 528 poenitentia

294 540 441 581 salutari,
467 541 649 581 absolvere,
673 549 795 572 necnon
828 548 936 571 eorum
963 540 1032 570 vota

295 603 512 638 quaecumque
537 593 710 636 (castitatis,
729 597 758 625 et
775 590 937 634 religionis
954 590 1034 623 votis

295 647 457 680 dumtaxat
481 647 629 691 exeeptis)
652 646 682 679 in
707 646 766 679 alia
791 645 914 689 pictatis
938 654 1035 688 opera

296 706 492 734 commutare
516 701 646 741 valeant,
664 698 866 733 concedimus
891 703 921 731 et
937 697 1036 730 indul-

297 764 416 796 gemus.

342 807 356 850 5
380 807 410 840 3.
435 807 458 840 li
478 817 562 849 vero,
578 806 631 850 qui
648 806 780 849 aegroti,
801 805 966 846 vulnerati,
983 809 1036 837 aut

298 860 373 893 alias
392 870 593 904 quocumque
617 860 844 904 impedimento
861 859 988 899 detenti,
1002 863 1037 891 ut

296 914 484 958 praefertur,
508 913 658 954 ieiunare,
683 918 737 946 aut
761 913 854 946 etiam
880 911 1037 945 sanctissi-

298 977 384 1000 mum
410 966 625 1001 Eucharistiae
657 971 888 1000 sacramentum
913 975 1037 998 sumere

297 1020 506 1064 nequiverint,
526 1025 560 1053 ut
580 1020 744 1065 presbyter
766 1019 984 1060 confessarius,
1004 1024 1037 1051 ut

297 1074 474 1118 praefertur
502 1075 716 1118 approbatus,
744 1085 838 1117 quem
869 1073 1038 1116 elegerint,

298 1127 449 1161 ieiunium
475 1127 506 1160 in
531 1127 614 1161 aliud
637 1127 762 1171 pietatis
790 1138 870 1171 opus
897 1137 1039 1160 commu-

298 1185 375 1221 tare,
400 1186 452 1214 aut
476 1181 508 1213 in
532 1181 616 1214 aliud
641 1181 823 1224 proximum
844 1186 948 1213 tamen
965 1185 1040 1213 tem-

299 1245 357 1278 pus
381 1234 584 1267 commodum
619 1233 748 1267 differre
778 1234 898 1276 valeat,
922 1233 1040 1277 pariter

300 1287 501 1321 concedimus
526 1293 555 1320 et
580 1287 789 1330 indulgemus.

346 1341 360 1384 ἓ
383 1340 413 1373 -1,
438 1341 604 1374 Praeterea
629 1340 746 1373 eisdem
766 1340 912 1374 omnibus
929 1345 959 1373 et
979 1339 1041 1372 sin-

302 1394 384 1437 gulis
397 1394 584 1438 supradictis
598 1395 710 1427 ceteris
722 1395 898 1438 quibusque
911 1393 1040 1433 vicibus,

303 1448 416 1490 quibus
440 1458 513 1481 vere
537 1448 663 1481 contriti
686 1452 814 1492 peccata
838 1458 893 1481 sua
909 1447 1041 1480 confessi

303 1500 429 1541 suerint,
447 1506 486 1542 et,
504 1501 530 1534 si
554 1501 720 1534 commode
744 1501 913 1545 potuerint,
938 1511 1038 1533 sacro-

304 1559 446 1587 sanctum
468 1555 684 1588 Eucharistiae
709 1559 941 1587 sacramentum
962 1564 1044 1586 sum-

303 1607 443 1651 pserint,
468 1608 608 1651 quinque
638 1618 735 1641 annos
760 1613 790 1641 et
814 1607 941 1641 totidem
968 1617 1043 1649 qua-

303 1660 457 1703 dragenas
481 1661 620 1704 qualibet
642 1660 727 1703 rice,
745 1660 868 1704 quoties
885 1670 960 1692 vero
978 1670 1045 1692 ora-

303 1713 378 1747 tioni
408 1714 535 1747 mentali
566 1714 614 1747 vel
645 1714 745 1747 vocali
769 1713 967 1754 vacaverint,
992 1717 1045 1747 aut

303 1767 526 1812 quodcumque
550 1768 674 1812 pietatis
695 1779 773 1812 opus
793 1767 985 1812 peregerint,
1002 1772 1046 1800 to-

304 1820 362 1853 ties
393 1822 620 1865 quinquaginta
651 1822 717 1855 dies
748 1822 786 1855 de
819 1822 966 1855 iniunctis
1002 1821 1047 1854 eis

306 1884 361 1907 seu
384 1875 460 1907 alias
484 1876 718 1919 quomodolibet
744 1876 857 1909 debitis
882 1875 1046 1919 poeniten-

305 1927 356 1961 tiis
389 1928 421 1960 in
454 1928 554 1962 forma
587 1929 744 1962 Ecclesiae
777 1931 927 1962 consueta
960 1929 1043 1961 rela-

307 1991 426 2014 xamus.

353 2035 368 2079 ἓ
392 2035 421 2068 5.
447 2036 482 2068 111
498 2036 608 2070 mortis
628 2046 703 2070 vero
720 2036 852 2069 articulo
872 2035 1048 2068 constitutis

309 2093 401 2132 atque
426 2089 458 2121 in
481 2090 640 2133 praedicta
661 2090 858 2134 expeditione
879 2090 926 2122 vel
944 2090 1049 2133 pugna

310 2152 366 2175 seu
389 2143 516 2186 praeliis
536 2144 753 2184 morientibus,
770 2144 879 2176 saltem
896 2143 1049 2181 contritis,

310 2196 483 2239 plenarian]
512 2197 654 2230 omnium
685 2200 887 2240 peccatorum
920 2206 1049 2229 suorum

312 2248 537 2292 indulgentiam
569 2255 598 2283 et
625 2250 844 2283 remissionem
870 2249 1050 2283 misericor-

312 2301 393 2334 diter
417 2302 448 2334 in
472 2303 604 2337 Domino
625 2304 836 2338 concedimus.

357 2355 371 2399 g
396 2354 425 2388 6.
450 2356 581 2400 Insuper
594 2362 627 2390 ut
643 2357 835 2401 quicumque
853 2356 981 2390 antistes
998 2360 1051 2388 aut

312 2408 373 2441 alia
388 2419 523 2453 persona
536 2409 568 2442 in
584 2410 734 2453 dignitate
751 2410 961 2444 ecclesiastica
980 2419 1052 2442 con—

313 2462 418 2497 stituta
441 2463 613 2496 exercitum
637 2464 843 2508 praedictum,
868 2475 905 2497 ac
928 2463 1052 2498 unirer-

313 2526 364 2549 sos
388 2519 419 2550 et
450 2517 590 2560 singulos
613 2518 747 2559 milites,
772 2529 808 2551 ac
833 2518 1052 2552 christifideles

314 2569 352 2603 ad
372 2570 452 2603 bane
469 2571 698 2614 expeditionem
722 2572 931 2615 profecturos,
950 2578 1054 2606 aucto-

313 2623 405 2657 ritate
429 2626 537 2658 nostra
561 2625 735 2669 apostolica
751 2625 939 2660 benedicere
956 2626 1055 2660 valeat

315 2678 494 2713 facultatem
513 2678 723 2724 impartimur.

1707 264 1767 297 611
1818 271 1867 298 An.
1884 271 1912 298 c.
1934 271 2000 298 1627

1108 326 1175 368 §T
1201 325 1269 358 Non
1300 322 1495 357 obstantibus
1528 320 1803 355 constitutionibus
1845 333 2003 354 «sulmmot-

1066 382 1095 412 et
1119 377 1369 411 ordinationibus
1401 375 1601 420 apostolieiS,
1628 374 1804 417 ceterisque
1819 363 1896 382 ¹¹¹¹'¹¹¹''

1066 431 1230 464 contrariis
1254 430 1513 473 quibuscumque.

1109 484 1221 516 Datum
1247 483 1374 523 Romae,
1399 482 1482 526 apud
1509 482 1537 514 S.
1562 481 1690 514 Mariam
1716 480 1807 513 Maio-

1067 547 1145 577 rem,
1159 536 1216 568 sub
1230 536 1345 568 annulo
1365 535 1541 574 Piseatoris,
1559 535 1608 567 die
1626 544 1667 567 xli
1681 544 1808 566 novetu-

1068 589 1134 622 bris
1151 599 1316 631 Mbcxxvn,
1331 589 1533 632 pontificatus
1553 587 1652 621 nostri
1678 597 1759 619 anno
1779 597 1806 618 v.

1105 651 1162 679 Dat.
1184 651 1226 678 die
1248 651 1280 678 12
1299 650 1454 679 novembris
1476 650 1554 685 1027,
1575 649 1669 685 pontis.
1691 657 1761 676 anno
1782 656 1806 675 r.

1366 768 1511 802 CCLXIX.

1071 840 1262 874 Subsidium
1293 840 1394 873 decies
1427 843 1631 873 centenorum
1664 838 1811 871 millium

1115 899 1277 927 scutorum
1304 895 1386 927 clero
1414 893 1602 927 Galle'armn
1630 892 1812 936 imponitur

1115 949 1186 992 reyi
1207 946 1483 992 persolvendum'.

1275 1019 1410 1046 Urbanus
1432 1019 1510 1052 Papa
1529 1018 1606 1050 vm,

1214 1064 1251 1091 ad
1269 1064 1403 1091 futuram
1421 1063 1465 1090 rei
1485 1061 1666 1090 memoriam.

1117 1126 1192 1160 Cum
1206 1126 1345 1170 primum
1363 1125 1401 1158 ad
1416 1124 1530 1158 summi
1544 1124 1736 1168 apostolatus
1753 1123 1815 1167 api-
1881 1132 2012 1152 Prooemium

1074 1190 1162 1220 cem,
1187 1179 1259 1213 licet
1283 1179 1454 1219 immeriti,
1479 1178 1583 1211 divina
1607 1178 1727 1210 favente
1752 1177 1814 1209 elc-
1829 1160 2013 1211 ioiiiiiaffl¹¹¹i=iii1iii

1074 1233 1191 1266 mentia
1222 1232 1374 1276 assumpti
1405 1232 1542 1273 suimus,
1567 1231 1624 1265 etsi
1651 1230 1730 1263 nibil
1760 1240 1814 1262 an-
1829 1215 1925 1239 [wumm'

1076 1286 1190 1330 tiquius
1222 1286 1428 1319 habuerimus
1459 1296 1555 1329 quam
1587 1284 1815 1318 ecclesiasticas

1074 1350 1338 1384 pel‘sonas„quas
1355 1339 1386 1372 in
1405 1338 1576 1372 visceribus
1590 1337 1729 1381 gerimus
1747 1337 1816 1370 cba-

1076 1394 1185 1434 ritatis,
1199 1404 1217 1426 a
1236 1393 1397 1437 quibusvis
1422 1391 1668 1435 gravaminibus,
1682 1391 1745 1424 sive
1763 1391 1818 1423 im-

1077 1447 1295 1491 positionibus,
1314 1447 1470 1479 immunes
1495 1455 1717 1489 praeservare3
1738 1444 1818 1477 nibi-

1076 1501 1227 1541 lominus,
1252 1500 1326 1533 dum
1353 1500 1459 1533 solerti
1484 1499 1597 1532 mentis
1620 1503 1746 1532 nostrae
1770 1498 1817 1530 in-

1077 1554 1190 1597 dagine
1215 1553 1451 1587 consideramus
1476 1552 1600 1596 quantis
1620 1551 1697 1584 fides
1715 1551 1820 1584 001110-

1077 1608 1136 1640 lica
1160 1607 1353 1640 nefariorum
1374 1607 1513 1639 bostium
1531 1604 1820 1649 oppugnationibus

1078 1667 1171 1704 atque
1195 1660 1363 1693 insultibus
1381 1659 1413 1692 in
1430 1658 1653 1692 florentissimo
1669 1657 1819 1690 Franciac

1078 1724 1179 1757 regno
1203 1714 1417 1753 conilicletur,
1442 1712 1628 1755 quantisque
1652 1716 1822 1755 propterea

1079 1767 1284 1800 charissimus
1307 1767 1339 1799 in
1364 1766 1486 1799 Christo
1517 1765 1601 1798 filius
1630 1770 1738 1798 noster
1762 1765 1822 1796 Lu-

1080 1822 1208 1855 dovieus
1233 1821 1427 1854 Francorum
1458 1831 1511 1853 rex
1542 1819 1822 1853 christianissitmis

1081 1886 1289 1919 expensarum
1315 1874 1463 1907 oneribus
1496 1874 1646 1906 hactenus
1676 1877 1823 1915 gravatus

1081 1929 1175 1961 suerit
1199 1934 1229 1961 et
1252 1928 1340 1960 novis
1366 1927 1485 1970 iugitur
1509 1931 1754 1971 praegravetur,
1779 1926 1823 1957 sa-

1082 1992 1154 2014 cere
1178 1982 1265 2014 nullo
1291 1980 1385 2014 modo
1409 1990 1587 2024 possumus,
1606 1979 1692 2022 quin,
1710 1978 1823 2022 implo-

1082 2040 1150 2068 rato
1174 2035 1297 2067 divinae
1327 2033 1562 2067 misericordiae
1587 2032 1761 2076 praesidio,
1786 2031 1825 2063 ad

1084 2088 1366 2122 ecclesiasticarum
1391 2097 1601 2131 personarum
1623 2085 1760 2119 subsidia
1780 2095 1827 2118 re-

1084 2152 1267 2175 curramus:
1298 2141 1389 2174 nobis
1420 2140 1550 2174 omnino
1582 2139 1824 2184 persuadentes,

1085 2196 1163 2236 illas,
1189 2206 1269 2239 quae
1293 2195 1325 2227 in
1349 2194 1510 2227 communi
1535 2193 1678 2237 periculo
1703 2202 1827 2224 versan-

1084 2254 1146 2289 tur,
1170 2254 1292 2292 partem
1318 2247 1499 2281 reddituum
1530 2257 1660 2280 suorum
1685 2244 1828 2278 ecelesia-

1085 2302 1236 2336 sticorum
1255 2301 1360 2346 potius
1377 2306 1572 2344 crogaturas,
1589 2305 1622 2332 ut
1639 2304 1739 2332 totum
1758 2308 1829 2331 con-

1086 2361 1237 2397 servetur,
1256 2366 1361 2398 quam,
1382 2360 1504 2399 partem
1530 2352 1755 2394 conservando,
1778 2357 1827 2385 to-

1086 2416 1151 2443 tum
1176 2410 1208 2442 in
1233 2409 1403 2442 discrimen
1423 2409 1604 2441 adducatur.

1131 2464 1145 2507 g
1168 2464 1191 2496 1.
1217 2464 1293 2497 Cum
1310 2463 1424 2507 itaque,
1441 2462 1635 2510 sieutfficlus
1652 2462 1828 2495 Ludovieus

1086 2529 1141 2551 rex
1165 2517 1256 2550 nobis
1287 2527 1389 2561 nuper
1421 2515 1535 2560 exponi
1566 2516 1656 2557 fecit,
1684 2516 1770 2560 ipse,
1795 2521 1830 2549 ut

1087 2570 1323 2605 imminentibus
1348 2581 1383 2603 ac
1408 2570 1638 2613 urgentissimis
1666 2570 1829 2603 necessita-

1087 2625 1169 2658 tibus
1194 2624 1241 2658 sui
1266 2623 1377 2667 regni,
1401 2628 1464 2656 tam
1491 2623 1710 2657 ecelesiasticis
1735 2634 1829 2667 quam

1857 2468 1934 2489 Petilio
1951 2466 2013 2493 regis.

1125 2690 1136 2716 1
1158 2687 1196 2716 Ex
1212 2687 1320 2723 Regest.
1345 2687 1373 2715 in
1388 2687 1489 2716 Secret.
1507 2687 1585 2716 Brev.
