2269 3235
943 218 1037 242 iNnnx
1063 217 1166 241 nunniti
1718 209 1781 244 693

290 267 476 302 Immunitas
501 273 532 303 et
556 269 684 303 libertas
709 271 924 304 ecclesiastica
948 270 1138 311 detenditur,
1164 270 1227 303 334
1253 274 1282 303 et
1306 280 1367 313 seq.
1393 269 1530 310 Quidam
1555 269 1674 303 abusus
1700 280 1738 304 ex
1766 274 1826 305 im-

378 323 530 356 munitate
555 322 771 356 ecclesiastica
796 324 827 356 in
854 325 930 356 locis
955 323 1127 366 Hispaniae
1155 325 1378 366 provenientes
1404 323 1562 365 tolluntur,
1589 324 1650 357 384
1679 324 1706 356 b.

290 374 452 409 Indiarum
477 376 721 410 occidentalium
748 376 893 420 parochis
918 378 1067 418 vetitum,
1094 378 1262 420 quominus
1287 379 1437 410 maiorem
1463 377 1697 421 eleemosynam
1722 377 1761 411 ab
1787 380 1825 411 iis

379 432 509 472 exigant
532 432 585 474 qui
610 432 641 463 ln
668 430 812 464 ecclesiis
837 428 968 464 Ordinis
994 430 1123 462 fratrum
1148 430 1302 462 Minorum
1324 429 1362 462 de
1381 429 1594 464 Observantia
1615 431 1823 474 sepeliuntur,

378 482 440 515 417
466 486 496 516 et
520 493 580 526 seq.
606 482 754 526 Episcopi
780 483 925 516 fruuntur
949 482 1069 515 indulto
1094 482 1279 515 confercndi
1309 483 1428 525 gradus
1460 488 1491 517 ct
1514 484 1655 517 lauream
1681 484 1825 518 doctora-

377 534 450 576 lem,
475 537 570 569 certis
595 537 728 568 servatis
753 534 889 577 legibus,
915 535 975 568 294
1001 545 1030 567 α.
1049 534 1082 567 ln
1104 534 1246 578 qualibet
1263 535 1398 569 ecclesia
1419 538 1659 579 supprimuntur
1677 548 1756 571 uuus
1777 547 1826 571 ca-

378 589 542 622 nonicatus
567 592 598 621 et
621 597 682 621 una
708 587 899 630 praebenda,
916 596 997 631 quae
1017 588 1117 630 primo
1143 590 1335 630 vacaverint,
1354 589 1501 633 illiusque
1526 590 1646 624 fructus
1666 591 1825 634 applican-

378 644 428 674 tur
452 641 567 676 Ollicio
592 640 818 685 Inquisitionis,
845 641 908 673 526
933 650 952 672 a
977 643 1007 673 et
1031 641 1059 673 b.

289 692 504 737 Inquisitionis
529 694 679 735 osticium,
705 694 767 727 526
793 704 822 726 α.
847 692 895 726 llli
919 692 1118 737 applicantur
1142 694 1261 727 tructus
1284 695 1376 727 unius
1396 697 1600 729 canonicatus
1621 701 1652 731 ct
1672 698 1825 741 praeben-

378 747 437 780 dae
461 749 514 790 qui
540 748 640 789 primo
667 748 850 779 vacaverint
875 747 907 778 in
933 746 1074 791 qualibet
1098 747 1234 780 ecclesia
1259 747 1419 781 lndiarnm
1446 747 1710 784 occidentalium.

288 799 421 833 loannes
441 799 739 843 Adrianopolitanus
759 799 1027 842 archiepiscopus,
1050 800 1108 833 181
1138 799 1164 832 b.
1189 800 1349 833 Marchiae
1381 800 1579 835 Anconitane
1607 803 1821 846 gubernator,

376 853 439 886 182
464 864 503 891 ας
532 862 659 896 praeses
684 852 911 886 Romandiolae
945 856 976 885 et
1007 856 1175 886 exarcatus
1204 853 1394 895 Ravennae,
1422 855 1483 887 294
1516 866 1555 893 α;
1581 855 1744 890 facultates
1779 857 1822 891 illi

377 908 563 940 commissae
590 917 645 950 pro
669 916 814 940 annonae
839 908 939 950 copia,
959 906 1020 940 294
1046 906 1072 939 b.
1098 910 1129 940 et
1153 909 1236 940 circa
1262 906 1419 947 bannitus,
1446 908 1508 940 295
1534 908 1549 940 b
1575 912 1605 942 et
1628 920 1689 954 seq.

288 960 423 993 loannes
446 960 586 1003 Baptista
607 959 727 994 Laurus
751 961 911 1001 sacerdos,
930 959 1058 1003 collegii
1083 960 1291 994 cardinalium
1315 963 1516 1002 secretarius,
1542 963 1604 995 405
1621 962 1647 995 b.

288 1014 422 1048 loannes
447 1014 584 1057 Baptista
608 1014 682 1047 Nari
707 1013 898 1056 subrogatur
921 1013 989 1046 loco
1014 1013 1162 1058 Torquati
1188 1013 1227 1046 de
1253 1014 1426 1047 Coiniubus
1459 1014 1701 1050 locumtenentis
1726 1027 1825 1060 gene—

377 1067 452 1101 ralis
476 1067 658 1100 militiarum
683 1066 779 1100 Vallis
804 1066 944 1100 Tellinae
969 1068 1000 1099 in
1026 1070 1175 1100 eventum
1206 1069 1459 1110 recuperationis
1490 1071 1656 1103 comitatus
1686 1070 1822 1113 Bormii,

377 1120 438 1153 426
465 1130 485 1152 a
509 1122 540 1152 et
562 1130 623 1163 seq.

286 1173 418 1206 Ioannes
443 1172 580 1215 Baptista
605 1172 754 1206 Pallottus
779 1172 931 1206 Canierae
964 1171 1166 1216 Apostolicae
1198 1172 1372 1216 spoliorum
1394 1173 1543 1208 collector
1567 1177 1598 1208 in
1624 1187 1723 1219 reguo
1749 1179 1823 1212 Por-

375 1226 536 1269 tugalliae,
555 1226 618 1259 292
635 1237 664 1267 α,
683 1226 746 1259 334
771 1229 837 1259 aet
861 1226 924 1259 462
949 1236 969 1258 a
993 1230 1024 1259 et
1048 1225 1080 1265 I);
1106 1227 1166 1269 ipsi
1191 1228 1397 1260 committitur
1422 1229 1585 1272 inquisitio
1615 1235 1723 1264 contra
1743 1242 1824 1265 com·

375 1280 554 1313 missarium
579 1281 738 1313 cruciatae
764 1281 795 1312 in
819 1289 916 1322 regno
941 1279 1154 1322 Portugalliae
1179 1284 1363 1324 suspectum
1393 1281 1433 1315 de
1464 1285 1607 1317 erroneis
1639 1287 1823 1328 propositio-

375 1332 468 1365 nibus
493 1336 601 1366 contra
626 1332 740 1365 Sedem
766 1332 993 1376 Apostolicam,
1019 1332 1082 1365 464
1106 1343 1136 1365 α.

286 1384 419 1418 loannes
444 1385 583 1428 Baptista
608 1385 803 1429 Pamphilius
828 1395 939 1418 sacrae
964 1385 1062 1418 Rotae
1087 1385 1221 1427 auditor,
1249 1386 1289 1419 24
1314 1398 1343 1419 α.

286 1437 419 1472 loannes
443 1438 583 1482 Baptista
607 1438 703 1472 Vives
733 1448 806 1472 suas
830 1439 937 1480 aedes,
962 1438 1109 1482 bonaque
1133 1448 1190 1472 sua
1214 1449 1270 1482 pro
1295 1441 1448 1483 erigendo
1473 1442 1608 1485 collegio
1641 1443 1680 1477 de
1709 1445 1822 1490 Prepa<

375 1492 479 1535 ganda
502 1491 579 1525 Fide
604 1492 686 1525 dono
706 1492 767 1533 dat,
794 1492 856 1526 575
881 1503 900 1525 α
925 1496 956 1526 et
980 1493 1008 1525 h.

289 1544 423 1578 loannes
448 1545 487 1578 de
512 1545 591 1579 Goto
617 1546 715 1589 (ven.)
742 1556 823 1579 unus
847 1556 864 1579 e
890 1546 990 1580 tribus
1014 1545 1205 1590 Martyribus
1240 1547 1406 1581 Societatis
1444 1548 1516 1582 lesu
1542 1551 1572 1582 in
1597 1559 1696 1593 regno
1732 1552 1821 1596 Iape-

375 1600 446 1632 niae
472 1609 528 1642 pro
553 1598 677 1632 Christo
702 1601 790 1632 cruci
814 1600 916 1633 affixis
940 1603 972 1633 et
996 1599 1272 1639 transverberatis,
1298 1601 1360 1633 595
1386 1612 1414 1633 a.

285 1650 418 1685 Ioannes
443 1651 622 1686 Lusitaniae
647 1661 704 1685 rex
730 1662 898 1696 processus
924 1653 995 1686 fieri
1008 1657 1097 1686 curat
1113 1662 1170 1697 pro
1187 1655 1426 1687 canonizatione
1443 1663 1515 1687 ven.
1534 1655 1693 1691 Francisci
1718 1659 1819 1693 Xave-

374 1706 465 1747 vern,
492 1705 532 1738 42
553 1716 581 1738 a.

284 1757 418 1791 Ioannes
443 1759 597 1792 Pizzullus
620 1759 733 1793 frati-es
757 1759 889 1794 Ordinis
913 1760 1115 1794 Minimorum
1141 1764 1318 1794 conventus
1340 1762 1370 1795 S.
1390 1762 1538 1796 Andreae
1556 1763 1596 1796 de
1618 1764 1731 1799 Frattis
1749 1766 1821 1799 hae-

372 1812 467 1845 redes
487 1814 632 1854 instituit,
648 1814 789 1847 iniuncto
806 1823 902 1847 onere
929 1814 1100 1858 collegium
1128 1825 1184 1858 pro
1213 1813 1355 1848 Calabris
1385 1816 1552 1859 erigendi,
1584 1818 1623 1851 54
1646 1818 1672 1851 b.
1700 1819 1761 1852 285
1792 1820 1820 1853 h.

374 1865 446 1909 Ipse
471 1868 547 1900 emit
571 1866 722 1910 palatium
746 1869 778 1900 in
803 1869 935 1911 regione
966 1867 1135 1911 MontIum,
1168 1871 1199 1901 et
1229 1868 1322 1902 dictis
1350 1869 1500 1903 fratribus
1532 1874 1626 1905 donat
1658 1872 1696 1905 ad
1729 1883 1821 1907 usum

375 1919 452 1953 dicti
476 1919 614 1962 collegii,
641 1921 681 1954 54
707 1920 734 1954 b.

284 1970 502 2006 Ioannettinus
527 1973 698 2006 cardinalis
722 1973 762 2007 ab
788 1974 886 2008 Aana
910 1975 1037 2008 Siciliae
1062 1986 1189 2019 prorex,
1216 1976 1278 2011 240
1304 1988 1333 2011 α.

284 2024 411 2058 Ioannis
434 2023 492 2058 Dei
516 2028 733 2070 congregatio,
757 2027 829 2060 eide
855 2027 1074 2072 CongregatiO.

285 2077 412 2111 Ioannis
438 2078 494 2122 (S.)
522 2080 738 2122 evangelistae
773 2083 978 2124 congregatio
1011 2083 1042 2114 in
1068 2082 1260 2125 Portugallia
1286 2084 1345 2117 311
1372 2084 1404 2125 b;
1431 2085 1529 2119 forma
1560 2088 1707 2121 statuitur
1731 2088 1822 2122 elec-

372 2132 466 2164 tionis
491 2136 647 2166 rectorum
674 2133 769 2174 illius,
797 2133 884 2173 ibid„
911 2136 1061 2179 itemque,
1083 2136 1146 2169 313
1173 2136 1190 2168 b
1214 2147 1295 2180 seqq.

283 2183 410 2218 Ioannis
425 2185 481 2228 (S.)
498 2185 777 2229 Hierosolymitani
796 2186 916 2228 militia,
936 2189 996 2222 495
1014 2200 1042 2222 a.
1061 2188 1251 2223 Obtinentes
1265 2190 1435 2233 dignitates
1454 2191 1581 2235 linguae
1599 2195 1743 2237 anglicae
1760 2197 1821 2230 suf-

369 2239 507 2282 fragium
527 2241 558 2273 in
576 2239 732 2274 electione
749 2243 855 2284 magni
869 2243 1012 2285 magistri
1028 2252 1089 2275 non
1104 2242 1230 2283 habent,
1248 2245 1309 2276 nisi
1335 2244 1451 2278 fuerint
1476 2256 1516 2279 ex
1542 2247 1659 2290 Anglia
1683 2250 1819 2293 oriundi,

372 2290 434 2324 495
452 2292 478 2324 b.
505 2292 643 2326 Helvetii
668 2294 791 2327 admitti
818 2298 948 2337 possunt
968 2296 1000 2328 ln
1026 2295 1133 2337 lingua
1153 2296 1349 2340 Alcmaniae,
1365 2297 1537 2333 dummodo
1556 2301 1714 2335 nonnullis
1729 2312 1820 2346 prae-

371 2344 428 2377 diti
452 2346 514 2379 sint
537 2345 752 2389 qualitatibus,
779 2348 841 2380 505
868 2348 885 2380 b
910 2352 1020 2392 etseq.
1043 2348 1130 2382 Haec
1154 2350 1265 2384 militia
1289 2352 1339 2384 ius
1364 2351 1460 2386 habet
1478 2352 1599 2386 iudices
1616 2354 1676 2387 sibi
1694 2365 1822 2390 conser-

369 2401 496 2431 vatores
513 2398 662 2442 eligendi,
676 2401 739 2433 643
753 2412 782 2434 α.
798 2401 887 2442 Quae
905 2402 1073 2436 methodus
1087 2404 1118 2435 in
1135 2405 1241 2446 magni
1260 2406 1403 2447 magistri
1421 2405 1577 2440 electione
1595 2408 1755 2443 servanda
1768 2410 1818 2453 sit,

372 2450 434 2484 672
452 2450 468 2483 b
488 2462 552 2495 seq.
587 2451 662 2486 tide
686 2453 848 2497 Hospitale
874 2455 904 2489 S.
929 2455 1056 2489 loannis
1081 2455 1373 2500 Hierosoiymitani.

282 2503 435 2548 Iosephus
460 2514 478 2538 a
501 2505 594 2538 Mello
619 2505 792 2541 Eborensis
828 2507 1106 2552 archiepiscopus,
1148 2508 1209 2542 299
1236 2521 1272 2543 α.
1307 2511 1427 2545 Statuta
1464 2513 1614 2548 nonnulla
1640 2515 1679 2548 de
1705 2516 1820 2560 proba-2

371 2557 511 2592 tionibus
536 2558 692 2593 faciendis
717 2560 756 2594 ab
778 2561 984 2595 admittendis
1008 2562 1047 2595 ad
1073 2562 1245 2604 dignitates
1271 2565 1411 2608 capituli,
1438 2565 1514 2600 ibid.
1542 2572 1572 2601 et
1597 2568 1660 2602 300
1683 2581 1745 2614 seq.

283 2612 424 2656 iprensis
448 2612 585 2648 ecclesia
601 2615 633 2648 in
649 2616 870 2659 episcopatum
886 2626 904 2651 a
917 2616 1014 2652 Paulo
1030 2616 1070 2652 IV
1084 2621 1202 2659 erecta,
1221 2617 1283 2651 437
1301 2629 1321 2652 a
1337 2629 1398 2663 seq.
1415 2619 1517 2665 Eique
1538 2630 1610 2665 pars
1627 2622 1818 2658 Morinensis
