2269 3235
96 260 146 289 An.
167 260 195 288 G.
213 258 278 287 1627

144 1908 292 1936 Transumpto-

110 1942 153 1958 rum
168 1937 227 1958 fides.

148 2494 233 2515 Sanctio
248 2499 297 2520 poe-

115 2522 175 2542 naus.

898 256 1039 281 unnANUs

291 314 413 338 necnon
436 304 539 348 Urbis,
565 305 736 346 civitatum,
758 310 924 346 terrarum,
941 305 1029 349 oppi-

291 357 414 401 dorum,
429 358 574 391 villarum
595 363 625 391 et
642 359 782 391 locorum
809 367 1031 401 quorumcum-

292 421 352 454 que
370 411 474 454 (etiam
494 412 680 452 iuramento,
698 411 936 444 confirmatione
957 420 1029 453 apo-

292 462 411 504 stolica,
429 463 476 495 vel
490 463 599 506 quavis
616 462 764 494 firmitate
781 461 841 493 alia
860 460 1030 502 roboratis)

293 515 415 548 statutis
429 520 458 548 et
472 514 759 555 consuetudinibus,
772 513 943 557 privilegiis
959 523 1033 556 quo-

293 579 363 612 quc,
376 568 504 601 indultis
517 574 547 601 et
558 568 670 601 litteris
680 567 867 612 apostolicis,
879 576 1031 606 camerae,

294 622 538 666 consultaequc,
567 632 602 655 ac
633 620 950 664 congregationibus,
978 630 1032 652 sen

294 674 503 708 tribunalibus
522 674 712 713 huiusmodi,
732 674 825 707 etiam
849 684 944 716 super
965 673 1032 705 iure

295 728 412 762 similes
426 739 543 769 causas,
558 728 650 761 etiam
664 727 816 772 privative
830 727 931 770 quoad
946 726 1032 767 alios,

295 781 515 824 cognoscendi·
529 786 560 814 et
576 775 779 821 terminandi,
798 792 833 813 ac
858 779 1033 813 communi-

297 834 421 874 tatibus,
441 833 705 874 universitatibus,
723 833 893 866 baronibus
917 838 947 865 et
966 832 1034 865 aliis

295 886 466 930 quibusvis,
491 886 583 919 etiam
609 891 697 919 motu
721 886 825 929 simili,
852 886 946 919 etiam
966 896 1035 919 con-

296 939 503 981 sistorialiter,
523 943 576 973 aut
598 939 675 972 alias
692 939 724 972 in
741 939 933 973 eontrarium
958 950 1036 983 quo-

297 993 467 1028 modolibet
494 993 660 1034 concessis,
690 993 870 1037 approbatis
895 997 924 1027 et
952 993 1037 1026 inno-

298 1047 390 1086 vatis,
408 1047 523 1090 quibus
543 1047 698 1088 omnibus,
721 1046 813 1079 ctiam
832 1047 857 1079 si
879 1046 954 1079 alias
978 1057 1037 1090 pro

299 1099 463 1132 sufficienti
488 1100 615 1133 illorum
628 1099 637 1116 '¹
663 1100 876 1142 derogatione,
902 1099 939 1132 de
965 1099 1036 1139 illis,

299 1163 471 1198 eorumque
491 1153 563 1187 totis
584 1154 745 1186 tenoribus
769 1153 922 1197 specialis,
943 1153 1038 1196 speci-

299 1207 366 1248 fica,
396 1217 542 1250 expressa
571 1212 601 1239 ct
624 1206 794 1247 individua,
819 1217 854 1239 ae
878 1207 916 1239 de
941 1206 1038 1239 verbo

300 1259 337 1292 ad
361 1259 508 1301 verbum,
526 1270 587 1293 non
613 1266 717 1292 autem
735 1271 791 1303 per
816 1260 969 1292 clausulas
990 1270 1039 1302 ge-

300 1313 420 1346 nerales
456 1313 537 1346 idem
581 1313 806 1357 importantes,
839 1314 957 1346 mentio
986 1324 1040 1346 seu

300 1367 426 1410 quaevis
446 1367 506 1399 alia
522 1367 682 1410 expressio
701 1367 844 1399 habenda
868 1373 921 1400 aut
937 1367 1041 1411 aliqua

300 1420 360 1453 alia
377 1421 529 1464 exquisita
548 1422 649 1454 forma
674 1420 711 1453 ad
736 1421 795 1454 hoc
820 1421 970 1454 servanda
995 1422 1040 1454 so-

301 1479 358 1514 ret,
376 1479 501 1507 tenores
520 1474 711 1515 huiusmodi,
730 1485 765 1507 ac
790 1474 814 1507 si
839 1474 877 1507 de
894 1475 990 1507 verbo
1004 1474 1042 1506 ad

303 1527 443 1569 verbum,
458 1528 536 1560 nihil
561 1528 684 1572 penitus
701 1528 829 1568 omisso,
847 1533 876 1560 et
893 1528 993 1561 forma
1012 1527 1042 1559 111

302 1580 363 1613 11115
388 1581 498 1613 tradita
523 1581 688 1614 observata
712 1581 821 1613 inserti
851 1581 962 1621 forent,
988 1581 1044 1613 eis-

303 1634 372 1666 dem
387 1634 604 1678 praesentibus
621 1634 714 1666 etiam
730 1645 788 1677 pro
806 1634 896 1677 plene
914 1639 944 1666 et
961 1634 1044 1665 sussi-

303 1687 420 1721 cienter
433 1687 589 1731 expressis
604 1687 765 1728 habentes,
779 1687 839 1720 illis
853 1687 884 1719 in
898 1687 973 1719 alias
988 1697 1044 1719 suo

304 1741 418 1774 robore
442 1741 678 1784 permansuris,
707 1741 764 1773 liae
795 1741 861 1773 vice
886 1741 1045 1773 dumtaxat

305 1794 483 1837 specialiter
495 1800 524 1827 et
538 1805 684 1838 expresse
697 1795 810 1827 harum
825 1794 904 1827 serie
916 1794 1045 1836 deroga-

306 1857 386 1887 mus,
404 1847 579 1890 ceterisque
599 1847 764 1893 contrariis
783 1847 1044 1891 quilmscumque.

351 1901 366 1944 ξ,
390 1900 441 1934 19.
462 1901 613 1934 Volumus
630 1906 743 1944 autem,
762 1901 846 1945 quod
864 1901 1045 1934 earumdem

306 1954 519 1997 praesentium
544 1955 763 1998 transumptis,
789 1955 882 1987 etiam
912 1955 1047 1998 impres-

308 2007 358 2048 sis,
377 2018 470 2040 manu
495 2008 626 2040 alicuius
650 2008 763 2041 notarii
788 2008 887 2042 dietae
904 2019 1048 2041 camerae

308 2061 498 2104 apostolicae
534 2061 740 2104 subscriptis,
766 2072 801 2094 ac
834 2061 959 2105 eapitis,

308 2113 478 2156 praefecti,
504 2114 551 2146 vel
582 2114 713 2147 alicuius
748 2125 783 2147 ex
815 2114 996 2154 modernis,
1020 2118 1049 2147 et

308 2177 366 2210 pro
400 2171 542 2210 tempore
576 2167 780 2200 existentibus
815 2167 1066 2200 consultorilnlst

309 2219 489 2253 huiusmodi
507 2220 609 2263 sigillo
626 2220 765 2261 munitis,
781 2220 888 2253 cadem
907 2231 1048 2264 piorsus,

311 2277 372 2306 tam
396 2274 428 2306 in
452 2274 577 2323 iudicio,
603 2285 696 2317 quam
722 2280 809 2307 extra
829 2274 915 2313 illud,
933 2275 962 2306 in
987 2285 1051 2307 0111-

310 2326 402 2358 nibus
418 2331 448 2359 et
464 2312 519 2370 per
536 2327 638 2360 omnia
655 2328 733 2360 fides
757 2327 1068 2370 ι111111110111111,(111110

312 2379 428 2412 eisdem
447 2381 663 2423 piaesentibus
677 2381 890 2422 adliibeietui
908 2381 933 2413 si
949 2381 996 2413 foi
1000 2383 1069 2413 ent

312 2432 467 2465 exhibitae
488 2434 535 2466 vel
559 2439 708 2467 ostensae.

314 2546 382 2574 ceat
397 2541 478 2573 hane
502 2541 648 2584 paginam
665 2546 789 2574 nostrae
810 2541 986 2581 erectionis,
1005 2541 1052 2573 in-

315 2594 484 2627 stitutionis
508 2599 538 2627 et
563 2595 803 2636 constitutionis,
832 2594 1052 2638 deputationis,

353 2657 362 2683 1
382 2655 450 2683 Edit.
466 2655 546 2683 Main.
559 2656 587 2682 h.
600 2657 779 2691 illorumpro
790 2656 951 2691 sufficienti
960 2657 1052 2691 (aaz).

992 2071 1057 2094 8811Ὶ

1066 255 1122 280 vm
1145 256 1193 280 rr.
1704 244 1766 278 603
1813 252 1863 280 An.
1884 252 1912 280 c.
1930 253 1996 281 1627

1064 303 1192 343 decreti,
1217 301 1374 344 mandati,
1400 302 1612 344 derogationis
1637 306 1666 333 et
1690 302 1799 334 volun-

1065 356 1134 388 tatis
1152 355 1332 397 infringere,
1346 355 1391 387 vel
1411 355 1437 387 01
1455 366 1532 387 ausu
1552 354 1719 387 temerario
1731 364 1800 386 con-

1065 410 1168 441 traire.
1190 409 1220 442 Si
1241 409 1311 452 quis
1336 414 1438 442 autem
1457 409 1516 441 boc
1540 413 1692 441 attentare
1717 419 1801 451 prat·-

1065 462 1254 505 sumpserit,
1295 462 1540 504 indignatiotwm
1582 461 1802 505 oun‘iipotentis

1066 515 1118 547 Dei
1151 525 1185 547 ac
1216 514 1378 547 beatorum
1406 515 1485 547 l'etri
1512 520 1537 546 ‹21
1570 514 1655 546 l’auli
1680 519 1803 557 aposto-

1066 567 1169 600 lorum
1196 567 1262 599 eius
1286 578 1318 599 sc
1344 568 1460 600 noverit
1490 568 1699 600 incursurum.

1111 621 1221 653 Datum
1247 620 1383 661 Romae,
1408 621 1488 664 apud
1516 626 1651 653 sanctam
1678 621 1803 653 Mariam

1068 674 1235 714 Maiorem,
1261 685 1342 707 anno
1376 674 1602 707 incarnationis
1628 675 1806 707 ltominieae

1068 738 1238 770 nocxxvu,
1265 727 1404 760 kalendis
1429 728 1583 767 octobris,

1068 782 1165 816 nostri
1190 792 1271 815 anno
1294 793 1322 815 v.

1607 728 1807 770 pontificatus

1105 845 1164 873 Dat.
1181 845 1223 873 die
1241 847 1249 872 1
1270 845 1387 873 octobris
1406 845 1482 879 1627,
1499 845 1593 881 pontif.
1611 854 1680 878 anuo
1697 854 1721 872 v.

1369 962 1515 997 CCLXllI.

1070 1033 1245 1067 [nautam
1257 1034 1419 1066 recitandi
1433 1035 1572 1077 officium
1587 1039 1614 1067 e!
1632 1033 1812 1075 celebrandi

1115 1088 1250 1120 ‘tm'ssam
1275 1088 1313 1121 <le
1338 1089 1430 1121 beatri
1454 1089 1532 1122 Rite
1556 1088 1593 1120 (Ie
1619 1088 1730 1121 Cassia
1759 1087 1813 1120 Or-

1116 1141 1204 1173 dinis
1241 1141 1459 1174 Eremitarzun
1485 1142 1515 1174 S.
1541 1140 1725 1183 Anquseini
1754 1151 1813 1183 pro

1116 1195 1262 1227 universi
1287 1194 1421 1228 Ordinis
1441 1195 1602 1238 praedicti
1614 1194 1769 1237 fratribus
1786 1198 1813 1225 et

1117 1247 1330 1287 monialibus,
1357 1253 1385 1281 ct
1409 1259 1468 1292 pro
1493 1248 1571 1281 aliis
1593 1248 1626 1280 in
1655 1250 1717 1280 lom
1742 1248 1816 1290 Spo-

1121 1301 1229 1334 leta-emt
1254 1301 1398 1334 dioecesi.

1285 1365 1422 1391 Urbanus
1439 1365 1518 1398 Papa
1537 1365 1613 1397 VIII,

1203 1409 1239 1436 ad
1258 1412 1434 1443 perpetuam
1454 1410 1499 1437 rei
1515 1410 1695 1437 memoriam.

1122 1472 1154 1504 ln
1180 1482 1329 1515 supremo
1354 1472 1545 1515 apostolatus
1571 1471 1668 1511 solio,
1698 1470 1818 1502 meritis
1861 1484 1981 1505 imm-aium.

1078 1524 1149 1557 licet
1174 1524 1365 1567 imparibus,
1390 1523 1724 1566 divina‘dispositione
1749 1533 1819 1556 0011-

1077 1577 1185 1616 stituti,
1210 1577 1247 1609 ad
1273 1587 1318 1617 ea,
1339 1588 1395 1620 per
1420 1587 1501 1620 quae
1526 1586 1689 1609 servorum
1716 1581 1744 1607 et
1768 1586 1818 1607 an-

1078 1630 1221 1662 cillarum
1258 1630 1372 1663 Christi
1409 1630 1509 1663 bonos
1544 1635 1574 1661 ct
1606 1629 1764 1661 veneratio
1790 1629 1820 1660 in

1079 1684 1170 1717 terris
1191 1688 1410 1727 promovetur,
1442 1684 1526 1715 iuxta
1551 1680 1704 1715 creditum
1730 1682 1820 1715 nobis

1079 1737 1215 1781 desuper
1239 1737 1432 1780 apostolatus
1457 1736 1605 1775 ossieium,
1623 1736 1757 1768 libenter
1773 1736 1821 1767 in-

1080 1791 1257 1832 tendimus,
1282 1790 1404 1834 piisque
1429 1789 1679 1823 christifidelium
1700 1816 1705 1829 ,
1731 1799 1823 1832 prae-

1081 1844 1187 1877 sertim
1209 1844 1504 1886 sanctimonialium,
1528 1843 1606 1876 10115
1630 1843 1821 1887 peculiarem

1081 1909 1156 1941 erga
1181 1898 1250 1931 illos
1275 1898 1394 1930 cultum
1416 1901 1445 1931 et
1469 1898 1702 1930 venerationem
1729 1897 1823 1939 respi-

1081 1952 1237 1984 cientibus
1262 1951 1397 1993 benigne
1422 1950 1610 1990 annuimus,
1635 1955 1727 1994 prout
1754 1960 1824 1982 0011-

1082 2005 1234 2049 spieimus
1260 2005 1290 2037 in
1315 2005 1447 2037 Domino
1473 2005 1640 2036 salubriter
1665 2004 1820 2047 expedire.

1126 2060 1186 2103 gl.
1203 2060 1293 2099 Sane,
1306 2059 1633 2092 nominedileetatum
1652 2058 1683 2090 in
1700 2058 1822 2091 Christo
1893 2066 2025 2092 suipimaio

1083 2112 1218 2145 liliatum
1253 2112 1422 2155 priorissae
1454 2117 1484 2144 et
1508 2112 1689 2144 monialium
1717 2094 2025 2146 iiioiia-iiiidcssii'ai'e'fiiu

1083 2165 1168 2198 sterii
1186 2166 1296 2199 beatae
1308 2165 1396 2198 Ritae
1410 2165 1534 2198 Ordinis
1555 2164 1583 2197 S.
1601 2164 1765 2206 Augustini
1787 2164 1824 2195 d‹
1841 2153 1882 2173 ‘¹¹³
1899 2153 1957 2167 mm
1946 2147 2027 2166 mica.

1083 2219 1196 2259 (115511,
1211 2218 1364 2262 Spolst‘tn
1360 2229 1395 2251 ic
1420 2197 1698 2258 (1100((515,1101115
1724 2227 1826 2259 nupei

1085 2272 1262 2315 expositum
1281 2272 1348 2313 suit,
1368 2272 1451 2315 quod
1477 2272 1570 2314 ipsae,
1589 2282 1648 2314 pio
1667 2281 1714 2308 00
1732 2281 1825 2313 quem

1085 2336 1159 2368 eiga
1184 2325 1298 2358 dictam
1319 2325 1440 2357 beatam
1468 2325 1568 2357 [litam
1593 2324 1630 2357 de
1656 2325 1727 2357 Cass
1715 2325 1757 2357 51·“1
1776 2334 1827 2366 ge-

1067 2389 1167 2427 111111,
1182 2379 1356 2411 devotionis
1382 2378 1508 2417 affectu,
1535 2378 1673 2411 0111011101
1699 2382 1728 2409 et
1752 2377 1826 2409 mis-

1068 2431 1153 2464 *sam
1178 2432 1214 2464 (10
1240 2434 1275 2465 ea
1300 2437 1334 2464 ut
1358 2432 1448 2471 insi-a,
1469 2431 1594 2464 recitari
1620 2436 1649 2463 et.
1675 2431 1828 2463 celebrari

357 2487 372 2530 ἓ
395 2486 447 2519 11.
472 2487 554 2520 Nulli
580 2498 655 2530 ergo
681 2488 808 2521 omnino
833 2477 1070 2520 1101111111111111-ἰ

1086 2496 1177 2529 posse
1202 2495 1403 2528 summopere
1433 2485 1621 2518 desiderant.
1646 2484 1748 2522 Quare
1772 2494 1829 2517 no-

1069 2568 1071 2578 ,
1087 2538 1134 2571 1115
1148 2538 1311 2571 humiliter
1325 2538 1496 2582 supplicari
1514 2538 1664 2578 fecerunt,
1679 2543 1712 2570 ut
1725 2537 1762 2569 de
1777 2548 1830 2581 op-

1088 2594 1223 2636 portuna
1252 2592 1283 2624 in
1308 2592 1490 2636 praemissis
1518 2592 1644 2625 licentia
1663 2591 1829 2635 providere

1089 2647 1126 2679 de
1150 2646 1343 2689 benignitate
1366 2647 1536 2690 apostolica
1562 2647 1773 2689 dignaremur.
