2269 3235
252 251 300 278 An.
322 250 350 277 c.
369 250 436 278 1626
481 242 546 275 472

308 313 337 333 Itn
353 314 371 333 11
387 318 428 333 non

245 339 308 359 aliter
340 340 428 359 iudicari

246 369 356 392 praerupit.

272 685 381 705 contraiis
391 690 427 704 au-

246 712 291 731 tori.

292 1857 436 1883 Transumptis

252 1884 313 1905 fidem
328 1884 394 1904 addit.

488 300 556 343 gf).
583 300 695 344 Sicque
730 309 786 343 per
819 308 1034 342 quoscumque
1066 297 1184 331 iudices

444 353 621 386 ordinarios
645 358 671 385 01
700 353 875 393 delegatos,
900 352 992 384 etiarn
1017 361 1183 384 causarum

443 407 548 451 palatii
573 406 733 450 apostolici
753 406 922 445 auditores,
941 405 1072 438 iudicari
1090 410 1120 438 et
1133 405 1184 438 de-

444 461 526 493 finiri
544 460 670 500 debere,
685 470 720 492 ac
739 459 861 492 irritum
887 464 916 492 et
941 459 1032 492 inane
1050 459 1074 492 si
1095 469 1184 492 secus

444 524 538 556 super
562 513 610 545 his
626 523 643 545 a
663 523 832 555 quoquam,
850 513 958 556 quavis
990 513 1183 553 auctoritate,

444 565 578 598 scienter
602 565 648 597 vel
673 565 872 608 ignoranter,
898 565 1066 609 contigerit
1089 569 1184 599 atten-

445 619 511 652 lari.

487 672 502 714 ἓ
528 671 555 703 7.
587 671 655 704 Non
685 671 880 704 obstantibus
909 671 1184 705 constitutionibus

443 728 473 756 et
495 723 746 757 ordinationibus
771 724 960 768 apostolicis,
978 728 1008 758 et
1023 724 1184 768 quibusvis

443 777 511 810 aliis
536 777 637 810 dietae
665 778 917 820 congregationis
949 778 1065 820 (etiam
1094 777 1181 810 iura-

444 836 559 871 mento,
585 831 823 864 confirmatione
843 831 1024 874 apostolica,
1042 831 1089 862 vel
1113 840 1186 874 qua-

444 884 489 917 vis
521 884 670 916 firmitatc
702 884 762 916 alia
794 883 972 926 roboratis)
1006 883 1128 925 statutis
1156 888 1186 915 et

444 937 732 977 consuetudinibus,
748 936 922 980 privilegiis
937 947 1073 980 quoque,
1088 936 1187 968 indul-

446 991 482 1024 tis
507 995 537 1023 et
561 990 671 1024 litteris
695 990 886 1034 apostolicis,
904 989 1067 1032 quibusvis
1087 988 1186 1032 ipsius

444 1043 698 1086 congregationis
729 1042 967 1086 superioribus,
995 1041 1186 1086 presbyteris

445 1103 475 1130 et
491 1097 634 1141 personis
651 1095 841 1138 huiusmodi,
856 1096 913 1128 sub
934 1095 1187 1139 quibuscumque

445 1151 606 1184 tenoribus
636 1155 666 1183 et
697 1150 826 1192 formis,
860 1161 896 1183 ac
929 1160 1000 1182 eum
1026 1149 1187 1192 quibusvis

445 1204 539 1237 etiam
564 1204 837 1247 derogatoriarum
858 1202 1076 1245 derogatoriis,
1103 1202 1187 1235 aliis-

445 1268 506 1301 que
531 1257 760 1290 efficacioribus
793 1261 822 1289 et
854 1255 987 1288 insolitis
1021 1254 1186 1297 clausulis,

446 1311 704 1354 irritantibusque
729 1315 759 1343 et
781 1309 849 1342 aliis
866 1308 1009 1349 decretis,
1024 1308 1055 1341 in
1072 1318 1188 1351 genere

447 1366 494 1398 vel
512 1365 543 1397 in
561 1364 673 1409 speeie,
692 1375 727 1397 ac
747 1364 822 1397 alias
843 1364 874 1396 in
892 1364 1086 1397 contrarium
1103 1373 1190 1407 prae-

447 1419 616 1452 missorum
635 1418 873 1462 quomodolibet
890 1417 1056 1459 concessis,
1078 1416 1191 1450 confir-

447 1472 538 1504 matis
570 1476 600 1505 et
632 1471 796 1505 innovatis.
828 1471 946 1510 Quibus
977 1470 1124 1503 omnibus
1160 1474 1190 1502 et

448 1524 589 1567 singulis,
610 1535 721 1558 eorum
745 1530 870 1558 tenores
890 1524 1108 1568 praesentibus
1131 1534 1190 1567 pro

448 1579 540 1622 plene
559 1583 589 1611 et
605 1578 796 1611 sufficienter
820 1577 975 1621 expressis
1000 1587 1036 1609 ac
1060 1576 1098 1609 ad
1122 1586 1191 1609 ver-

448 1633 522 1665 bum
548 1631 673 1664 insertis
696 1631 868 1671 habentes,
894 1631 955 1663 illis
979 1630 1054 1663 alias
1082 1630 1114 1663 in
1133 1640 1190 1663 suo

449 1687 566 1719 robore
590 1685 826 1729 permansuris,
852 1685 910 1717 hac
936 1684 1003 1717 vice
1031 1683 1191 1717 dumtaxat

450 1739 628 1783 specialiter
652 1743 682 1770 et
706 1748 853 1781 expresse
877 1737 1085 1780 derogamus,
1111 1741 1192 1771 cete-

450 1793 557 1836 risque
582 1791 748 1825 contrariis
768 1791 1028 1835 quibuscumque.

495 1847 510 1889 §
528 1846 556 1879 8.
575 1845 726 1878 Volumus
743 1849 857 1885 autem,
878 1844 963 1888 quod
979 1844 1191 1888 praesentium

418 1931 421 1933 ,
451 1899 664 1942 transumptis,
675 1899 767 1932 etiam
782 1898 953 1941 impressis,
966 1907 1061 1930 manu
1071 1897 1192 1931 scribae

451 1952 553 1985 dietae
580 1952 834 1995 congregationis
859 1952 907 1984 vel
931 1951 1045 1984 notarii
1075 1950 1192 1994 publici

452 2006 647 2050 subscriptis,
665 2010 695 2038 et
712 2006 814 2048 sigillo
835 2005 954 2038 abbatis
972 2005 1127 2048 generalis
1145 2005 1192 2038 vel

452 2059 582 2092 alicuius
607 2069 761 2103 personae
774 2059 805 2091 in
819 2059 969 2101 dignitate
983 2058 1194 2091 ecclesiastica

453 2113 637 2146 constitutae
657 2113 794 2153 munitis,
819 2112 928 2145 eadem
953 2122 1086 2156 prorsus
1116 2111 1193 2144 fides

453 2166 656 2207 adhibeatur,
681 2177 760 2209 quae
784 2166 1004 2209 praesentibus
1022 2165 1191 2198 adbibere-

454 2225 514 2261 tur,
531 2220 556 2253 si
572 2221 674 2254 forent
694 2219 850 2254 exhibitae
867 2220 915 2252 vel
933 2224 1085 2253 ostensae.

496 2274 608 2307 Datum
633 2275 760 2316 Romae,
785 2273 867 2317 apud
891 2273 920 2307 S.
946 2273 1075 2306 Mariam
1100 2273 1195 2306 Maio-

455 2337 532 2368 rem,
554 2327 612 2360 sub
638 2327 753 2360 annulo
778 2326 955 2367 Piscator-is,
977 2326 1028 2359 die
1053 2336 1109 2360 v111
1129 2326 1195 2359 iulii

455 2390 603 2422 Mnexxw,
629 2381 829 2425 pontificatus
853 2381 953 2415 nostri
974 2391 1055 2415 anno
1073 2391 1116 2414 111.

491 2443 548 2471 Dat.
566 2444 609 2472 die
628 2444 644 2471 8
663 2444 720 2471 iulii
742 2444 819 2479 1626,
840 2443 934 2480 pontif.
956 2451 1025 2471 anno
1043 2450 1084 2471 111.

1024 250 1203 274 BULLARIUM
1228 250 1381 275 ROMANUM

1539 298 1633 332 CCIII.

1218 369 1352 403 Revocat
1365 368 1477 402 omnia
1491 372 1519 402 et
1535 369 1671 412 sinqula
1692 371 1880 414 privilegyia,
1898 373 1957 404 im-

1261 423 1438 456 munitates
1458 427 1487 455 et
1501 423 1716 466 exemptiones
1733 433 1958 467 quorumcum-

1261 472 1323 519 (11ῐο
1347 476 1512 516 ordinum,
1540 476 1827 519 confirmationum
1851 482 1879 510 et
1903 478 1957 511 in-

1261 529 1452 561 stitutorum
1471 528 1634 572 relz'qiosis
1658 529 1696 562 in
1712 530 1822 572 refluis
1841 530 1959 574 Hispa-

1262 582 1399 614 niarum
1422 581 1642 622 eoez'stenlibus‚
1668 585 1735 614 tam
1752 593 1811 625 per
1827 582 1960 626 Aposto-

1263 635 1361 667 licam
1374 634 1497 675 Sedent,
1514 634 1672 678 illiusque
1688 635 1725 667 in
1743 634 1838 668 dictis
1851 635 1960 678 remiis

1261 688 1406 728 nuntios,
1423 698 1524 731 quam
1548 698 1659 720 corum
1683 688 1874 731 superiores,
1892 698 1962 721 con-

1262 751 1357 781 cessa,
1377 751 1414 773 ac
1430 740 1576 783 prohibet
1595 740 1658 773 illa
1678 741 1715 773 de
1733 744 1832 773 cetero
1844 740 1962 784 absque

1262 793 1465 837 Apostolicae
1485 793 1575 826 Sedis
1590 793 1723 826 licencia
1740 793 1879 827 concedi.

1426 873 1562 900 Urbanus
1583 873 1662 907 Papa
1681 873 1758 907 VIII,

1342 917 1378 944 ad
1399 920 1574 952 perpetuam
1593 919 1639 944 rei
1658 917 1838 945 memoriam.

1264 987 1431 1021 Pastor-alis
1456 987 1550 1021 officii
1574 987 1664 1021 nobis
1695 988 1843 1021 divinitus
1875 999 1962 1022 com-

1220 1040 1307 1073 missi
1332 1040 1509 1074 sollicitudo
1534 1040 1649 1083 iugiter
1672 1050 1730 1074 nos
1754 1040 1909 1083 admonet,
1930 1046 1965 1074 ut

1221 1093 1307 1127 omni
1333 1095 1408 1127 cura
1433 1099 1463 1127 et
1487 1094 1648 1137 vigilantia
1666 1094 1704 1127 ad
1724 1104 1760 1127 ea
1780 1104 1906 1138 semper
1922 1094 1966 1127 in-

1222 1147 1397 1188 tendamus,
1420 1158 1477 1191 per
1501 1158 1580 1190 quae
1604 1147 1799 1190 regularium
1819 1158 1965 1191 persona-

1222 1211 1302 1241 rum,
1326 1211 1416 1244 quae,
1434 1200 1544 1234 relicto
1570 1201 1687 1241 seculo,
1712 1200 1808 1233 divini
1828 1201 1965 1234 numinis

1222 1254 1381 1298 obsequiis
1389 1264 1456 1287 sese
1466 1254 1695 1298 manciparunt,
1704 1253 1810 1299 quieti,
1820 1254 1966 1298 felicique

1222 1307 1316 1340 statui
1325 1317 1360 1340 ac
1374 1307 1530 1350 regularis
1540 1307 1724 1351 disciplinae
1734 1307 1967 1341 conservationi

1222 1361 1407 1402 consulitur,
1424 1366 1457 1394 ut
1474 1361 1559 1405 ipsae
1576 1371 1730 1405 personae
1743 1361 1829 1394 iuxta
1846 1362 1968 1405 regula—

1223 1415 1269 1448 ria
1286 1425 1417 1448 suorum
1443 1414 1594 1448 Ordinum
1623 1415 1764 1448 instituta
1788 1415 1966 1458 tranquillis

1224 1468 1381 1502 mentibus
1391 1473 1516 1511 gratum
1529 1468 1690 1501 Altissimo
1702 1468 1887 1512 impendere
1900 1479 1968 1512 pos-

1224 1522 1285 1555 sint
1309 1522 1504 1554 famulatum.

1269 1576 1283 1619 ξ
1307 1575 1336 1608 l.
1362 1575 1438 1608 Cum
1464 1574 1584 1618 itaque,
1612 1574 1692 1608 sieut
1715 1574 1909 1618 accepimus,
1935 1574 1968 1608 in

1224 1629 1331 1671 regnis
1369 1628 1592 1672 Hispaniarum
1626 1628 1749 1661 diversa
1781 1628 1967 1672 privilegia,

1224 1681 1472 1726 praerogativae,
1497 1681 1711 1714 immunitates
1735 1686 1831 1725 atque
1855 1692 1964 1715 exem-

1225 1735 1348 1780 ptiones
1359 1734 1557 1767 diversorum
1566 1734 1717 1768 Ordinum
1728 1735 1895 1777 religiosis,
1905 1740 1969 1768 tam

1225 1790 1264 1822 ab
1288 1789 1429 1833 ipsorum
1455 1787 1694 1832 superioribus,
1719 1798 1814 1831 quam
1844 1799 1862 1820 a
1890 1789 1969 1822 Sede

1225 1841 1415 1887 Apostolica,
1440 1842 1587 1885 illiusque
1604 1841 1636 1874 in
1653 1841 1744 1874 dietis
1769 1841 1876 1884 regnis
1894 1852 1971 1875 nun-

1226 1897 1276 1929 tiis
1300 1907 1359 1940 pro
1389 1901 1533 1939 tempore
1563 1895 1789 1936 existentibus,
1822 1906 1971 1929 concessa

1226 1949 1436 1994 reperiantur,
1462 1959 1521 1993 per
1545 1959 1626 1992 quae
1651 1948 1747 1982 iidem
1770 1949 1912 1992 religiosi
1932 1950 1971 1983 ab

1227 2014 1338 2037 eorum
1358 2003 1573 2047 praelatorum
1586 2001 1766 2035 obedientia
1780 2002 1971 2045 eximuntur,

1227 2068 1263 2090 ex
1288 2056 1488 2090 monasteriis
1505 2061 1536 2089 et
1548 2056 1749 2099 regularibus
1768 2056 1916 2089 domibus
1933 2056 1972 2089 ad

1228 2122 1339 2144 eorum
1364 2110 1508 2150 libitum,
1534 2120 1569 2142 ae
1594 2120 1665 2142 cum
1691 2109 1783 2142 sociis
1808 2108 1866 2141 sibi
1891 2109 1972 2143 bene

1227 2164 1301 2197 visis
1326 2169 1357 2197 et
1380 2164 1442 2196 iam
1466 2162 1636 2203 destinatis,
1655 2162 1749 2195 etiam
1770 2162 1972 2205 superiorum

1228 2227 1358 2251 suorum
1383 2227 1447 2250 non
1470 2216 1568 2260 petita
1592 2215 1727 2255 licentia,
1756 2215 1972 2258 egrediuntur,

1228 2272 1348 2315 absque
1364 2281 1401 2304 eo
1418 2270 1504 2314 quod
1528 2269 1622 2302 iidem
1641 2268 1821 2312 superiores
1837 2273 1901 2302 tam
1918 2269 1974 2302 hu-

1228 2325 1364 2359 iusmodi
1389 2334 1553 2368 egressum
1577 2334 1670 2367 quam
1692 2323 1880 2356 secularium
1905 2333 1974 2367 per-

1229 2387 1378 2412 sonarum
1402 2377 1565 2421 quibusvis
1590 2376 1677 2410 horis
1691 2376 1729 2409 ad
1742 2387 1853 2410 eorum
1874 2376 1969 2410 cellas

1229 2442 1389 2465 accessum
1414 2435 1508 2475 atque
1531 2431 1710 2474 ingressum
1730 2430 1885 2474 impedire
1904 2439 1974 2474 pos-

1230 2485 1300 2525 sint;
1325 2489 1489 2529 praeterea
1514 2484 1553 2517 de
1576 2494 1639 2517 uno
1659 2483 1699 2516 ad
1718 2483 1802 2516 aliud
1822 2488 1976 2517 monaste-

1230 2539 1314 2572 rium
1338 2548 1394 2572 seu
1416 2537 1597 2581 regularem
1621 2537 1751 2570 domurn
1778 2536 1874 2570 etiam
1898 2536 1974 2581 ipsis

1231 2591 1448 2636 superioribus
1472 2590 1576 2624 invitis
1601 2595 1773 2633 transeunt,
1793 2600 1851 2623 nee
1875 2589 1974 2624 choro

1231 2650 1262 2679 et
1285 2645 1353 2680 aliis
1378 2644 1593 2690 spiritualibus
1618 2643 1785 2686 exercitiis,
1805 2643 1974 2688 minusque

1967 253 2016 280 An.
2036 252 2065 281 C.
2082 252 2154 282 1⁶26

2004 1000 2147 1022 Prooequm.

2045 1585 2076 1607 Ob
2092 1585 2168 1607 multas

1983 1613 2127 1638 exemptiones
2147 1614 2168 1633 et

1984 1639 2127 1659 immunitates
2135 1644 2168 1659 re-

1983 1665 2092 1691 gularibus
2103 1666 2123 1685 in
2135 1670 2169 1685 re·

1983 1692 2029 1717 gnis
2056 1691 2169 1717 Hispania-

1983 1724 2028 1739 rum
2044 1723 2169 1742 concessas.

1984 1744 2086 1765 scandala
2121 1750 2169 1770 gra-

1984 1771 2070 1792 vissima
2122 1772 2169 1792 orta

1984 1798 2074 1819 fuerant,
