2269 3235
190 259 239 287 An.
257 260 286 288 c.
305 260 372 288 1624
416 252 480 287 192

204 963 317 988 {tt-rogatio
326 968 374 983 con·

191 990 312 1010 tran-iorum.

221 2084 361 2107 Prooemium.

221 2351 297 2372 Preces
308 2351 379 2372 Ponti-

194 2378 227 2399 fici
237 2378 329 2399 exibitae
342 2385 378 2405 pro

195 2406 320 2427 venerabilis

269 2432 295 2453 (16
323 2433 379 2454 Mar·

195 2460 243 2479 chia
268 2459 379 2482 beatifica—

193 2487 257 2506 liune-

194 2433 241 2453 cubi

389 310 427 343 ad
452 310 590 344 officium
616 311 804 350 notariatus,
822 321 876 344 seu
897 311 1126 353 tabellionatus,

389 364 597 397 exercendum
625 365 782 408 requisitis
804 365 923 398 habiles
940 371 970 398 et
987 365 1126 406 idoneos,

388 419 419 452 in
445 419 583 452 notarios
608 430 660 451 scu
686 419 869 452 tabelliones
893 420 1056 463 publicOS,
1081 431 1128 454 rc-

389 477 479 516 ccpto
511 472 597 515 prius
626 472 664 503 ab
694 472 738 505 eis
770 478 878 506 nostro
907 478 937 505 et
969 473 1126 507 Romanae

388 524 544 558 Ecclesiae
563 525 699 565 nomine,
717 524 874 558 fidelitatis
894 526 1015 560 debitae
1036 527 1127 562 solito

388 578 583 617 iuramento,
608 589 678 610 cum
705 578 849 612 facultate
879 579 1017 612 officium
1042 586 1127 613 nota-

388 631 485 663 riatus
509 634 538 664 et
562 630 780 665 tabellionatus
805 631 986 666 huiusmodi
1004 632 1035 665 in
1051 644 1127 676 qua-

388 694 524 728 cumque
549 685 655 717 mundi
681 691 769 729 parte
793 686 969 727 exercendi,
994 687 1128 720 auctori—

389 742 449 770 tate
481 740 590 771 nostra
622 740 793 782 apostolica
824 741 925 773 faeere
958 746 987 773 et
1019 751 1126 773 creare

389 790 486 823 libere
507 796 536 823 et
561 791 643 824 licite
668 792 780 833 valeas,
802 792 911 825 eodem
929 793 1125 834 auctoritate,

389 850 496 878 tenore
520 845 749 888 praesentium,
775 846 951 879 facultatem
976 847 1123 879 concedi=

389 908 459 931 mus
483 903 512 931 et
537 898 748 942 impartimur.

433 952 447 994 ξ
472 952 500 984 9..
527 952 594 984 Non
626 951 821 984 obstantibus
854 951 1127 984 constitutionibus

389 1009 418 1036 et
443 1004 693 1037 ordinationibus
724 1004 926 1048 apostolicis,
951 1004 1126 1048 ceterisque

388 1057 554 1090 contrariis
579 1058 840 1101 quibuscumque.

432 1110 543 1144 Datum
568 1110 696 1150 Romae,
721 1110 804 1154 apud
829 1111 858 1143 S.
884 1108 1012 1143 Mariam
1037 1110 1129 1143 Maio-

387 1174 466 1204 rem,
484 1163 541 1196 sub
566 1164 681 1195 annulo
706 1163 883 1205 I'iscatoris,
907 1164 957 1197 die
982 1174 1013 1197 lx
1034 1175 1129 1208 augu-

388 1217 425 1250 sti
451 1227 585 1251 itincxxtv
610 1217 812 1261 pontificatus
835 1218 935 1251 nostri
960 1228 1042 1252 anno
1060 1217 1112 1251 11¹.

423 1279 479 1306 Dat.
498 1279 541 1307 die
560 1280 576 1307 9
592 1279 697 1315 augusti
718 1280 796 1315 1624,
817 1280 910 1315 pontif.
932 1287 1048 1308 annon.

702 1443 814 1476 Lxxx.

389 1531 593 1574 Beatificatio
618 1533 813 1565 venerabilis
836 1534 920 1566 servi
944 1533 1005 1566 Dei
1020 1533 1131 1567 Iacobi

433 1585 470 1618 sle
485 1585 595 1618 March
602 1586 644 1625 ia,
661 1585 794 1619 Ordinis
807 1587 951 1629 fratrum
964 1587 1130 1619 Minorum

433 1640 538 1672 scmcli
561 1640 731 1673 Francisci
756 1640 793 1672 de
812 1640 1033 1681 Obseruantia,
1060 1641 1128 1673 <ituit

434 1703 506 1725 cnm
531 1693 729 1726 concessione
746 1693 929 1726 eelebrandz·
948 1694 1083 1727 missam
1103 1699 1131 1728 et

435 1746 576 1789 officium
591 1747 628 1779 cte
642 1747 808 1779 communi
827 1748 1049 1790 Confessorum
1066 1759 1132 1781 non

434 1800 632 1842 Pontificum
657 1801 693 1832 in
718 1801 846 1833 ecclesia
875 1801 956 1834 dicti
981 1801 1127 1843 Ordinis,

435 1853 493 1886 ubi
516 1864 630 1897 corpus
654 1854 723 1886 eins
747 1855 927 1898 requiescit.

601 1942 737 1970 Urbanus
754 1943 832 1977 Papa
847 1943 926 1976 vm,

534 1996 570 2023 ad
591 1996 724 2023 futuram
742 1997 788 2024 rei
807 1996 988 2024 memoriam.

436 2077 470 2110 ln
494 2076 573 2110 Sede
597 2076 750 2121 Principis
774 2077 1014 2121 Apostolorum,
1039 2078 1132 2111 nullis

392 2130 464 2164 licet
488 2130 604 2163 nostris
629 2130 875 2173 suffragantibus
893 2131 1023 2171 meritis,
1041 2142 1058 2164 a
1074 2131 1132 2165 Do-

393 2184 479 2217 mino
492 2183 661 2224 constituti,
676 2183 736 2227 piis
750 2183 890 2216 fidelium
905 2184 984 2217 votis
998 2184 1132 2217 libenter

393 2237 576 2278 annuimus,
601 2247 700 2280 eaque
725 2237 883 2270 favoribus
907 2239 1132 2282 prosequimur

394 2291 588 2335 opportunis.

438 2345 453 2388 ξ
479 2344 506 2377 l.
525 2344 603 2377 Sane
623 2355 681 2388 pro
698 2349 785 2388 parte
804 2344 981 2377 charissimi
999 2345 1031 2378 in
1043 2345 1132 2379 Chri-

395 2403 442 2431 sto
459 2399 514 2431 filii
532 2399 630 2432 nostri
655 2399 790 2443 Philippi
808 2398 1028 2442 Hispaniarum
1049 2400 1133 2443 regis

395 2452 550 2492 catholici,
576 2462 612 2485 ac
636 2452 823 2485 dilectorum
847 2452 987 2485 filiorum
1008 2453 1084 2486 cleri
1104 2458 1134 2486 et

394 2507 503 2550 populi
530 2507 659 2540 civitatis
684 2507 918 2552 Neapolitanae,
943 2518 1066 2541 necnon
1089 2512 1133 2542 to-

395 2561 455 2593 tius
470 2561 592 2594 Ordinis
609 2562 741 2594 fratrum
755 2562 909 2596 Minorum
928 2562 1025 2596 sancti
1042 2562 1134 2595 Fran-

432 2635 441 2660 t
462 2632 561 2660 Eadem
583 2633 698 2661 facultas
713 2643 843 2662 concessa
861 2643 969 2671 quoque
988 2635 1040 2662 fuit
1057 2634 1133 2663 fratri

395 2678 586 2706 Francischino
602 2686 617 2705 a
633 2678 734 2706 Cascia.

963 263 1142 288 BULLARIUM
1165 263 1319 289 Romnum

1160 312 1234 345 cisci
1251 312 1289 345 de
1302 311 1507 346 Observantia
1526 319 1789 358 nuncupatorum,
1805 315 1897 350 nobis

1160 376 1263 410 nuper
1293 367 1470 411 expositum
1500 367 1573 408 suit,
1599 368 1683 411 quod
1708 368 1808 402 bonae
1832 380 1897 403 me-

1161 419 1279 453 moriae
1303 419 1438 453 Jacobus
1455 419 1492 453 dc
1510 420 1647 453 Marchia
1669 421 1774 455 multis
1790 427 1820 455 et
1839 423 1899 456 exi-

1161 473 1232 506 miis
1252 473 1412 514 virtutum,
1433 473 1606 518 gratiarum
1624 478 1654 507 et
1674 474 1898 510 miraculorum

1161 527 1251 559 donis
1271 538 1288 560 a
1312 527 1444 560 Domino
1469 527 1642 560 illustratus
1666 528 1741 568 fuit;
1766 539 1900 573 quapro-

1161 585 1230 624 pter
1261 581 1423 625 Philippus
1447 591 1501 614 rex
1526 592 1561 614 ac
1586 582 1689 615 clerus
1713 587 1742 615 et
1765 583 1899 626 populus

1161 644 1219 666 nee
1242 644 1304 667 non
1329 634 1407 668 ordo
1438 634 1589 679 praedicti
1620 634 1711 667 nobis
1739 635 1900 668 humiliter

1161 688 1330 732 supplicari
1362 689 1519 730 fecerunt,
1544 692 1578 723 ut
1607 689 1705 722 donec
1737 689 1900 723 canoniza-

1162 740 1254 773 tionis
1278 741 1380 774 honor
1405 741 1487 775 dicto
1508 741 1621 776 Iacobo
1638 742 1675 775 dc
1695 742 1842 784 Marchia,
1859 742 1900 776 ob

1161 792 1228 825 eius
1259 793 1404 827 eximiam
1442 794 1626 827 charitatem
1658 800 1687 827 et
1719 795 1902 828 excellentia

1161 847 1283 887 merita,
1307 847 1411 880 divina
1436 848 1615 892 adspirante
1638 849 1748 892 gratia,
1766 849 1805 882 ab
1822 850 1902 893 Apo·

1162 899 1271 932 stoliea
1297 899 1375 933 Sede
1399 900 1598 942 decernatur,
1612 901 1696 935 idem
1713 902 1844 935 Iacobus
1862 902 1900 935 de

1162 952 1298 985 Marchia
1318 953 1430 985 Beatus
1449 955 1637 998 nuncupari,
1654 961 1747 999 atque
1763 955 1900 989 officium

1162 1005 1199 1038 de
1224 1016 1272 1046 eo,
1296 1010 1330 1038 ut
1353 1005 1446 1046 infra,
1466 1006 1592 1039 recitari
1616 1008 1723 1051 possit.

1206 1059 1221 1103 ἓ
1245 1058 1273 1092 ⁶2.
1300 1059 1401 1098 Quare
1425 1069 1492 1100 nos
1517 1070 1551 1092 re
1576 1060 1664 1104 prius
1689 1071 1747 1104 per
1771 1070 1901 1094 venera-

1162 1112 1240 1145 biles
1267 1112 1380 1145 fratres
1415 1118 1540 1146 nostros
1580 1118 1705 1146 sanetae
1743 1114 1901 1147 Romanae

1162 1166 1318 1199 Ecclesiae
1351 1166 1526 1200 cardinales
1550 1167 1647 1200 saeris
1677 1167 1790 1201 ritibus
1814 1178 1903 1212 prae-

1162 1220 1291 1264 positos,
1315 1220 1429 1264 quibus
1453 1231 1521 1253 eam
1546 1221 1783 1254 examinandam
1808 1232 1900 1255 man-

1163 1273 1315 1314 davimus,
1340 1279 1462 1307 mature
1487 1274 1637 1314 discussa,
1658 1274 1696 1307 de
1716 1275 1901 1309 eorumdem

1164 1326 1370 1359 cardinalium
1391 1326 1533 1367 consilio,
1551 1327 1732 1360 huiusmodi
1750 1328 1903 1372 supplica-

1164 1379 1300 1413 tionibus
1317 1380 1467 1421 inclinati,
1480 1385 1514 1413 ut
1530 1381 1597 1424 ipse
1613 1381 1714 1414 bonae
1730 1382 1902 1415 memoriae

1165 1432 1295 1465 lacobus
1316 1432 1354 1465 de
1371 1433 1508 1466 Marchia
1524 1434 1635 1468 Beatus
1654 1434 1841 1478 nuncupari,
1857 1438 1902 1469 at-

1165 1497 1225 1530 que
1249 1486 1387 1519 officium
1413 1491 1442 1521 et
1465 1487 1559 1520 missa
1576 1487 1614 1520 de
1635 1498 1671 1521 eo
1688 1493 1848 1531 tamquam
1865 1488 1903 1522 de

1165 1541 1348 1574 Confessore
1372 1550 1435 1573 non
1460 1541 1610 1574 Pontifice
1634 1541 1666 1574 in
1690 1542 1823 1574 ecclesia
1840 1547 1905 1574 tan-

1165 1594 1329 1627 tummodo
1349 1599 1474 1627 sanctae
1491 1595 1605 1628 Mariae
1622 1595 1709 1628 della
1727 1594 1814 1628 Nova
1830 1605 1906 1628 nun-

1165 1653 1308 1693 cupatae,
1326 1648 1458 1681 civitatis
1473 1649 1705 1692 Neapolitanae,
1719 1649 1774 1681 ubi
1791 1650 1909 1693 corpus*

1166 1701 1306 1735 eiusdem
1326 1702 1524 1746 requiescere
1549 1702 1712 1743 asseritur,
1732 1702 1858 1735 recitari
1877 1707 1905 1735 et

1166 1756 1319 1789 celebrari
1344 1749 1515 1801 respective
1540 1756 1640 1789 libere
1659 1762 1689 1789 et
1708 1756 1792 1790 licite
1807 1756 1907 1801 possit
1940 1770 1946 1775 ·

1166 1816 1196 1843 et
1220 1811 1335 1852 valeat,
1365 1811 1536 1856 apostolica
1565 1811 1768 1851 auctoritate,
1796 1816 1906 1845 tenore

1166 1866 1390 1909 praesentium,
1411 1865 1568 1899 licentiam
1586 1870 1616 1898 et
1632 1866 1810 1899 facultatem
1831 1875 1906 1899 con-

1167 1918 1307 1952 cedimus
1331 1924 1361 1952 et
1384 1919 1594 1963 impertimur.

1211 1972 1226 2015 §
1248 1971 1278 2004 3.
1306 1972 1375 2005 Non
1401 1972 1598 2006 obstantibus
1630 1971 1905 2006 constitutionibus

1166 2030 1196 2058 et
1220 2025 1470 2059 ordinationibus
1500 2026 1701 2070 apostolicis,
1730 2025 1905 2070 ceterisque

1166 2079 1333 2112 contrariis
1356 2079 1616 2123 quibuscumque.

1210 2132 1322 2164 Datum
1347 2133 1474 2173 Romae,
1499 2132 1582 2177 apud
1606 2132 1635 2165 S.
1661 2132 1790 2165 Mariam
1814 2132 1905 2166 Maio-

1167 2196 1246 2226 rem,
1271 2186 1327 2219 sub
1347 2186 1463 2219 annulo
1483 2186 1662 2226 piscatoris,
1680 2186 1730 2219 die
1749 2196 1792 2220 x11
1811 2197 1906 2230 augu-

1167 2239 1206 2272 sti
1229 2249 1370 2273 MDcxxlv
1395 2239 1594 2284 pontificatus
1617 2240 1717 2274 nostri
1741 2250 1823 2275 anno
1843 2250 1875 2274 11.

1202 2301 1260 2331 Dat.
1282 2302 1326 2330 die
1349 2302 1380 2330 12
1396 2302 1505 2338 augusti
1523 2302 1599 2336 1625,
1616 2303 1712 2338 pontif.
1729 2311 1801 2331 anno
1817 2310 1844 2331 ιι.

1471 2471 1600 2506 LXXXI.

1167 2562 1342 2601 Imlultum
1356 2563 1516 2597 recitandi
1529 2563 1674 2607 officium
1683 2566 1711 2596 et
1724 2562 1909 2597 celebrandi

1212 2618 1346 2650 missam
1363 2617 1401 2650 de
1417 2618 1509 2650 beasti
1531 2617 1629 2652 Clara
1647 2617 1684 2650 dc
1700 2617 1806 2651 Monte
1827 2617 1859 2650 F
1858 2616 1907 2650 al-

1212 2671 1283 2704 chio
1299 2670 1433 2706 Ordinis
1442 2671 1666 2705 Eremitarum
1680 2671 1712 2705 S.
1725 2670 1908 2714 Auqustini

1912 267 1959 296 Αη.
1976 267 2005 296 C.
2027 268 2094 298 162⁴

1974 1076 2012 1101 Qui
2027 1077 2100 1103 potitis

1916 1104 1990 1124 annuit
2004 1104 2060 1124 iuxta
2071 1103 2100 1123 in·

1917 1130 1989 1151 «licata
2017 1130 2037 1150 in
2066 1135 2101 1150 ru-

1916 1155 1984 1177 brica.

1990 1981 2104 2008 nerogatto

1921 2009 2081 2031 contrariorum.
