2269 3235
943 235 1040 261 mnizx
1063 234 1172 261 neuun
1715 224 1780 259 689

285 289 448 326 Ecclesiae
474 293 644 335 praecepto
669 292 700 325 in
726 289 880 324 Paschate
905 299 966 322 non
991 289 1152 329 satisfacit,
1174 289 1227 332 qui
1254 289 1285 322 in
1311 297 1367 322 sua
1396 287 1547 332 parochia
1571 289 1823 321 communionem

373 354 434 378 non
459 346 564 386 sumit,
592 345 654 378 848
681 344 698 376 b
723 347 754 377 et
778 354 838 387 seq.

282 397 444 432 Ecclesiae
469 401 591 432 vacabo
624 399 654 430 in
681 396 940 431 translationibus
973 396 1117 439 episcopi
1143 394 1182 428 ab
1208 404 1244 428 ea
1270 394 1321 427 die
1347 396 1522 438 computari
1544 394 1657 435 debet,
1684 404 1746 439 qua
1772 394 1825 427 ille

373 451 412 485 ab
438 454 507 484 eius
532 451 659 484 vinculo
685 451 715 482 in
741 451 928 483 consistorio
953 449 1135 488 absolvitur,
1162 449 1221 481 :304
1249 448 1275 480 b.

285 502 501 537 Ecclesiarum
528 503 609 536 bona
634 502 766 536 alienari
792 501 842 533 vel
868 501 964 534 locari
990 501 1069 534 ultra
1095 502 1265 534 triennium
1292 511 1352 534 non
1380 505 1521 545 possunt,
1543 502 1600 534 tot
1631 502 1646 535 b
1671 505 1701 535 ct
1726 503 1788 535 379
1807 513 1826 534 a

375 559 406 590 et
431 557 468 595 b‚·
495 557 525 589 in
551 555 680 589 feudum
714 553 763 587 vel
790 553 1026 596 emphyteusim
1063 554 1149 591 dari,
1177 554 1225 586 vel
1258 555 1336 588 ultra
1368 557 1539 588 triennium
1567 555 1679 595 locari,
1707 555 1755 588 vel
1782 555 1824 588 lo-

374 611 514 643 cationes
539 609 703 653 prorogari
728 617 789 640 non
814 610 946 651 possunt
970 608 1039 639 sine
1065 605 1192 639 licentia
1211 607 1303 639 Sedis
1322 608 1535 650 Apostolicae,
1554 608 1617 640 380
1641 619 1659 639 a
1677 613 1705 641 et
1727 609 1753 641 b.

285 661 500 696 Ecclesiastici
531 664 562 696 in
594 661 740 695 Helvetia
764 659 976 703 compellendi
1008 659 1046 692 ad
1079 658 1310 692 observantiam
1343 661 1580 693 Constitutionis
1612 661 1700 694 Pauli
1725 661 1751 693 ll
1783 660 1823 694 de

374 715 464 750 bonis
490 715 696 749 ecclesiarum
722 725 783 747 non
809 713 986 747 alienandis
1011 714 1079 746 sive
1105 713 1262 754 locandis,
1290 713 1349 746 101
1377 724 1396 746 a
1421 717 1451 746 et
1474 725 1535 757 seq.

284 768 497 803 Ecclesiastici
522 770 553 801 in
578 768 730 811 Hispania
756 766 904 811 compelli
929 769 1060 809 possunt
1084 765 1123 798 ad
1149 766 1382 799 testificandum
1407 768 1438 799 in
1463 768 1567 799 causis
1598 765 1768 799 nobilitatis
1794 769 1824 800 et

374 823 517 866 puritatis
542 821 722 863 sanguinis,
749 821 810 854 1⁶24
838 821 864 853 b.

282 875 403 910 Electio
427 875 560 910 Romani
586 875 748 908 Pontificis
774 874 932 919 quomodo
958 872 1151 918 peragenda,
1177 873 1240 906 4229
1265 885 1285 905 a
1311 875 1341 906 et
1364 872 1390 905 b.

285 929 514 973 Eleemosynae
539 930 708 961 missarum
739 928 811 961 vide
843 928 1021 961 Missarum.
1047 927 1277 969 Eleemosynae
1303 929 1433 969 recepta
1461 936 1517 969 pro
1542 926 1656 959 missae
1681 925 1823 960 celebra-

375 984 460 1016 tione
486 981 581 1015 debet
605 983 728 1024 integra
752 982 833 1015 tradi
858 980 1033 1014 celebranti
1053 982 1190 1021 missam,
1218 980 1280 1013 337
1305 991 1335 1013 a.

283 1035 445 1070 EliSabeth
471 1035 527 1079 (S.)
554 1034 765 1077 portugalliae
791 1036 903 1077 regina
928 1035 1068 1067 Tertium
1099 1033 1253 1068 Ordinem
1285 1034 1315 1067 S.
1341 1033 1502 1067 Francisci
1530 1034 1681 1078 professa,
1709 1035 1770 1068 454
1797 1034 1823 1068 b.

285 1088 467 1122 Elisabetha
491 1089 643 1122 Bavariae
669 1087 805 1128 ducissa,
831 1088 894 1120 453
920 1088 935 1120 b
961 1092 990 1121 et
1016 1088 1078 1121 645
1101 1098 1129 1120 α.

285 1142 462 1187 Episcopus
486 1143 516 1174 in
542 1141 726 1184 regulares,
752 1142 805 1185 qui
840 1150 948 1174 curam
975 1144 1125 1174 exercent
1148 1142 1325 1175 animarum
1350 1141 1550 1183 secularium,
1577 1145 1693 1185 potest,
1720 1143 1823 1187 quoad

375 1205 412 1229 ea
437 1204 518 1240 quae
551 1195 667 1228 dictam
699 1204 807 1228 curam
840 1198 1036 1228 concernunt
1065 1198 1096 1228 et
1124 1198 1395 1228 sacramentorum
1424 1195 1749 1237 administrationem,
1780 1198 1823 1229 uti

374 1249 486 1283 eadem
512 1251 700 1282 auctoritate
732 1257 793 1292 qua
827 1249 857 1281 in
884 1248 1039 1292 parochos
1064 1247 1241 1289 seculares,
1267 1249 1329 1281 458
1355 1259 1394 1287 α;
1420 1248 1480 1281 illis
1515 1249 1684 1292 probibere
1717 1260 1755 1282 ne
1782 1254 1824 1283 ta-

374 1312 449 1337 xam
475 1303 632 1336 excedant
649 1302 934 1335 emolumentorum
954 1303 1181 1344 praescriptam
1201 1300 1240 1334 ab
1259 1303 1418 1344 episcopo,
1446 1301 1539 1340 Μῆτίς
1561 1311 1615 1333 cos
1633 1303 1823 1344 compellere

374 1357 488 1400 poenis
513 1360 544 1390 et
567 1358 711 1389 censuris
735 1365 752 1389 a
777 1355 892 1400 quibus
917 1354 1038 1388 absolvi
1073 1365 1133 1388 non
1160 1359 1289 1397 possunt
1313 1364 1329 1387 a
1356 1356 1421 1388 suis
1446 1355 1674 1398 superioribus,
1702 1356 1764 1388 458
1790 1356 1824 1395 b;

373 1413 404 1443 et
428 1410 588 1452 regulares
605 1412 701 1443 etiam
719 1411 749 1442 in
768 1409 866 1442 Indiis
885 1408 1020 1442 subsunt
1044 1408 1265 1449 iurisdictioni,
1283 1409 1457 1441 visitationi
1478 1412 1508 1441 et
1528 1410 1714 1441 correctioni
1741 1411 1824 1452 epis-

376 1464 447 1507 copi
473 1464 503 1495 in
530 1464 578 1495 his
604 1466 705 1496 tamen
732 1472 813 1507 quae
831 1463 870 1496 ad
895 1462 1010 1495 dictam
1036 1471 1142 1495 curam
1169 1463 1335 1504 pertinent,
1355 1463 1417 1495 537
1442 1462 1699 1496 b.Confessa1·ios
1723 1473 1740 1496 a
1767 1472 1823 1496 suo

373 1515 622 1559 praedecessore
646 1516 837 1560 approbatos
862 1520 964 1559 potest
989 1517 1104 1549 iterum
1130 1517 1324 1557 examinare,
1351 1516 1413 1549 498
1438 1516 1464 1549 b.

285 1569 433 1613 Episcopi
458 1570 618 1603 indiarum
644 1569 901 1604 Occidentalium
925 1570 1071 1603 fruuntur
1091 1571 1258 1614 privilegio
1283 1571 1468 1604 conserendi
1493 1572 1611 1614 gradus
1636 1570 1821 1613 doctorales,

373 1624 467 1656 certis
491 1624 626 1656 servatis
652 1622 788 1666 legibus,
815 1623 877 1655 516
904 1633 932 1655 a.

283 1674 461 1718 Eugenius,
487 1676 562 1708 dum
587 1677 682 1717 vixit,
708 1676 968 1719 archiepiscopus
992 1675 1200 1709 Dublinensis
1226 1676 1288 1709 266
1314 1677 1341 1718 b,
1368 1677 1556 1720 erigendum
1583 1679 1705 1711 curavit
1729 1677 1823 1710 colle-

372 1729 460 1771 gium
485 1727 697 1763 Hibernorum
724 1730 754 1761 in
781 1728 898 1772 oppido
925 1728 1053 1762 Lovanii
1079 1729 1315 1764 Mechliniensis
1341 1731 1498 1764 dioecesis
1523 1732 1602 1764 ibid.

282 1779 480 1824 Eystetensis
505 1782 659 1823 ecclesia,
686 1782 746 1815 186
773 1793 802 1814 a.
829 1782 918 1816 Clero
944 1782 1095 1817 indicitur
1119 1784 1157 1817 ad
1183 1794 1300 1818 annum
1333 1784 1457 1818 decima
1489 1785 1642 1819 solvenda
1672 1787 1822 1830 episcopo

372 1836 538 1868 occasione
562 1839 704 1869 motuum
730 1835 913 1869 bellicorum
940 1839 971 1870 in
997 1837 1177 1879 Germania,
1203 1838 1279 1872 ibid.
1306 1843 1336 1872 et
1360 1850 1420 1883 se7.

283 1886 512 1931 Exemptorum
538 1890 705 1932 privilegia
732 1891 815 1923 circa
841 1899 946 1923 curam
974 1893 1158 1931 animarum,
1178 1898 1209 1926 et
1229 1893 1533 1927 administrationem
1555 1899 1822 1928 sacramentorum

373 1949 410 1974 ac
434 1942 618 1975 monialium
643 1945 833 1977 monasteria
858 1948 888 1977 et
914 1945 1184 1987 praedicationem
1211 1947 1300 1979 verbi
1322 1947 1387 1987 Dei,
1408 1948 1469 1980 29⁶2
1488 1958 1522 1985 α;
1542 1948 1696 1991 quaedam
1723 1949 1761 1981 (le
1785 1950 1822 1981 iis

372 1993 495 2028 litterae
520 1993 665 2039 Gregorii
691 1996 742 2029 XV
766 1999 798 2030 in
823 1999 932 2040 regnis
957 1998 1169 2042 portugalliae
1195 2001 1433 2044 suspenduntur
1450 2001 1489 2034 ab
1508 2001 1633 2035 Urbano
1657 2001 1724 2035 Vlll
1745 2000 1820 2034 ibid.

283 2314 440 2350 Fabritius
465 2315 639 2358 Verospius
665 2325 834 2350 causarum
861 2317 968 2361 palatii
994 2318 1158 2363 apostolici
1183 2319 1317 2360 auditor,
1346 2320 1404 2353 181
1433 2319 1458 2353 b.
1485 2319 1627 2354 Civitatis
1651 2320 1821 2354 Perusinae

372 2374 403 2403 et
433 2372 618 2413 provinciae
656 2370 805 2404 Umbriae
830 2371 1023 2413 gubernator
1049 2373 1111 2406 358
1137 2384 1166 2405 a.
1194 2373 1240 2406 llli
1266 2374 1449 2407 mandatnm
1475 2374 1514 2407 de
1541 2376 1741 2418 possessione
1768 2384 1820 2408 ca-

370 2423 487 2467 pienda
511 2424 643 2458 ducatus
669 2424 781 2458 Urbini
808 2427 934 2459 nomme
960 2427 1052 2459 Sedis
1079 2427 1279 2470 Apostolicae
1306 2427 1382 2459 ibici.

282 2477 432 2512 Farfense
457 2481 697 2518 monasterium,
725 2480 764 2512 50
790 2479 815 2511 b.
842 2480 949 2513 Sixtus
977 2479 1001 2512 V
1023 2484 1124 2513 castra
1161 2481 1199 2514 ad
1233 2481 1308 2514 illud
1339 2483 1533 2523 spectantia,
1559 2481 1662 2526 quoad
1701 2486 1820 2526 tempo-

371 2531 436 2564 rale
462 2530 646 2572 domimum,
672 2542 818 2566 camerae
839 2533 1030 2577 apostolicae
1049 2535 1159 2573 univit,
1184 2534 1219 2567 51
1242 2545 1270 2567 a.
1290 2535 1396 2579 anue
1414 2535 1473 2568 sub
1491 2539 1712 2569 COllS[t[[l'iOl]C
1732 2536 1777 2569 Pii
1798 2536 1819 2568 V

370 2583 409 2618 de
431 2595 492 2618 non
515 2584 700 2619 alienandis
724 2587 953 2630 comprehendi
979 2588 1093 2630 voluit,
1120 2588 1156 2621 51
1186 2589 1213 2621 b.
1240 2588 1384 2622 Urbanus
1410 2590 1655 2633 gubernatorem
1685 2593 1714 2624 ei
1739 2600 1756 2624 a
1784 2600 1818 2623 se

371 2637 507 2671 electum
534 2639 685 2682 praeficit,
713 2640 754 2673 52
780 2651 810 2672 α.

423 2700 502 2728 Bau.
518 2701 602 2728 Rom.
618 2717 652 2721 —
670 2702 729 2730 Vol.
744 2702 825 2729 XIII.
969 2703 1002 2730 87
