2269 3235
220 191 305 217 »ine
331 191 394 216 11527
443 181 506 213 ets
995 187 1170 211 mumnuuti
1198 187 1349 210 notttANUM

416 238 581 280 gentibus,
607 247 645 270 ue
670 237 782 270 fratres
812 236 1020 268 mendicantes
1042 234 1150 267 huius-
1184 233 1412 277 superioriluis,
1438 239 1468 265 et
1492 233 1652 276 quibusvis
1677 233 1755 275 aliis,
1773 234 1830 267 sub
1855 234 1923 277 qui-

418 292 510 334 modi,
529 302 584 324 seu
604 292 680 324 alios
705 301 763 334 pro
788 290 842 330 eis,
860 299 954 332 super
972 287 1153 331 praemissis
1185 286 1379 330 buscumque
1404 286 1565 319 tenoribus
1590 290 1619 318 et
1643 286 1768 327 formis,
1794 297 1829 320 ac
1853 297 1924 321 cuni

418 345 547 379 ulterius
572 345 690 385 audire⁷
716 354 768 376 seu
794 343 869 375 alias
894 342 1030 385 desuper
1050 351 1082 373 se
1108 340 1155 373 in·
1186 339 1348 383 quibusvis
1368 339 1461 372 ctiam
1478 339 1696 381 dcrogatoriis,
1717 339 1847 383 aliisque
1865 340 1926 373 effi-

1941 186 1990 212 Αη.
2003 186 2030 212 C.
2055 186 2119 213 1627

417 410 527 442 gerere
551 396 774 441 quoquomodo
797 395 931 428 audeant
952 405 1005 427 seu
1024 404 1153 438 praesu-

420 456 520 491 mant,
545 461 581 482 ac
605 450 756 489 volentes,
782 453 811 481 et
835 448 944 481 eadem
970 447 1155 480 auctoritate

418 505 620 537 decernentes
645 507 675 535 ct
699 502 901 544 declarantes,
927 501 1012 545 quod
1033 501 1156 534 confra-

420 563 481 602 tres
500 556 650 600 praedicti
675 555 938 600 praecedentiam,
958 555 1041 588 iuxta
1059 554 1156 587 dicta-

420 620 488 642 rum
515 609 688 641 litterarum
722 608 818 652 ipsius
847 607 992 650 Gregorii
1024 606 1156 651 praede—

419 662 551 695 cessoris
589 661 770 704 decretique
806 661 836 693 in
872 670 983 693 eorum
1019 660 1156 692 savorem

418 715 552 748 emanati
578 714 757 748 huiusmodi
784 714 916 747 formam
942 717 972 745 et
996 712 1158 745 eontinen-

420 768 503 809 tiam,
528 768 672 808 habeant,
697 767 812 810 illaque
836 770 989 809 perpetuo
1014 765 1158 797 fruantur

418 827 447 855 et
464 821 629 865 gaudeant,
647 820 833 863 irritumque
851 822 881 852 et
898 819 989 851 inane
1005 817 1157 861 quidquid

419 886 507 908 secus
532 885 627 918 super
652 874 717 913 tiis,
741 883 758 906 a
783 881 952 916 quoquam,
972 870 1081 914 quavis
1105 880 1159 902 au-

419 929 578 968 ctoritate,
604 927 737 960 scienter
762 926 809 958 vel
835 925 1032 967 ignoranter,
1058 928 1157 955 atten-

420 986 515 1016 tatum
546 982 650 1014 forsan
676 984 722 1013 est
746 980 793 1012 vel
825 978 1031 1022 imposterum
1060 977 1159 1010 conti-

419 1036 501 1079 gerit
524 1034 677 1068 attentari.

260 1103 403 1129 acquum-
464 1088 517 1131 ἐξ).
535 1087 687 1126 Quocirca
704 1084 934 1118 venerabilibus
950 1082 1100 1116 fratribus
1114 1092 1167 1117 ara

221 1130 283 1177 i'ffliiss
294 1131 405 1181 &32:131
420 1140 627 1184 chiepiscopis
641 1145 671 1172 et
686 1138 852 1183 episcopis,
867 1138 997 1180 aliisque
1014 1137 1158 1169 locorum

222 1185 261 1203 tur.

420 1195 611 1234 Ordinariis,
642 1194 672 1226 in
704 1203 840 1236 quorum
865 1190 1062 1224 dioecesibus
1086 1200 1159 1222 con-

420 1248 612 1291 gregationis
646 1245 828 1280 huiusmodi
858 1244 1024 1288 hospitalia
1056 1248 1159 1276 erecta

420 1303 633 1346 reperiuntur,
658 1311 714 1345 per
737 1305 917 1343 praesentes
934 1298 1160 1331 committimus

421 1360 451 1389 et
475 1355 668 1395 mandamus,
689 1359 842 1397 quatenus
862 1353 931 1396 ipsi,
948 1351 995 1384 vel
1017 1351 1090 1391 duo,
1108 1355 1160 1382 aut

422 1420 501 1442 unus
526 1419 646 1449 eorum,
665 1418 722 1451 per
743 1418 785 1447 se,
806 1407 854 1439 vel
872 1406 979 1446 alium,
1001 1415 1055 1437 seu
1071 1404 1159 1445 alios⁷

422 1468 603 1507 praesentes
626 1461 747 1493 litteras
763 1466 792 1493 et
809 1460 840 1492 in
854 1459 897 1492 eis
911 1463 1057 1492 contenta
1070 1468 1161 1501 quae-

423 1526 576 1559 cumque,
602 1514 654 1547 ubi
680 1519 709 1547 et
733 1513 857 1557 quando
882 1523 962 1556 opus
986 1511 1100 1551 suerit,
1125 1521 1161 1543 ac

423 1569 545 1614 quoties
568 1579 626 1612 pro
650 1571 738 1611 parte
762 1567 894 1599 fratrum
926 1565 1160 1609 praedictorum

425 1622 540 1655 suerint
563 1620 716 1664 requisiti,
742 1619 923 1653 solemniter
947 1619 1161 1662 publicantes,

425 1676 531 1719 eisque
556 1675 586 1707 in
609 1673 791 1718 praemissis
816 1672 951 1705 efficacis
974 1671 1163 1704 defensionis

426 1729 583 1773 praesidio
594 1728 782 1767 assistentes,
794 1726 907 1759 saciant
917 1725 1101 1759 auctoritate
1112 1735 1164 1757 no-

426 1785 491 1816 stra
528 1783 701 1816 confratres
736 1781 912 1825 praedictos
947 1779 1165 1824 praesentibus

427 1836 559 1876 litteris,
588 1836 776 1878 illarumque
808 1833 974 1867 commodo
998 1837 1027 1866 et
1052 1832 1165 1865 effectu

427 1890 578 1922 adversus
602 1898 819 1932 quoscumque
848 1886 1086 1931 perturbatores
1111 1896 1164 1929 pa-

428 1943 516 1976 cifice
532 1942 593 1975 frui
611 1949 641 1975 et
657 1941 803 1985 gaudere,
817 1951 879 1974 non
895 1940 1112 1984 permittentes
1129 1940 1165 1972 il—

428 1997 475 2030 los
487 1997 622 2040 desuper
634 2006 651 2028 a
664 2005 835 2039 quoquam,
849 1994 957 2038 quavis
971 1993 1164 2035 auctoritate,

429 2050 664 2094 quomodolibet
688 2049 823 2081 indebite
849 2047 1025 2087 molestarij,
1045 2052 1167 2080 contra-

429 2105 564 2138 dictores
577 2103 733 2147 quoslibet
753 2107 782 2135 et
798 2102 933 2135 rebelles
946 2112 1002 2145 per
1019 2112 1167 2134 censuras

430 2164 460 2191 vt
484 2168 600 2201 poenas
624 2156 871 2195 ecclesiastica&
896 2155 1019 2198 aliaque
1051 2166 1167 2198 oppor-

431 2217 504 2244 tuna
528 2211 605 2244 iuris
629 2216 659 2244 et
682 2210 753 2243 facti
777 2208 936 2249 remedia,
961 2209 1169 2252 appellatione

432 2265 617 2308 postposita,
642 2263 879 2307 compescendo,
904 2263 1048 2295 invocato
1077 2262 1169 2294 etiam

434 2318 473 2350 ad
496 2319 565 2358 hoc,
583 2317 607 2350 si
625 2328 704 2361 opus
728 2316 832 2357 suerit,
850 2316 965 2349 auxilio
985 2315 1106 2348 brachii
1127 2326 1171 2349 se-

435 2371 558 2404 cularis.

480 2425 493 2465 ξ
519 2424 547 2456 ίῖι.
577 2424 645 2457 Non
674 2423 868 2456 obstantibus
899 2422 1172 2455 constitutionibus

260 2432 369 2452 Contraria
383 2432 420 2451 tu!-

238 2458 314 2479 tumtur.

1188 393 1363 426 cacioribus
1397 396 1425 426 ct
1456 392 1588 426 insolitis
1613 392 1760 425 clausulis
1773 420 1780 434 ,
1804 403 1926 426 necnon

1189 446 1381 480 irritantibus
1394 449 1423 480 et
1435 445 1503 478 aliis
1517 445 1661 486 decretis,
1672 445 1701 477 in
1713 455 1828 488 genere
1838 445 1885 478 vel
1897 446 1927 478 in

1181 499 1302 543 specie,
1327 509 1362 531 ac
1387 499 1462 531 alias
1483 498 1514 531 in
1530 498 1724 532 contrarium
1743 497 1928 542 praemisso-

1190 563 1260 585 rum
1281 551 1518 595 quomodolibet
1543 551 1710 592 concessis,
1734 550 1929 584 confirmatis

1191 609 1220 639 et
1244 605 1407 638 innovatis.
1433 605 1551 644 Quibus
1575 604 1723 638 omnibus
1741 607 1771 638 et
1787 604 1928 647 singuliS,

1191 659 1311 692 etiamsi
1327 670 1385 702 pro
1399 659 1526 692 illorum
1543 658 1709 692 sufficienti
1726 657 1929 701 derogatione

1191 712 1227 745 de
1242 712 1312 752 illis,
1325 723 1499 755 eorumque
1514 712 1585 745 totis
1600 711 1763 744 tenoribus
1776 710 1928 755 specialis,

1192 766 1358 810 specifica,
1384 777 1534 810 expressa
1565 770 1595 800 et
1625 765 1807 806 individua,
1832 775 1868 798 ac
1892 765 1930 798 de

1192 819 1288 851 verbo
1312 819 1350 851 ad
1375 819 1524 860 verbum,
1549 829 1611 852 non
1635 823 1740 851 autem
1764 829 1822 861 per
1845 819 1931 851 elau-

1192 871 1274 904 sulas
1299 872 1464 914 generales
1479 871 1562 904 idem
1580 871 1796 914 importantes,
1813 871 1931 904 mentio

1193 935 1246 957 scu
1271 925 1399 968 quaevis
1420 924 1480 956 alia
1500 924 1661 968 expressio
1680 924 1825 957 habenda
1841 930 1932 965 esset,

1193 978 1383 1021 illorumque
1398 982 1521 1010 tenores
1536 977 1757 1021 praesentibus
1768 988 1827 1020 pro
1840 978 1932 1020 plene

1192 1033 1221 1063 et
1238 1030 1429 1063 sufficienter
1441 1029 1596 1073 expressis
1609 1029 1770 1070 habentes,
1785 1029 1846 1062 illis
1858 1029 1933 1063 alias

1192 1083 1223 1116 in
1236 1094 1292 1116 suo
1306 1083 1422 1116 robore
1439 1083 1666 1127 permansuris,
1687 1083 1745 1116 hac
1762 1083 1829 1116 vice
1843 1083 1933 1116 dum-

1194 1142 1274 1170 taxat
1298 1137 1475 1181 specialiter
1500 1141 1530 1169 et
1554 1147 1702 1180 expresse
1726 1136 1932 1179 derogamus,

1193 1190 1368 1233 ceterisque
1393 1190 1559 1223 contrariis
1583 1190 1844 1234 quibuscumque.

1238 1244 1252 1287 ξ
1273 1244 1301 1277 7.
1328 1244 1477 1277 Volumus
1497 1247 1599 1278 autem
1617 1244 1702 1288 quod
1722 1243 1932 1288 praesentium

1194 1297 1407 1341 transumptis,
1428 1297 1521 1330 etiam
1543 1297 1733 1341 impresssis,
1759 1307 1854 1330 manu
1878 1297 1934 1330 ali-

1194 1351 1283 1383 cuius
1302 1350 1415 1383 notarii
1440 1350 1557 1393 publici
1578 1349 1774 1393 subscriptis,
1790 1354 1820 1382 et
1833 1349 1936 1393 sigillo

1194 1404 1325 1436 alicuius
1345 1414 1498 1447 personae
1512 1403 1543 1436 in
1560 1403 1711 1446 dignitate
1725 1403 1936 1438 ecclesiastica

1194 1458 1380 1491 constitutae
1398 1457 1543 1498 minutis,
1576 1457 1684 1490 eadem
1704 1467 1837 1500 prorsus
1857 1456 1935 1490 fides

1194 1511 1311 1554 ubique
1337 1511 1538 1550 adhibeatur,
1560 1520 1639 1554 quae
1659 1510 1736 1554 ipsis
1761 1510 1936 1553 praesenti-

1196 1564 1253 1597 bus
1275 1563 1500 1605 adhiberetur,
1526 1563 1551 1595 si
1576 1564 1678 1596 forent
1709 1563 1864 1596 exhibitae
1889 1564 1937 1597 vel

1196 1622 1347 1651 ostensae.

1240 1671 1352 1704 Datum
1377 1671 1505 1710 Romae,
1537 1669 1619 1713 apud
1644 1669 1673 1703 S.
1694 1669 1823 1702 Mariam
1848 1669 1939 1703 Maio-

1197 1735 1282 1766 rem,
1307 1724 1365 1756 sub
1387 1724 1501 1756 annulo
1526 1722 1703 1763 piscatoris,
1724 1722 1774 1756 die
1794 1733 1870 1756 XXVI
1886 1733 1940 1756 no-

1199 1778 1337 1811 vembris
1376 1787 1532 1811 iuncxxvn
1550 1803 1558 1817 ,
1593 1776 1794 1820 pontificatus
1836 1776 1936 1810 nostri

1198 1842 1280 1864 anno
1306 1842 1333 1863 v.

1235 1893 1292 1921 Dat.
1310 1893 1353 1920 die
1369 1893 1402 1921 26
1418 1892 1572 1920 novembris
1588 1892 1667 1926 1627,
1683 1891 1780 1928 pontif.
1798 1899 1867 1920 anno
1882 1899 1908 1918 v.

1494 2017 1654 2051 CCLXXII.

1201 2091 1410 2134 Liparensem
1429 2089 1603 2123 Ecclesiam
1623 2099 1643 2121 α
1663 2088 1735 2121 iure
1755 2088 1942 2134 metropoli-

1247 2144 1307 2176 tico
1325 2143 1539 2176 Messanensv's
1556 2142 1680 2183 eaeimz‘t,
1709 2145 1737 2174 et
1763 2141 1839 2175 Secti
1856 2141 1942 2185 Apo-

1246 2198 1376 2230 stolz'cae
1395 2195 1579 2229 immediate
1595 2196 1727 2228 subiicit
1741 2194 1759 2227 ¹.

1406 2268 1543 2294 Urbanus
1563 2267 1737 2301 Episcopus,

1383 2319 1488 2340 servus
1514 2319 1667 2339 servorum
1695 2311 1765 2343 Dei,

1321 2359 1357 2385 ad
1381 2360 1556 2391 perpetuam
1575 2357 1620 2384 rei
1643 2355 1823 2384 memoriam.

1250 2421 1407 2453 Romanus
1431 2418 1589 2453 Pontifex,
1614 2417 1702 2451 cuius
1734 2417 1944 2462 principatum

1989 1254 2134 1280 Trausumptis

1948 1281 2001 1302 tidos
2016 1281 2107 1302 additur.

1987 2424 2106 2445 Exordium.

438 2484 462 2509 rt
490 2477 738 2511 ard-nationibus
768 2476 967 2520 apostolicis,
999 2476 1172 2519 privilegiis
1206 2484 1300 2518 super
1325 2483 1432 2507 omnes
1449 2472 1558 2506 extulit
1575 2471 1761 2512 Altissimus,
1786 2471 1946 2504 cathedra-

438 2540 572 2572 quoque,
591 2530 716 2562 indultis
734 2534 760 2562 et
778 2529 890 2562 litteris
906 2528 1097 2572 apostolicis,
1114 2529 1173 2561 eis·
1189 2532 1191 2560 1
1207 2528 1282 2560 lium
1308 2526 1511 2560 ecclesiarum
1545 2526 1708 2569 praesules
1741 2524 1898 2558 interdum
1929 2534 1946 2557 a

440 2583 509 2614 deni
528 2581 765 2615 ‘ilendicantium
786 2581 962 2624 Ordinibus,
985 2582 1172 2624 illorumque
1243 2592 1253 2616 t
1272 2589 1309 2616 Ex
1324 2589 1431 2624 aegest.
1448 2588 1474 2615 in
1489 2587 1589 2615 Secret.
1607 2587 1683 2615 Brev.
