2269 3235
124 248 173 276 An.
193 247 223 276 C.
240 246 308 276 ¹62⁴

168 1383 241 1405 Urbini
258 1384 311 1405 duce

128 1411 208 1432 arcium
226 1411 312 1432 dominii

128 1437 240 1464 praesectis
252 1440 273 1458 et
282 1438 312 1458 Ιο-

129 1469 200 1485 corum
209 1465 312 1490 guberna-

129 1491 210 1511 toribus
220 1492 313 1515 iubente,

128 1519 151 1538 ut
166 1518 313 1538 fidelitatisiu-

128 1547 245 1565 ramentum
252 1550 313 1570 prae-

129 1573 184 1592 stent
194 1571 303 1597 Pontifiei;

935 251 1076 276 URBANUS

320 306 398 338 rem,
410 296 468 330 sub
482 298 597 331 annulo
610 298 788 339 piscatoris,
801 297 850 331 die
865 307 968 332 xxvm
981 299 1057 332 iunii

320 360 473 392 uncxxlv,
498 351 697 395 pontificatus
721 351 819 386 nostri
844 361 925 385 anno
950 362 968 385 ι.

355 414 417 442 Dat.
439 415 482 442 die
501 415 535 443 28
554 415 621 443 iunii
643 415 719 450 1624,
740 415 832 451 pontif.
851 423 920 443 anno
936 423 954 442 1.

648 551 734 584 LXX.

321 622 425 656 Lucas
442 623 606 657 Antonius
623 621 723 655 Virili
735 622 977 655 commissarius
990 632 1062 665 apo-

365 676 497 709 stolicus
521 676 707 719 depalatur,
730 679 766 708 ut
791 676 919 708 intersit
944 675 1025 708 actis
1041 686 1061 708 α

365 730 539 763 Francisco
571 729 682 762 Maria
716 729 754 762 de
792 730 910 762 Rorere
945 729 1063 762 Urbini

365 783 444 816 duce
466 782 624 826 faciendis
639 810 646 823 ‚
676 783 858 826 litterisque
886 782 1062 815 scribendis

367 834 410 869 ab
427 837 496 880 ipso
515 836 559 869 acl
576 836 747 879 fidelitatis
772 837 997 869 iuramentum
1022 837 1062 869 ab

365 889 492 922 arcium
517 890 571 922 sui
590 889 731 922 dominii
753 889 924 934 praesectis
950 894 979 923 et
1005 901 1064 933 yu-

367 943 593 976 bernatoribus
619 943 761 977 locorum
787 944 932 977 Romano
952 943 1065 977 Ponti-

365 997 420 1039 fici
444 1001 472 1030 et
496 997 687 1030 reverendae
703 1008 847 1031 camerae
872 997 1066 1041 apostolicae

364 1050 600 1094 praestandmn
623 1052 813 1084 necessariis
825 1051 845 1084 ¹.

324 1121 438 1150 Dilecto
449 1122 510 1150 filio
521 1122 665 1157 magistro
676 1123 773 1151 Lucae
789 1122 915 1150 Antonio
926 1122 1022 1155 Virili,
1035 1122 1066 1149 in

360 1167 491 1202 utraque
512 1167 669 1202 signatura
691 1166 797 1195 nostrii
815 1167 1029 1201 referendario,

529 1213 666 1241 Urbanus
687 1213 766 1247 Papa
785 1214 864 1241 vm.

598 1267 712 1294 Dilecta
732 1267 790 1300 fili,

361 1313 490 1340 salutem
510 1314 541 1339 et
561 1311 758 1346 apostolicam
780 1311 1030 1340 benedictionem.

371 1374 428 1418 §i
443 1374 519 1408 Cum
536 1374 669 1407 dilectus
682 1374 765 1407 filius
782 1374 897 1408 nobilis
910 1375 959 1407 rir
976 1374 1070 1407 Fran·
1085 1399 1087 1416 ,

327 1428 428 1461 ciscus
452 1428 548 1461 Maria
572 1427 611 1461 de
635 1428 756 1461 Rovcre
780 1428 889 1461 Urbini
914 1428 975 1461 dux
1004 1439 1070 1462 om-

327 1481 419 1514 nibus
443 1487 474 1515 et
497 1482 630 1525 singulis
663 1482 976 1526 propugnaculorum
1005 1483 1069 1515 sive

327 1535 551 1569 fortalitiorum
584 1540 613 1570 et
637 1536 758 1568 arcium
794 1536 981 1579 praefectis,
1015 1547 1089 1573 seui

329 1590 516 1631 castellanis,
532 1599 655 1622 necnon
672 1589 938 1632 gubernatoribus
952 1594 981 1622 et
1001 1589 1069 1622 aliis
1087 1586 1089 1611 l

329 1643 516 1676 officialibus
540 1650 713 1684 armorum,
738 1643 898 1676 civitatum
925 1648 955 1677 et
978 1643 1066 1677 loco-

329 1707 401 1729 rum
426 1697 557 1730 ducatus
582 1707 637 1729 seu
661 1698 764 1731 Status
788 1697 919 1737 Urbini,
947 1707 1070 1731 necnon

329 1749 491 1783 civitatum
508 1750 702 1783 pisaurensis
719 1755 748 1783 et
762 1750 1016 1793 Senogalliensis‚
1036 1762 1070 1784 ac

329 1803 433 1837 Status
457 1804 730 1845 Montisferetrani,
755 1809 788 1838 ut
810 1804 978 1847 fidelitatis,
1000 1805 1073 1837 alia-

330 1868 392 1902 que
420 1858 594 1891 iuramenta
629 1858 661 1890 in
696 1862 839 1892 nostrum
870 1863 900 1892 et
929 1869 1072 1892 camerae

330 1911 519 1955 apostolicae
544 1912 682 1945 favorem
703 1916 863 1956 praestent
894 1923 1001 1946 coram
1021 1923 1074 1947 no-

331 1965 410 1998 tario
435 1970 465 1998 et
488 1966 619 2000 testibus
642 1965 827 2010 praecipere
852 1970 881 2001 et
905 1967 1091 2009 mandare,l

331 2029 367 2052 ac
391 2019 566 2052 successive
593 2019 730 2059 litteras,
752 2019 790 2052 ad
814 2020 883 2053 iura
912 2026 1020 2054 nostra
1044 2026 1074 2054 et

331 2071 419 2105 Sedis
437 2077 466 2105 et
482 2083 625 2106 camerae
639 2073 829 2117 apostolicae
845 2084 942 2117 super
958 2074 1073 2107 ducatu

332 2131 362 2160 et
385 2127 471 2161 Statu
496 2127 603 2160 Urbini
629 2131 659 2161 et
678 2127 855 2160 civitatibus
879 2127 1073 2162 Pisaurensis

332 2185 362 2214 et
381 2180 623 2224 Senogalliensis
648 2186 678 2214 ct
697 2182 784 2215 Statu
801 2182 1072 2215 illontisseretrano

331 2234 534 2278 praedictae2
569 2246 603 2268 ae
637 2235 813 2268 iuramenta
848 2236 1008 2280 praedicta
1045 2242 1074 2269 et

332 2288 392 2321 alia
415 2289 564 2322 nonnulla
588 2291 762 2330 attinentes,
783 2290 821 2323 ad
849 2300 906 2323 nos
931 2291 1074 2325 simililer

334 2352 439 2375 eoram
464 2343 587 2376 notario
611 2347 642 2377 et
665 2344 806 2385 testibuS,
824 2344 918 2377 certis
935 2345 1030 2378 modo
1044 2350 1074 2377 et

332 2396 435 2429 forma
464 2397 577 2440 quibus
609 2397 703 2431 hodie
734 2398 796 2431 dux
832 2399 1011 2442 praedictus
1036 2400 1074 2432 ad

333 2449 597 2494 subscriptionem
620 2451 735 2493 utitur,
761 2452 973 2494 subscribere,
1000 2453 1074 2487 dare

333 2508 363 2536 et
386 2503 510 2538 mittere
533 2504 707 2538 intendal³t

370 2585 383 2612 1
402 2584 439 2612 Ex
455 2585 563 2619 negest.
579 2585 606 2611 in
621 2585 722 2613 Secret.
740 2585 816 2613 Brev.

368 2629 384 2656 2
399 2629 544 2656 Videretur
558 2629 704 2664 legendum
716 2630 874 2665 praedictis
890 2630 926 2666 (R.
941 2633 988 2665 iz).

369 2673 385 2703 3
398 2673 469 2702 Edit.
485 2674 568 2702 Main.
584 2674 649 2709 legit
663 2675 793 2703 intendet
811 2678 849 2710 (u.
865 2677 913 2709 τ.).

1096 251 1153 276 vin
1172 252 1220 276 ιη».
1737 243 1802 277 179
1847 252 1896 279 An.
1914 253 1944 280 c.
1962 252 2029 281 1624

1136 300 1150 341 ,ἓ
1174 299 1204 332 2.
1225 298 1345 332 Idcirco
1361 308 1428 341 nos,
1445 299 1484 332 de
1500 300 1554 332 tua
1570 298 1642 340 fide,
1664 300 1830 343 prudentia
1873 313 1971 335 crium
1988 315 2030 334 Au-

1847 343 1926 361 lonium
1945 340 2031 361 Virilem

1093 357 1122 384 et
1146 352 1322 395 integritate
1353 352 1523 396 plurimum
1549 352 1579 385 in
1604 353 1737 386 Domino
1762 364 2031 397 con-5101.u12i,u21m-

1094 405 1151 445 sisi,
1170 412 1256 440 motu
1281 407 1410 451 proprio
1434 413 1464 440 et
1487 417 1524 441 ex
1549 409 1633 441 certa
1651 407 1781 442 scientie
1797 418 1832 441 ac
1847 395 2032 450 gffffflss‘hmssfssff

1094 461 1217 491 matura
1230 459 1455 493 deliberatione
1471 461 1597 502 nostris,
1611 461 1666 493 tibi
1679 471 1735 504 per
1748 471 1834 504 prae·
1849 453 1889 474 ‘¹¹¹⁶
1904 449 2002 472 “cum‘'

1095 516 1197 544 sentes
1222 513 1448 546 committimus
1473 520 1503 547 et
1526 514 1721 556 mandamus,
1746 519 1780 547 ut
1796 514 1833 547 ad

1094 564 1212 598 dictum
1228 565 1430 599 Franciscum
1448 568 1575 601 Mariam
1593 569 1705 602 ducem
1721 572 1750 602 tc
1766 579 1836 613 per-

1095 620 1243 653 sonaliter
1268 621 1428 662 conseras‚
1459 632 1494 655 ae
1519 623 1688 663 mandatis,
1713 633 1837 667 praecc-

1096 674 1168 717 ptis‚
1185 685 1359 718 eorumque
1373 680 1403 708 et
1415 675 1589 709 litterarum
1604 677 1835 720 praedictarum

1096 727 1402 772 subscriptionibus,
1438 740 1495 773 per
1531 730 1677 762 eumdem
1715 731 1838 763 Franci-

1097 792 1184 815 scum
1209 783 1337 815 Mariam
1365 783 1487 823 ducem,
1505 788 1539 816 ut
1564 784 1749 827 praefertur⁷
1767 784 1839 816 dan-

1098 835 1144 868 dis
1168 841 1198 868 et
1223 836 1385 876 faciendis,
1410 842 1519 870 nostro
1544 842 1574 869 et
1597 837 1685 871 Sedis
1710 838 1839 881 Aposto-

1098 889 1177 922 licac
1209 890 1337 923 nomine
1372 901 1521 934 praesens
1552 891 1612 931 sis,
1637 896 1667 924 et
1696 890 1838 923 assistas:

1099 954 1193 987 super
1217 944 1332 987 quibus
1349 945 1496 978 omnibus
1513 950 1543 978 et
1555 945 1687 988 singulis
1703 945 1840 989 plenam,

1100 997 1231 1030 liberam
1257 1003 1286 1031 et
1310 999 1445 1042 amplam
1477 999 1655 1032 facultatem
1679 1004 1710 1031 et
1733 1002 1841 1032 aucto-

1101 1052 1225 1085 ritatem
1250 1052 1305 1085 tibi
1331 1053 1532 1087 concedimus
1556 1059 1586 1087 et
1610 1053 1818 1097 impertimur.

1145 1107 1159 1149 ἓ
1183 1105 1212 1139 3.
1234 1107 1268 1139 In
1293 1107 1487 1140 contrarium
1504 1107 1689 1141 facientibus
1709 1117 1772 1140 non
1789 1107 1843 1141 ob-

1101 1160 1251 1206 stanti-bus
1275 1161 1535 1205 quibuscumque.

1145 1214 1256 1247 Datum
1281 1214 1408 1255 Romae,
1429 1215 1511 1258 apud
1535 1215 1563 1249 S.
1589 1215 1717 1248 Mariam
1742 1215 1839 1248 Maio·
1858 1224 2042 1246 eontrariatoim.

1103 1277 1181 1307 rem,
1199 1269 1256 1301 sub
1275 1269 1390 1301 annulo
1411 1269 1587 1309 piscatoris,
1604 1269 1654 1302 die
1674 1279 1749 1303 xxix
1766 1269 1843 1302 iunii

1102 1331 1253 1363 iincxx1v‚
1278 1322 1477 1366 pontificatus
1505 1323 1607 1356 nostri
1631 1333 1712 1356 anno
1736 1323 1776 1357 1¹.

1141 1383 1199 1411 Dat.
1221 1384 1264 1412 die
1283 1385 1317 1413 29
1337 1385 1404 1412 iunii
1421 1386 1498 1421 1624,
1519 1386 1615 1422 pontif.
1633 1393 1704 1414 anno
1720 1393 1737 1413 1.

1427 1514 1525 1547 LXXI.

1105 1586 1260 1629 Sequitur
1272 1586 1413 1629 facultas
1427 1586 1548 1619 eisdem
1565 1586 1750 1629 apostolicis
1766 1596 1849 1619 com-

1148 1640 1310 1673 missariis
1338 1640 1518 1683 recipiendi
1546 1640 1716 1682 fidelitatis
1750 1641 1845 1673 iura-

1150 1698 1296 1727 mentum
1332 1705 1352 1726 a
1382 1693 1650 1737 (lubernatoribus
1665 1721 1672 1734 ,
1707 1694 1849 1737 aliisque

1150 1748 1346 1791 officialibus
1363 1748 1473 1781 Status
1493 1748 1610 1781 Urbini
1626 1752 1755 1782 sanctae
1772 1748 1849 1782 Secli

1150 1802 1355 1845 Apostolicae
1376 1801 1624 1845 praestandwiz.

1107 1873 1219 1901 Dilecto
1240 1873 1301 1918 tilio
1321 1873 1532 1901 Francischino
1553 1881 1569 1900 a
1590 1872 1710 1908 cascia,
1734 1873 1849 1902 Ordinis

1143 1918 1288 1946 Minorum
1306 1919 1553 1946 conventualium
1572 1918 1685 1947 vicario
1706 1919 1848 1954 generali,

1316 1964 1454 1992 Urbanus
1472 1965 1551 1998 Papa
1570 1964 1645 1992 vul.

1371 2019 1496 2047 Dilecte
1518 2019 1580 2054 fili,

1155 2065 1284 2092 salutem
1299 2067 1329 2092 et
1345 2065 1540 2098 apostolicam
1554 2064 1804 2092 benedictionem.

1152 2127 1167 2169 ξ
1181 2127 1209 2159 Ἰ.
1223 2127 1300 2161 Cum
1314 2127 1446 2160 dilectus
1463 2127 1546 2159 filius
1562 2127 1676 2160 nobilis
1693 2127 1741 2159 vir
1758 2126 1850 2159 Fran·
1891 2136 2048 2163 Cupienteipso

1108 2181 1209 2214 ciseus
1234 2181 1329 2214 Maria
1354 2181 1463 2214 Urbini
1489 2181 1569 2221 dux,
1595 2181 1726 2225 provide
1750 2181 1851 2214 consi-
1865 2164 2050 2237 εὲεὲςεῑζῑὲξῖξῇἶ

1107 2236 1230 2275 dei-ans,
1254 2235 1402 2267 ducatum
1428 2234 1547 2275 Urbini,
1564 2245 1686 2268 necnon
1711 2235 1850 2269 civitates
1866 2223 2050 2265 faticsmiiira'mii:

1107 2289 1373 2331 Senogalliensem
1391 2293 1421 2320 et
1438 2288 1656 2321 Pisaurensem
1677 2293 1707 2321 et
1727 2289 1756 2321 S.
1779 2290 1852 2322 Leo·
1865 2270 1980 2318 ἓῗεῗῖῑεῗὲὼ
1989 2271 2050 2323 1232·-

1108 2344 1155 2377 nis
1171 2354 1243 2376 cum
1258 2344 1342 2376 terra
1357 2348 1387 2375 et
1400 2353 1471 2375 arce
1485 2342 1598 2380 Maioli,
1612 2353 1648 2376 ac
1666 2346 1765 2376 totum
1787 2343 1851 2376 Sta·
1866 2326 1934 2349 ΝΜ

1108 2404 1174 2431 tum
1200 2398 1506 2432 Montisseretramim
1521 2425 1527 2437 ‚
1553 2397 1676 2440 aliaque
1700 2398 1849 2440 dominia,

1109 2452 1258 2493 civitates,
1273 2451 1396 2495 oppida⁷
1411 2455 1522 2491 castra,
1536 2455 1647 2491 terras,
1660 2461 1757 2494 arces,
1776 2462 1850 2496 pro-

1146 2544 1156 2569 1
1177 2541 1303 2569 Eiusdem
1314 2541 1431 2577 exempli
1447 2541 1530 2568 Breve
1541 2541 1697 2576 expeditum
1708 2542 1759 2569 suit
1773 2542 1850 2570 fratri

1110 2587 1188 2613 Felici
1205 2586 1398 2613 Fraucischino
1414 2595 1429 2613 a
1445 2586 1539 2613 Cascia
1549 2586 1656 2613 Ordinis
1672 2587 1788 2615 fratrum
1801 2588 1850 2614 Mi-

1109 2640 1210 2658 noi-um
1232 2631 1319 2658 sancti
1343 2631 1481 2659 Francisei
1500 2631 1727 2660 Conventualium
1750 2633 1850 2661 vicario

1108 2676 1255 2711 apostolico
1273 2676 1406 2712 generali.
