<?xml version="1.0" encoding="UTF-8"?>
<!DOCTYPE html PUBLIC "-//W3C//DTD XHTML 1.0 Transitional//EN"
    "http://www.w3.org/TR/xhtml1/DTD/xhtml1-transitional.dtd">
<html xmlns="http://www.w3.org/1999/xhtml" xml:lang="en" lang="en">
 <head>
  <title>
</title>
<meta http-equiv="Content-Type" content="text/html;charset=utf-8" />
  <meta name='ocr-system' content='tesseract 3.04.00' />
  <meta name='ocr-capabilities' content='ocr_page ocr_carea ocr_par ocr_line ocrx_word'/>
</head>
<body>
  <div class='ocr_page' id='page_1' title='image "./bullarumdiplomat13cath_0751.png"; bbox 0 0 2269 3235; ppageno 0'>
   <div class='ocr_carea' id='block_1_1' title="bbox 628 343 1475 431">
    <p class='ocr_par' dir='ltr' id='par_1_1' title="bbox 628 343 1475 431">
     <span class='ocr_line' id='line_1_1' title="bbox 628 343 1475 431; baseline 0.006 -6"><span class='ocrx_word' id='word_1_1' title='bbox 628 343 877 426; x_wconf 85' lang='lat' dir='ltr'>INDEX</span> <span class='ocrx_word' id='word_1_2' title='bbox 937 344 1475 431; x_wconf 78' lang='lat' dir='ltr'><strong>RUBRICARUM</strong></span> 
     </span>
    </p>
   </div>
   <div class='ocr_carea' id='block_1_2' title="bbox 791 515 1334 566">
    <p class='ocr_par' dir='ltr' id='par_1_2' title="bbox 791 515 1334 566">
     <span class='ocr_line' id='line_1_2' title="bbox 791 515 1334 566; baseline 0.009 -4"><span class='ocrx_word' id='word_1_3' title='bbox 791 515 1334 566; x_wconf 88' lang='lat' dir='ltr'><strong>CONSTITUTIONUM</strong></span> 
     </span>
    </p>
   </div>
   <div class='ocr_carea' id='block_1_3' title="bbox 661 663 1452 726">
    <p class='ocr_par' dir='ltr' id='par_1_3' title="bbox 661 663 1452 726">
     <span class='ocr_line' id='line_1_3' title="bbox 661 663 1452 726; baseline 0.008 -5"><span class='ocrx_word' id='word_1_4' title='bbox 661 663 1026 722; x_wconf 88' lang='lat' dir='ltr'><strong>URBANI</strong></span> <span class='ocrx_word' id='word_1_5' title='bbox 1081 666 1214 724; x_wconf 94' lang='grc' dir='ltr'>ΡΡ.</span> <span class='ocrx_word' id='word_1_6' title='bbox 1269 668 1452 726; x_wconf 94' lang='lat' dir='ltr'><strong>VIII</strong></span> 
     </span>
    </p>
   </div>
   <div class='ocr_carea' id='block_1_4' title="bbox 506 808 1594 847">
    <p class='ocr_par' dir='ltr' id='par_1_4' title="bbox 506 808 1594 847">
     <span class='ocr_line' id='line_1_4' title="bbox 506 808 1594 847; baseline 0.008 -9"><span class='ocrx_word' id='word_1_7' title='bbox 506 808 566 838; x_wconf 82' lang='lat' dir='ltr'>AB</span> <span class='ocrx_word' id='word_1_8' title='bbox 604 808 732 839; x_wconf 78' lang='lat' dir='ltr'>ANNO</span> <span class='ocrx_word' id='word_1_9' title='bbox 769 809 918 840; x_wconf 83' lang='lat' dir='ltr'><strong>PRIMO</strong></span> <span class='ocrx_word' id='word_1_10' title='bbox 955 810 1098 840; x_wconf 82' lang='lat' dir='ltr'><strong>SACRI</strong></span> <span class='ocrx_word' id='word_1_11' title='bbox 1132 811 1239 843; x_wconf 86' lang='lat' dir='ltr'><strong>EIUS</strong></span> <span class='ocrx_word' id='word_1_12' title='bbox 1268 813 1594 847; x_wconf 82' lang='lat' dir='ltr'><strong>PRINCIPATUS</strong></span> 
     </span>
    </p>
   </div>
   <div class='ocr_carea' id='block_1_5' title="bbox 786 928 1314 965">
    <p class='ocr_par' dir='ltr' id='par_1_5' title="bbox 786 928 1314 965">
     <span class='ocr_line' id='line_1_5' title="bbox 786 928 1314 965; baseline 0.009 -8"><span class='ocrx_word' id='word_1_13' title='bbox 786 928 847 957; x_wconf 80' lang='lat' dir='ltr'>AD</span> <span class='ocrx_word' id='word_1_14' title='bbox 883 929 1045 959; x_wconf 83' lang='lat' dir='ltr'>TOTUM</span> <span class='ocrx_word' id='word_1_15' title='bbox 1081 930 1314 965; x_wconf 81' lang='lat' dir='ltr'><strong>QUINTUM.</strong></span> 
     </span>
    </p>
   </div>
   <div class='ocr_carea' id='block_1_6' title="bbox 275 1525 1024 2698">
    <p class='ocr_par' dir='ltr' id='par_1_6' title="bbox 277 1525 1021 1678">
     <span class='ocr_line' id='line_1_6' title="bbox 277 1525 1021 1568; baseline -0.001 -8"><span class='ocrx_word' id='word_1_16' title='bbox 277 1525 301 1560; x_wconf 84' lang='grc' dir='ltr'>Ι.</span> <span class='ocrx_word' id='word_1_17' title='bbox 325 1526 497 1568; x_wconf 83' lang='lat' dir='ltr'>Privilegia</span> <span class='ocrx_word' id='word_1_18' title='bbox 521 1530 551 1560; x_wconf 87' lang='lat' dir='ltr'>et</span> <span class='ocrx_word' id='word_1_19' title='bbox 575 1525 697 1560; x_wconf 86' lang='lat' dir='ltr'>indulta</span> <span class='ocrx_word' id='word_1_20' title='bbox 722 1534 874 1559; x_wconf 87' lang='lat' dir='ltr'>concessa</span> <span class='ocrx_word' id='word_1_21' title='bbox 899 1525 1021 1559; x_wconf 86' lang='lat' dir='ltr'>concla-</span> 
     </span>
     <span class='ocr_line' id='line_1_7' title="bbox 365 1579 1021 1624; baseline 0.002 -11"><span class='ocrx_word' id='word_1_22' title='bbox 365 1581 472 1620; x_wconf 87' lang='lat' dir='ltr'>vistis,</span> <span class='ocrx_word' id='word_1_23' title='bbox 497 1581 552 1624; x_wconf 92' lang='lat' dir='ltr'>qui</span> <span class='ocrx_word' id='word_1_24' title='bbox 576 1581 791 1613; x_wconf 85' lang='lat' dir='ltr'>inservierunt</span> <span class='ocrx_word' id='word_1_25' title='bbox 814 1579 1021 1623; x_wconf 85' lang='lat' dir='ltr'>praecedenti</span> 
     </span>
     <span class='ocr_line' id='line_1_8' title="bbox 366 1633 665 1678; baseline -0.003 -11"><span class='ocrx_word' id='word_1_26' title='bbox 366 1633 520 1674; x_wconf 84' lang='lat' dir='ltr'>conclavi,</span> <span class='ocrx_word' id='word_1_27' title='bbox 542 1644 617 1678; x_wconf 75' lang='lat' dir='ltr'><strong><em>pay.</em></strong></span> <span class='ocrx_word' id='word_1_28' title='bbox 636 1633 665 1666; x_wconf 93' lang='lat'>1.</span> 
     </span>
    </p>

    <p class='ocr_par' dir='ltr' id='par_1_7' title="bbox 275 1685 1020 1785">
     <span class='ocr_line' id='line_1_9' title="bbox 275 1685 1020 1730; baseline -0.001 -9"><span class='ocrx_word' id='word_1_29' title='bbox 275 1686 315 1721; x_wconf 89' lang='lat'>11.</span> <span class='ocrx_word' id='word_1_30' title='bbox 339 1686 541 1722; x_wconf 82' lang='lat' dir='ltr'>Canonizatio</span> <span class='ocrx_word' id='word_1_31' title='bbox 566 1686 653 1720; x_wconf 87' lang='lat' dir='ltr'>Beati</span> <span class='ocrx_word' id='word_1_32' title='bbox 674 1686 812 1730; x_wconf 86' lang='lat' dir='ltr'>Philippi</span> <span class='ocrx_word' id='word_1_33' title='bbox 837 1685 924 1719; x_wconf 91' lang='lat' dir='ltr'>Nerii</span> <span class='ocrx_word' id='word_1_34' title='bbox 943 1685 1020 1720; x_wconf 92' lang='lat' dir='ltr'>Con-</span> 
     </span>
     <span class='ocr_line' id='line_1_10' title="bbox 365 1739 998 1785; baseline -0.002 -11"><span class='ocrx_word' id='word_1_35' title='bbox 365 1742 560 1785; x_wconf 83' lang='lat' dir='ltr'>gregationis</span> <span class='ocrx_word' id='word_1_36' title='bbox 579 1739 718 1775; x_wconf 85' lang='lat' dir='ltr'>Oratorii</span> <span class='ocrx_word' id='word_1_37' title='bbox 736 1739 920 1782; x_wconf 87' lang='lat' dir='ltr'>fundatoris,</span> <span class='ocrx_word' id='word_1_38' title='bbox 947 1741 998 1773; x_wconf 88' lang='lat'>11.</span> 
     </span>
    </p>

    <p class='ocr_par' dir='ltr' id='par_1_8' title="bbox 277 1793 1022 1889">
     <span class='ocr_line' id='line_1_11' title="bbox 277 1793 1022 1837; baseline -0.001 -9"><span class='ocrx_word' id='word_1_39' title='bbox 277 1793 332 1828; x_wconf 88' lang='lat'>111.</span> <span class='ocrx_word' id='word_1_40' title='bbox 352 1794 552 1829; x_wconf 81' lang='lat' dir='ltr'>Canonizatio</span> <span class='ocrx_word' id='word_1_41' title='bbox 576 1794 661 1828; x_wconf 85' lang='lat' dir='ltr'>beati</span> <span class='ocrx_word' id='word_1_42' title='bbox 685 1794 799 1837; x_wconf 84' lang='lat' dir='ltr'>Ignatii</span> <span class='ocrx_word' id='word_1_43' title='bbox 826 1793 948 1828; x_wconf 86' lang='lat' dir='ltr'>Loiolae</span> <span class='ocrx_word' id='word_1_44' title='bbox 966 1794 1022 1828; x_wconf 88' lang='lat' dir='ltr'>So-</span> 
     </span>
     <span class='ocr_line' id='line_1_12' title="bbox 367 1847 877 1889; baseline -0.002 -7"><span class='ocrx_word' id='word_1_45' title='bbox 367 1849 489 1882; x_wconf 86' lang='lat' dir='ltr'>cietatis</span> <span class='ocrx_word' id='word_1_46' title='bbox 514 1848 586 1881; x_wconf 84' lang='lat' dir='ltr'>Iesu</span> <span class='ocrx_word' id='word_1_47' title='bbox 613 1847 798 1889; x_wconf 80' lang='lat' dir='ltr'>fundatoris7</span> <span class='ocrx_word' id='word_1_48' title='bbox 826 1848 877 1881; x_wconf 68' lang='lat'>⁶23.</span> 
     </span>
    </p>

    <p class='ocr_par' dir='ltr' id='par_1_9' title="bbox 276 1900 1021 1999">
     <span class='ocr_line' id='line_1_13' title="bbox 276 1900 1021 1936; baseline 0 -1"><span class='ocrx_word' id='word_1_49' title='bbox 276 1900 327 1935; x_wconf 89' lang='lat' dir='ltr'>IV.</span> <span class='ocrx_word' id='word_1_50' title='bbox 352 1901 553 1936; x_wconf 87' lang='lat' dir='ltr'>Canonizatio</span> <span class='ocrx_word' id='word_1_51' title='bbox 570 1902 656 1936; x_wconf 86' lang='lat' dir='ltr'>Beati</span> <span class='ocrx_word' id='word_1_52' title='bbox 674 1902 835 1936; x_wconf 88' lang='lat' dir='ltr'>Francisci</span> <span class='ocrx_word' id='word_1_53' title='bbox 854 1901 984 1935; x_wconf 83' lang='lat' dir='ltr'>Xaverii</span> <span class='ocrx_word' id='word_1_54' title='bbox 1005 1911 1021 1936; x_wconf 91' lang='lat' dir='ltr'>e</span> 
     </span>
     <span class='ocr_line' id='line_1_14' title="bbox 366 1956 710 1999; baseline -0.003 -9"><span class='ocrx_word' id='word_1_55' title='bbox 366 1956 523 1990; x_wconf 83' lang='lat' dir='ltr'>Societate</span> <span class='ocrx_word' id='word_1_56' title='bbox 549 1956 631 1999; x_wconf 85' lang='lat' dir='ltr'>Iesu⁷</span> <span class='ocrx_word' id='word_1_57' title='bbox 659 1957 710 1990; x_wconf 88' lang='lat'>33.</span> 
     </span>
    </p>

    <p class='ocr_par' dir='ltr' id='par_1_10' title="bbox 277 2008 1023 2321">
     <span class='ocr_line' id='line_1_15' title="bbox 277 2008 1023 2046; baseline 0.001 -4"><span class='ocrx_word' id='word_1_58' title='bbox 277 2008 314 2043; x_wconf 91' lang='lat' dir='ltr'>V.</span> <span class='ocrx_word' id='word_1_59' title='bbox 339 2008 478 2046; x_wconf 82' lang='lat' dir='ltr'>Officiali</span> <span class='ocrx_word' id='word_1_60' title='bbox 502 2012 611 2043; x_wconf 83' lang='lat' dir='ltr'>curiae</span> <span class='ocrx_word' id='word_1_61' title='bbox 636 2009 871 2043; x_wconf 85' lang='lat' dir='ltr'>ecclesiasticae</span> <span class='ocrx_word' id='word_1_62' title='bbox 889 2009 1023 2043; x_wconf 80' lang='lat' dir='ltr'>xancto-</span> 
     </span>
     <span class='ocr_line' id='line_1_16' title="bbox 367 2065 1020 2098; baseline 0 -1"><span class='ocrx_word' id='word_1_63' title='bbox 367 2065 475 2097; x_wconf 85' lang='lat' dir='ltr'>nensis</span> <span class='ocrx_word' id='word_1_64' title='bbox 499 2066 706 2098; x_wconf 75' lang='lat' dir='ltr'>committitur</span> <span class='ocrx_word' id='word_1_65' title='bbox 731 2066 806 2098; x_wconf 90' lang='lat' dir='ltr'>unio</span> <span class='ocrx_word' id='word_1_66' title='bbox 839 2066 1020 2097; x_wconf 76' lang='lat' dir='ltr'>monasterii</span> 
     </span>
     <span class='ocr_line' id='line_1_17' title="bbox 366 2116 1022 2151; baseline -0.002 0"><span class='ocrx_word' id='word_1_67' title='bbox 366 2117 399 2151; x_wconf 92' lang='lat' dir='ltr'>B.</span> <span class='ocrx_word' id='word_1_68' title='bbox 428 2117 548 2151; x_wconf 84' lang='lat' dir='ltr'>Mariae</span> <span class='ocrx_word' id='word_1_69' title='bbox 587 2118 627 2151; x_wconf 94' lang='lat' dir='ltr'>de</span> <span class='ocrx_word' id='word_1_70' title='bbox 666 2117 859 2151; x_wconf 84' lang='lat' dir='ltr'>Castellariis</span> <span class='ocrx_word' id='word_1_71' title='bbox 891 2116 1022 2151; x_wconf 83' lang='lat' dir='ltr'>Ordinis</span> 
     </span>
     <span class='ocr_line' id='line_1_18' title="bbox 366 2171 1023 2205; baseline -0.002 0"><span class='ocrx_word' id='word_1_72' title='bbox 366 2171 588 2205; x_wconf 88' lang='lat' dir='ltr'>Cisterciensis</span> <span class='ocrx_word' id='word_1_73' title='bbox 619 2171 763 2205; x_wconf 87' lang='lat' dir='ltr'>eiusdem</span> <span class='ocrx_word' id='word_1_74' title='bbox 789 2171 1023 2205; x_wconf 82' lang='lat' dir='ltr'>Xanctonensis</span> 
     </span>
     <span class='ocr_line' id='line_1_19' title="bbox 366 2224 1022 2269; baseline 0.002 -11"><span class='ocrx_word' id='word_1_75' title='bbox 366 2224 524 2258; x_wconf 78' lang='lat' dir='ltr'>dioecesis</span> <span class='ocrx_word' id='word_1_76' title='bbox 549 2226 658 2259; x_wconf 90' lang='lat' dir='ltr'>domui</span> <span class='ocrx_word' id='word_1_77' title='bbox 684 2225 856 2259; x_wconf 89' lang='lat' dir='ltr'>Parisiensi</span> <span class='ocrx_word' id='word_1_78' title='bbox 884 2224 1022 2269; x_wconf 82' lang='lat' dir='ltr'>Congre-</span> 
     </span>
     <span class='ocr_line' id='line_1_20' title="bbox 369 2277 754 2321; baseline 0 -10"><span class='ocrx_word' id='word_1_79' title='bbox 369 2280 507 2321; x_wconf 85' lang='lat' dir='ltr'>gationis</span> <span class='ocrx_word' id='word_1_80' title='bbox 531 2277 676 2320; x_wconf 84' lang='lat' dir='ltr'>Oratorii‚</span> <span class='ocrx_word' id='word_1_81' title='bbox 704 2279 754 2311; x_wconf 82' lang='lat'>46.</span> 
     </span>
    </p>

    <p class='ocr_par' dir='ltr' id='par_1_11' title="bbox 280 2330 1023 2537">
     <span class='ocr_line' id='line_1_21' title="bbox 280 2330 1023 2366; baseline 0.001 -2"><span class='ocrx_word' id='word_1_82' title='bbox 280 2330 331 2365; x_wconf 87' lang='lat' dir='ltr'>vl.</span> <span class='ocrx_word' id='word_1_83' title='bbox 361 2331 563 2365; x_wconf 80' lang='lat' dir='ltr'>Confirmatio</span> <span class='ocrx_word' id='word_1_84' title='bbox 593 2333 827 2366; x_wconf 86' lang='lat' dir='ltr'>constitutionis</span> <span class='ocrx_word' id='word_1_85' title='bbox 858 2332 905 2365; x_wconf 91' lang='lat' dir='ltr'>Pii</span> <span class='ocrx_word' id='word_1_86' title='bbox 931 2331 956 2365; x_wconf 92' lang='lat' dir='ltr'>V</span> <span class='ocrx_word' id='word_1_87' title='bbox 992 2337 1023 2366; x_wconf 88' lang='lat' dir='ltr'>et</span> 
     </span>
     <span class='ocr_line' id='line_1_22' title="bbox 369 2386 1022 2420; baseline 0.002 -2"><span class='ocrx_word' id='word_1_88' title='bbox 369 2386 438 2418; x_wconf 87' lang='lat' dir='ltr'>eius</span> <span class='ocrx_word' id='word_1_89' title='bbox 462 2394 683 2419; x_wconf 85' lang='lat' dir='ltr'>successorum</span> <span class='ocrx_word' id='word_1_90' title='bbox 709 2386 748 2419; x_wconf 88' lang='lat' dir='ltr'>de</span> <span class='ocrx_word' id='word_1_91' title='bbox 765 2396 826 2419; x_wconf 90' lang='lat' dir='ltr'>non</span> <span class='ocrx_word' id='word_1_92' title='bbox 845 2386 1022 2420; x_wconf 75' lang='lat' dir='ltr'>alienandis</span> 
     </span>
     <span class='ocr_line' id='line_1_23' title="bbox 369 2439 1022 2482; baseline 0.003 -10"><span class='ocrx_word' id='word_1_93' title='bbox 369 2443 401 2473; x_wconf 86' lang='lat' dir='ltr'>et</span> <span class='ocrx_word' id='word_1_94' title='bbox 423 2439 627 2473; x_wconf 84' lang='lat' dir='ltr'>infeudandis</span> <span class='ocrx_word' id='word_1_95' title='bbox 647 2439 829 2474; x_wconf 88' lang='lat' dir='ltr'>civitatibus</span> <span class='ocrx_word' id='word_1_96' title='bbox 843 2469 850 2482; x_wconf 78' lang='lat'><strong><em>,</em></strong></span> <span class='ocrx_word' id='word_1_97' title='bbox 872 2442 963 2474; x_wconf 88' lang='lat' dir='ltr'>terris</span> <span class='ocrx_word' id='word_1_98' title='bbox 992 2445 1022 2475; x_wconf 90' lang='lat' dir='ltr'>et</span> 
     </span>
     <span class='ocr_line' id='line_1_24' title="bbox 369 2492 1021 2537; baseline 0.003 -11"><span class='ocrx_word' id='word_1_99' title='bbox 369 2492 446 2526; x_wconf 89' lang='lat' dir='ltr'>locis</span> <span class='ocrx_word' id='word_1_100' title='bbox 463 2496 590 2526; x_wconf 84' lang='lat' dir='ltr'>sanctae</span> <span class='ocrx_word' id='word_1_101' title='bbox 603 2493 764 2528; x_wconf 82' lang='lat' dir='ltr'>Romanae</span> <span class='ocrx_word' id='word_1_102' title='bbox 778 2494 954 2537; x_wconf 71' lang='lat' dir='ltr'>Ecclesiae,</span> <span class='ocrx_word' id='word_1_103' title='bbox 970 2496 1021 2529; x_wconf 84' lang='lat'>49.</span> 
     </span>
    </p>

    <p class='ocr_par' dir='ltr' id='par_1_12' title="bbox 280 2545 1024 2698">
     <span class='ocr_line' id='line_1_25' title="bbox 280 2545 1024 2583; baseline 0.004 -4"><span class='ocrx_word' id='word_1_104' title='bbox 280 2545 348 2580; x_wconf 84' lang='lat' dir='ltr'>vll.</span> <span class='ocrx_word' id='word_1_105' title='bbox 374 2546 482 2580; x_wconf 86' lang='lat' dir='ltr'>Castra</span> <span class='ocrx_word' id='word_1_106' title='bbox 507 2546 546 2579; x_wconf 80' lang='lat' dir='ltr'>ad</span> <span class='ocrx_word' id='word_1_107' title='bbox 570 2550 796 2581; x_wconf 85' lang='lat' dir='ltr'>monasterium</span> <span class='ocrx_word' id='word_1_108' title='bbox 821 2548 970 2582; x_wconf 87' lang='lat' dir='ltr'>Farscnse</span> <span class='ocrx_word' id='word_1_109' title='bbox 991 2559 1024 2583; x_wconf 88' lang='lat' dir='ltr'>a-</span> 
     </span>
     <span class='ocr_line' id='line_1_26' title="bbox 368 2597 1023 2645; baseline 0.008 -13"><span class='ocrx_word' id='word_1_110' title='bbox 368 2597 425 2633; x_wconf 75' lang='lat' dir='ltr'>lias</span> <span class='ocrx_word' id='word_1_111' title='bbox 439 2601 615 2643; x_wconf 79' lang='lat' dir='ltr'>spectantia</span> <span class='ocrx_word' id='word_1_112' title='bbox 630 2605 660 2634; x_wconf 85' lang='lat' dir='ltr'>et</span> <span class='ocrx_word' id='word_1_113' title='bbox 673 2611 818 2635; x_wconf 86' lang='lat' dir='ltr'>camerae</span> <span class='ocrx_word' id='word_1_114' title='bbox 832 2602 1023 2645; x_wconf 86' lang='lat' dir='ltr'>apostolicae</span> 
     </span>
     <span class='ocr_line' id='line_1_27' title="bbox 368 2653 1021 2698; baseline 0.005 -11"><span class='ocrx_word' id='word_1_115' title='bbox 368 2653 474 2698; x_wconf 82' lang='lat' dir='ltr'>quoad</span> <span class='ocrx_word' id='word_1_116' title='bbox 500 2653 673 2696; x_wconf 80' lang='lat' dir='ltr'>temporale</span> <span class='ocrx_word' id='word_1_117' title='bbox 698 2654 872 2689; x_wconf 79' lang='lat' dir='ltr'>domimum</span> <span class='ocrx_word' id='word_1_118' title='bbox 886 2655 1021 2698; x_wconf 85' lang='lat' dir='ltr'>addicta,</span> 
     </span>
    </p>
   </div>
   <div class='ocr_carea' id='block_1_7' title="bbox 419 2716 1020 2747">
    <p class='ocr_par' dir='ltr' id='par_1_13' title="bbox 419 2716 1020 2747">
     <span class='ocr_line' id='line_1_28' title="bbox 419 2716 1020 2747; baseline 0.003 -2"><span class='ocrx_word' id='word_1_119' title='bbox 419 2716 499 2745; x_wconf 78' lang='lat' dir='ltr'>Bull.</span> <span class='ocrx_word' id='word_1_120' title='bbox 515 2716 599 2746; x_wconf 80' lang='lat' dir='ltr'>Rom.</span> <span class='ocrx_word' id='word_1_121' title='bbox 620 2732 655 2739; x_wconf 93' lang='lat'><strong>—</strong></span> <span class='ocrx_word' id='word_1_122' title='bbox 677 2717 737 2747; x_wconf 88' lang='lat' dir='ltr'>Vol.</span> <span class='ocrx_word' id='word_1_123' title='bbox 757 2717 840 2747; x_wconf 83' lang='lat' dir='ltr'><strong>XIII.</strong></span> <span class='ocrx_word' id='word_1_124' title='bbox 985 2719 1020 2747; x_wconf 88' lang='grc'>90</span> 
     </span>
    </p>
   </div>
   <div class='ocr_carea' id='block_1_8' title="bbox 1073 1527 1825 2701">
    <p class='ocr_par' dir='ltr' id='par_1_14' title="bbox 1161 1527 1822 1626">
     <span class='ocr_line' id='line_1_29' title="bbox 1162 1527 1822 1570; baseline 0.008 -10"><span class='ocrx_word' id='word_1_125' title='bbox 1162 1527 1312 1570; x_wconf 81' lang='lat' dir='ltr'>regimini</span> <span class='ocrx_word' id='word_1_126' title='bbox 1326 1527 1548 1569; x_wconf 77' lang='lat' dir='ltr'>gubernatoris</span> <span class='ocrx_word' id='word_1_127' title='bbox 1562 1539 1579 1563; x_wconf 87' lang='lat' dir='ltr'>a</span> <span class='ocrx_word' id='word_1_128' title='bbox 1593 1529 1735 1565; x_wconf 82' lang='lat' dir='ltr'>Romano</span> <span class='ocrx_word' id='word_1_129' title='bbox 1744 1530 1822 1565; x_wconf 88' lang='lat' dir='ltr'>Pon-</span> 
     </span>
     <span class='ocr_line' id='line_1_30' title="bbox 1161 1581 1730 1626; baseline 0.007 -12"><span class='ocrx_word' id='word_1_130' title='bbox 1161 1581 1245 1615; x_wconf 83' lang='lat' dir='ltr'>tisice</span> <span class='ocrx_word' id='word_1_131' title='bbox 1272 1581 1413 1625; x_wconf 84' lang='lat' dir='ltr'>eligendi</span> <span class='ocrx_word' id='word_1_132' title='bbox 1438 1582 1662 1626; x_wconf 77' lang='lat' dir='ltr'>subiiciuntur,</span> <span class='ocrx_word' id='word_1_133' title='bbox 1679 1585 1730 1618; x_wconf 79' lang='lat'>50.</span> 
     </span>
    </p>

    <p class='ocr_par' dir='ltr' id='par_1_15' title="bbox 1074 1633 1822 1947">
     <span class='ocr_line' id='line_1_31' title="bbox 1074 1633 1821 1673; baseline 0.008 -6"><span class='ocrx_word' id='word_1_134' title='bbox 1074 1633 1154 1667; x_wconf 87' lang='lat' dir='ltr'><strong>VIII.</strong></span> <span class='ocrx_word' id='word_1_135' title='bbox 1169 1634 1371 1669; x_wconf 81' lang='lat' dir='ltr'>Confirmatm</span> <span class='ocrx_word' id='word_1_136' title='bbox 1385 1636 1598 1671; x_wconf 74' lang='lat' dir='ltr'>translationis</span> <span class='ocrx_word' id='word_1_137' title='bbox 1616 1639 1821 1673; x_wconf 83' lang='lat' dir='ltr'>haereditatis</span> 
     </span>
     <span class='ocr_line' id='line_1_32' title="bbox 1162 1688 1822 1726; baseline 0.009 -5"><span class='ocrx_word' id='word_1_138' title='bbox 1162 1688 1289 1722; x_wconf 85' lang='lat' dir='ltr'>loannis</span> <span class='ocrx_word' id='word_1_139' title='bbox 1314 1689 1440 1723; x_wconf 84' lang='lat' dir='ltr'>Pizzulli</span> <span class='ocrx_word' id='word_1_140' title='bbox 1465 1701 1481 1723; x_wconf 87' lang='lat' dir='ltr'>e</span> <span class='ocrx_word' id='word_1_141' title='bbox 1514 1696 1672 1726; x_wconf 85' lang='lat' dir='ltr'>conventu</span> <span class='ocrx_word' id='word_1_142' title='bbox 1700 1693 1730 1726; x_wconf 88' lang='lat' dir='ltr'>S.</span> <span class='ocrx_word' id='word_1_143' title='bbox 1758 1693 1822 1726; x_wconf 90' lang='lat' dir='ltr'>An-</span> 
     </span>
     <span class='ocr_line' id='line_1_33' title="bbox 1163 1741 1819 1780; baseline 0.009 -6"><span class='ocrx_word' id='word_1_144' title='bbox 1163 1741 1259 1776; x_wconf 86' lang='lat' dir='ltr'>dreae</span> <span class='ocrx_word' id='word_1_145' title='bbox 1293 1742 1333 1776; x_wconf 91' lang='lat' dir='ltr'>de</span> <span class='ocrx_word' id='word_1_146' title='bbox 1359 1743 1471 1777; x_wconf 86' lang='lat' dir='ltr'>Frattis</span> <span class='ocrx_word' id='word_1_147' title='bbox 1505 1744 1544 1778; x_wconf 91' lang='lat' dir='ltr'>de</span> <span class='ocrx_word' id='word_1_148' title='bbox 1570 1745 1654 1778; x_wconf 90' lang='lat' dir='ltr'>Urbe</span> <span class='ocrx_word' id='word_1_149' title='bbox 1688 1745 1819 1780; x_wconf 86' lang='lat' dir='ltr'>Ordinis</span> 
     </span>
     <span class='ocr_line' id='line_1_34' title="bbox 1162 1795 1817 1833; baseline 0.008 -5"><span class='ocrx_word' id='word_1_150' title='bbox 1162 1795 1366 1830; x_wconf 86' lang='lat' dir='ltr'>Minimorum</span> <span class='ocrx_word' id='word_1_151' title='bbox 1384 1797 1414 1830; x_wconf 84' lang='lat' dir='ltr'>S.</span> <span class='ocrx_word' id='word_1_152' title='bbox 1430 1797 1588 1831; x_wconf 84' lang='lat' dir='ltr'>Francisci</span> <span class='ocrx_word' id='word_1_153' title='bbox 1606 1798 1645 1832; x_wconf 90' lang='lat' dir='ltr'>de</span> <span class='ocrx_word' id='word_1_154' title='bbox 1664 1799 1757 1832; x_wconf 83' lang='lat' dir='ltr'>Paula</span> <span class='ocrx_word' id='word_1_155' title='bbox 1776 1799 1817 1833; x_wconf 87' lang='lat' dir='ltr'>ad</span> 
     </span>
     <span class='ocr_line' id='line_1_35' title="bbox 1162 1850 1821 1893; baseline 0.008 -12"><span class='ocrx_word' id='word_1_156' title='bbox 1162 1853 1355 1882; x_wconf 87' lang='lat' dir='ltr'>conventum</span> <span class='ocrx_word' id='word_1_157' title='bbox 1370 1854 1401 1883; x_wconf 87' lang='lat' dir='ltr'>et</span> <span class='ocrx_word' id='word_1_158' title='bbox 1417 1850 1587 1893; x_wconf 79' lang='lat' dir='ltr'>collegium</span> <span class='ocrx_word' id='word_1_159' title='bbox 1601 1852 1745 1885; x_wconf 85' lang='lat' dir='ltr'>eiusdem</span> <span class='ocrx_word' id='word_1_160' title='bbox 1760 1851 1821 1888; x_wconf 89' lang='lat' dir='ltr'>Or-</span> 
     </span>
     <span class='ocr_line' id='line_1_36' title="bbox 1162 1901 1696 1947; baseline 0.006 -12"><span class='ocrx_word' id='word_1_161' title='bbox 1162 1901 1246 1936; x_wconf 92' lang='lat' dir='ltr'>dinis</span> <span class='ocrx_word' id='word_1_162' title='bbox 1267 1904 1298 1936; x_wconf 92' lang='lat' dir='ltr'>in</span> <span class='ocrx_word' id='word_1_163' title='bbox 1313 1905 1446 1946; x_wconf 80' lang='lat' dir='ltr'>regione</span> <span class='ocrx_word' id='word_1_164' title='bbox 1462 1904 1625 1947; x_wconf 81' lang='lat' dir='ltr'>Montium,</span> <span class='ocrx_word' id='word_1_165' title='bbox 1644 1905 1696 1938; x_wconf 81' lang='lat'>53.</span> 
     </span>
    </p>

    <p class='ocr_par' dir='ltr' id='par_1_16' title="bbox 1073 1955 1823 2056">
     <span class='ocr_line' id='line_1_37' title="bbox 1073 1955 1823 2000; baseline 0.004 -11"><span class='ocrx_word' id='word_1_166' title='bbox 1073 1955 1126 1989; x_wconf 86' lang='lat' dir='ltr'>lx.</span> <span class='ocrx_word' id='word_1_167' title='bbox 1151 1956 1304 2000; x_wconf 82' lang='lat' dir='ltr'>Regulae,</span> <span class='ocrx_word' id='word_1_168' title='bbox 1330 1957 1547 1992; x_wconf 82' lang='lat' dir='ltr'>ordinationes</span> <span class='ocrx_word' id='word_1_169' title='bbox 1573 1962 1603 1992; x_wconf 89' lang='lat' dir='ltr'>et</span> <span class='ocrx_word' id='word_1_170' title='bbox 1628 1960 1823 1992; x_wconf 81' lang='lat' dir='ltr'>constitutio-</span> 
     </span>
     <span class='ocr_line' id='line_1_38' title="bbox 1161 2011 1755 2056; baseline 0.005 -13"><span class='ocrx_word' id='word_1_171' title='bbox 1161 2020 1219 2043; x_wconf 87' lang='lat' dir='ltr'>nes</span> <span class='ocrx_word' id='word_1_172' title='bbox 1243 2011 1453 2045; x_wconf 86' lang='lat' dir='ltr'>cancellariae</span> <span class='ocrx_word' id='word_1_173' title='bbox 1479 2012 1682 2056; x_wconf 80' lang='lat' dir='ltr'>apostolicae,</span> <span class='ocrx_word' id='word_1_174' title='bbox 1704 2013 1755 2046; x_wconf 82' lang='lat'>57.</span> 
     </span>
    </p>

    <p class='ocr_par' dir='ltr' id='par_1_17' title="bbox 1073 2063 1824 2270">
     <span class='ocr_line' id='line_1_39' title="bbox 1073 2063 1821 2109; baseline 0.003 -12"><span class='ocrx_word' id='word_1_175' title='bbox 1073 2064 1109 2097; x_wconf 88' lang='lat' dir='ltr'>X.</span> <span class='ocrx_word' id='word_1_176' title='bbox 1122 2063 1258 2098; x_wconf 88' lang='lat' dir='ltr'>Indictio</span> <span class='ocrx_word' id='word_1_177' title='bbox 1269 2066 1419 2098; x_wconf 87' lang='lat' dir='ltr'>orationis</span> <span class='ocrx_word' id='word_1_178' title='bbox 1433 2065 1651 2109; x_wconf 77' lang='lat' dir='ltr'>Quadraginta</span> <span class='ocrx_word' id='word_1_179' title='bbox 1665 2066 1821 2100; x_wconf 85' lang='lat' dir='ltr'>Horarum</span> 
     </span>
     <span class='ocr_line' id='line_1_40' title="bbox 1162 2118 1822 2163; baseline 0.003 -12"><span class='ocrx_word' id='word_1_180' title='bbox 1162 2118 1201 2152; x_wconf 88' lang='lat' dir='ltr'>ad</span> <span class='ocrx_word' id='word_1_181' title='bbox 1227 2118 1372 2152; x_wconf 90' lang='lat' dir='ltr'>divinum</span> <span class='ocrx_word' id='word_1_182' title='bbox 1397 2119 1552 2153; x_wconf 75' lang='lat' dir='ltr'>auxilium</span> <span class='ocrx_word' id='word_1_183' title='bbox 1578 2122 1668 2153; x_wconf 88' lang='lat' dir='ltr'>initio</span> <span class='ocrx_word' id='word_1_184' title='bbox 1694 2120 1822 2163; x_wconf 83' lang='lat' dir='ltr'>pontiti-</span> 
     </span>
     <span class='ocr_line' id='line_1_41' title="bbox 1163 2172 1824 2215; baseline 0.003 -10"><span class='ocrx_word' id='word_1_185' title='bbox 1163 2176 1251 2205; x_wconf 89' lang='lat' dir='ltr'>catus</span> <span class='ocrx_word' id='word_1_186' title='bbox 1264 2182 1319 2215; x_wconf 88' lang='lat' dir='ltr'>pro</span> <span class='ocrx_word' id='word_1_187' title='bbox 1330 2172 1460 2206; x_wconf 85' lang='lat' dir='ltr'>salutari</span> <span class='ocrx_word' id='word_1_188' title='bbox 1471 2172 1650 2206; x_wconf 71' lang='lat' dir='ltr'>Catholicae</span> <span class='ocrx_word' id='word_1_189' title='bbox 1660 2172 1824 2207; x_wconf 80' lang='lat' dir='ltr'>Ecclesiae</span> 
     </span>
     <span class='ocr_line' id='line_1_42' title="bbox 1160 2226 1656 2270; baseline 0.004 -12"><span class='ocrx_word' id='word_1_190' title='bbox 1160 2227 1317 2269; x_wconf 81' lang='lat' dir='ltr'>regimine</span> <span class='ocrx_word' id='word_1_191' title='bbox 1343 2226 1588 2270; x_wconf 79' lang='lat' dir='ltr'>implorandum,</span> <span class='ocrx_word' id='word_1_192' title='bbox 1604 2227 1656 2260; x_wconf 82' lang='lat'>73.</span> 
     </span>
    </p>

    <p class='ocr_par' dir='ltr' id='par_1_18' title="bbox 1077 2278 1825 2590">
     <span class='ocr_line' id='line_1_43' title="bbox 1077 2278 1825 2315; baseline 0.001 -2"><span class='ocrx_word' id='word_1_193' title='bbox 1077 2279 1128 2313; x_wconf 85' lang='lat' dir='ltr'>xl.</span> <span class='ocrx_word' id='word_1_194' title='bbox 1153 2278 1357 2313; x_wconf 84' lang='lat' dir='ltr'>Confirmatio</span> <span class='ocrx_word' id='word_1_195' title='bbox 1383 2280 1585 2314; x_wconf 84' lang='lat' dir='ltr'>decretorum</span> <span class='ocrx_word' id='word_1_196' title='bbox 1612 2290 1722 2314; x_wconf 80' lang='lat' dir='ltr'>sacrae</span> <span class='ocrx_word' id='word_1_197' title='bbox 1744 2280 1825 2315; x_wconf 78' lang='lat' dir='ltr'>Con-</span> 
     </span>
     <span class='ocr_line' id='line_1_44' title="bbox 1162 2333 1820 2378; baseline 0.003 -11"><span class='ocrx_word' id='word_1_198' title='bbox 1162 2335 1357 2377; x_wconf 84' lang='lat' dir='ltr'>gregationis</span> <span class='ocrx_word' id='word_1_199' title='bbox 1382 2333 1524 2375; x_wconf 83' lang='lat' dir='ltr'>Concilii,</span> <span class='ocrx_word' id='word_1_200' title='bbox 1547 2333 1673 2378; x_wconf 87' lang='lat' dir='ltr'>quibus,</span> <span class='ocrx_word' id='word_1_201' title='bbox 1689 2337 1820 2369; x_wconf 79' lang='lat' dir='ltr'>cassatis</span> 
     </span>
     <span class='ocr_line' id='line_1_45' title="bbox 1163 2387 1819 2432; baseline 0.003 -12"><span class='ocrx_word' id='word_1_202' title='bbox 1163 2387 1293 2431; x_wconf 87' lang='lat' dir='ltr'>capituli</span> <span class='ocrx_word' id='word_1_203' title='bbox 1319 2387 1538 2421; x_wconf 84' lang='lat' dir='ltr'>Atrebatensis</span> <span class='ocrx_word' id='word_1_204' title='bbox 1563 2390 1690 2422; x_wconf 85' lang='lat' dir='ltr'>assertis</span> <span class='ocrx_word' id='word_1_205' title='bbox 1718 2390 1819 2432; x_wconf 84' lang='lat' dir='ltr'>privi-</span> 
     </span>
     <span class='ocr_line' id='line_1_46' title="bbox 1162 2440 1825 2485; baseline 0.003 -11"><span class='ocrx_word' id='word_1_206' title='bbox 1162 2440 1265 2483; x_wconf 81' lang='lat' dir='ltr'>legiis,</span> <span class='ocrx_word' id='word_1_207' title='bbox 1292 2445 1477 2484; x_wconf 87' lang='lat' dir='ltr'>competens</span> <span class='ocrx_word' id='word_1_208' title='bbox 1503 2443 1654 2485; x_wconf 83' lang='lat' dir='ltr'>episcopo</span> <span class='ocrx_word' id='word_1_209' title='bbox 1671 2445 1825 2476; x_wconf 86' lang='lat' dir='ltr'>asseritur</span> 
     </span>
     <span class='ocr_line' id='line_1_47' title="bbox 1163 2494 1823 2530; baseline 0.003 -2"><span class='ocrx_word' id='word_1_210' title='bbox 1163 2494 1340 2528; x_wconf 79' lang='lat' dir='ltr'>iurisdictio</span> <span class='ocrx_word' id='word_1_211' title='bbox 1376 2494 1415 2528; x_wconf 87' lang='lat' dir='ltr'>ad</span> <span class='ocrx_word' id='word_1_212' title='bbox 1442 2495 1573 2528; x_wconf 81' lang='lat' dir='ltr'>formam</span> <span class='ocrx_word' id='word_1_213' title='bbox 1598 2495 1731 2530; x_wconf 88' lang='lat' dir='ltr'>Concilii</span> <span class='ocrx_word' id='word_1_214' title='bbox 1756 2496 1823 2530; x_wconf 89' lang='lat' dir='ltr'>Tri-</span> 
     </span>
     <span class='ocr_line' id='line_1_48' title="bbox 1164 2548 1365 2590; baseline -0.005 -7"><span class='ocrx_word' id='word_1_215' title='bbox 1164 2548 1296 2590; x_wconf 76' lang='lat' dir='ltr'>dentini⁷</span> <span class='ocrx_word' id='word_1_216' title='bbox 1312 2549 1365 2582; x_wconf 77' lang='lat'>75.</span> 
     </span>
    </p>

    <p class='ocr_par' dir='ltr' id='par_1_19' title="bbox 1075 2601 1823 2701">
     <span class='ocr_line' id='line_1_49' title="bbox 1075 2601 1823 2646; baseline 0.003 -10"><span class='ocrx_word' id='word_1_217' title='bbox 1075 2602 1143 2637; x_wconf 86' lang='lat' dir='ltr'><strong>XII.</strong></span> <span class='ocrx_word' id='word_1_218' title='bbox 1168 2602 1385 2637; x_wconf 85' lang='lat' dir='ltr'>Ecclesiarum</span> <span class='ocrx_word' id='word_1_219' title='bbox 1409 2601 1655 2646; x_wconf 81' lang='lat' dir='ltr'>Argentinensis</span> <span class='ocrx_word' id='word_1_220' title='bbox 1682 2608 1713 2638; x_wconf 87' lang='lat' dir='ltr'>et</span> <span class='ocrx_word' id='word_1_221' title='bbox 1748 2604 1823 2638; x_wconf 80' lang='lat' dir='ltr'>Pas-</span> 
     </span>
     <span class='ocr_line' id='line_1_50' title="bbox 1162 2657 1820 2701; baseline 0.002 -10"><span class='ocrx_word' id='word_1_222' title='bbox 1162 2658 1317 2691; x_wconf 85' lang='lat' dir='ltr'>saviensis</span> <span class='ocrx_word' id='word_1_223' title='bbox 1341 2657 1589 2693; x_wconf 82' lang='lat' dir='ltr'>administratori</span> <span class='ocrx_word' id='word_1_224' title='bbox 1602 2659 1820 2701; x_wconf 85' lang='lat' dir='ltr'>interdicitur,</span> 
     </span>
    </p>
   </div>
  </div>
 </body>
</html>
