2269 3235
122 256 171 282 An.
188 254 215 281 C.
241 252 307 281 ¹624

147 477 210 497 Italos
234 478 304 496 autern

121 503 177 523 {aisis
209 503 304 522 dimissu·

120 529 158 550 riis
196 531 303 555 promotus

120 555 158 575 fori
193 556 304 581 privilegiu

119 582 197 608 privat.

145 1112 254 1143 Clausulas
267 1119 301 1133 ne-

118 1144 223 1186 ssffsanas
238 1145 302 1166 appo-

164 1697 301 1718 Constitutio-

117 1730 208 1751 nemquo
228 1725 260 1746 Pii
283 1725 300 1746 ll

118 1753 191 1772 contra
247 1752 300 1772 male

118 1780 224 1804 promotos
239 1784 301 1805 prae·

118 1807 195 1826 servat.

174 2126 300 2148 Praesentes

117 2153 221 2178 publicari
236 2153 300 2175 iubet.

936 250 1076 274 URBANUS
1100 249 1156 273 vm
1180 251 1227 274 1³1¹,

321 300 422 334 solum
448 300 624 345 praedictis,
644 310 751 333 verum
771 299 862 332 etiam
890 298 1061 331 maioribus
1078 302 1080 309 '

320 354 452 388 arbitrio
475 360 583 388 nostro
608 360 638 387 et
661 365 719 398 pro
741 359 883 396 tempore
903 351 1061 384 existentis

320 408 451 441 Romani
472 408 630 441 Pontificis
655 406 832 449 infligendis
852 405 971 449 poenis.

364 461 378 504 ξ
402 461 432 493 3.
458 461 551 493 Italos
577 470 669 500 vero,
695 459 718 491 si
744 469 822 502 quos
852 458 1060 501 imposterum

320 514 456 547 clericali
475 514 656 547 charactere
674 511 828 554 insigniri,
845 511 892 543 vel
910 510 946 542 ad
966 510 1062 543 mino-

319 579 369 601 res
387 567 513 601 ordines
534 565 714 611 promoveri
734 565 772 597 ab
793 565 894 597 alieno
912 564 1061 608 episcopo

320 633 391 655 cum
418 621 503 654 salsis
525 619 713 653 dimissoriis
738 618 914 661 contigerit,
939 617 1060 650 etiamsi

318 674 524 719 qualitatibus
541 683 597 717 per
617 671 746 706 Coneilii
766 671 937 704 Tridentini
956 671 1061 703 (lecre-

318 733 395 768 tum,
405 738 478 760 sess.
493 736 556 767 XVI,
570 736 639 769 cap.
654 735 744 766 xxm,
759 724 918 768 requisitis
928 723 1060 768 praediti

318 780 388 821 sint,
401 779 608 813 nihilominus
623 779 770 822 <sequuta
789 781 890 812 tamen
906 777 994 821 prius
1011 777 1061 810 de-

318 844 413 878 super
449 833 559 866 iudicis
600 832 801 866 ecelesiastici
837 831 1060 875 declaratione)

316 886 376 920 fori
400 886 567 930 privilegio
588 885 718 918 minime
738 885 887 928 gaudere,
905 884 959 917 sed
976 895 1061 918 secu-

317 941 374 973 lari
394 939 616 981 iurisdictioni,
634 943 667 974 ut
684 944 784 980 antea,
802 939 894 983 plene
910 939 942 972 in
960 939 1059 972 omni-

317 994 375 1027 bus
392 993 554 1027 subiacere
575 997 613 1026 et¹
627 992 787 1026 subiectos
804 1002 871 1026 esse
888 992 1060 1036 respective

317 1047 477 1088 volumus,

361 1102 377 1145 ἓ
393 1101 422 1134 4.
441 1101 563 1145 Sicque,
578 1104 608 1135 et
624 1110 687 1134 non
704 1100 804 1140 aliter,
822 1110 879 1144 per
896 1110 1062 1144 quoscum-

317 1165 378 1198 que
403 1154 522 1188 iudices
548 1154 724 1188 ordinarios
742 1159 772 1187 et
789 1154 949 1196 delegatos
966 1154 1059 1187 etiarn

318 1217 484 1240 causarum
508 1206 613 1250 palatii
637 1206 801 1250 apostolici
823 1206 982 1239 auditores
999 1206 1060 1249 (su-

318 1261 401 1293 blata
426 1260 469 1293 eis
495 1265 525 1292 et
549 1270 659 1292 eorum
685 1259 813 1292 cuilibet
836 1259 944 1303 quavis
969 1260 1059 1292 aliter

318 1312 475 1346 iudicandi
499 1318 529 1345 et
554 1312 779 1356 interpretandi
801 1312 945 1345 facultate
963 1317 992 1345 et
1009 1323 1060 1345 au-

317 1366 472 1409 ctoritate)
498 1365 630 1398 iudicari
656 1370 685 1397 et
709 1365 834 1398 definiri
861 1366 998 1406 debere,
1023 1376 1058 1399 ac

317 1418 444 1451 irritum
473 1423 502 1451 et
535 1418 646 1460 inane,
672 1418 696 1450 si
730 1429 820 1451 secus
851 1429 945 1462 super
970 1419 1017 1451 his
1042 1430 1076 1451 a=

317 1483 485 1517 quoquam,
507 1472 615 1515 quavis
641 1472 835 1512 auctoritate,
857 1472 990 1505 scienter
1011 1473 1058 1505 vel

318 1526 518 1569 ignoranter,
544 1526 709 1569 contigerit
734 1525 895 1558 attentari:
922 1526 953 1558 in
978 1537 1055 1559 con-

318 1580 449 1612 trarium
474 1579 659 1612 facientibus
682 1589 745 1613 non
769 1579 967 1616 obstantibus
987 1576 1076 1624 qui-³

317 1633 522 1677 buscumque.

361 1687 376 1730 ς
401 1686 429 1719 5.
448 1687 507 1719 Per
523 1691 703 1730 praesentes
723 1690 826 1720 autem
844 1686 1058 1720 constitutioni

317 1740 502 1773 recolendae
522 1739 693 1773 memoriae
711 1739 755 1772 Pii
776 1740 878 1783 Papae
894 1740 919 1772 ΙΙ
933 1740 1060 1783 praede-

317 1793 451 1827 cessoris
468 1793 567 1827 nostri
588 1798 698 1826 eontra
715 1793 796 1826 male
817 1796 980 1837 promotos
998 1793 1060 1826 edi-

315 1846 382 1880 tae¹
400 1847 577 1880 nullatenus
601 1846 755 1890 derogare
780 1847 980 1888 intendimus,
1006 1848 1059 1880 sed

316 1900 402 1933 illam
419 1911 491 1933 eum
509 1900 655 1934 omnibus
679 1906 710 1934 et
735 1900 869 1944 singulis
887 1901 918 1933 in
935 1903 972 1934 ea
989 1911 1059 1934 con—

316 1954 419 1995 tentis,
429 1954 461 1987 in
474 1965 531 1988 suo
541 1954 655 1988 robore
670 1958 699 1989 et
712 1955 849 1988 efficacia
861 1966 1057 1999 permanere,

315 2008 448 2052 perinde
465 2018 500 2042 ac
520 2008 545 2041 si
564 2013 745 2053 praesentes
762 2019 826 2042 non
850 2014 1057 2051 emanassent,

316 2062 524 2096 decernimus.

361 2117 376 2160 ξ
399 2117 428 2150 6.
455 2117 493 2151 Ut
517 2121 622 2150 autem
654 2122 837 2162 praesentes
866 2116 988 2151 litterae
1019 2117 1058 2152 ad

316 2171 457 2205 omnium
470 2171 613 2205 notitiam
629 2171 750 2205 facilius
765 2170 912 2205 devenire
927 2171 1057 2216 possint,

317 2227 472 2268 volumus,
488 2227 573 2271 quod
597 2227 677 2268 illae,
694 2227 759 2260 sive
778 2237 887 2260 earum
905 2228 1057 2272 exempla,

317 2279 349 2311 in
376 2279 473 2313 valvis
500 2280 703 2314 basilicarum
728 2281 757 2315 S.
783 2280 906 2314 loannis
930 2280 1057 2314 Latera-

317 2332 431 2375 nensis,
448 2343 483 2365 ae
500 2333 652 2377 Principis
673 2334 889 2378 apostolorum
906 2333 944 2367 de
961 2334 1056 2375 Urbe,

318 2390 348 2418 et
365 2386 567 2419 cancellariae
580 2388 780 2431 apostolicae,
793 2398 850 2421 nec
864 2398 927 2421 non
943 2387 973 2420 in
990 2388 1056 2421 acie
1072 2409 1074 2416 ι

317 2438 424 2482 Campi
441 2439 562 2480 Florae,
574 2443 608 2473 ut
625 2440 721 2474 moris
746 2446 802 2482 est,
816 2441 934 2483 affixae,
948 2452 1056 2474 omnes

317 2496 346 2527 et
363 2493 513 2536 singulos⁷
529 2503 607 2536 quos
624 2493 694 2526 illae
707 2499 911 2534 concernunt,
926 2494 1055 2538 perinde

318 2551 438 2579 arctent
454 2551 484 2579 et
501 2546 645 2587 afficiant,
662 2558 697 2580 ac
717 2548 741 2580 si
760 2548 927 2591 unicuique
945 2559 1055 2592 perso-

318 2600 431 2632 naliter
448 2599 607 2632 intimatae
624 2600 769 2641 fuissent:

355 2664 365 2688 1
384 2661 457 2693 Quae
472 2661 570 2697 legitur
583 2663 609 2688 in
626 2666 692 2689 tom.
710 2670 734 2696 v,
752 2671 811 2699 pag.
831 2664 879 2692 165
894 2664 931 2697 (a.
949 2666 997 2696 'r.).

399 2715 478 2743 Bult.
499 2716 575 2744 Rom.
598 2732 630 2735 —
654 2716 713 2744 Vol.
730 2716 809 2744 XIII.
937 2716 970 2744 34

1739 237 1803 271 265

1141 300 1154 341 ᾖ
1180 298 1208 330 7.
1234 297 1384 341 Quodque
1409 296 1591 329 earumdem
1622 295 1836 339 transumptis,

1096 351 1188 383 ctiam
1204 351 1377 395 impressis,
1395 361 1489 383 manu
1505 349 1637 383 alicuius
1654 349 1766 382 notarii
1784 360 1838 393 pu-

1097 404 1170 437 blici
1183 405 1376 448 subscriptis,
1386 410 1416 436 et
1426 404 1528 447 sigillo
1538 403 1669 436 alicuius
1683 412 1837 446 personae

1097 458 1127 489 in
1145 458 1295 500 dignitate
1313 457 1522 490 ecclesiastica
1538 456 1723 490 constitutae
1740 455 1838 488 muni-

1097 510 1144 551 tis,
1160 511 1268 543 eadem
1287 520 1418 553 prorsus
1436 510 1512 542 tides
1529 510 1558 542 in
1576 509 1690 543 iudicio
1707 515 1737 542 et
1751 513 1837 541 extra

1097 559 1173 591 illud
1198 559 1315 601 ubique
1340 559 1537 598 adhibeatur,
1554 570 1634 602 quae
1652 558 1727 602 ipsis
1751 568 1837 602 prae-

1096 612 1236 644 sentibus
1261 611 1480 651 adhiberetur,
1506 611 1530 644 si
1556 613 1657 644 forent
1681 612 1837 644 exhibitae

1097 666 1143 698 vel
1161 671 1313 699 ostensae.

1140 719 1251 751 Datum
1272 719 1399 757 Romae,
1417 717 1500 762 apud
1518 717 1546 749 S.
1562 717 1699 758 Petrum,
1714 718 1772 750 sub
1787 728 1836 750 an-

1095 773 1170 806 nulo
1188 772 1367 812 Piscatoris,
1385 771 1434 804 die
1449 781 1481 805 xl
1494 771 1670 804 decembris
1684 781 1836 812 nncxxtv,

1095 826 1296 870 pontificatus
1316 825 1416 859 nostri
1441 835 1522 858 anno
1539 835 1570 857 11.

1131 880 1190 907 Dat.
1208 879 1251 907 die
1268 881 1296 906 11
1315 877 1467 906 decembris
1484 878 1562 911 ¹624,
1583 877 1677 913 pontif.
1693 885 1737 904 an.
1760 884 1788 904 n.

1850 247 1898 274 An.
1920 246 1948 274 C.
1967 246 2034 274 1624

1916 308 2036 334 Earumque

1854 335 1955 362 exemptis
1970 335 2035 356 credi.

1138 943 1237 977 Anno
1262 951 1415 982 uncxxw,
1439 941 1618 974 indictione
1636 949 1681 973 vu
1703 941 1838 984 pontifi-

1095 1001 1186 1030 catus
1203 996 1412 1030 Sanctissimi
1427 995 1563 1030 Domini
1582 995 1686 1028 nostri
1702 994 1838 1028 Domini

1098 1050 1223 1084 Urbani
1246 1050 1360 1083 divina
1381 1049 1591 1093 providentia
1614 1049 1726 1093 Papae
1743 1048 1835 1091 VIII,

1094 1103 1146 1136 die
1155 1113 1227 1136 vero
1243 1113 1299 1136 xvl
1315 1103 1434 1136 mensis
1451 1102 1636 1142 decembris,
1648 1102 1836 1145 retroscrip-

1095 1160 1145 1189 tae
1170 1156 1297 1189 litterae
1321 1155 1515 1199 apostolieae
1534 1155 1663 1198 affixae,
1688 1154 1784 1187 lectae
1807 1159 1836 1187 et

1090 1209 1276 1252 publicatae
1288 1210 1422 1252 suerunt
1441 1208 1482 1241 ad
1498 1208 1608 1241 valvas
1623 1208 1836 1241 basilicarum

1093 1262 1123 1296 S.
1135 1263 1271 1295 Ioannis
1281 1262 1522 1301 Laceranensis,
1539 1261 1702 1304 Principis
1715 1265 1837 1304 aposto-

1095 1316 1201 1348 loram
1218 1315 1255 1348 de
1275 1315 1367 1355 Urbe,
1391 1326 1427 1347 ac
1447 1315 1662 1347 cancellariae
1682 1314 1835 1358 apostoli-

1093 1379 1156 1407 cae,
1177 1369 1245 1402 acie
1264 1368 1379 1412 Campi
1396 1368 1525 1408 Florae,
1543 1378 1602 1412 per
1618 1378 1675 1400 nos
1691 1367 1835 1401 Alexan-

1093 1422 1189 1454 drum
1207 1422 1245 1454 cle
1261 1422 1379 1455 Roolzis
1404 1426 1432 1454 et
1452 1421 1595 1455 Fabiam
1613 1421 1836 1455 AEmilianum

1093 1475 1300 1508 Sanctissimi
1324 1475 1460 1507 Domini
1483 1475 1595 1518 Papae
1619 1484 1771 1507 cursores.

1331 1547 1577 1579 Bnanmmnrns
1598 1546 1746 1586 LATmus,

1253 1610 1311 1643 pro
1335 1610 1416 1642 mag.
1435 1599 1636 1632 dominorum
1656 1609 1833 1632 cursorum.

1430 1723 1502 1755 Clll.

1092 1796 1306 1839 Praeceptum
1320 1796 1463 1840 episcopo
1476 1795 1713 1839 Calaynrilano
1727 1799 1755 1828 el
1767 1794 1836 1830 Cal-

1138 1850 1274 1882 oiatensi
1303 1853 1340 1882 at
1375 1859 1412 1881 ea
1439 1853 1581 1889 revocet,
1613 1859 1696 1892 quae
1724 1853 1836 1882 contra

1138 1901 1261 1935 clerum
1285 1902 1388 1946 ipsias
1413 1902 1563 1935 dioecesis
1579 1903 1687 1945 yessit,
1706 1912 1771 1935 non
1785 1902 1835 1935 ob—

1136 1960 1241 1989 stante
1272 1956 1470 1989 inhibitione
1501 1955 1664 1988 auditoris
1691 1965 1835 1989 camerae

1136 2009 1330 2054 apostolicae
1339 2010 1358 2042 ¹.

1260 2081 1431 2109 Venerabili
1450 2080 1539 2108 fratri
1559 2080 1666 2115 Petro,

1145 2126 1284 2160 episcopo
1305 2125 1515 2159 calaguritano
1537 2128 1568 2152 et
1589 2124 1780 2160 calciatensi,

1299 2171 1437 2198 Urbanus
1454 2171 1533 2204 Papa
1553 2170 1627 2197 VIII.

1309 2223 1496 2252 Venerabilis
1512 2223 1620 2258 frater,

1127 2271 1256 2298 salutem
1276 2271 1307 2297 et
1326 2269 1522 2304 apostolicam
1545 2268 1796 2297 benedictionem.

1136 2333 1150 2376 ξ
1175 2333 1203 2365 Ἰ.
1229 2333 1335 2376 Nuper
1359 2331 1556 2375 accepimus,
1582 2331 1666 2374 quod
1695 2331 1768 2365 licet
1791 2331 1834 2365 di·
1871 2351 2033 2377 mmmmm,

1090 2388 1188 2420 lectus
1205 2385 1288 2419 silius
1312 2385 1462 2428 magister
1480 2384 1643 2428 Philippus
1660 2384 1832 2418 Pirovanus
1848 2378 2033 2430 {fflg'g'ssofflfiffl

1091 2440 1291 2483 cappellanus
1324 2443 1440 2479 noster,
1466 2443 1495 2471 et
1520 2438 1600 2471 sacri
1627 2438 1734 2482 palatii
1758 2449 1831 2482 apo-
1848 2431 2032 2478 pounegeghntoquffl

1091 2493 1191 2526 stolici
1217 2502 1383 2525 causarum
1415 2502 1450 2524 ac
1480 2491 1697 2535 infrascriptae
1721 2502 1832 2525 causae
1847 2490 1923 2532 {2322
1939 2490 2032 2537 pffijlffl

1090 2546 1224 2587 auditor,
1242 2556 1298 2590 per
1319 2556 1389 2577 suas
1409 2545 1527 2577 litteras
1552 2544 1759 2586 inhibitorias‚
1774 2544 1831 2578 sub
1847 2538 2031 2590 ssssis'ssffssffssmffssuffl

1090 2601 1196 2633 datum
1214 2600 1340 2639 Romae,
1359 2598 1464 2642 prima
1489 2598 1555 2630 iulii
1580 2608 1732 2640 MDcxxw,
1747 2599 1831 2631 iuxta
1847 2592 1932 2612 mmm·

1127 2665 1137 2690 1
1155 2663 1192 2689 Ex
1209 2663 1315 2698 Regest.
1334 2662 1359 2689 in
1373 2662 1475 2689 secret.
1492 2661 1569 2689 Brev.
