2269 3235
529 162 592 197 706
1072 168 1252 194 ultumum
1277 167 1428 193 3011111311

574 226 668 259 lai-ios
687 225 825 264 innovat,
857 224 896 255 95
923 232 951 255 a.
977 222 1013 255 Et
1038 222 1077 254 ad
1103 220 1336 254 ecclesiasticos
1361 228 1485 263 quoque
1511 219 1665 261 extendit,
1691 219 1753 253 614
1777 219 1794 253 b
1818 223 1924 264 etseq.
1942 219 2018 254 Con·

572 279 769 312 stitutionem
795 276 966 308 Clementis
991 274 1059 308 VIlI
1074 278 1183 307 contra
1208 284 1269 307 non
1295 277 1453 317 promotos
1470 273 1508 306 ad
1534 272 1772 316 presbyteratus
1792 273 1946 314 ordinem,
1964 274 2019 318 qui

573 342 662 365 sacra
687 333 857 373 operantur
882 328 929 361 vol
967 328 1182 361 consessiones
1215 327 1367 367 audiunt,
1393 327 1510 360 editam
1534 325 1679 369 ampliat,
1705 325 1767 359 654
1791 335 1821 357 α.
1843 324 2018 360 lubilaeum

575 385 755 418 universale
795 392 851 424 pro
882 390 965 414 anno
988 382 1156 415 moexxvui
1181 380 1301 421 indIcit‚
1327 380 1389 412 654
1415 379 1441 412 b.
1467 378 1501 412 ln
1526 378 1618 412 Urbis
1642 379 1807 422 gymnasio
1843 377 2019 412 rhetoricae

575 436 758 470 cathedram
790 436 934 475 instituit,
960 434 1022 467 646
1048 444 1068 466 α
1092 437 1203 478 etseq.

485 491 646 525 Urbanum
670 488 839 531 collegium
864 488 904 520 dc
930 488 1134 531 propaganda
1151 487 1213 520 fide
1238 490 1453 530 nuncupatum
1474 487 1617 530 erigitur,
1631 486 1695 519 575
1713 485 1739 518 b.
1764 483 1791 519 A
1810 484 1927 518 Ioanne
1940 484 2019 528 Bap-

574 545 643 575 tista
669 541 765 574 Vives
790 541 939 582 dotatum,
967 540 1045 573 ibid.
1070 540 1146 574 Eius
1170 541 1349 585 privilegia,
1374 541 1438 574 759
1463 544 1493 574 et
1516 551 1578 584 seq.

487 596 595 630 Urbini
620 596 752 628 ducatus
769 594 808 627 ad
831 593 994 627 eameram
1011 594 1226 638 Apostolicam
1249 593 1478 635 devolvendus,
1496 594 1555 627 ‘181
1577 593 1606 626 b.
1630 591 1857 626 Romandiolae
1881 591 2021 636 praesidi

574 649 681 682 datum
707 650 737 681 in
762 647 920 681 mandatis
944 647 984 681 de
1010 649 1078 681 cius
1103 648 1302 692 possessione
1327 647 1492 690 capienda,
1519 647 1580 680 356
1606 656 1626 678 α
1651 649 1681 679 et
1703 656 1766 689 seq.
1791 643 1869 678 Cum
1893 643 2023 677 faculta-

575 701 659 735 tibus
684 700 723 734 ad
749 700 779 734 id
806 702 994 736 necessariis
1019 705 1051 735 et
1074 702 1271 745 opportuniS,
1297 700 1359 734 357
1377 711 1397 733 a
1414 704 1525 744 etseq.
1550 698 1670 733 Eadem
1694 698 1826 732 facultas
1843 697 1937 737 etiam
1953 696 2022 730 aliis

576 750 769 789 cumulativ'e
794 763 955 797 concessa,
980 755 1044 788 358
1069 765 1098 787 α.

1245 885 1272 918 V

489 1025 652 1058 valentiae
668 1022 895 1057 ecclesiasticis
911 1022 1101 1065 permissum
1117 1018 1297 1053 subsidium
1313 1018 1458 1063 Pbilepo
1474 1019 1543 1062 regi
1559 1017 1831 1061 subministrandi,
1846 1017 1907 1052 497
1921 1028 1941 1051 a
1957 1021 1988 1053 et
2000 1019 2027 1052 b.

490 1078 587 1112 Vallis
612 1077 764 1118 Tellinae,
790 1077 957 1109 comitatus
982 1074 1108 1115 Bormii‚
1134 1077 1165 1107 et
1189 1073 1299 1118 oppidi
1323 1072 1527 1107 Chiavennae
1553 1072 1701 1106 fortalitia
1725 1072 1814 1106 fuere
1834 1073 1866 1105 13
1881 1071 2028 1106 manibus

578 1132 670 1165 Sedis
702 1129 903 1174 Apostolicae
936 1128 1026 1162 titulo
1051 1127 1187 1171 depositi
1212 1127 1410 1170 consignata,
1436 1126 1498 1159 424
1522 1136 1542 1159 a
1566 1129 1597 1159 et
1620 1126 1683 1160 483
1705 1125 1742 1165 h;
1769 1128 1801 1159 et
1817 1134 1834 1159 a
1850 1125 1932 1159 Sede
1948 1125 2029 1169 Apo-

579 1185 688 1218 stolica
713 1185 782 1227 regi
808 1182 963 1217 catholico
987 1182 1141 1223 restituta,
1168 1181 1229 1213 609
1255 1181 1282 1213 b.

491 1238 666 1280 Valtellina7
693 1238 756 1271 ⁶205
781 1237 813 1277 ὸς
840 1237 871 1269 13
898 1245 934 1270 ea
959 1236 1125 1269 imminent
1149 1243 1264 1278 magna
1288 1233 1443 1268 bellorum
1468 1233 1620 1278 pericula,
1641 1233 1721 1267 ibid.

491 1292 644 1326 Vaticana
667 1290 810 1328 Basilica,
837 1290 897 1323 476
924 1290 952 1322 b.
977 1289 1243 1322 Poenitentiarius
1268 1298 1324 1332 pro
1349 1289 1459 1331 lingua
1483 1296 1599 1332 graeca
1623 1288 1655 1321 13
1680 1296 1718 1321 ea
1742 1287 1912 1329 institutus,
1937 1285 2015 1321 ibid.

494 1345 708 1389 Venayssinus
732 1345 907 1385 comitatuS,
926 1343 989 1376 120
1003 1344 1029 1376 b.
1045 1342 1121 1376 Eius
1144 1341 1256 1375 incolis
1273 1350 1423 1375 concessa
1448 1351 1466 1375 a
1486 1341 1583 1375 Paulo
1604 1340 1629 1374 V
1654 1340 1835 1385 privilegia,
1854 1340 1930 1374 ibid.
1949 1339 2030 1374 Cou-

582 1401 686 1433 firmat
709 1398 855 1432 Urbanus
880 1397 962 1437 VIII,
991 1396 1068 1430 ibid.

493 1456 616 1489 Verzini
641 1453 804 1498 oppidum,
831 1453 893 1486 233
919 1463 957 1492 a;
983 1451 1027 1485 ibi
1052 1451 1261 1484 seminarium
1285 1458 1342 1493 pro
1366 1448 1544 1483 Cariatensi
1569 1448 1690 1483 dlocesi
1715 1451 1868 1491 erectum,
1894 1448 1973 1482 ibid.

493 1510 622 1544 Vieensi
647 1510 798 1551 episcopo
822 1506 1003 1541 adiudicata
1035 1505 1211 1539 iurisdictio
1241 1513 1339 1548 super
1366 1503 1569 1547 collegiatam
1593 1502 1760 1537 ecelesiam
1785 1503 1816 1537 S.
1841 1502 1969 1537 Ioannis
1992 1502 2032 1536 de

584 1561 772 1602 Abbatissis‚
798 1561 861 1594 102
881 1560 908 1593 b.

495 1617 675 1651 viennense
700 1616 732 1648 in
757 1614 884 1648 Austria
909 1612 1077 1656 collegium
1103 1621 1120 1646 a
1145 1611 1298 1656 Gregorio
1325 1611 1382 1645 ΡΡ.
1412 1611 1484 1645 XIII
1516 1612 1706 1653 institutum,
1732 1614 1763 1645 et
1787 1611 1966 1645 restitutum
1993 1610 2033 1644 ab

584 1669 709 1703 Urbano
734 1668 814 1710 VIII,
840 1667 903 1700 557
929 1678 958 1699 a.
983 1666 1058 1700 Eius
1083 1674 1159 1700 cura
1189 1664 1385 1709 presbyteris
1411 1665 1578 1699 Societatis
1601 1665 1674 1698 Iesu
1698 1664 1903 1706 demandata,
1929 1664 1992 1698 557
2017 1664 2034 1697 b

585 1726 616 1756 et
639 1733 700 1766 seq.
725 1721 837 1755 Modus
861 1722 894 1754 13
923 1718 1127 1754 admittendis
1152 1718 1287 1753 alumnis
1310 1717 1504 1760 servandus,
1531 1718 1594 1752 558
1618 1717 1644 1752 b.
1674 1717 1868 1752 Eorumdem
1897 1716 2031 1762 privile-

584 1778 652 1820 gia,
675 1776 737 1809 559
758 1786 787 1809 α.

497 1829 657 1863 Vilnensis
683 1827 838 1868 ecclesia,
865 1826 928 1860 420
953 1836 988 1866 α;
1023 1826 1171 1860 statuitur
1201 1825 1460 1859 archidiaconum
1490 1824 1672 1859 visitantem
1703 1824 1878 1858 dloecesim
1908 1824 2036 1858 nomine

586 1884 729 1927 episcopi
754 1892 816 1915 non
840 1881 958 1914 lucrari
983 1879 1225 1914 distributiones
1249 1879 1460 1924 quotidianas,
1485 1878 1563 1912 ibid.

497 1936 677 1970 vladislaus
702 1937 788 1979 regis
813 1935 961 1968 Poloniae
987 1934 1071 1968 filius
1096 1943 1174 1967 ense
1198 1937 1228 1967 et
1252 1933 1337 1977 pileo
1362 1932 1401 1966 ab
1430 1932 1556 1967 Urbano
1582 1932 1651 1966 VIII
1676 1932 1825 1975 donatus,
1852 1931 1914 1966 278
1936 1942 1966 1965 α.

498 1990 769 2025 Wratislaviensis
794 1990 986 2033 episcopus,
1013 1988 1073 2022 491
1101 1987 1127 2021 b.
1157 1987 1330 2031 Delegatur
1362 1986 1401 2021 ab
1433 1986 1559 2021 Urbano
1590 1986 1660 2020 VIII
1692 1987 1732 2021 ad
1763 1987 2037 2020 confirmationem

590 2044 769 2078 faciendam
794 2043 920 2087 collegii
945 2043 1111 2077 Societatis
1135 2042 1208 2076 Iesu
1228 2051 1300 2076 cum
1324 2043 1532 2077 universitate
1551 2042 1728 2077 studiorum
1745 2042 1777 2075 in
1794 2040 1911 2085 oppido
1927 2039 2038 2075 Nissae

590 2098 703 2141 erecti,
730 2097 792 2132 492
817 2097 844 2131 b.
1064 2094 1069 2097 ’
