2269 3235
216 252 266 280 An.
280 252 309 278 (ἶ.
334 251 400 278 1ὒῖ5

242 632 324 652 Poena«
333 633 398 651 trans-

216 657 347 682 gressoribus
369 664 398 677 in-

216 685 274 709 tagit.

254 1212 274 1231 l'·
281 1214 396 1232 :ii-«entium

214 1240 336 1264 plilili‹·.ilti·,

254 1796 398 1822 'transumptis

214 1822 285 1844 danda
300 1823 359 1843 fides.

446 243 510 275 5310

414 300 545 343 quisquc
560 300 694 333 dioecesi
713 300 759 332 vel
774 298 934 342 provincia
952 299 1061 331 sedulo
1086 309 1157 342 per-

415 353 552 395 vigilent,
563 364 600 385 nc
610 353 675 385 sine
689 351 970 396 approbationibus
987 351 1155 395 praedictis

416 406 566 448 imagines
591 416 661 438 cuin
688 404 870 437 memoralis
887 404 985 446 signis
1001 414 1155 448 exponan-

415 464 474 499 tur,
495 464 545 491 ant
576 459 734 498 miracula,
756 457 962 491 revelationes
979 468 1015 490 ac
1034 458 1153 490 benefi-

414 511 460 543 cia
485 511 643 555 praedirta
666 511 887 554 publicentur,
912 511 1010 544 aliave
1043 516 1154 544 contra

414 564 558 607 superius
575 563 723 607 disposita
741 564 823 598 fiant.

457 617 472 659 ξ
496 617 525 648 ti.
551 618 812 660 Transgressores
837 627 921 658 vero,
942 617 967 650 si
992 617 1153 660 regulares

413 670 538 711 suerint,
557 670 740 714 privationis
757 682 886 704 suorum
911 671 1100 712 officiorum,
1117 682 1153 704 ac

414 723 497 757 vocis
521 723 637 756 activae
662 729 692 756 et
716 724 867 768 passivae,
892 735 1014 758 necnon
1039 730 1069 758 et
1090 735 1154 757 sus-

412 777 571 820 pensionis
596 788 613 809 a
641 777 769 817 divinis,
795 778 912 811 sivero
933 777 1039 811 clerici
1069 788 1154 810 seeu-

413 830 503 871 lares,
521 830 705 874 privationis
734 831 852 875 pariter
878 842 1009 864 suorum
1033 831 1152 864 officio-

412 894 493 924 rum,
511 883 726 927 suspensionis
741 894 758 916 a
776 883 887 916 divinis
909 888 938 916 ct
963 883 1001 915 ab
1023 883 1153 916 admini-

412 936 562 969 stratione
583 941 860 978 sacramentorum,
882 936 1152 979 exequutioneque

412 999 542 1021 suorum
568 989 713 1022 ordinum
738 989 922 1032 respective,
947 988 1078 1032 aliisque
1102 999 1150 1021 ar-

412 1041 506 1074 bitrio
523 1042 758 1086 praedictorum
776 1034 1015 1075 Ordinariorum
1033 1051 1088 1074 seu
1105 1041 1152 1074 in-

412 1095 612 1138 quisitorum,
642 1106 700 1140 pro
722 1095 814 1129 modo
835 1095 954 1140 culpae,
975 1095 1153 1139 infligendis

413 1148 522 1191 poenis
546 1149 720 1193 plectendo.

456 1202 471 1244 ,ξ
496 1202 524 1235 7.
542 1202 599 1240 Qui
624 1207 726 1236 autem
745 1202 842 1235 libros
860 1202 1086 1246 impresserint,
1100 1207 1154 1235 aut

414 1255 566 1297 imagines
586 1255 756 1299 pinxerint,
781 1256 980 1299 sculpserint,
1000 1266 1055 1288 seu
1080 1266 1153 1299 quo-

412 1307 572 1351 quomodo
596 1308 784 1348 effinxerint,
803 1309 849 1341 vel
875 1308 1089 1349 formaverint,
1108 1319 1154 1342 ce-

412 1361 534 1405 terique
559 1360 694 1394 artifices
709 1388 716 1402 ,
741 1361 825 1394 circa
856 1361 1028 1405 praemissa
1051 1361 1152 1405 quali-

412 1409 595 1458 tercumque
619 1414 845 1458 delinquentes,
864 1415 1025 1458 praedicta
1049 1415 1154 1448 omnia

411 1467 553 1501 amittant
577 1473 606 1500 et
641 1468 770 1511 insuper
800 1467 991 1512 pecuniariis
1023 1467 1154 1511 aliisque

412 1521 504 1555 etiam
522 1521 739 1566 corporalibus
763 1521 881 1565 poenis,
903 1521 989 1554 iuxta
1012 1521 1154 1554 criminis

412 1575 606 1617 gravitatem,
625 1574 810 1608 eorumdem
840 1574 1080 1608 Ordinariorum
1099 1585 1154 1608 seu

412 1629 633 1673 inquisitorum
654 1629 785 1662 arbitrio
803 1629 986 1662 afficiantur.

456 1683 471 1726 ἓ
496 1681 524 1715 8.
551 1682 721 1716 Contrariis
741 1682 993 1726 quibuscumque
1015 1692 1078 1715 non
1103 1682 1156 1715 ob-

414 1735 577 1768 stantibus.

460 1789 475 1831 g
502 1788 532 1821 9.
564 1789 599 1822 Et
631 1799 669 1821 ne
700 1788 946 1832 praemissorum
978 1788 1155 1831 ignorantia

413 1840 512 1884 possit
535 1840 573 1872 ab
598 1839 703 1883 aliquo
728 1839 902 1883 praetendi,
926 1839 1032 1881 voluit,
1051 1844 1085 1872 ut
1105 1839 1156 1872 de-

413 1899 534 1927 cretum
558 1893 754 1934 huiusmodi,
779 1903 833 1926 seu
861 1893 943 1925 illius
964 1892 1154 1936 exemplum,

412 1948 450 1980 ad
487 1947 590 1980 valvas
622 1947 769 1980 basilicae
804 1946 958 1990 Principis
989 1946 1151 1989 apostolo-

412 2012 483 2034 rum
501 2001 595 2034 Urbis
619 2010 655 2033 ac
679 2000 711 2033 in
735 2000 801 2033 acie
825 1999 931 2044 Campi
956 1999 1068 2032 Florae
1091 1999 1155 2032 affi-

412 2064 485 2087 xum
510 2063 620 2086 omnes
639 2053 770 2097 perinde
790 2057 890 2086 arctet
913 2057 1006 2097 atque
1030 2052 1154 2092 afficiat,

413 2117 448 2140 ac
478 2107 503 2140 si
528 2107 698 2151 unicuique
733 2106 940 2151 personaliter
975 2105 1154 2139 intimatum

414 2160 530 2194 suisset.

457 2215 472 2258 ἓ
496 2214 547 2247 10.
577 2214 728 2258 Quodque
758 2214 971 2258 praesentium
1002 2217 1155 2247 transum-

414 2267 485 2310 ptis,
510 2266 603 2301 etiam
628 2267 808 2311 impressis,
834 2277 929 2300 manu
960 2267 1073 2301 notarii
1101 2277 1156 2311 pu-

414 2321 489 2353 blici
514 2320 720 2364 subscriptis,
745 2331 780 2354 ac
804 2320 907 2363 sigillo
931 2320 1063 2353 alicuius
1086 2331 1155 2364 per-

414 2384 507 2407 sonae
538 2374 568 2406 in
599 2373 749 2417 dignitate
773 2373 985 2407 ecclesiastica
1008 2373 1155 2407 constitu-

381 2420 386 2429 ’
416 2433 462 2459 tae
476 2427 613 2468 munitis,
628 2426 735 2460 eadem
750 2437 881 2471 prorsus
898 2426 975 2459 fides
988 2427 1153 2468 habeatur,

416 2491 494 2523 quae
518 2480 734 2523 praesentibus
759 2480 977 2523 adhiberetur,
1003 2480 1027 2513 si
1051 2480 1154 2514 forent

416 2533 580 2575 exhibitae,
598 2534 645 2566 vel
664 2537 815 2568 ostensae.

547 2587 681 2620 Ioannes
698 2588 859 2621 ANTONIUS
877 2587 1069 2630 Tfloiufflus,

466 2639 495 2672 S.
511 2640 667 2673 Romanae
682 2646 710 2672 ct
728 2641 912 2674 universalis
930 2641 1070 2685 Inquisit.
1087 2645 1150 2674 not.

992 249 1172 275 nULLAmUM
1196 249 1352 274 ROMANUM

1233 298 1330 332 Anno
1343 307 1480 337 nncxxV,
1497 296 1676 330 indictione
1692 305 1747 336 vn,
1759 296 1913 340 pontifica

1191 351 1453 384 tasSanclissimi
1460 349 1593 383 Domini
1608 350 1712 382 nostri
1724 350 1858 383 Domini
1870 350 1927 384 Ur-

1190 405 1268 437 bani
1281 403 1393 437 divinaet
1404 402 1611 447 providentia
1621 403 1733 446 Papae
1745 402 1830 436 VIII
1840 413 1926 436 anno

1189 457 1258 490 eius
1271 456 1419 497 secundo,
1431 455 1483 489 dic
1493 466 1564 489 vero
1577 456 1696 499 quarta
1709 456 1829 489 mensis
1841 457 1927 500 apri-

1189 510 1240 550 lis,
1257 509 1482 553 supradictam
1497 509 1659 542 decretum
1672 508 1810 552 affixum
1826 516 1855 542 et
1869 519 1928 553 pit-

1189 563 1219 596 bl
1223 563 1342 596 iculum
1350 563 1415 606 fait
1425 561 1467 595 ad
1476 561 1586 595 valvas
1596 561 1664 594 basi
1668 561 1749 594 licae
1758 561 1928 605 Principis

1187 616 1404 659 apostolorum
1423 615 1460 649 de
1487 615 1585 655 Urbe,
1612 618 1640 648 et
1668 615 1704 647 in
1721 615 1789 648 acie
1815 614 1929 657 Campi

1186 668 1314 709 Florae,
1331 673 1367 702 ut
1384 669 1483 702 moris
1499 672 1554 709 est,
1570 678 1628 711 per
1644 678 1693 700 me
1710 666 1929 700 Brandimar-

1188 725 1249 754 tem
1265 722 1435 762 Latinum,
1452 721 1660 755 Sam-tissimi
1676 720 1811 754 Domini
1827 719 1931 753 nostri

1186 774 1298 818 Papae
1311 784 1483 807 cursorem.

1274 832 1433 865 OCTAVIUS
1458 832 1570 873 SPADA,
1584 831 1735 875 magister
1751 840 1929 865 cursorum.

1259 916 1416 960 Sequitur
1439 916 1618 949 declaratio
1639 915 1863 960 praeinsertae

1431 969 1675 1012 prohibitionis.

1230 1038 1433 1072 Postmodum
1452 1049 1526 1072 vero
1543 1038 1625 1072 idem
1643 1038 1862 1072 Sanctissimus
1874 1039 1930 1072 Do-

1187 1092 1290 1125 minus
1321 1097 1429 1126 noster
1462 1103 1479 1125 a
1504 1092 1691 1136 quibusdam
1724 1092 1865 1125 revocari
1897 1092 1929 1124 in

1186 1145 1316 1178 dubium
1337 1145 1472 1190 accepit,
1496 1155 1536 1178 an
1559 1145 1688 1178 tabellas
1712 1150 1743 1178 et
1767 1145 1928 1188 imagines,

1186 1210 1262 1243 quas
1287 1199 1316 1232 in
1342 1204 1504 1243 posterum
1525 1199 1633 1232 offerri
1659 1198 1836 1242 contigerit,
1854 1191 1930 1232 reci—

1186 1263 1272 1296 pere,
1291 1257 1321 1285 et
1341 1257 1431 1286 antea
1455 1253 1574 1286 oblatas
1599 1262 1787 1285 conservare
1811 1252 1928 1286 liceret.

1187 1306 1338 1339 Sanctitas
1362 1306 1440 1346 Sua,
1470 1316 1549 1350 quae
1579 1306 1796 1339 tantummodo
1822 1306 1928 1347 voluit,

1187 1359 1384 1392 occurrendo
1408 1358 1558 1392 abusibus
1589 1358 1643 1403 qui
1668 1358 1809 1402 irrepere
1844 1359 1929 1392 vide-

1186 1406 1310 1453 bantur,
1328 1414 1496 1446 certiorem
1517 1423 1630 1457 parare
1655 1412 1736 1445 viam
1757 1412 1796 1445 ad
1817 1422 1927 1445 eorum

1187 1466 1218 1498 in
1242 1465 1336 1499 terris
1360 1465 1505 1508 gloriam,
1527 1476 1663 1510 quorum
1689 1465 1928 1499 sanctimoniam

1187 1519 1309 1552 divinae
1342 1519 1525 1552 clementiae
1556 1519 1710 1563 placuerit
1737 1518 1930 1552 admirandis

1187 1573 1337 1617 operibus
1354 1573 1528 1615 illustrare,
1547 1583 1582 1606 re
1598 1573 1686 1617 prius
1703 1584 1774 1606 cum
1789 1572 1931 1606 illustris-

1188 1626 1275 1659 simis
1299 1631 1328 1659 ct
1349 1625 1620 1659 reverendissimis
1643 1626 1702 1659 DD.
1718 1626 1929 1660 cardinalibus

1188 1685 1296 1713 contra
1316 1680 1506 1712 haereticam
1525 1679 1711 1723 pravitatem
1729 1680 1929 1723 generalibus

1188 1733 1424 1777 inquisitoribus
1449 1733 1691 1774 communicata,
1707 1734 1863 1778 praesenti
1880 1734 1931 1767 de-

1188 1791 1274 1819 creto
1288 1786 1466 1820 declaravit:
1480 1786 1577 1829 Quod,
1592 1786 1671 1819 sicut
1683 1797 1844 1831 nunquam
1858 1798 1931 1831 pro-

1188 1839 1300 1880 hibuit,
1313 1849 1371 1872 nec
1391 1850 1465 1872 suae
1481 1839 1663 1881 intentionis
1678 1840 1735 1872 suit
1758 1840 1930 1884 prohibere

1189 1893 1397 1935 oblationem,
1429 1892 1708 1936 receptionemque
1743 1893 1930 1926 tabellarum

1188 1951 1218 1979 et
1231 1945 1405 1989 imaginum
1423 1945 1615 1987 huiusmodi,
1629 1946 1680 1986 ita,
1699 1951 1734 1979 ut
1750 1946 1828 1979 nulli
1845 1946 1931 1980 dein-

1189 2010 1261 2044 ceps
1278 1999 1476 2032 haesitationi
1492 1999 1580 2033 locus
1597 1999 1803 2044 relinquatur,
1824 1999 1932 2033 statuit

1189 2053 1219 2085 in
1244 2052 1495 2096 praesentiarum
1520 2058 1550 2086 et
1573 2052 1724 2094 decernit,
1749 2057 1783 2086 ut
1807 2053 1930 2096 quoties

1188 2106 1227 2138 ad
1251 2106 1388 2150 aliquam
1413 2106 1588 2147 ecclesiam,
1609 2111 1662 2139 aut
1678 2106 1864 2147 oratorium,
1888 2106 1931 2140 lo-

1189 2169 1299 2192 cumve
1315 2159 1410 2192 alium
1428 2159 1601 2203 publicum,
1618 2159 1792 2192 secularem
1810 2169 1865 2192 seu
1885 2169 1930 2192 re-

1188 2213 1341 2255 gularem,
1359 2213 1489 2246 tabellas
1510 2217 1540 2246 et
1564 2212 1727 2256 imagines,
1744 2212 1868 2246 aliudve
1893 2212 1930 2245 si-

1188 2266 1261 2299 mile
1278 2266 1444 2310 quisquam
1464 2265 1620 2307 detulerit,
1645 2276 1681 2299 ac
1705 2265 1930 2299 intercessione

1188 2318 1351 2353 hominum
1384 2319 1466 2352 inter
1497 2319 1627 2352 Sanctos
1651 2319 1700 2352 vel
1731 2319 1843 2352 Beatos
1866 2329 1929 2352 non

1188 2372 1429 2416 adscriptorum,
1459 2373 1600 2416 quamvis
1625 2383 1695 2406 cum
1716 2372 1857 2418 martyrii
1882 2373 1930 2406 vel

1188 2425 1359 2459 sanctitatis
1383 2426 1466 2458 fama
1490 2425 1748 2467 demortuorum,
1769 2429 1873 2470 optata
1897 2436 1930 2459 se

1188 2479 1404 2523 impetravisse
1435 2479 1566 2520 dixerit,
1590 2479 1681 2513 liceat
1711 2479 1929 2513 ecclesiasticis

1187 2532 1340 2576 personis,
1360 2532 1574 2575 ecclesiarum,
1598 2533 1782 2566 locorumve
1806 2532 1930 2577 praedi-

1188 2592 1311 2621 ctorum
1325 2597 1420 2620 curae
1433 2586 1631 2630 praepositis,
1651 2587 1782 2620 tabellas
1807 2592 1836 2620 et
1856 2587 1930 2619 ima-

1187 2641 1284 2684 gines,
1312 2641 1375 2673 sive
1395 2640 1502 2684 pictas,
1528 2640 1591 2673 sive
1616 2650 1653 2673 ex
1671 2640 1781 2684 quavis
1798 2640 1928 2673 materia

1940 248 1990 277 An.
2005 247 2034 276 C.
2054 248 2125 276 1625

1958 1049 2067 1074 Quomodo
2079 1049 2128 1070 ima-

1943 1077 2002 1101 gines
2015 1079 2038 1097 et
2059 1076 2127 1097 tabel-

1943 1103 1976 1123 lae
1998 1103 2064 1128 recipi
2080 1108 2128 1128 pos-

1943 1130 1998 1154 sint,
2013 1130 2046 1150 vol
2064 1129 2128 1150 debo-

1943 1158 1985 1176 ant.

2259 0 2269 483 l
