2269 3235
252 278 300 304 Λιι.
317 278 336 305 C
364 278 374 304 ‘l
382 278 432 305 [1213

271 2582 381 2604 Clausulas
389 2588 427 2609 pro

243 2611 387 2637 praesentium
395 2611 426 2632 ht-

478 268 542 301 432

449 327 529 369 prio,
555 326 593 358 de
617 331 721 358 cetero
745 324 973 368 deputationes,
999 323 1091 355 etiam
1116 334 1186 355 euin

449 381 551 413 sutura
573 378 778 417 successione,
803 387 925 409 necnon
950 376 1186 419 resignationes,

448 433 666 475 cessionesque
684 442 718 464 ac
735 430 932 463 dimissiones
949 429 1138 470 huiusmodi,
1156 430 1188 462 il-

449 486 612 527 larumque
632 484 847 525 admissiones,
866 489 896 516 et
913 483 942 515 in
960 484 1085 516 illorum
1107 493 1184 516 con—

448 537 641 580 sequentiam
667 537 774 584 (ctiam
800 536 858 569 sub
883 541 1054 580 praetextu,
1076 546 1130 568 seu
1151 546 1186 568 ex

447 601 484 623 co
501 590 583 633 quod
603 590 721 623 vacatio
735 600 771 623 ex
789 589 1001 633 resignatione
1015 600 1069 622 seu
1083 589 1187 621 dimis-

446 643 533 675 sione
550 643 580 674 in
599 643 742 676 manibus
771 643 902 676 Romani
923 642 1082 675 Pontificis
1107 643 1186 676 sacta

446 701 475 728 ct
489 706 545 739 per
556 706 626 728 eum
638 696 774 729 admissa
788 696 892 730 oriens
907 696 963 729 sub
974 695 1186 729 reservatione

445 750 476 782 in
504 760 640 793 corpore
669 750 746 783 iuris
771 751 876 783 clausa
899 749 1186 793 comprehendatur

445 807 498 835 aut
521 804 751 847 comprehensa
774 803 823 844 sit,
847 814 882 836 ac
900 808 1066 846 propterea
1082 803 1121 834 ab
1143 802 1187 833 in-

444 855 531 888 dulto
548 855 622 888 dicti
639 856 715 889 Sixti
731 856 751 888 V
769 855 1030 899 praedecessoris,
1047 854 1132 898 quod
1148 853 1186 886 ad

445 909 520 941 tales
545 909 771 951 resignationcs
795 919 830 941 ae
855 908 1053 941 dimissiones
1078 912 1108 939 et
1132 917 1185 939 va-

444 961 582 994 cationes
606 972 643 994 ex
669 962 713 994 eis
733 961 878 1001 orientes,
896 966 926 993 et
943 960 1069 1004 quosvis
1089 959 1185 992 dicta-

444 1025 513 1046 rum
531 1014 718 1056 dignitatum
738 1014 934 1047 vacationum
954 1013 1075 1053 modos,
1092 1012 1184 1046 etiam

443 1078 479 1100 cx
495 1067 666 1110 quibusvis,
681 1067 808 1110 quaevis
822 1067 985 1110 generales
998 1066 1185 1099 reservatio-

442 1130 496 1153 nes
521 1120 553 1152 in
577 1131 711 1163 corpore
735 1120 812 1152 iuris
837 1120 969 1162 clausae,
993 1119 1185 1163 ubicumque

442 1177 471 1204 et
484 1172 747 1216 quandocumque
767 1173 929 1213 resultent,
951 1172 1136 1206 auctoritate
1155 1177 1185 1205 et

442 1230 550 1258 tenore
574 1226 786 1269 praesentium
812 1226 1030 1266 extendimus,
1056 1230 1185 1269 excepta

441 1278 513 1319 dici,
531 1279 640 1319 videri,
657 1280 779 1312 censeri
797 1285 850 1312 aut
863 1278 1062 1323 interpretari
1076 1278 1183 1322 possit,

442 1337 495 1365 aut
511 1333 605 1365 etiam
619 1333 771 1377 debeat¹),
785 1333 822 1366 ad
836 1333 1019 1376 quorumvis
1038 1332 1182 1373 aliorum,

441 1396 534 1429 quam
549 1386 649 1419 dictae
658 1387 787 1419 maioris
798 1386 948 1419 ecelesiae
959 1385 1183 1419 canonicorum

442 1445 512 1473 actu
537 1440 826 1483 praebendatorum
845 1445 875 1473 et
902 1439 1110 1484 personaliter
1134 1449 1183 1471 re-

442 1493 610 1526 sidentium
635 1494 783 1535 favorem,
809 1497 838 1527 et
862 1493 899 1526 de
925 1503 1078 1526 consensu
1099 1493 1184 1536 capi-

443 1547 580 1580 tulorum
604 1547 643 1579 ad
667 1548 735 1580 illas
760 1547 895 1590 eligendi
919 1547 967 1579 ius
990 1546 1183 1587 habentium,

442 1600 633 1642 huiusmodi,
655 1601 747 1633 etiam
764 1611 820 1644 per
837 1611 894 1633 nos
918 1605 948 1633 et
965 1598 1076 1633 Sedem
1097 1610 1184 1643 prae-

442 1654 567 1695 dictam,
580 1655 672 1688 etiam
687 1660 775 1688 motu
793 1654 885 1687 simili
900 1660 929 1687 ct
943 1655 980 1687 de
994 1654 1183 1698 apostolicae

442 1709 605 1752 potestatis
623 1709 827 1752 plenitudine,
845 1708 938 1742 etiam
959 1707 1184 1741 consistoriali-

443 1767 501 1802 ter,
518 1773 589 1795 eum
607 1762 819 1805 praesentium
838 1761 1051 1804 derogatione,
1071 1766 1100 1794 et
1113 1761 1183 1804 qui-

442 1815 549 1848 busvis
563 1815 655 1847 etiam
670 1815 946 1858 derogatoriarum
963 1814 1182 1857 derogatoriis,

443 1874 473 1901 et
496 1869 564 1901 aliis
581 1869 810 1901 efficacioribus
828 1874 858 1901 et
873 1868 1006 1901 insolitis
1026 1867 1183 1907 clausulis,

443 1920 702 1964 irritantibusque
728 1926 757 1954 et
781 1921 849 1953 aliis
869 1920 1012 1962 decretis,
1031 1920 1069 1952 de
1086 1920 1184 1963 digni-

443 1974 557 2007 tatibus
587 1974 756 2018 praedietis
789 1974 945 2007 faciendas
981 1974 1182 2015 collationes,

442 2026 654 2070 provisiones,
681 2027 900 2068 commendas,
927 2026 1165 2060 commissiones
1176 2054 1183 2068 ,

442 2081 661 2114 concessiones
686 2086 738 2114 aut
761 2081 887 2125 quasvis
905 2081 981 2113 alias
1002 2081 1183 2125 dispositio-

441 2144 507 2175 nes,
531 2140 691 2178 tamquam
716 2140 842 2178 praeter
866 2140 1003 2167 mentem
1028 2140 1058 2167 et
1081 2135 1182 2168 inten-

442 2189 560 2221 tionem
584 2194 739 2230 nostram,
765 2193 795 2222 et
819 2189 850 2221 in
875 2188 1105 2233 praeiudicium
1129 2188 1180 2221 di-

443 2247 565 2275 ctorum
591 2242 803 2286 capitulorum
827 2248 857 2275 et
881 2242 1181 2287 praebendatorum,

443 2307 616 2340 eorumque
641 2296 757 2329 iurium
775 2301 805 2329 et
822 2296 1062 2340 privilegiorum
1076 2297 1181 2337 saetas,

442 2351 553 2390 nullas,
568 2350 729 2390 invalidas,
743 2350 922 2394 nulliusque
939 2350 1064 2383 roboris
1076 2356 1106 2383 et
1120 2361 1183 2383 mo-

442 2403 538 2437 menti
562 2404 646 2445 fore,
666 2404 853 2447 nullumque
878 2414 935 2448 per
959 2414 1010 2437 eas
1035 2404 1181 2448 cuiquam

444 2457 501 2493 ius,
526 2464 578 2489 aut
603 2458 697 2490 etiam
721 2458 897 2492 coloratum
922 2458 1048 2491 titulum
1073 2459 1179 2503 possi'-

443 2511 533 2543 dendi
559 2511 671 2552 tribui,

487 2568 501 2607 ξ
526 2564 555 2597 ὓ.
580 2565 762 2600 Praesentes
786 2577 860 2600 vero
880 2566 999 2599 litteras
1018 2566 1057 2599 de
1077 2565 1182 2599 subre-

441 2618 556 2663 ptionis
572 2619 620 2652 vel
637 2619 831 2665 obreptionis
848 2620 933 2662 vitio,
953 2620 1047 2654 etiam
1071 2630 1108 2653 ex
1133 2630 1180 2664 eo,

478 2683 490 2710 1
507 2681 581 2715 Quae
595 2682 691 2718 ‚inclusi
706 2684 862 2720 parenthesi
875 2692 929 2715 non
944 2684 1062 2720 intellige
1078 2685 1114 2721 (a.
1131 2683 1180 2719 τ.).

1021 275 1197 299 immanium
1224 273 1375 298 ROMMN'UM

1220 322 1304 366 quod
1319 322 1468 354 interesse
1481 321 1585 354 forsan
1603 320 1763 362 habentes,
1773 331 1828 355 seu
1841 321 1957 355 habere

1220 374 1468 418 praetendentes,
1493 373 1531 406 ad
1556 373 1586 406 id
1612 373 1711 406 vocati
1727 378 1757 406 et
1775 374 1871 407 auditi
1895 385 1959 408 non

1221 428 1346 469 suerint,
1360 434 1389 460 et
1403 437 1523 468 causae,
1537 431 1667 470 propter
1684 436 1761 470 quas
1774 427 1958 468 emanarint,

1221 481 1404 515 iustificatae
1424 486 1453 514 et
1469 480 1646 513 verificatae
1664 490 1727 513 non
1747 480 1880 522 suerint,
1905 491 1959 514 no-

1221 534 1279 567 tari
1304 545 1367 568 non
1391 545 1498 578 posse,
1524 534 1691 577 minusque
1715 533 1773 566 sub
1797 533 1959 577 quibusvis

1220 588 1369 621 similium
1391 589 1438 622 vel
1458 588 1658 621 dissimilium
1683 588 1856 631 gratiarum
1874 597 1960 620 revo-

1220 642 1404 682 cationibus,
1430 641 1687 685 suspensionibus
1711 646 1763 674 aut
1787 641 1855 673 aliis
1878 650 1957 673 con-

1220 695 1323 727 trariis
1347 695 1603 738 dispositionibus
1637 693 1879 738 comprehendi,
1905 693 1959 726 sed

1220 759 1345 792 semper
1358 748 1396 780 ab
1410 748 1470 781 illis
1483 748 1593 792 excipi,
1614 751 1829 792 perpetuoque
1842 746 1959 780 validas

1219 806 1250 833 et
1273 801 1415 834 efficaces
1440 801 1584 842 existere,
1610 805 1647 843 et,
1673 800 1795 844 quoties
1820 800 1888 833 illas
1912 810 1960 832 re-

1220 854 1340 896 vocari,
1367 854 1532 898 suspendi,
1557 859 1609 887 aut
1633 859 1742 887 contra
1765 864 1816 887 eas
1840 853 1958 898 aliquid

1219 905 1341 949 disponi
1366 906 1543 949 contigerit,
1568 907 1660 939 toties
1684 907 1716 939 in
1739 907 1909 950 pristinum
1929 911 1959 939 et

1220 959 1456 1000 validissii‘num,
1481 970 1517 993 ac
1543 971 1625 1001 eum,
1651 961 1682 993 in
1699 971 1761 1003 quo
1779 966 1869 993 antea
1885 971 1960 1003 quo-

1219 1012 1389 1047 modolibet
1413 1019 1511 1055 erant,
1537 1018 1653 1046 statum
1677 1014 1847 1055 restitutas,
1872 1024 1960 1057 repo-

1218 1065 1291 1098 sitas
1311 1071 1341 1098 et
1356 1066 1496 1109 plenarie
1513 1066 1730 1110 reintegratas‚
1747 1077 1803 1099 seu
1822 1066 1860 1099 de
1879 1076 1960 1100 novo

1218 1119 1312 1151 etiam
1334 1119 1391 1152 sub
1408 1130 1608 1164 quacumque
1631 1119 1800 1163 posteriori
1817 1119 1888 1152 data
1901 1129 1960 1163 per

1218 1172 1300 1212 dicta
1314 1173 1449 1216 capitula
1463 1173 1726 1216 quandocumque
1735 1172 1879 1215 eligenda
1889 1182 1960 1206 con-

1219 1236 1321 1259 cessas
1346 1236 1413 1258 esse
1438 1231 1468 1258 et
1492 1226 1579 1267 sore,
1605 1226 1713 1270 sicque
1744 1226 1782 1258 ab
1813 1226 1959 1259 omnibus

1219 1279 1361 1319 censeri,
1386 1284 1416 1312 et
1440 1279 1481 1311 ita
1506 1290 1563 1322 per
1595 1289 1812 1323 quoscumque
1838 1278 1959 1312 iudices

1218 1332 1396 1365 ordinarios
1417 1333 1465 1365 vel
1482 1332 1651 1376 delegatos,
1662 1332 1755 1365 etiam
1768 1332 1874 1376 palatii
1888 1342 1961 1375 apo-

1218 1387 1319 1420 stolici
1344 1387 1515 1428 auditores,
1533 1398 1568 1421 ac
1586 1393 1710 1420 sanctae
1730 1387 1890 1420 Romanae
1907 1386 1961 1419 Ec-

1218 1440 1330 1473 clesiae
1347 1440 1531 1482 cardinales,
1551 1441 1644 1473 etiam
1662 1440 1701 1473 de
1716 1440 1814 1473 latere
1838 1440 1958 1482 legatos

1218 1498 1248 1526 et
1266 1494 1408 1535 nuncios,
1427 1494 1559 1527 iudicari
1583 1504 1618 1527 ae
1643 1493 1767 1527 deliniri
1780 1493 1905 1534 debere,
1923 1503 1959 1525 ac

1218 1546 1343 1580 irritum
1357 1552 1387 1580 et
1403 1547 1493 1580 inane
1519 1547 1671 1591 quidquid
1692 1557 1781 1580 secus
1798 1557 1894 1590 super
1910 1546 1959 1579 his

1217 1610 1235 1632 a
1259 1611 1435 1644 quoquam,
1461 1600 1569 1644 quavis
1593 1600 1795 1641 auctoritate,
1825 1600 1960 1633 scienter

1219 1654 1264 1686 vel
1275 1654 1468 1696 ignoranter,
1483 1654 1651 1697 contigerit
1665 1654 1821 1695 attentari,
1839 1653 1957 1686 eisdem

1218 1707 1404 1740 auctoritate
1429 1712 1459 1740 et
1483 1712 1592 1740 tenore
1616 1707 1824 1740 decernimus.

1262 1762 1276 1805 ἓ
1291 1762 1318 1794 7,
1330 1763 1398 1795 Non
1409 1762 1604 1795 obstantibus
1620 1761 1814 1806 praemissis,
1832 1766 1871 1801 et,
1886 1770 1958 1804 qua-

1217 1819 1306 1848 tenus
1323 1826 1402 1859 opus
1419 1816 1467 1856 sit,
1488 1815 1785 1849 similismemoriae
1799 1814 1958 1847 Benedicti

1217 1868 1318 1912 Papae
1342 1869 1395 1902 XII
1419 1869 1538 1913 pariter
1562 1868 1816 1912 praedecessoris
1840 1867 1958 1908 nostri,

1218 1932 1297 1965 quae
1322 1922 1430 1966 incipit
1459 1922 1514 1956 Ad
1541 1923 1696 1965 reqimen,
1725 1921 1857 1965 aliisque
1887 1931 1960 1954 con-

1217 1975 1430 2009 stitutionibus
1450 1981 1481 2009 et
1501 1976 1751 2009 ordinationibus
1768 1975 1959 2019 apostolicis,

1217 2029 1435 2073 dicturumque
1452 2030 1657 2063 ecclesiarum
1672 2030 1875 2073 (iuramento,
1889 2038 1960 2062 con-

1217 2083 1396 2116 firmatione
1420 2083 1602 2127 apostoliea,
1627 2084 1675 2116 vel
1700 2083 1809 2127 quavis
1829 2083 1890 2115 alia
1907 2082 1958 2115 fir-

1217 2136 1324 2169 mitate
1349 2137 1520 2181 roboratis)
1538 2136 1659 2171 statutis
1677 2141 1706 2169 et
1726 2135 1958 2170 consuetudini-

1216 2189 1285 2230 bus,
1310 2190 1417 2223 usibus
1435 2196 1464 2223 et
1480 2190 1611 2231 naturis,
1631 2190 1804 2234 privilegiis
1821 2199 1958 2234 quoque,

1216 2242 1344 2276 indultis
1361 2244 1515 2277 etlitteris
1539 2243 1720 2288 apostolicis
1745 2243 1816 2284 illis,
1834 2253 1959 2276 eorum-

1216 2308 1277 2341 que
1301 2298 1454 2342 capitulis,
1478 2298 1675 2341 praesulibus
1692 2302 1722 2330 et
1735 2297 1803 2330 aliis
1820 2297 1959 2342 superio-

1216 2352 1302 2384 ribus
1316 2356 1345 2385 et
1362 2352 1515 2396 personis,
1533 2352 1590 2385 sub
1608 2352 1858 2396 quibuscumque
1874 2356 1958 2384 teno-

1970 272 2023 299 An.
2041 273 2070 300 C.
2089 271 2155 300 1626

1973 336 2064 354 terarum
2094 334 2157 356 firmi·

1973 363 2015 381 tatu
2031 361 2097 381 addit.

1974 1769 2085 1791 Obstantia
2097 1770 2158 1791 tollit.

1215 2405 1303 2438 ribus
1317 2410 1347 2438 et
1360 2406 1480 2447 formis,
1491 2417 1526 2439 ac
1543 2417 1615 2439 cum
1633 2406 1796 2449 quibusvis
1810 2404 1958 2438 clausulis
1984 2417 1986 2419 ’

1215 2463 1245 2491 et
1269 2458 1413 2500 decretis,
1431 2459 1462 2492 in
1480 2460 1673 2493 eontrarium
1698 2460 1804 2492 forsan
1829 2468 1960 2503 quomo—

1215 2511 1332 2545 dolibet
1355 2513 1522 2556 concessis,
1543 2512 1726 2557 approbatis
1744 2518 1773 2546 et
1793 2511 1957 2552 innovatis;

1214 2566 1328 2609 quibus
1353 2567 1509 2609 omnibus,
1534 2567 1655 2600 etiamsi
1680 2566 1718 2599 de
1738 2566 1810 2607 illis,
1835 2575 1959 2599 eorum-

1214 2630 1275 2663 que
1295 2620 1367 2654 totis
1392 2621 1553 2654 tenoribus
1578 2626 1608 2654 et
1631 2620 1741 2654 formis
1755 2647 1763 2662 ,
1793 2619 1957 2664 specialis,

1214 2674 1361 2719 specifica
1373 2679 1404 2712 et
1416 2674 1585 2719 individua,
1602 2685 1666 2712 non
1689 2680 1794 2711 autem
1806 2684 1865 2719 per
1877 2673 1958 2709 clau-
