2269 3235
99 267 149 293 An.
166 264 193 292 C.
216 264 284 292 1623

171 964 259 991 Det-ngat
264 965 284 986 io

103 993 261 1015 contrariorum.

910 261 1051 287 tJnnANUS
1074 261 1130 286 vm
1154 262 1202 286 Pr.

301 313 417 345 tionem
430 311 584 352 sufficere,
597 321 655 344 nec
669 311 708 344 ad
722 310 752 343 id
765 309 896 344 alicuius
908 310 1036 343 alterius

300 364 493 409 probationis
517 364 742 398 adminiculum
767 362 903 407 rcqui1·i;
929 362 1036 406 sicque

299 418 338 451 ab
362 419 508 453 omnibus
525 425 555 452 et
572 418 702 462 singulis
719 417 852 459 censeri,
869 422 900 450 et
924 417 965 449 ita
981 426 1037 460 per

299 482 514 516 quoscumque
538 471 656 505 iudices
680 470 858 504 ordinarios
889 476 920 503 et
953 469 1037 503 dele-

299 530 398 567 gatos,
416 525 524 569 quavis
543 524 728 558 auctoritate
753 524 927 566 fungentes,
945 533 980 555 ac
1005 532 1036 554 e-

300 577 373 610 tiam
387 588 552 611 causarum
567 576 672 620 palatii
686 576 850 620 apostolici
867 575 1037 615 auditores,

299 631 419 671 sublata
435 629 487 664 'eis
504 636 534 664 et
553 641 661 664 eorum
679 630 807 663 cuilibet
823 630 932 674 quavis
948 629 1038 661 aliter

299 684 456 717 iudicandi
464 689 494 717 et
504 683 729 728 interpretandi
740 683 884 716 facultate
895 687 925 716 et
934 687 1038 715 aucto-

298 738 399 779 ritate,
417 737 547 771 iudicari
564 743 594 771 et
610 737 735 770 definiri
755 737 882 777 debere,
901 736 1038 769 irritum-

298 801 360 835 que
369 796 399 824 et
411 790 501 824 inane
512 790 665 835 quidquid
675 800 764 823 secus
773 789 925 834 superbis
936 800 953 821 a
963 799 1037 832 quo-

298 855 402 888 quam,
413 845 522 888 quavis
535 845 729 885 auctoritate,
743 844 878 878 scienter
890 843 938 875 vel
952 843 1038 885 igno-

299 903 414 939 ranter,
429 898 596 941 contigerit
612 898 768 938 attentari,
784 896 992 930 decernimus.

343 951 358 994 ἓ
375 949 404 983 8.
422 952 490 985 Νοη
506 951 701 985 obstantibus
717 952 786 995 piae
804 949 975 983 memoriae
993 949 1037 981 Pii

301 1004 400 1049 Papae
424 1005 461 1037 IV
486 1004 630 1038 similiter
660 1003 914 1048 praedecessoris
938 1002 1036 1036 nostri

300 1058 338 1091 de
362 1058 472 1101 gratiis
496 1068 638 1091 camerae
662 1057 854 1101 apostolicae
886 1056 1037 1089 interesse

301 1111 538 1155 quomodolibet
569 1110 829 1144 concernentibus
864 1110 897 1142 in
928 1109 1036 1142 eadem

302 1166 426 1198 camera
441 1164 520 1197 infra
534 1168 654 1198 certum
673 1163 748 1196 inibi
765 1173 947 1207 expressum
963 1166 1039 1196 tem-

303 1229 360 1261 pus
384 1218 618 1262 praesentandis
649 1223 679 1251 et
702 1217 928 1260 registrandis,
952 1217 1036 1249 aliis-

302 1282 362 1316 que
401 1271 676 1305 constitutionibus
715 1276 746 1304 et
784 1270 1036 1304 ordinationibus

301 1325 492 1368 apostolicis,
508 1334 566 1358 nec
585 1335 648 1358 non
673 1324 795 1367 legibus
820 1324 913 1356 etiam
938 1323 1038 1356 muni-

301 1378 464 1422 cipalibus,
488 1379 576 1412 novis
601 1378 895 1419 reformationibus,
920 1388 956 1410 ae
979 1383 1038 1410 sta-

301 1431 384 1472 tutis,
397 1432 489 1465 etiam
506 1432 694 1472 iuramento,
708 1432 947 1465 confirmatione
964 1442 1038 1475 apo-

300 1484 418 1525 stolica,
435 1484 483 1517 vel
500 1485 609 1529 quavis
625 1485 774 1518 firmitate
790 1485 852 1518 alia
869 1485 1036 1524 roboratis,

300 1536 472 1580 privilegiis
489 1548 624 1581 quoque,
645 1537 772 1570 indultis
789 1543 818 1571 et
835 1538 947 1570 litteris
966 1548 1038 1581 apo-

300 1590 436 1632 stolicis,
462 1592 520 1624 sub
545 1591 796 1635 quibuscumque
821 1591 984 1626 tenoribus
1008 1596 1037 1623 et

299 1644 418 1685 formis,
432 1650 461 1677 et
485 1656 556 1677 cum
580 1645 742 1688 quibusvis
759 1645 852 1677 etiam
873 1645 1038 1687 derogato-

299 1697 417 1730 riarum
431 1697 650 1741 derogatoriis,
664 1698 796 1741 aliisque
806 1698 1037 1731 efficacioribus

299 1755 329 1783 ct
344 1751 476 1784 insolitis
489 1752 646 1792 clausulis,
660 1763 695 1785 ac
709 1752 906 1785 irritantibus
923 1757 953 1784 et
970 1752 1037 1784 allis

299 1803 443 1846 decretis,
471 1805 502 1838 in
527 1816 642 1849 genere
669 1806 716 1838 vel
741 1806 772 1838 in
798 1805 918 1849 specie,
943 1805 1035 1837 etiam

300 1863 397 1899 motu,
414 1859 554 1899 scientia,
574 1863 603 1893 et
619 1859 657 1891 de
673 1859 861 1903 apostolicae
874 1859 1037 1902 potestatis

299 1911 491 1954 plenitudine
519 1912 684 1953 similibus,
709 1918 740 1946 et
769 1913 863 1946 etiam
889 1913 1038 1946 consisto-

300 1961 428 2003 rialiter,
445 1973 481 1996 ae
500 1964 575 1997 alias
591 1964 623 1996 in
647 1964 842 1997 contrarium
866 1964 1037 2008 quomodo-

299 2014 374 2048 libet
398 2016 497 2057 sactis,
514 2018 670 2051 concessis
694 2023 723 2051 et
747 2017 951 2051 confirmatis.
969 2018 1037 2056 Qui-

299 2068 357 2102 bus
380 2070 546 2111 omnibus,
566 2071 687 2104 etiamsi
713 2071 751 2104 de
771 2071 842 2111 illis,
863 2082 1036 2114 eorumque

298 2122 371 2155 totis
395 2124 557 2157 tenoribus
573 2125 717 2168 specialis
736 2130 766 2157 et
791 2124 936 2168 specifica
953 2135 1038 2157 men-

299 2174 342 2209 tio
363 2177 506 2210 habenda
530 2183 620 2219 esset,
638 2178 698 2211 illis
715 2178 790 2211 alias
803 2178 834 2210 in
848 2189 905 2211 suo
921 2177 1037 2211 robore

299 2230 528 2272 permansuris,
553 2230 612 2264 hac
642 2230 708 2264 vice
733 2231 893 2265 dumtaxat
917 2230 1037 2274 specia-

301 2280 371 2315 liter
401 2288 600 2328 et-expresse
628 2284 839 2327 derogamus,
860 2284 1037 2328 ceterisque

302 2336 466 2369 contrariis
481 2337 747 2382 quibuscumque:
766 2343 819 2371 aut
835 2338 860 2371 si
880 2337 1037 2381 aliquibus

302 2389 509 2423 communiter
538 2391 587 2423 vel
618 2391 741 2424 divisim
777 2391 816 2424 ab
852 2390 962 2424 eadem
999 2390 1038 2423 sit

302 2440 380 2474 Sede
404 2441 567 2484 indultum,
587 2445 670 2488 quod
695 2445 850 2486 interdici,
875 2444 1036 2488 suspendi,

302 2494 348 2527 vel
360 2496 625 2530 excommunicari
638 2508 700 2531 non
713 2498 833 2542 possint
844 2508 901 2542 per
918 2498 1037 2530 litteras

301 2549 490 2592 apostolicas
514 2560 576 2584 non
600 2552 746 2586 facientes
779 2553 903 2597 plenam
934 2557 964 2585 et
988 2562 1037 2585 ex-

299 2612 441 2645 pressam
466 2614 501 2636 ac
526 2603 564 2637 de
588 2605 682 2639 verbo
708 2606 746 2639 ad
770 2607 901 2640 verbum
926 2605 964 2639 de
988 2606 1036 2638 in-

300 2655 387 2688 dulto
399 2656 579 2690 huiusmodi
593 2658 792 2693 mentionem.

1116 311 1226 343 Datum
1241 310 1368 349 nomae,
1379 309 1460 353 apud
1470 309 1498 341 S.
1510 308 1636 341 Mariam
1649 307 1808 347 Maiorem,

1071 364 1129 395 sub
1145 364 1261 396 annulo
1277 362 1453 403 Piseatoris,
1470 362 1519 394 die
1534 371 1597 394 xxx
1620 360 1809 404 septembris

1072 417 1441 460 unexx111,pontiticatus
1465 415 1564 449 nostri
1588 425 1670 447 anno
1696 424 1713 447 ι.

1108 478 1164 505 Dat.
1181 478 1224 504 die
1239 479 1272 505 30
1286 478 1450 514 septembris
1467 479 1544 512 ¹623,
1561 477 1653 513 pontis.
1671 486 1714 503 au.
1732 485 1749 503 1.

1404 604 1477 636 Vlll.

1073 673 1283 715 Confirmatio
1298 673 1524 705 translationis
1539 672 1749 705 haereditatis
1763 673 1810 705 Io-

1116 727 1214 759 annis
1230 726 1390 759 Pizzullis
1407 737 1422 759 e
1434 731 1590 760 conventu
1608 726 1639 759 S.
1660 726 1810 759 Andreae

1115 780 1153 812 de
1166 780 1292 812 Frattis
1303 779 1340 812 de
1352 779 1431 812 Urbe
1446 779 1581 814 Ordinis
1599 779 1811 812 Minimorum

1115 833 1219 866 sancti
1232 833 1263 866 F
1262 833 1403 866 rancisci
1419 833 1457 865 de
1480 831 1602 873 Paula,
1620 832 1663 865 ad
1679 843 1811 866 eonven-

1117 891 1186 919 tmn
1202 891 1230 919 et
1250 886 1424 932 colleffl'um
1448 886 1591 919 eiusdem
1617 885 1751 919 Ordinis
1775 886 1811 918 in

1116 940 1255 983 Regyione
1279 939 1453 973 Montium.

1273 1011 1408 1038 Urbanus
1429 1010 1602 1045 Episcopus,

1257 1063 1362 1084 servus
1382 1063 1537 1083 servorum
1556 1056 1618 1089 Dei,

1071 1105 1186 1133 Dilecto
1207 1105 1268 1132 filio
1289 1108 1392 1133 nostro
1413 1105 1444 1132 in
1465 1105 1553 1137 Urbe,
1570 1105 1694 1140 eiusque
1714 1104 1812 1133 distri<

1106 1152 1168 1186 ctu,
1184 1150 1297 1177 vicario
1318 1150 1348 1177 in
1369 1149 1580 1184 spiritualibus
1598 1150 1746 1184 generali,
1763 1157 1811 1177 sa-

1106 1195 1200 1221 lutem
1216 1197 1248 1221 et
1262 1194 1456 1228 apostolicam
1476 1194 1726 1222 benedictionem.

1115 1265 1159 1298 Ex
1180 1265 1319 1299 iniuncto
1343 1265 1434 1298 nobis
1458 1265 1593 1309 desuper
1621 1264 1811 1309 apostolicae

1071 1318 1230 1352 servitutis
1254 1318 1357 1352 officio
1381 1318 1440 1359 liis,
1465 1328 1544 1362 quae
1568 1328 1627 1362 pro
1650 1318 1812 1361 religioso-

1071 1383 1141 1405 rum
1153 1372 1378 1416 quorumlibet,
1391 1371 1579 1416 praesertim
1598 1372 1750 1405 iuventuti
1767 1383 1811 1406 re-

1071 1427 1221 1469 ligionem
1247 1425 1388 1469 ingredi,
1415 1426 1471 1458 ac¹
1493 1425 1669 1458 litterarum
1701 1425 1812 1459 huma-

1071 1490 1184 1513 narum
1219 1485 1249 1512 et
1285 1479 1462 1512 divinarum
1491 1478 1601 1511 studiis
1631 1478 1812 1512 incumbere

1072 1534 1212 1566 animum
1236 1533 1365 1565 habenti
1385 1532 1622 1573 destinatorum,
1642 1531 1813 1565 commodi-

1072 1586 1126 1619 tati
1151 1592 1181 1619 ct
1205 1586 1336 1619 feliciori
1361 1585 1545 1626 directione,
1571 1585 1700 1628 praevio
1724 1595 1813 1629 supe-

1073 1640 1193 1674 riorum
1222 1640 1380 1679 examinc,
1405 1649 1441 1671 ac
1465 1638 1540 1671 alias
1571 1638 1702 1682 provide
1734 1639 1812 1671 sacta

1072 1694 1167 1727 t'uisse
1191 1694 1349 1733 dicuntur,
1373 1698 1407 1725 ut
1430 1692 1522 1725 firma
1546 1697 1576 1724 et
1600 1691 1718 1724 illibata
1746 1702 1813 1735 per-

1072 1748 1191 1787 sistant,
1204 1747 1348 1787 libenter,
1359 1756 1431 1779 cum
1444 1756 1461 1778 a
1475 1745 1566 1778 nobis
1577 1745 1703 1788 petitur,
1719 1745 1811 1778 etiam

1072 1801 1246 1833 voluntates
1271 1799 1450 1833 testantium
1475 1809 1511 1831 ac
1534 1798 1616 1831 bona
1635 1808 1691 1831 sua
1715 1798 1754 1830 ad
1783 1798 1813 1830 id

1072 1854 1271 1897 erogantium
1295 1851 1505 1896 nominaque²
1530 1851 1764 1891 commutando,
1784 1862 1813 1884 a-

1072 1907 1244 1951 postolicae
1268 1906 1453 1939 mandamus
1477 1905 1569 1938 adiici
1594 1905 1743 1938 mummis
1764 1905 1813 1937 tir-

1072 1962 1221 1994 mitatem.

1116 2016 1131 2059 g
1147 2015 1176 2048 ’1.
1195 2015 1342 2047 Exhibita
1359 2014 1514 2058 siquidem
1531 2014 1622 2047 nobis
1638 2024 1739 2058 nuper
1754 2024 1812 2057 pro

1071 2074 1159 2113 parte
1184 2069 1371 2101 dilectorum
1396 2068 1535 2101 filiorum
1560 2067 1684 2100 Ioannis
1709 2068 1812 2111 Bapti-

1072 2128 1136 2159 stae
1149 2133 1166 2155 a
1180 2124 1285 2155 sancta
1303 2122 1433 2165 Agatha,
1448 2127 1478 2154 et
1494 2120 1652 2154 Francisci
1669 2120 1706 2153 de
1724 2121 1813 2164 Spez-

1072 2186 1180 2216 zanno,
1198 2186 1233 2208 ac
1255 2174 1393 2219 Dionysii
1417 2174 1456 2207 de
1480 2174 1585 2214 Paula,
1606 2179 1636 2206 et
1660 2173 1812 2206 Vincentii

1071 2230 1109 2262 de
1133 2228 1294 2269 Cusenfia,
1318 2238 1441 2261 necnon
1470 2227 1628 2260 Laurentii
1656 2227 1749 2260 etiam
1774 2227 1812 2260 de

1071 2283 1260 2327 Spezzanno,
1274 2293 1309 2315 ae
1322 2281 1482 2315 Michaelis
1499 2292 1516 2313 a
1533 2281 1661 2324 Regina,
1679 2286 1709 2313 et
1726 2281 1811 2313 Pauli

1071 2337 1109 2369 de
1134 2336 1254 2378 Rovita,
1275 2346 1310 2369 ac
1328 2335 1452 2369 Ioannis
1476 2335 1569 2367 etiam
1594 2345 1611 2367 a
1635 2334 1765 2377 Regina,
1783 2339 1811 2366 et

1072 2390 1197 2423 Antonii
1221 2390 1260 2422 de
1284 2390 1412 2423 Morano
1428 2416 1435 2429 ,
1460 2388 1585 2421 Ordinis
1610 2388 1811 2420 Minimorum

1071 2448 1326 2486 nuncupatorum
1350 2443 1482 2475 fratrum
1515 2440 1639 2474 Ordinis
1664 2440 1693 2473 S.
1719 2440 1812 2473 Fran-

1071 2497 1144 2530 cisci
1169 2496 1207 2529 de
1232 2496 1327 2529 Paula
1346 2505 1494 2539 expresse
1516 2495 1745 2538 professorum,
1762 2504 1813 2538 pe-

1071 2551 1139 2585 titio
1164 2549 1352 2589 continebat,
1373 2548 1469 2593 quod,
1487 2558 1558 2581 cum
1579 2548 1655 2580 alias
1680 2552 1754 2581 tunc
1779 2548 1809 2580 in

1107 2625 1118 2649 1
1138 2621 1208 2649 Edit.
1224 2621 1304 2649 Main.
1320 2620 1384 2656 legit
1399 2620 1437 2647 ad
1450 2622 1486 2655 (R.
1503 2621 1550 2654 τ,).

1105 2668 1121 2693 2
1136 2667 1213 2699 Male,
1231 2670 1259 2692 ut
1274 2670 1350 2701 puto,
1361 2666 1398 2693 ib.
1416 2666 1469 2701 leg,
1480 2665 1693 2699 nominumque
1707 2666 1745 2692 (n.
1762 2666 1809 2699 τ.).

1735 248 1777 281 59»
1824 258 1871 286 An.
1893 258 1920 284 e.
1940 258 2007 284 1622

1853 1277 1970 1299 Exordium.

1856 2036 1943 2056 hunnos
1967 2035 2013 2056 Piz-

1827 2064 1891 2083 zullus
1924 2063 2013 2082 instituit

1828 2089 1931 2109 haeredes
1939 2090 2012 2109 fratres

1828 2118 1943 2136 conventu<
1962 2122 2012 2136 san-

1828 2143 1855 2163 cti
1871 2142 1968 2162 Andreae
1987 2142 2012 2162 de

1828 2169 1912 2189 Flauus.
