2269 3235
89 229 97 237 .
130 258 178 284 An.
196 255 224 282 C.
247 255 314 283 1625

175 1167 202 1188 lis
217 1166 312 1188 Pontifex

129 1195 260 1220 praescripta
267 1199 314 1219 per-

128 1220 239 1246 agentibus
248 1220 314 1241 indul-

129 1246 313 1272 gentiamiubilaei

129 1273 237 1298 elargitur.

935 252 1075 278 URBANUS
1100 253 1156 277 vni
1180 253 1228 277 PP.

324 301 400 335 alias
416 302 455 334 ad
472 301 552 335 lianc
576 302 690 334 almam
715 301 831 335 Urbem
848 306 989 334 nostram
1007 311 1067 344 pro

325 354 546 398 consequenda
572 355 768 398 indulgentia
797 353 970 398 praesentis
995 354 1067 386 anni

325 407 453 441 jubilaei
477 408 627 442 accedere
651 418 714 441 non
731 418 833 452 posse;
852 412 882 440 ct
898 411 1068 450 propterea

326 461 464 505 ipsarum
490 472 699 506 personarum
723 461 864 494 fidelium
890 460 920 492 in
946 459 1068 492 civitate

325 525 361 547 ac
386 514 540 556 dioecesi,
560 525 595 548 ae
620 514 720 548 insula
745 513 913 557 praedictis
938 512 1068 545 existen-

326 567 402 601 tium
427 568 604 601 animarum
618 567 709 600 saluti
723 567 904 610 prospicere
919 566 1066 607 volentes,

325 620 471 664 precibus
484 631 609 665 quoque
623 619 811 653 venerabilis
825 619 931 652 fratris
948 619 1067 652 Nicolai

325 673 465 718 episcopi
490 673 631 706 Tinensis
655 673 746 710 nobis
770 684 865 717 super
886 673 946 706 hoc
967 672 1068 705 humi-

325 726 397 760 liter
420 726 594 771 porrectis¹
620 726 768 768 inclinati,
786 726 824 759 dc
842 726 1067 760 venerabilium

325 781 458 814 fratrum
482 786 663 814 nostrorum
689 781 717 813 S.
744 781 777 813 R.
803 780 835 813 E.
861 780 1067 813 cardinalium

325 834 452 877 negotio
477 834 700 878 Propagandae
721 833 793 866 fidei
814 834 1067 877 praepositorum

326 887 475 928 consilio,
499 887 600 931 deque
625 887 853 931 Omnipotentis
873 887 926 920 Dei
952 887 1070 920 miscri-

326 940 435 974 cordia
459 952 495 974 ac
523 940 687 974 beatorum
713 941 796 973 Petri
821 946 851 973 et
875 941 960 973 Pauli
986 951 1065 984 apo-

326 994 480 1027 stolorum
498 994 564 1027 eius
583 994 768 1028 auctoritate
784 994 904 1035 confisi,
922 994 1069 1027 omnibus

327 1052 357 1079 et
381 1047 512 1091 singulis
525 1047 690 1091 utriusque
704 1058 796 1080 sexus
812 1047 1069 1080 christifidelilms

328 1100 448 1134 insulae
471 1100 649 1145 praedictae
673 1112 745 1135 vere
773 1101 1008 1145 poenitentibus
1040 1106 1070 1134 ct

328 1154 477 1188 confessis
497 1154 550 1187 ut²
574 1165 667 1187 unam
688 1165 742 1187 seu
764 1155 872 1199 plures
890 1155 1069 1195 ecclesiam,

328 1218 383 1241 seu
396 1208 544 1241 ecclesias
558 1208 605 1241 vel
620 1208 776 1251 cappellas
793 1213 845 1240 aut.
863 1208 931 1241 loca
947 1208 998 1251 pia
1014 1218 1070 1251 per

328 1260 447 1294 dictum
472 1261 635 1294 Nicolaum
666 1261 849 1305 episcopum
878 1261 1070 1304 deputandas

329 1325 386 1357 per
409 1314 589 1358 quindecim
614 1314 680 1347 dies
705 1315 870 1349 continuos
895 1316 942 1348 vel
967 1315 1067 1348 iuter-

327 1367 449 1410 polatos
467 1367 559 1411 (quos
575 1378 633 1411 pro
650 1368 794 1411 personis
820 1367 964 1409 infirmis,
990 1369 1071 1401 seni·
1086 1376 1088 1388 ¹

328 1420 397 1461 bus,
423 1421 680 1464 praegnantibus,
705 1421 890 1465 virginibus,
917 1422 1017 1455 viduis
1041 1426 1069 1455 ct

328 1473 396 1506 aliis
414 1474 524 1518 quovis
541 1474 602 1508 alio
618 1475 761 1518 legitimo
779 1475 1004 1519 impedimento
1022 1476 1072 1508 de-

328 1527 437 1569 tentis,
463 1538 499 1561 ac
524 1528 749 1571 capitularibus
774 1528 1071 1571 congregationibus

329 1583 391 1614 tam
416 1581 608 1614 secularium
633 1592 728 1625 quam
754 1581 959 1623 regularium,
982 1582 1071 1615 soda-

328 1635 480 1676 litatibus,
506 1636 774 1678 universitatibus,
800 1636 1068 1669 confraternitati-

327 1687 395 1731 bus,
416 1690 582 1723 ecelesiam
600 1700 655 1723 seu
672 1690 829 1731 ecclesias,
848 1695 901 1723 aut
914 1690 1071 1734 cappellas

328 1742 376 1774 vel
399 1742 468 1775 loca
484 1742 535 1786 pia
552 1742 733 1776 huiusmodi
755 1743 963 1783 visitantibus,
978 1748 1071 1786 atque

328 1794 368 1827 ob
388 1795 464 1828 alias
487 1806 606 1837 causas,
630 1801 725 1840 prout
750 1796 833 1829 dicto
856 1796 984 1829 Nicolao
1003 1796 1088 1839 epi-¹

327 1858 423 1891 scopo
447 1848 628 1890 videbitur,
651 1849 690 1882 ad
716 1850 872 1882 minorem
901 1860 1088 1889 numeruml

328 1902 459 1936 arbitrio
480 1913 536 1936 suo
554 1903 672 1943 reduci,
691 1908 720 1935 et
736 1903 810 1935 alibi
828 1903 921 1935 etiam
936 1903 1071 1936 interris
1153 1940 1161 1943 ἢ

1106 1958 1138 1986 ut
1163 1954 1300 1987 cuiusvis
1320 1954 1444 1987 Ordinis
1466 1953 1665 1996 monialibus,
1684 1959 1713 1987 et
1731 1955 1845 1997 orpha-

328 2008 438 2041 clesias
454 2008 647 2050 visitandas-⁹⁵,
664 2014 759 2053 prout
778 2010 955 2042 animarum
981 2009 1071 2042 saluti
1087 2021 1088 2032 ¹

328 1960 358 1987 et
373 1955 450 1989 locis
464 1955 564 1989 dictae
585 1956 704 1989 insulae
722 1967 815 1989 unam
831 1956 878 1988 vel
896 1957 1003 1999 plures
1021 1966 1071 1989 ec-

328 2062 511 2104 cognoverit
529 2062 686 2106 expedire,
705 2073 761 2095 suo
781 2063 913 2095 arbitrio
928 2062 1070 2106 deputari

328 2126 419 2159 posse
439 2116 597 2160 volumus)
618 2116 727 2150 devote
745 2122 774 2149 et
794 2122 977 2150 reverenter
1002 2116 1088 2163 risi--³

329 2169 430 2210 tando,
457 2174 486 2202 et
510 2169 553 2202 ibi
576 2170 743 2214 quinquies
767 2171 942 2204 orationem
968 2166 1088 2203 domi-⁴

329 2221 432 2255 nicam
462 2228 493 2256 et
521 2223 612 2256 toties
641 2224 860 2257 salutationem
897 2223 1088 2267 angelicam¹

330 2285 388 2319 pro
411 2280 612 2319 peccatorum
638 2287 767 2310 suorum
796 2277 1010 2319 remissione⁴,
1037 2288 1072 2310 ac

331 2338 390 2371 pro
414 2339 489 2372 pace
513 2329 595 2362 inter
618 2330 806 2364 christianos
822 2331 983 2375 principes
1002 2340 1072 2363 con-

331 2381 493 2422 servanda,
513 2387 543 2415 et
566 2383 733 2417 haeresum
757 2384 975 2428 extirpatione,
1001 2394 1088 2416 san-¹

332 2439 461 2479 etaeque
485 2436 593 2470 matris
624 2437 781 2471 Ecclesiae
812 2437 997 2472 exaltatione
1022 2438 1072 2481 pic

369 2527 379 2552 1
398 2525 469 2554 Edit.
485 2526 566 2554 Main.
581 2526 648 2562 legit
657 2529 786 2562 porrecti
800 2529 838 2563 (n.
855 2529 904 2563 τ.).

366 2570 383 2597 2
399 2569 559 2598 Particulam
573 2573 605 2599 ut
619 2579 668 2598 nos
682 2572 805 2600 addimus
817 2572 856 2605 (a.
872 2573 920 2607 τ.).

366 2614 383 2640 3
397 2613 467 2641 Edit.
483 2615 567 2642 Main.
582 2614 647 2650 legit
662 2616 805 2644 visitando
818 2618 855 2650 (a.
871 2617 920 2649 τ.).

368 2659 383 2685 4
397 2659 464 2688 Heic
479 2659 573 2688 deesse
587 2659 693 2688 videtur
707 2661 854 2689 recitando
867 2660 909 2695 (a.
926 2660 975 2695 r.).

1748 240 1812 275 ⁶293

1100 301 1138 333 ad
1156 301 1252 333 Deum
1270 300 1399 341 orando,
1418 299 1592 344 plenariam
1611 299 1751 331 eiusdem
1771 299 1842 331 anni

1102 353 1227 386 iubilaei
1253 353 1393 386 omni-um
1418 357 1618 396 peccatorum
1642 362 1771 384 suorum
1797 351 1844 383 in-

1102 406 1293 449 dulgentiam
1319 411 1349 439 et
1366 407 1583 439 remissionem
1602 409 1843 449 consequantur,

1103 459 1233 502 perinde
1258 469 1293 492 ac
1318 460 1342 491 si
1368 459 1450 493 dicto
1468 459 1593 492 iubilaei
1611 469 1693 492 anno
1709 463 1844 502 quatuor

1103 511 1251 544 ecclesias
1276 511 1376 545 dictae
1400 513 1499 545 almae
1524 513 1617 546 Urbis
1648 522 1706 556 pro
1735 521 1843 545 conse-

1104 564 1231 608 quendo
1257 565 1392 597 iubilaeo
1409 565 1590 599 huiusmodi
1607 566 1770 609 deputatas
1787 569 1844 597 sta-

1103 618 1178 651 tutis
1203 618 1241 650 ad
1259 618 1289 650 id
1307 618 1416 651 diebus
1436 620 1642 662 personaliter
1660 620 1842 658 visitassent,

1103 676 1132 703 et
1149 671 1225 703 alias
1245 671 1282 703 ad
1297 671 1358 704 lioc
1379 672 1528 715 requisita
1548 672 1820 715 adimplevissent,

1147 725 1161 767 ,ξ
1179 724 1207 757 9..
1229 725 1265 758 Et
1281 724 1320 756 ad
1337 724 1483 757 effectum
1503 725 1694 767 huiusmodi,
1717 725 1787 766 illis,
1813 730 1845 757 ut
1900 735 1939 757 nai
1958 736 2044 766 saeuitq-

1102 778 1308 819 confcssores,
1325 789 1403 821 quos
1417 778 1499 811 idem
1517 778 1661 811 Nicolaus
1679 779 1844 822 episcopus
1860 763 2045 820 ᾗῖᾝῗὲζῗῆῗῗᾷῗ

1104 831 1231 864 iubilaci
1248 831 1429 864 huiusmodi
1446 834 1540 865 causa
1559 832 1590 864 in
1610 832 1732 864 statutis
1749 832 1846 865 eccle·
1860 818 1918 863 3¹33?
1931 819 2045 869 Γὲἶῗῖἶιῖἰὶῗ

1104 885 1157 917 siis
1182 885 1350 918 nominatis
1375 884 1554 928 delegerit¹‚
1573 885 1630 917 sibi
1656 885 1772 929 eligere
1798 896 1846 918 va·
1861 876 1912 893 ω’

1104 939 1186 971 leant
1210 939 1411 983 presbyteros
1444 939 1600 972 seculares
1629 940 1677 972 vel
1709 939 1845 972 cuiusvis

1104 992 1229 1025 Ordinis
1254 993 1427 1036 regulares,
1446 993 1509 1037 qui,
1531 993 1779 1027 confessionibus
1797 1003 1846 1026 co-

1104 1056 1174 1078 rum
1185 1045 1352 1089 diligenter
1369 1046 1491 1086 auditis,
1502 1056 1555 1079 eos
1569 1051 1599 1079 et
1616 1056 1726 1079 corum
1741 1056 1846 1090 quern-

1104 1099 1179 1132 libet
1203 1110 1221 1131 a
1244 1099 1406 1143 quibusvis
1420 1100 1566 1143 peccatis,
1584 1100 1780 1141 criminibus,
1798 1110 1847 1133 ex-

1104 1153 1245 1185 cessibus
1262 1158 1295 1185 et.
1307 1153 1437 1194 delictis,
1452 1154 1543 1187 etiam
1558 1159 1846 1198 quantumcumque

1104 1207 1252 1249 gravibus
1264 1212 1293 1239 et
1310 1207 1502 1250 enormibus,
1517 1208 1609 1240 etiam
1628 1207 1700 1240 Sedi
1717 1209 1847 1251 Aposto-

1105 1260 1184 1292 licae
1207 1260 1384 1302 reservatis,
1403 1271 1438 1293 ac
1455 1261 1487 1293 in
1508 1260 1631 1301 litteris,
1648 1271 1729 1304 quae
1750 1261 1781 1293 in
1797 1260 1846 1293 die

1104 1313 1225 1347 Coenae
1250 1314 1373 1347 Domini
1404 1314 1465 1357 legi
1496 1319 1744 1355 consueverunt,
1769 1325 1843 1347 con-

1107 1367 1207 1409 tentiS,
1226 1378 1261 1400 ac
1280 1367 1424 1400 censuris
1439 1372 1468 1400 et
1489 1368 1599 1411 poenis
1616 1367 1844 1406 ecclesiasticis,

1857 250 1906 277 An.
1924 249 1950 276 C.
1974 250 2042 277 1695

1086 1447 1088 1458 ⁴
1105 1420 1142 1453 ad
1163 1420 1309 1455 effectum
1328 1421 1426 1464 ipsius
1444 1421 1569 1454 iubilaei
1587 1421 1844 1466 consequendum

1105 1479 1236 1514 tantum,
1262 1474 1400 1507 iniuncta
1425 1474 1469 1507 eis
1494 1474 1685 1518 poenitentia
1707 1474 1844 1515 salutari,

1105 1527 1267 1560 absolvere
1292 1527 1428 1571 possint,

1150 1582 1164 1624 ξ
1185 1582 1213 1615 3.
1232 1582 1369 1621 Necnon,
1387 1587 1420 1614 ut
1437 1582 1492 1622 illi,
1510 1582 1563 1626 qui
1585 1582 1690 1615 forsan
1714 1582 1845 1615 Romam
1922 1589 2047 1615 usqneqni

1862 1616 1948 1635 Romam
1985 1621 2047 1635 vene-

1086 1635 1088 1658 l
1105 1639 1267 1675 venerunt,
1282 1639 1309 1666 et
1325 1634 1495 1667 iubilaeum
1514 1635 1616 1678 ipsum
1631 1634 1846 1678 quovismodo
1862 1645 1916 1671 τινα.
1932 1642 2001 1662 denuo
2017 1642 2047 1661 iu·

1862 1669 1955 1688 tutan-um
1974 1674 2047 1689 conse-

1087 1683 1290 1730 ¹c0nsequuti
1316 1692 1398 1728 sunt,
1423 1687 1526 1720 denuo
1547 1688 1640 1720 etiam
1662 1687 1737 1719 illud
1763 1687 1847 1720 iuxta
1863 1695 1953 1720 fruendi.

1087 1744 1246 1773 'tenorem
1283 1741 1497 1784 praesentium
1530 1741 1679 1784 consequi
1707 1732 1845 1781 valeant,

1105 1793 1290 1827 auctoritate
1315 1793 1497 1837 apostolica,
1523 1794 1636 1826 harum
1662 1794 1752 1833 serie,
1778 1804 1848 1827 con-

1106 1846 1247 1879 cedimus
1272 1852 1301 1879 ct
1326 1847 1536 1890 indulgemus.
1699 1853 1702 1856 ”

1150 1901 1163 1941 ,ξ
1189 1900 1217 1932 4.
1245 1900 1409 1933 Praeterea
1433 1901 1493 1944 ipsi
1519 1901 1646 1934 Nicolao
1675 1901 1846 1944 episcopo,
1868 1941 1871 1945 ¹
1890 1907 1995 1945 Eriscqvo
2013 1914 2046 1928 ve·

1863 1938 2047 1986 rtrssrreafit

1105 2018 1229 2048 narum,
1243 2007 1441 2053 aliarumque
1456 2008 1625 2040 mulierum
1644 2008 1674 2039 in
1686 2007 1846 2040 communi
1862 1989 1976 2035 iiflsfiuidis'
1992 1994 2046 2007 ΜΓ

1106 2061 1275 2095 viventium
1297 2061 1597 2104 congregationibus
1614 2061 1651 2093 ad
1677 2060 1845 2093 iubilaeum

1107 2113 1187 2146 intra
1212 2114 1450 2154 monasterium,
1477 2114 1627 2147 domusve
1652 2124 1723 2146 suas
1740 2123 1847 2146 conse-

1106 2168 1265 2211 quendum
1285 2168 1489 2208 conditiones,
1515 2168 1644 2201 modum
1666 2173 1695 2200 et
1723 2173 1847 2211 tempus

1106 2221 1339 2264 praescribere,
1372 2226 1402 2253 et
1436 2221 1571 2265 denique
1605 2221 1634 2253 in
1666 2221 1847 2264 praemissis

1106 2275 1254 2307 omnibus
1278 2279 1307 2307 et
1332 2274 1464 2317 singulis
1488 2274 1618 2308 arbitrio
1643 2285 1700 2307 suo
1724 2275 1847 2315 facere,

1106 2328 1252 2360 ordinare
1266 2331 1295 2361 et
1312 2328 1489 2371 providere,
1506 2333 1536 2361 et
1555 2338 1772 2372 quaecumque
1789 2328 1847 2361 sibi

1106 2381 1170 2413 visa
1195 2381 1335 2413 remedia
1359 2386 1536 2425 opportuna
1559 2381 1710 2414 adhibere
1735 2381 1846 2424 possit,

1106 2439 1200 2477 prout
1221 2434 1396 2467 animarum
1415 2435 1507 2468 saluti
1524 2434 1671 2478 expedire
1696 2434 1848 2468 iudicave-

1107 2488 1157 2529 rit,
1182 2488 1361 2521 facultatem
1387 2488 1563 2522 tribuimus.

1152 2542 1166 2584 g
1191 2541 1219 2574 5.
1246 2542 1465 2576 Praesentibus
1486 2542 1524 2575 ad
1544 2542 1623 2575 duos
1640 2552 1763 2576 menses
1784 2547 1849 2575 tan-
1863 2546 2048 2594 adpffissfflffiff

1107 2597 1172 2627 tum
1187 2604 1204 2626 a
1218 2594 1267 2627 die
1280 2595 1500 2638 publicationis
1516 2595 1740 2640 praesentium,
1753 2605 1847 2640 quam
1863 2605 1896 2620 ³¹³⁵
1931 2605 1986 2620 ³⁰⁰0
2013 2604 2047 2619 ⁵⁰·

1863 2626 1935 2652 quenti
1946 2625 2047 2646 valituris.

1142 2661 1151 2686 1
1171 2658 1271 2687 Forsan
1287 2658 1432 2694 legendum
1449 2659 1589 2694 deleyarit
1604 2659 1642 2694 (a.
1657 2660 1707 2693 T.).
