2269 3235
107 255 157 282 An.
177 254 206 282 C.
223 254 292 283 1625

910 253 1052 278 Unnaxus

304 302 363 335 nisi
395 302 426 335 in
457 303 640 336 fundatione
665 302 761 346 ipsius
785 302 928 335 beneficii
961 301 1044 333 aliud

303 359 430 388 cautum
454 356 557 389 suerit.
1061 389 1062 405 χ

348 408 393 441 Ad
418 409 452 442 X.
478 409 598 442 Debere
622 409 765 442 absolute
789 408 942 450 integram
968 407 1062 454 elce-2

304 472 468 506 mosynam
492 462 632 496 tribuere
664 461 818 494 sacerdoti
849 459 1020 493 celebranti
1036 460 1062 501 ‚i

302 525 360 548 nec
378 515 473 548 ullam
488 515 571 548 illius
584 519 704 558 partem
716 513 773 546 sibi
789 513 923 545 retinere
941 523 1042 556 posse.
1060 503 1062 538 l

346 567 392 600 Ad
409 568 458 601 XI.
479 566 659 611 Respondit,
684 576 747 600 non
770 566 939 609 prohibere
955 566 1043 598 abso·
1060 555 1062 587 ³¹

303 621 383 661 lute;
416 631 452 654 ac
489 625 656 664 propterea
669 646 676 660 ,
709 619 766 652 etsi
799 618 949 652 oneribus
982 618 1042 651 iam
1060 610 1062 664 j*

304 674 456 718 susceptis
479 683 542 707 non
566 672 792 712 satisfecerint,
817 682 910 716 posse
940 665 1062 719 tamen}

303 737 383 760 nova
400 727 492 760 etiam
518 737 614 760 onera
635 726 795 770 suscipere
812 726 979 759 missarum
998 736 1044 758 ce·
1060 721 1063 786 ἰ

303 779 541 819 lebrandarum,
565 779 739 812 dummodo
772 779 853 811 infra
884 778 1062 812 modicum¹

302 839 425 876 tempus
440 833 562 875 possint
579 832 726 865 omnibus
743 832 931 865 satisfacere.

346 886 392 918 Ad
412 886 473 918 XII.
499 884 646 925 Quamvis
671 896 769 918 onera
793 891 938 929 suscepta
964 884 1062 933 infra}

303 938 462 972 modicum
487 944 612 983 tempus
638 939 802 983 adimpleri
827 943 993 982 nequeant,
1019 938 1062 990 si}

302 997 407 1024 tamen
424 992 566 1025 tribuens
587 992 818 1036 eleemosynam
836 1002 894 1035 pro
911 992 1044 1024 aliarum
1061 1004 1063 1037 ᾗ

303 1044 472 1078 missarum
489 1044 699 1078 celebratione
717 1044 793 1077 sciat
812 1050 842 1077 et
862 1044 1043 1086 consentiat,
1061 1047 1063 1067 l

303 1102 336 1132 ut
359 1098 431 1131 illae
461 1104 535 1131 tunc
566 1099 694 1131 demum
727 1098 946 1137 celebrentur,
971 1108 1063 1147 eumy.

304 1152 456 1196 susceptis
481 1152 630 1185 oneribus
651 1152 842 1185 satisfactum
867 1152 970 1191 suerit,
995 1149 1063 1184 de-'

303 1210 424 1238 cretum
442 1215 504 1238 non
522 1205 703 1248 prohibere,
732 1205 899 1248 quominus
917 1216 954 1237 eo
971 1215 1045 1237 casu

304 1258 502 1302 eleemosyna
527 1258 699 1301 accipiatur
723 1268 782 1301 pro
808 1258 918 1290 iisdem
943 1258 1063 1291 missis*

303 1312 387 1344 iuxta
408 1311 616 1344 benefactoris
634 1321 820 1344 consensum
838 1311 1044 1344 celebrandis.
1062 1333 1063 1341 1

347 1364 392 1397 Ad
407 1364 484 1397 XIII.
503 1365 564 1396 llas
578 1374 695 1408 poenas
711 1374 773 1397 non
794 1364 909 1397 habere
929 1365 1044 1404 locum,

302 1417 362 1450 nisi
383 1417 414 1449 in
435 1417 628 1461 suscepturis
649 1427 745 1450 onera
765 1422 915 1460 perpetua
940 1418 1063 1450 missa-l

303 1481 375 1503 rum
393 1470 653 1504 celebrandarum
673 1469 739 1502 sine
751 1470 877 1502 licentia
895 1470 1044 1513 episcopi,

303 1524 351 1556 vel
376 1524 443 1557 eius
478 1523 634 1567 generalis
659 1523 785 1563 vicarii,
812 1527 865 1555 aut
889 1523 1063 1565 generalis?

305 1578 353 1610 vel
379 1577 593 1621 provincialis.

348 1631 394 1664 Ad
418 1631 492 1663 XIV.
518 1630 757 1674 Comprehendi.

348 1684 394 1716 Ad
417 1684 477 1717 XV.
504 1684 573 1716 Non
597 1694 690 1727 posse
706 1710 713 1723 ‚
737 1683 797 1716 nisi
821 1683 859 1716 de
891 1694 1045 1716 consensu

304 1748 425 1778 eorum,
436 1737 489 1781 qui
507 1738 721 1780 eleemosynas
735 1737 887 1777 tribuunt,
904 1740 1045 1781 utsupra

305 1791 336 1823 in
354 1790 561 1834 responsione
578 1790 616 1822 ad
634 1800 686 1823 xii.

350 1845 395 1878 Ad
424 1844 498 1877 XVI.
527 1843 758 1888 Comprehendi
789 1844 881 1877 etiam
908 1843 1046 1888 privatos

305 1897 493 1931 sacerdotes.

349 1951 395 1984 Ad
412 1951 499 1984 XVII.
520 1951 649 1986 Numeri
666 1950 892 1994 praefixionem
910 1962 977 1985 esse
995 1951 1047 1984 itc-

305 2015 375 2037 rum
400 2005 584 2047 faciendam,
601 2006 723 2038 servatii
746 2006 847 2038 forma
870 2005 972 2038 ultimi
997 2006 1047 2039 de-

305 2058 382 2091 creti
400 2058 458 2090 hac
475 2058 513 2091 de
533 2069 567 2091 re
585 2058 668 2091 editi.

349 2112 395 2145 Ad
412 2112 514 2144 XVIII.
533 2112 609 2144 Esse
634 2112 842 2145 admittendos
868 2112 904 2145 ad
925 2113 1046 2157 profes-

305 2166 436 2205 sionem,
449 2165 474 2197 si
488 2164 564 2197 alias
580 2165 701 2198 habiles
718 2165 864 2204 existant·,
882 2177 917 2199 ac
935 2166 1046 2199 deinde
1063 2200 1065 2211 >

306 2219 338 2251 in
361 2219 466 2262 aliquo
495 2219 555 2251 alio
585 2219 777 2252 monasterio
807 2220 947 2252 eiusdem
971 2220 1045 2253 reli-

306 2271 408 2314 gionis
424 2282 492 2304 esse
516 2271 726 2312 collocandos,
746 2272 799 2305 ubi
825 2273 989 2306 commode
1006 2273 1046 2306 ali

307 2325 436 2368 possint.

350 2378 397 2411 Ad
419 2379 494 2411 XIX.
520 2379 644 2412 Censuit
668 2380 946 2423 comprehendere.

350 2433 396 2466 Ad
421 2432 577 2466 ultimum.
603 2433 725 2466 Habere
750 2434 855 2468 locum
880 2440 967 2468 extra
993 2435 1048 2468 lta-

308 2486 391 2519 liam.

465 2565 590 2599 Cosmus
608 2565 691 2599 card.
709 2567 753 2600 Di:
769 2568 888 2600 Tonnn.

509 2646 656 2680 Pnospssn
672 2646 1046 2689 FAGNANUS,S.C.Secn

1078 254 1134 277 vm
1158 253 1205 276 1‘1'.

1399 299 1492 333 CLVI.

1080 372 1301 414 Confirmatio·
1318 371 1488 404 concordia
1508 369 1595 402 inita
1613 369 1697 402 inter
1722 380 1814 411 cape.-

1124 425 1195 456 lula
1214 424 1362 466 aliosque
1382 423 1609 455 ecclesiasticos
1641 432 1815 465 reynerum

1125 476 1283 510 Castellac
1307 480 1334 507 cl
1355 476 1506 517 Lcyiom's
1536 486 1634 520 super
1658 475 1819 507 solucione

1123 529 1264 561 decimae
1289 540 1309 560 ιι
1328 529 1499 560 nomzullz's
1516 529 1727 571 Pontificibus
1742 528 1820 561 Pla*-

1123 582 1210 625 Iippo
1227 581 1277 615 IV
1291 581 1535 624 Hispanitcrmn
1551 583 1621 625 ‘rossi
1645 592 1816 619 concessae,

1122 647 1157 668 ac
1180 634 1405 679 pr0r09a1oe¹.

1290 715 1424 742 Urbanus
1441 715 1519 748 Papa
1529 715 1606 746 vul,

1218 760 1255 787 ad
1275 760 1407 787 futuram
1427 759 1471 787 rei
1491 758 1671 786 memoriam.

1124 831 1182 864 Pro
1196 835 1305 863 nostro
1319 829 1462 862 munerc²
1474 829 1507 861 in
1520 829 1567 861 his
1581 832 1685 872 partes
1698 834 1820 862 nostras
1863 842 1888 861 it,
1909 849 1981 862 ...nm

1079 884 1211 917 libenter
1221 884 1461 927 interponimus,
1472 894 1552 927 quac
1566 883 1603 916 ad
1618 882 1819 916 concordiam

1078 943 1108 970 et
1131 948 1241 981 pacem
1259 937 1340 969 inter
1358 937 1529 970 catholicos
1554 947 1645 979 reges
1670 942 1700 969 et
1725 936 1821 969 eccle-

1079 991 1217 1023 siasticas
1230 1000 1390 1034 personas,
1403 1001 1497 1033 super
1511 989 1734 1031 exactionibus,
1749 999 1821 1032 apo-

1079 1044 1189 1077 stolica
1205 1043 1400 1083 auctoritate,
1419 1043 1580 1085 iaciendis,-
1599 1043 1757 1087 pertinerc
1774 1042 1820 1075 di-

1080 1103 1283 1140 gnoscuntur.

1123 1152 1138 1193 ξ
1162 1150 1186 1182 l.
1208 1151 1314 1193 Nuper
1332 1150 1497 1193 siquidem,
1515 1150 1594 1183 sicut
1608 1149 1700 1182 nobis
1720 1160 1821 1193 nuper
1857 1161 2019 1197 «μι-ιμωεωι»

1080 1203 1192 1245 exponi
1210 1203 1350 1235 fecerunt
1370 1202 1575 1235 charissimus
1595 1203 1627 1234 in
1646 1203 1771 1235 Christo
1787 1203 1821 1235 fi-
1837 1188 1856 1206 ὼ
1875 1187 2009 1207 '‘mum''

1080 1255 1139 1288 lius
1163 1259 1269 1289 noster
1290 1256 1453 1299 Philippus
1468 1257 1504 1288 IV
1523 1256 1745 1299 Hispaniarum
1767 1267 1820 1289 rex

1080 1308 1262 1348 catholicus,
1278 1319 1314 1341 ac
1338 1308 1442 1341 dilecti
1467 1308 1523 1341 tilii
1547 1309 1743 1352 singularum
1768 1310 1822 1341 To-

1079 1362 1209 1402 letanae,
1223 1361 1400 1405 Ispalensis,
1414 1362 1693 1405 Compostcllanae,
1709 1363 1823 1396 Ginna-

1081 1415 1185 1455 tensis,
1203 1415 1382 1457 Burgensis,
1404 1415 1616 1458 Legionensss,
1634 1416 1822 1452 Palentinac‚

1079 1468 1251 1509 Ovetensis,
1265 1469 1465 1512 Seguntinae,
1478 1470 1678 1512 Conehensis,
1700 1470 1822 1513 Pampi-

1080 1522 1227 1562 lonensis,
1253 1522 1448 1563 Uiennensis,
1472 1523 1678 1565 Zamorensis,
1703 1523 1824 1556 astori-

1080 1576 1191 1617 censis,
1216 1576 1425 1617 Malacdanae,
1452 1576 1638 1618 Cauriensis,
1666 1577 1820 1617 Pacensis,

1080 1629 1252 1669 Auriensis,
1273 1629 1480 1669 Canaricnsis,
1501 1630 1718 1670 Gaudixensis,
1733 1630 1825 1673 Sego-

1079 1682 1206 1723 biensiS,
1231 1683 1451 1723 Civstanensis,
1477 1683 1732 1726 Calaguritanae,
1763 1684 1825 1716 Cal-

1080 1736 1234 1773 ciatensis,
1260 1736 1479 1775 Salamitanac,
1504 1736 1699 1773 Oxomensis,
1726 1737 1821 1769 Valli-

1080 1790 1246 1830 solctanae,
1272 1790 1432 1830 Lucensis,
1462 1789 1694 1829 Mindoniensis,
1723 1791 1825 1823 Alme-

1080 1842 1209 1882 riensis,
1235 1843 1408 1884 Tudensis,
1433 1843 1616 1883 Abulensis,
1642 1843 1824 1884 Oriolcnsis,

1033 1918 1037 1922 -
1081 1895 1269 1936 Palentinae,
1289 1897 1544 1939 Carthaginensis
1573 1901 1603 1931 et
1622 1897 1825 1930 GuadiCensis

1081 1949 1285 1982 ecclesiarum
1304 1949 1451 1993 capitula,
1471 1960 1551 1993 quae
1568 1950 1750 1983 universum
1768 1952 1826 1984 cle-

1080 2014 1151 2036 rum
1176 2014 1348 2047 regnorum
1380 2004 1530 2037 Castellae
1555 2010 1585 2037 et
1608 2005 1753 2047 Legionis
1779 2016 1824 2037 re-

1080 2063 1290 2100 praesentant,
1303 2058 1537 2091 considerantes
1552 2058 1652 2090 dictus
1664 2058 1825 2102 Philippus

1081 2122 1135 2144 rex
1160 2116 1189 2143 et
1214 2111 1348 2154 capitula
1371 2112 1532 2155 praedicta
1553 2112 1686 2154 gratiam
1703 2117 1732 2144 ct
1753 2123 1826 2145 eon-

1081 2164 1273 2197 stitutionem
1284 2165 1294 2179 ³³
1311 2165 1432 2208 primae
1453 2165 1592 2197 decimae
1613 2165 1823 2208 quarumlibet

1080 2218 1235 2251 dictarum
1259 2218 1465 2251 ecclesiarum
1491 2222 1519 2252 et
1543 2219 1771 2261 parochialium
1791 2219 1824 2251 in

1081 2272 1227 2305 omnibus
1259 2272 1482 2316 Hispaniarum
1515 2273 1621 2315 regnis
1651 2278 1680 2305 et
1713 2273 1824 2305 insulis

1080 2325 1141 2358 illis
1161 2326 1373 2358 adiacentibus
1397 2326 1515 2358 dudum
1534 2336 1591 2369 per
1608 2326 1706 2358 l'clicis
1721 2337 1824 2359 recor-

1082 2379 1215 2412 dationis
1240 2379 1328 2411 Pium
1358 2379 1473 2422 Papam
1498 2379 1520 2411 V
1546 2379 1821 2422 praedecessorem

1081 2438 1224 2466 nostrum
1247 2433 1349 2465 clarae
1371 2432 1542 2465 memoriae
1568 2432 1700 2476 Pliilppo
1726 2433 1749 2465 ll
1774 2432 1823 2465 lli-

1136 2523 1145 2548 1
1170 2520 1208 2548 Ex
1227 2521 1336 2556 Regest.
1357 2521 1384 2548 in
1405 2521 1509 2548 Secret.
1530 2521 1608 2548 Brev.

1117 2567 1132 2593 ⁶2
1149 2566 1268 2594 Similem
1288 2566 1367 2594 Pauli
1384 2568 1407 2593 V
1428 2566 1518 2594 Const.
1540 2567 1593 2594 vid.
1616 2570 1682 2595 tom.
1698 2574 1746 2601 ΧΗ,
1772 2576 1821 2603 pa-

1081 2612 1143 2646 gina
1158 2611 1210 2638 ι280
1224 2613 1261 2646 (R.
1277 2612 1325 2645 Τ.>.

1115 2657 1131 2684 3
1147 2656 1176 2683 In
1186 2656 1244 2684 loco
1256 2656 1385 2692 parallelo
1400 2656 1500 2692 legitur
1510 2657 1719 2685 concessionem
1730 2657 1819 2693 (n.T.).

1717 238 1781 273 343
1829 249 2014 276 An.c.1625
