2269 3235
98 221 148 249 An.
165 220 193 249 C.
214 220 283 249 1624

117 816 197 846 Causae
208 816 278 838 mode·

94 845 189 865 rationis.

116 1935 217 1956 Decimi
232 1941 274 1962 quo

90 1962 152 1983 modu
161 1963 274 1983 observan-

91 1989 131 2010 dae
152 1989 193 2010 sint.
216 1990 274 2010 clau-

90 2016 158 2037 tulae.

902 223 1043 247 UnnANUs
1070 223 1123 247 vm
1148 224 1195 247 ΓΡ.

295 279 375 302 mus.
396 269 604 303 Decernentes
628 270 833 303 nihilominus
859 271 983 303 irritum
1004 276 1034 304 et

295 322 396 362 inane,
406 322 431 355 si
446 333 535 356 secus
549 334 643 367 super
658 324 706 356 liis
716 334 911 367 aquoquam,
922 323 1034 366 quavis

293 375 490 417 auctoritate,
508 377 643 410 scienter
660 377 709 410 vel
727 377 918 419 ignoranter,
939 376 1035 410 conti-

293 428 374 471 gerit
397 430 550 463 attentari.
571 431 639 464 Non
663 429 860 463 obstantibus
885 429 1034 462 omnibus

293 481 363 522 illis,
384 492 463 525 quae
488 482 519 515 in
544 482 713 526 praedictis
737 481 850 514 litteris
875 481 1033 514 voluimus

292 544 355 567 non
372 534 507 577 obstare,
525 536 703 579 ceterisque
721 534 888 568 contrariis
908 534 1034 578 quibus-

292 598 436 633 cumque.

336 641 448 675 Datum
462 643 590 683 Romae,
604 641 685 685 apud
706 641 735 674 S.
754 641 892 681 Petrum,
910 641 967 674 sub
985 651 1035 674 an-

293 695 367 729 nulo
385 695 562 736 piscatoris,
580 695 629 729 die
642 696 752 729 ultima
769 695 874 728 martii
889 705 1033 736 iincxffl,

292 749 493 793 pontificatus
509 749 608 784 nostri
629 760 711 783 anno
736 759 767 782 11.

336 804 352 847 ἓ
375 803 404 837 6.
429 803 505 837 Cum
529 807 643 843 autem,
669 803 749 836 sieut
773 802 877 836 dilecti
902 802 958 835 filii
983 803 1035 836 Be-

291 856 406 899 nignus
419 866 437 889 a
450 856 558 890 Genua
567 856 709 889 minister
722 856 878 899 generalis
895 855 1034 889 eiusdem

292 908 436 949 Ordinis,
461 919 583 943 necnon
611 909 754 954 Aloysius
784 909 822 942 de
851 909 949 943 Cruce
982 919 1035 942 eo-

290 962 435 995 rumdem
456 962 589 996 fratrum
607 963 864 997 Reformatorum
885 962 916 995 in
940 962 1035 997 totius

290 1016 413 1050 Siciliae
437 1017 543 1060 regnis
567 1017 710 1050 visitator
725 1016 926 1062 apostolicus,
943 1017 1035 1050 nobis

290 1080 391 1113 nuper
415 1070 529 1114 exponi
554 1070 711 1111 fecerunt,
737 1070 820 1114 circa
845 1070 1034 1114 interpreta—

291 1123 408 1157 tionem
433 1123 640 1167 quarumdam
666 1124 878 1157 clausularum
902 1124 934 1155 in
959 1133 1034 1156 con-

290 1175 450 1210 stitutione
468 1176 628 1220 praedicta
642 1181 859 1210 contentarum
874 1177 958 1209 varia
983 1176 1035 1209 du-

290 1227 362 1267 bia,
386 1237 450 1261 non
476 1227 542 1260 sine
567 1228 665 1260 multa
690 1227 876 1260 eorumdem
900 1228 1033 1260 fratrum

290 1281 537 1325 perturbatione,
551 1280 712 1324 divinique
727 1281 829 1313 cultus
844 1280 1034 1314 detrimento

289 1334 489 1375 exoriantur,
508 1333 668 1373 videlicet,
689 1339 723 1366 ut
752 1345 769 1366 a
795 1334 958 1367 vocalibus
983 1334 1034 1368 do-

288 1397 414 1420 morum
450 1386 646 1429 regularium
685 1386 853 1419 cuiuslibet
884 1387 973 1419 vallis
1005 1391 1035 1421 et

289 1439 448 1474 custodiae
473 1449 554 1472 unus
578 1439 652 1472 dicti
677 1439 802 1472 Ordinis
825 1440 986 1483 professor
1003 1440 1034 1473 in

288 1493 397 1527 eadem
422 1492 501 1525 valle
521 1496 551 1525 et
575 1492 718 1525 custodia
742 1492 896 1525 oriundus
920 1492 951 1524 in
969 1503 1035 1525 eus-

288 1547 393 1581 todem
407 1546 553 1590 eligatur,
567 1556 700 1587 necnon,
714 1546 739 1578 si
757 1545 869 1579 fratres
886 1546 923 1579 ad
941 1546 1033 1579 aliam

289 1602 401 1635 vallem
426 1601 560 1634 transire
578 1600 757 1643 contigerit,
775 1600 806 1633 in
831 1601 884 1633 illa
909 1611 965 1645 per
985 1601 1034 1634 de-

289 1656 437 1690 cennium
452 1660 560 1689 votum
570 1655 728 1699 passivum
741 1655 857 1688 habere
866 1661 1033 1699 nequeant,

288 1721 324 1743 ac
341 1709 435 1743 etiam
451 1720 546 1753 super
560 1709 650 1742 istius
667 1709 754 1742 verbi
769 1709 928 1742 oriundus
941 1709 1035 1752 signi—

288 1764 452 1804 ficatione,
477 1762 684 1806 nonnullique
709 1762 829 1806 pariter
858 1763 939 1795 inter
964 1773 1033 1796 eos-

289 1818 361 1851 dem
385 1817 499 1851 sratres
524 1816 735 1860 reperiantur,
753 1817 807 1860 qui
832 1816 978 1849 similiter
1002 1817 1033 1849 in

289 1871 420 1904 dubium
434 1875 592 1911 revocant,
607 1870 696 1904 cuius
713 1870 773 1914 ipsi
791 1870 880 1903 vallis
897 1870 974 1904 sint:

334 1925 349 1969 ξ
374 1925 402 1958 7.
419 1924 482 1958 Nos
502 1924 695 1968 praemissis,
713 1928 865 1968 quantum
890 1934 962 1956 cum
979 1924 1035 1958 Do-

290 1978 375 2012 mino
399 1988 580 2022 possumus,
604 1977 740 2020 benigne
765 1977 940 2017 consulere,
965 1987 1035 2010 nec-

289 2043 352 2066 non
387 2031 563 2074 Benignum
600 2035 630 2064 et
657 2030 816 2076 Aloysium
854 2025 1033 2075 praedictos

289 2085 478 2131 specialibus
501 2085 661 2119 favoribus
692 2090 722 2118 et
751 2085 860 2128 gratiis
884 2086 1033 2130 prosequi

290 2141 440 2181 volentes,
460 2144 491 2173 et
513 2150 530 2172 a
554 2138 718 2184 quibusvis
738 2139 1035 2174 excommunicatio-

1068 271 1243 314 praedictas
1267 270 1305 303 ad
1330 269 1589 304 constitutionum
1614 269 1809 311 generalium

1067 324 1206 357 ciusdem
1224 323 1348 357 Ordinis
1361 323 1609 367 dispositionem,
1624 323 1809 358 auctoritate

1066 377 1239 420 praedicta,
1255 383 1362 410 tenore
1384 376 1609 421 praesentium,
1627 376 1808 409 reducimus

1067 436 1097 463 et
1127 431 1346 463 moderamur:
1373 441 1435 474 quo
1469 435 1573 463 autem
1605 429 1643 462 ad
1676 429 1807 462 verbum

1067 483 1228 516 oriundus
1239 489 1368 526 spectat,
1378 494 1636 527 unumquemque
1650 483 1808 516 dictorum

1067 536 1200 568 fratrum
1232 536 1263 567 in
1295 535 1411 568 eisdem
1438 537 1569 569 vallibus
1598 536 1636 569 ad
1661 546 1809 580 praesens

1068 588 1278 629 existentium,
1296 589 1347 632 qui
1366 589 1396 621 in
1417 589 1483 622 cius
1500 590 1631 633 pacifica
1649 601 1703 623 seu
1720 591 1807 635 quasi

1067 642 1265 686 possessione
1296 642 1473 685 reperitur,
1498 642 1609 675 ess'ectu
1639 644 1810 687 praedicta-

1067 706 1139 728 rum
1156 696 1334 728 litterarum
1359 695 1512 738 gaudere,
1531 697 1715 739 posterioris
1734 708 1808 732 vero

1068 749 1155 782 dubii
1175 748 1420 782 declarationem
1441 749 1472 781 in
1497 749 1634 793 capitulo
1655 751 1719 784 sive
1737 762 1809 785 con-

1068 802 1252 846 gregatione
1278 802 1461 844 custodiali,
1486 802 1524 835 ad
1550 803 1633 835 hunc
1662 803 1808 837 effectum

1068 856 1226 897 facienda,
1251 856 1319 889 fieri
1344 861 1437 900 atque
1461 855 1498 888 de
1523 861 1629 889 cetero
1657 867 1750 890 usum
1780 864 1810 891 et

1069 910 1190 954 praxim
1214 910 1288 943 dicti
1313 909 1438 942 Ordinis
1463 910 1583 943 servari
1612 910 1741 951 debere3
1767 912 1809 944 ir-

1068 964 1228 1007 ritumque
1253 968 1284 997 et
1309 963 1411 1004 inane,
1436 964 1460 996 si
1486 974 1575 997 secus
1599 975 1696 1008 super
1719 964 1768 997 his
1792 977 1809 998 a

1068 1028 1237 1061 quoquam,
1258 1017 1368 1060 quavis
1391 1017 1586 1058 auctoritate,
1603 1018 1738 1051 scienter
1761 1019 1809 1051 vel

1069 1071 1263 1114 ignoranter,
1288 1071 1457 1113 contigerit
1480 1071 1646 1112 attentari,
1671 1071 1810 1105 decerni-

1068 1135 1147 1156 mus.
1172 1125 1241 1158 Non
1257 1124 1456 1158 obstantibus
1480 1124 1663 1168 praemissis
1688 1130 1717 1157 et
1741 1136 1810 1159 orn-

1068 1177 1160 1209 nibus
1187 1177 1269 1218 illis,
1294 1187 1373 1220 quae
1401 1177 1431 1209 in
1462 1177 1666 1220 praeinsertis
1696 1178 1809 1211 litteris

1069 1240 1215 1263 concessa
1232 1236 1304 1263 sunt
1319 1240 1383 1264 non
1400 1231 1534 1273 obstare,
1547 1231 1723 1276 ceterisque
1739 1242 1810 1266 con-

1069 1283 1173 1315 trariis
1191 1283 1454 1328 quibuscumque.

1112 1337 1223 1370 Datum
1240 1337 1367 1378 Romae,
1384 1338 1467 1381 apud
1485 1338 1514 1371 S.
1533 1338 1670 1379 Petrum,
1684 1338 1742 1372 sub
1759 1349 1810 1372 an-

1067 1390 1142 1423 nulo
1152 1391 1328 1432 piscatoris,
1339 1391 1388 1424 die
1399 1402 1419 1424 x
1433 1391 1507 1425 maii
1517 1401 1670 1434 uncxxlv,
1686 1393 1809 1437 pontifi-

1069 1450 1154 1477 catus
1179 1445 1278 1478 nostri
1305 1455 1386 1478 anno
1410 1456 1429 1478 1.
1463 1436 1467 1439 ⁵

1104 1507 1160 1534 Dat.
1179 1508 1223 1535 die
1241 1508 1273 1536 10
1289 1509 1350 1536 maii
1369 1509 1446 1542 1624,
1468 1509 1562 1545 pontif.
1585 1517 1654 1538 anno
1670 1517 1688 1538 1.

1401 1619 1474 1652 LXI.

1069 1690 1280 1733 Confirmatio
1307 1691 1494 1723 litterarum
1516 1690 1665 1735 Greqoriz'
1679 1691 1771 1726 XIII
1779 1697 1808 1725 et

1113 1745 1286 1778 Clementis
1305 1744 1390 1779 t'JJI
1400 1745 1519 1788 quibus
1543 1744 1732 1778 declaratur
1751 1756 1809 1789 per

1112 1809 1208 1831 onera
1233 1798 1457 1831 ecclesiasticis
1485 1799 1688 1832 secularibus
1712 1803 1740 1832 et
1764 1810 1810 1832 re-

1110 1852 1282 1894 qitzar-ibus
1295 1853 1557 1885 Bononiensibus
1572 1852 1723 1896 imposita
1738 1853 1810 1886 nul-

1113 1906 1181 1938 lum
1199 1905 1445 1949 praeiudicium
1459 1898 1646 1949 privileqv‘z's
1659 1911 1687 1940 el
1704 1917 1809 1939 exent-

1110 1959 1276 2002 ptiom'bus
1291 1959 1449 2003 hospitali
1464 1960 1496 1993 S.
1514 1959 1651 1992 Ioannis
1664 1959 1811 1993 Hieroso-

1112 2012 1270 2055 lynzitani
1289 2012 1376 2046 olicis
1396 2013 1550 2046 concessis
1570 2011 1716 2056 inferri&

1275 2084 1411 2112 Urbanus
1432 2084 1511 2118 Papa
1529 2084 1607 2118 VIII,

1190 2129 1227 2157 ad
1247 2133 1422 2164 perpetuam
1442 2129 1489 2156 rei
1505 2128 1687 2156 memoriam.

1713 212 1778 246 153
1822 222 1873 250 An.
1889 221 1916 250 c.
1940 222 2007 250 1624

289 2194 347 2235 nis,
372 2193 586 2238 suspensionis
603 2198 633 2225 et
653 2192 821 2233 interdicti,
838 2192 971 2237 aliisque
988 2203 1034 2227 ec-

291 2246 473 2280 clesiasticis
490 2246 662 2287 sententiis,
675 2246 817 2280 censuris
833 2251 862 2279 et
879 2246 999 2290 poenis,
1016 2257 1034 2280 a

292 2301 359 2334 iure
375 2301 423 2333 vel
448 2300 487 2333 ab
511 2300 650 2340 homine,
666 2299 775 2343 quavis
800 2300 965 2334 occasione
986 2301 1034 2334 vel

291 2355 386 2387 causa
409 2353 489 2394 latis,
510 2353 534 2386 si
552 2353 665 2397 quibus
681 2353 917 2397 quomodolibet
943 2354 1033 2388 inno-

291 2407 354 2440 dati
378 2406 557 2448 extiterint,
581 2407 620 2440 ad
649 2407 793 2442 effectum
819 2408 1033 2452 praesentium

290 2460 454 2494 dumtaxat
471 2460 737 2504 consequendum,
754 2461 866 2494 harum
885 2462 967 2495 serie
984 2462 1034 2495 ab·
1067 2460 1233 2494 conventui
1243 2459 1406 2503 hospitalis
1416 2459 1444 2492 S.
1456 2459 1579 2492 Ioannis
1589 2459 1810 2504 Hierosolymi—
1825 2483 1893 2506 qun„
1913 2481 2008 2505 how„

290 2515 448 2548 solventes
464 2518 494 2547 et
513 2513 673 2548 absolutos
690 2515 757 2548 sore
774 2520 946 2556 censentes,
965 2527 1034 2560 sup-
1066 2515 1241 2548 tani.Intns
1253 2513 1514 2556 verozGregorius
1522 2513 1808 2557 PaanllI.Dilecti
1824 2507 2009 2559 ῧῗεηῗζοιξῇῇἳξζῖ

290 2567 513 2613 plicationibus
539 2578 649 2601 eorum
674 2568 801 2601 nomine
825 2569 915 2602 nobis
940 2580 1034 2613 super
1066 2568 1274 2609 filii,salutem
1288 2566 1807 2610 etapostolicambenedictionem.
1823 2560 1964 2608 ?u¹{,g‘g¹§,{,⁰¹?n
1975 2566 2008 2607 ἱῖἶ

291 2622 352 2656 hoc
365 2621 528 2655 humiliter
540 2621 694 2665 porrectis
711 2621 861 2663 inclinati,
879 2623 1034 2655 clausulas

375 2685 454 2713 Bull.
474 2683 558 2713 Rom.
575 2698 608 2704 —
627 2683 685 2712 Vol.
706 2683 788 2712 XIII.
945 2684 980 2712 20

1111 2192 1194 2225 Alias
1226 2202 1244 2224 a
1274 2191 1372 2224 felicis
1401 2190 1630 2225 recordationis
1654 2191 1808 2235 Gregorio
1851 2214 2008 2240 &mmm

1067 2245 1122 2278 PP.
1148 2245 1214 2278 XIII
1240 2250 1270 2278 et
1294 2245 1452 2278 Clemente
1470 2244 1535 2277 VIII
1559 2245 1708 2278 Romanis
1733 2245 1810 2279 Pon·
1823 2241 1906 2261 ¹³²¹⁰¹³³
1935 2246 2009 2262 “³⁰⁹¹''

1824 2270 1902 2289 santur.

1067 2299 1202 2332 titicibus
1227 2298 1524 2342 praedecessoribus
1548 2298 1664 2331 nostris
1688 2309 1810 2331 emana-

1068 2358 1137 2385 runt
1151 2352 1271 2386 litterae
1286 2352 1404 2385 tenoris
1416 2352 1644 2396 subsequentis,
1654 2352 1808 2385 videlicet:

1111 2407 1126 2450 ξ
1155 2407 1179 2439 l.
1196 2406 1223 2439 A
1245 2410 1347 2449 teryo:
1368 2405 1494 2440 Dilectis
1510 2405 1592 2446 filiis,
1611 2405 1762 2448 magistro
1780 2410 1809 2438 et
1879 2426 2008 2448 flemma,

1791 2459 1797 2465 ·
1824 2453 1892 2478 alias,
1909 2455 1972 2474 etiam
1988 2460 2009 2475 e-

1106 2633 1113 2658 t
1139 2630 1174 2657 Ex
1195 2630 1302 2665 Regest.
1324 2629 1351 2656 iu
1371 2628 1473 2656 Secret.
1495 2627 1571 2656 Brev.
