2269 3235
254 261 303 287 An.
324 259 351 285 c.
376 258 441 286 16⁹2ss
487 248 551 282 488

260 641 334 663 limasti
352 638 438 659 XXXIX.

272 678 299 697 lle
315 682 436 695 υυιύιιιηυῡ.

284 1225 359 1250 [tr-»pilii
377 1224 419 1245 M..

286 1261 334 1280 Saci
343 1263 388 1280 ista.

287 1968 362 1993 annm
378 1967 432 1987 im.

294 2004 402 2024 Praefecto
418 2003 449 2023 bi-

267 2031 396 2051 bliotbccar.

286 2455 363 2480 Ilegsulu
374 2453 439 2474 XLII.

453 305 622 339 seminario
647 304 858 348 persolvatur,
882 306 915 336 ut
938 307 1063 345 praeter
1087 301 1188 335 lione-

454 365 531 391 stam
557 359 756 390 alumnorum
785 354 1064 394 sustentationem,
1097 353 1190 387 etiam

455 413 556 455 ipsum
582 409 784 443 seminarium
807 407 877 440 inde
897 407 1013 450 aliquid
1034 407 1191 440 commodi

454 464 549 508 possit
582 463 726 506 accipere
741 489 748 501 ,
773 466 803 493 ct
828 460 978 505 paulatim
1004 470 1191 503 assurgere,

453 524 549 560 utque
574 515 701 548 dimidia
726 515 820 548 totius
844 524 986 547 summae
1007 524 1082 557 pars
1106 518 1192 547 sexto

454 580 579 614 quoquc
605 579 711 601 mense
736 573 806 601 aute
830 572 1023 600 numeretur.

498 624 619 665 neg-ons
630 622 767 665 aliquem
780 631 816 653 cx
830 620 979 653 fratribus
990 629 1096 653 sacrae
1109 619 1194 652 theo-

454 676 555 718 logiae
576 675 782 715 stiulentibus,
793 673 917 717 quando
931 684 1009 717 opus
1023 673 1092 713 erit,
1105 682 1194 705 oeco-

454 740 584 763 nomum
609 728 799 761 constituere
824 727 958 771 poterit,
983 727 1033 760 cui
1057 725 1192 758 indicem

455 783 555 817 tradet
575 782 670 816 totius
687 780 923 825 suppellectilis,
944 779 1113 812 linteorum
1131 788 1195 811 om-

454 837 549 878 nium,
576 841 766 875 mancorum,
793 834 962 876 lignorum3
978 832 1008 864 id
1028 831 1193 874 subsigna-

456 895 521 922 tum
539 899 633 921 manu
650 887 780 931 propria
796 896 890 930 quam
907 885 1073 928 diligenter
1094 889 1196 917 custo-

455 944 527 984 diet,
541 948 571 975 et
584 943 723 975 conseret
735 940 867 983 singulis
880 939 969 972 annis
985 937 1195 971 inventarium

455 1007 527 1030 cum
548 997 616 1039 ipsa
640 993 865 1038 suppellectile,
889 997 924 1025 ut
948 991 1063 1025 mutari
1088 990 1195 1034 possit,

455 1054 549 1093 prout
566 1059 646 1092 opus
664 1058 730 1080 esse
748 1046 913 1085 iudicabit,
938 1044 1072 1077 maxime
1091 1048 1195 1076 autem

456 1104 515 1135 hoc
532 1101 601 1134 sieri
619 1100 761 1144 expediet
785 1099 907 1143 quoties
923 1108 1022 1131 novus
1040 1107 1134 1130 cocus
1148 1096 1198 1134 ad-

457 1156 606 1188 mittetur.
907 1189 910 1192 ,

501 1209 602 1241 Unum
628 1206 701 1239 item
726 1216 763 1238 ex
787 1204 945 1246 fratribus,
964 1214 1059 1248 quem
1083 1202 1199 1235 iudica-

456 1262 501 1296 bit
519 1261 655 1294 maxime
672 1260 830 1299 idoneum,
848 1257 1007 1290 sacristiae
1026 1256 1198 1301 praeficiet,

457 1315 511 1358 qui
536 1325 641 1347 sacrae
667 1312 892 1356 suppellectilis
917 1321 1024 1343 curam
1042 1315 1141 1353 gerat,
1161 1309 1199 1342 ad

458 1368 567 1408 illum,
593 1372 623 1400 et
647 1366 848 1405 adiunctum,
873 1363 997 1408 quando
1022 1373 1100 1407 opus
1125 1362 1198 1403 erit,

459 1420 692 1460 subsidiarium,
703 1418 853 1463 spectabit
869 1427 1038 1461 campanae
1053 1427 1130 1450 sono
1143 1416 1202 1448 sra-

460 1480 522 1508 tres
535 1475 614 1507 hora
628 1473 827 1507 convenienti
841 1472 879 1504 ad
896 1471 1000 1504 divina
1017 1471 1119 1504 officia
1131 1480 1202 1504 con-

460 1539 582 1569 vocare,
607 1527 781 1561 oratorium
805 1536 933 1569 semper
954 1524 1107 1557 mundum
1125 1534 1200 1557 eon-

461 1593 595 1624 servare,
614 1581 723 1613 altaria
746 1590 804 1624 pro
829 1579 949 1613 ratione
967 1578 1200 1611 solemnitatum

461 1645 623 1677 exornare,
641 1643 807 1676 sacrasque
825 1637 934 1673 vestes,
953 1641 1030 1675 quas
1047 1636 1118 1663 ante
1138 1641 1202 1663 om-

461 1688 512 1721 nia
529 1689 675 1720 honestas
691 1686 857 1730 procurari
874 1685 1030 1724 volumus,
1052 1683 1091 1716 ad
1115 1683 1199 1716 cele—

460 1741 620 1774 brantium
644 1750 737 1772 usum
758 1738 890 1771 mundas
907 1737 938 1769 in
954 1736 1045 1769 altari
1063 1746 1203 1780 praepa-

462 1806 551 1835 rare,
576 1795 684 1827 vinum
708 1793 857 1836 denique,
881 1792 1015 1832 hostias,
1042 1801 1150 1824 cereos
1175 1795 1204 1824 et

462 1849 583 1892 reliqua
598 1848 635 1880 ad
650 1846 870 1880 celebrandum
885 1845 1062 1878 neccssaria
1083 1845 1114 1877 in
1130 1849 1205 1877 tem-

463 1913 541 1947 pore
566 1901 722 1934 exhibere.

508 1955 679 1989 Constituet
691 1954 783 1986 etiam
801 1953 938 1997 aliquem
956 1962 993 1985 ex
1010 1950 1205 1984 doctioribus

463 2009 655 2054 praesectum
669 2007 885 2048 bibliothecae,
904 2006 957 2049 qui
971 2005 1126 2038 librorum
1141 2015 1205 2038 om-

464 2063 552 2095 nium
576 2061 709 2094 indicem
735 2060 882 2100 servabit,
906 2069 962 2092 nec
981 2059 1081 2091 ullum
1101 2068 1137 2091 ex
1156 2057 1205 2090 bi-

465 2116 623 2149 bliotheca
648 2114 763 2147 auferri
788 2114 868 2146 sinet
884 2113 922 2145 ab
940 2112 1106 2152 extraneis,
1120 2121 1207 2155 prae-

466 2169 572 2202 sertim
590 2169 708 2211 absque
732 2167 811 2200 scitu
828 2172 858 2199 et
874 2176 1028 2200 consensu
1050 2165 1205 2208 regentis,

469 2229 499 2256 et
522 2222 594 2255 libri
615 2221 742 2265 quidem
767 2219 922 2253 extraneis
947 2218 1089 2252 concessi
1111 2223 1203 2252 nota-

467 2277 585 2309 buntur
610 2275 641 2307 in
665 2274 771 2307 libello
803 2273 841 2306 ad
873 2273 934 2306 hoc
962 2272 1106 2306 ordinato
1121 2298 1128 2312 ,
1153 2271 1207 2315 qui

468 2340 542 2363 vero
567 2328 757 2368 domesticis,
776 2327 983 2370 signabuntur
1000 2326 1031 2358 in
1047 2325 1153 2358 tabula
1169 2325 1207 2358 ad

469 2383 527 2415 hoe
552 2381 697 2426 ponenda
723 2381 754 2413 in
777 2380 977 2413 bibliotheca.

513 2437 680 2470 Ordinetur
705 2435 799 2468 etiam
831 2434 944 2478 aliquis
975 2433 1129 2476 diligens,
1155 2432 1208 2476 qui

470 2490 679 2529 refectorium,
704 2488 799 2521 lintea
816 2492 845 2521 et
862 2487 967 2521 omnia
983 2496 1055 2519 vasa
1069 2486 1136 2519 eius
1152 2496 1208 2519 suo

473 2548 611 2585 {murore
628 2542 772 2575 mundari
785 2546 884 2582 curet,
895 2541 943 2573 vel
960 2551 1016 2584 per
1029 2539 1209 2573 ministrum

472 2595 640 2636 seu-inarii,
657 2595 705 2628 rel
720 2606 776 2639 per
793 2605 835 2636 se,
856 2605 928 2628 cum
945 2594 998 2627 ille
1019 2593 1058 2627 ad
1082 2603 1209 2626 manum

471 2658 535 2683 non
560 2648 628 2682 erit.

1030 253 1208 278 BULLARIUM
1231 252 1385 278 ROMANUM

1974 252 2024 280 An.
2040 251 2071 280 G.
2092 251 2161 279 1626

1268 300 1345 335 Cum
1365 309 1515 333 numerus
1539 299 1634 333 suerit
1653 301 1784 342 auctior,
1800 300 1962 345 quampri-
1987 313 2065 339 nequa
2079 312 2155 334 Χιιη.

1225 364 1311 387 mum
1337 354 1466 388 domum
1490 353 1650 386 habebunt
1673 353 1844 396 propriam,
1869 353 1964 386 etiam
1994 349 2160 370 ‘'³¹⁰¹‘’fflnffl0·

1225 407 1498 448 valetudinarium,
1522 407 1592 440 loco
1620 406 1762 440 nonnihil
1786 417 1804 438 a
1827 407 1964 450 reliquo-

1226 472 1296 494 rum
1316 461 1508 495 habitatione
1532 465 1664 500 remoto,
1679 463 1862 493 construere
1880 470 1966 493 cura-

1224 514 1312 554 bunt,
1333 514 1364 546 in
1382 524 1445 558 quo
1462 514 1575 546 fratres
1591 517 1789 556 aegrotantes
1805 517 1964 554 curentur,

1226 577 1361 611 quorum
1378 566 1553 600 ministerio
1567 567 1663 599 frater
1673 565 1785 609 aliquis
1802 565 1966 598 timoratus

1227 625 1257 652 et
1273 619 1474 652 charitativus
1490 618 1700 662 deputabitur.

1271 671 1403 704 Ministri
1420 671 1579 704 seminarii
1596 671 1673 703 tales
1687 675 1898 711 assumentur,
1913 669 1966 714 qui

1227 735 1290 758 non
1314 728 1434 758 tantum
1459 724 1615 757 immunes
1640 724 1701 757 sint
1725 724 1763 756 ab
1788 723 1874 757 omni
1897 723 1967 756 labe

1227 777 1402 819 haereseOS,
1428 777 1481 810 scd
1505 777 1558 820 qui
1583 782 1614 810 et
1637 777 1825 810 christianae
1845 776 1968 820 pietatis

1228 830 1385 863 exercitiis
1399 830 1497 863 excoli
1506 830 1626 874 possint
1640 836 1669 863 et
1682 830 1816 874 cupiant:
1830 830 1861 862 in
1874 840 1968 874 quem

1228 883 1323 916 finem
1341 883 1434 915 etiam
1450 883 1562 926 aliquis
1582 884 1715 916 fratrum
1734 883 1808 916 boni
1825 883 1881 915 zeli
1899 892 1970 915 con-

1229 936 1394 978 stituetur,
1419 935 1473 979 qui
1497 946 1551 968 eos
1575 946 1612 968 ex
1637 936 1790 968 charitate
1816 936 1969 978 instruat,

1229 988 1419 1032 regulariter
1432 988 1564 1030 singulis
1578 988 1759 1032 quindecim
1773 988 1882 1021 diebus
1896 999 1971 1022 con-

1230 1041 1412 1081 fitebuntur,
1422 1046 1451 1073 et
1464 1041 1743 1074 communicabunt
1756 1041 1902 1074 omnibus
1916 1042 1972 1074 sal-

1231 1100 1294 1128 tem
1311 1094 1529 1128 festivitatibus
1546 1094 1660 1127 Christi
1679 1099 1710 1127 et
1725 1095 1837 1127 Beatae
1856 1094 1972 1127 Mariae

1232 1148 1378 1192 Virginis,
1403 1158 1528 1181 sacrum
1553 1148 1687 1191 singulis
1711 1147 1821 1181 diebus
1845 1148 1973 1181 audient

1232 1211 1304 1234 cum
1328 1200 1488 1243 fratribus,
1505 1205 1536 1234 et
1552 1200 1676 1245 vesperi
1693 1200 1922 1244 comparebunt
1934 1200 1973 1233 ad

1232 1254 1482 1289 benedictionem
1507 1255 1572 1288 sive
1596 1265 1710 1298 aquam
1734 1254 1914 1287 lustralem:
1941 1254 1973 1287 in

1233 1309 1357 1341 summa
1381 1313 1444 1341 tam
1469 1308 1555 1341 domi
1586 1318 1680 1352 quam
1711 1307 1788 1341 soris
1820 1307 1974 1341 modestia

1234 1367 1263 1395 et
1287 1362 1515 1406 compositione
1540 1363 1596 1394 sua
1620 1361 1844 1405 religiosorum
1862 1371 1895 1394 se
1915 1361 1973 1393 mi-

1233 1416 1349 1449 nistros
1372 1415 1633 1459 profitebuntur.v

1278 1470 1316 1503 Ut
1333 1474 1437 1502 autem
1454 1468 1615 1512 praedicta
1632 1467 1737 1502 omnia
1754 1467 1875 1502 felicius
1891 1473 1921 1500 et
1937 1467 1976 1501 ef-

1234 1523 1361 1556 ficacius
1385 1522 1586 1566 exequutioni
1607 1522 1805 1564 mandentur,
1829 1532 1976 1555 reveren-

1235 1576 1383 1609 dissimus
1408 1576 1553 1609 dominus
1576 1575 1758 1619 praesidens
1790 1586 1848 1619 per
1872 1585 1904 1608 se
1927 1575 1976 1608 vel

1236 1631 1392 1674 praelatos
1416 1629 1719 1673 superintendentes,
1736 1629 1789 1672 qui
1812 1640 1871 1672 pro
1896 1634 1976 1661 tem-

1236 1694 1313 1727 pore
1328 1687 1419 1715 erunt
1436 1682 1601 1715 reverendi
1619 1682 1765 1715 dominus
1783 1682 1882 1714 sancti
1900 1682 1978 1714 Mar-

1239 1738 1292 1770 tini
1326 1737 1456 1770 maioris
1487 1736 1653 1776 Coloniae,
1690 1736 1788 1768 sancti
1819 1735 1978 1768 Heriberti

1237 1790 1329 1824 Tuitii
1346 1795 1376 1823 et
1393 1789 1491 1822 sancti
1505 1789 1624 1823 Nicolai
1639 1789 1670 1821 in
1681 1789 1832 1829 Braviler,
1846 1788 1978 1831 singulis

1238 1844 1326 1876 annis
1352 1843 1556 1876 seminarium
1580 1841 1730 1883 visitabit,
1755 1846 1785 1875 et
1808 1852 1826 1874 a
1849 1846 1980 1884 regente

1238 1903 1302 1930 tam
1327 1896 1510 1940 disciplinae
1534 1906 1629 1940 quam
1653 1896 1759 1929 totius⁴
1781 1900 1927 1939 acceptae
1950 1900 1981 1927 et

1239 1950 1398 1994 expositae
1422 1950 1576 1993 pecuniae
1600 1949 1702 1992 exiget
1727 1949 1891 1982 rationem.

1282 2001 1366 2041 Quae
1387 2000 1493 2034 omnia
1516 2005 1546 2033 et
1570 2000 1693 2043 singula
1711 1999 1855 2044 capitula,
1874 2004 1980 2032 aucto·
2021 2011 2111 2044 nfinitus
2128 2017 2179 2038 apo-

1239 2056 1330 2089 ritate
1340 2055 1511 2099 apostolica
1525 2054 1703 2098 specialiter
1715 2053 1806 2087 nobis
1820 2054 1979 2094 concessa,
1995 2040 2083 2092 {2¹33}
2102 2039 2180 2093 aliisi-ff

1239 2109 1423 2149 laudamus,
1448 2108 1673 2142 confirmamus
1698 2111 1727 2141 et
1750 2107 1979 2151 approbamus,
1995 2093 2039 2114 m

1240 2169 1270 2196 et
1294 2162 1380 2196 omni
1406 2173 1442 2195 ex
1466 2166 1555 2206 parte
1579 2161 1686 2193 stricte
1710 2165 1741 2193 et
1759 2160 1982 2193 inviolabiliter

1240 2216 1282 2249 ita
1306 2215 1467 2249 observari
1492 2214 1702 2255 mandamus,
1729 2219 1758 2246 et
1782 2213 1815 2246 in
1833 2213 1929 2246 fidem
1953 2218 1983 2246 et

1240 2270 1341 2304 robur
1370 2268 1511 2302 omnium
1537 2267 1787 2312 praemissorum
1810 2267 1898 2300 hisce
1921 2277 1984 2300 ma-

1240 2335 1315 2357 num
1338 2327 1479 2357 nostram
1503 2321 1716 2366 apposuimus,
1734 2326 1763 2355 et
1776 2321 1915 2365 sigillum
1930 2331 1984 2355 no-

1242 2383 1341 2411 strum
1366 2375 1565 2420 subimprimi
1582 2375 1740 2408 iussimus.

1989 683 2068 709 [testula
2082 682 2155 703 XLIV.

2020 719 2050 739 De
2065 718 2166 749 ministris

1982 751 2098 766 seminarii.

2005 1477 2085 1504 Reyuia
2099 1476 2160 1498 XLV.

2016 1514 2090 1539 quue
2104 1513 2175 1537 singu-

1990 1541 2015 1561 lis
2044 1540 2103 1560 annis
2126 1538 2176 1559 visi-

1991 1567 2062 1588 tando.

1373 2466 1536 2498 ANTONIUS
1552 2464 1742 2498 VlfflLmRun
1763 2463 1940 2508 episcopus,

1480 2518 1608 2552 nuntius
1633 2518 1831 2562 apostolicus.

1331 2618 1414 2652 Loco
1438 2619 1462 2659 †
1486 2616 1589 2660 sigilli.
