2269 3235
235 261 284 287 An.
302 261 329 287 Γ..
353 261 420 287 tear»

465 251 528 284 4022

433 310 628 351 reliquorum
648 318 720 340 vero
737 308 845 340 decem
864 306 996 338 millium
1015 307 1173 348 octingen-

433 367 535 395 torum
558 362 720 403 vigintisex
744 366 905 393 scutorum
923 371 959 392 ex
978 360 1088 392 annuis
1106 370 1173 392 cen-

433 415 518 447 sibus
535 420 560 447 ct
581 414 840 457 responsionibus
854 413 1049 447 ‹lobanarum
1065 417 1094 445 et
1111 413 1173 445 tlie-

433 467 589 500 saurariae
620 467 822 508 l'atrimonii,
851 466 1064 500 thesaurariae
1093 467 1172 499 lllar-

433 521 530 561 rliiae,
548 526 708 564 postarum
722 522 824 553 Status
840 520 938 553 nostri
954 519 1172 561 Ecclesiastiei,

433 574 690 606 ‹·ancellai·iai·um
709 580 739 607 et
757 574 997 607 secretariarum
1016 573 1089 606 dieti
1111 573 1173 605 Sta-

434 633 492 665 tus,
518 627 590 659 datii
609 628 670 660 vini
689 628 855 667 Bononiae,
874 628 1012 670 gabellae
1030 627 1171 670 quatreni

432 680 469 712 ad
487 680 599 713 libram
619 681 722 713 carnis
743 682 818 714 dicti
840 680 1022 713 Patrimonii
1048 685 1077 712 et
1101 690 1174 723 pro—

434 734 552 767 vinciae
580 735 783 778 Campaniae,
813 746 848 767 ae
879 734 982 767 carnis
1012 733 1119 766 suinae
1144 738 1170 765 et

432 787 560 820 subsidii
576 789 733 829 Umbriae,
754 799 811 832 pro
828 788 889 821 illis
907 787 1080 831 respective
1097 786 1173 819 ratis

432 848 511 882 quae.
528 849 586 882 pro
602 839 733 872 alicuius
750 839 846 872 debiti
865 838 1019 871 solutione
1032 837 1171 870 nondum

432 892 603 935 applicatae
628 898 709 933 sunt,
733 903 790 935 per
819 891 968 923 dilectum
994 890 1093 922 tilium
1113 900 1174 922 ma-

432 945 565 986 gistrum
590 945 816 988 Hieronymum
842 943 996 976 Vidonuni
1018 943 1174 975 thesaura—

433 998 514 1030 rium
540 1001 682 1031 nostrum
697 997 876 1040 generalem
896 995 1086 1039 depositario
1100 994 1173 1027 dicti

434 1050 548 1083 montis
573 1051 645 1083 salis
675 1050 916 1095 assignandam,
942 1055 972 1081 et
1000 1048 1173 1092 respective

433 1114 489 1147 per
506 1104 636 1137 salariae
652 1104 752 1137 almae
770 1104 862 1136 Urbis
883 1108 912 1135 et
930 1103 1063 1135 aliorum
1079 1112 1174 1146 supra

433 1168 653 1201 ‹.=xp1·essoruni
678 1158 856 1201 praedictae
889 1167 1031 1189 camerae
1064 1156 1175 1188 introi-

434 1216 521 1244 tuum
536 1212 745 1245 conductores
760 1222 818 1255 pro
839 1216 982 1254 tempore
1007 1210 1174 1242 existentes

434 1266 530 1299 libere
556 1272 586 1299 ct
609 1267 727 1310 absque
751 1267 814 1298 ulla
838 1275 970 1309 prorsus
990 1264 1174 1307 exceptione

434 1324 463 1353 et
485 1319 693 1353 diminutione
722 1320 758 1353 de
790 1319 935 1352 bimestri
968 1318 999 1350 in
1023 1318 1174 1350 bimestre

433 1374 599 1418 anticipate
630 1385 688 1418 pro
721 1376 807 1414 rata,
833 1374 917 1406 iuxta
942 1373 1087 1406 mandata
1118 1382 1174 1415 per

433 1427 550 1460 «lictum
578 1427 810 1461 thesaurarium
827 1427 872 1459 eis
889 1426 1040 1467 facienda,
1057 1425 1175 1470 persol-

435 1481 576 1523 vendam,
602 1481 640 1513 ab
665 1481 731 1525 ipsa
757 1483 883 1513 camera
907 1480 973 1524 pari
999 1484 1087 1513 motu
1111 1479 1174 1512 dis-

435 1535 649 1567 membramus
681 1540 711 1567 et.
746 1545 943 1578 separamus3
969 1533 1174 1575 eamdemque

434 1599 590 1621 sunuuam
609 1588 843 1632 praedictorum
873 1598 1049 1620 annuorum
1075 1591 1175 1619 scuto-

435 1653 505 1673 rum
534 1642 717 1684 vigintiocto
746 1642 879 1675 millium
909 1646 938 1673 et.
965 1640 1172 1673 ducentorum

435 1695 478 1727 sic
496 1695 751 1728 dismembratam
771 1700 801 1727 et
816 1700 1006 1738 separatam,
1023 1693 1174 1732 liberam,

436 1748 606 1782 immunem
632 1753 661 1781 et
681 1753 860 1792 exemptam
877 1747 915 1780 ab
933 1746 1020 1779 omni
1049 1751 1079 1779 et
1102 1756 1176 1789 quo-

436 1813 570 1846 (umque
587 1802 747 1835 ordinario
761 1806 791 1834 et.
807 1800 1056 1835 extraordinario
1067 1810 1174 1840 onere,

436 1866 472 1888 ex
486 1856 595 1900 quavis
609 1858 703 1889 causa
720 1856 869 1888 hactenus
887 1854 1033 1898 imposito
1051 1854 1098 1886 vel
1116 1864 1175 1897 pro

436 1915 578 1953 tempore
594 1909 793 1953 imponendo,
809 1908 969 1952 praedicto
987 1907 1086 1940 monti
1103 1905 1176 1939 salis

436 1962 641 2006 applicamus,
655 1962 910 2007 appropriamus,
928 1960 1130 1994 concedimus
1147 1965 1177 1992 et

436 2017 641 2060 assignamus,
666 2028 700 2050 ae
725 2022 757 2050 ut
783 2027 876 2060 supra
897 2015 1034 2059 persolvi
1052 2014 1177 2047 manda-

436 2082 519 2111 mus3
547 2071 821 2114 venditionemque
854 2070 1010 2102 dictorum
1043 2073 1177 2112 quatuor

437 2125 571 2157 millium
583 2125 834 2168 septigentorum
848 2124 990 2156 locorum
1005 2122 1079 2155 dicti
1092 2133 1177 2155 mon—

439 2178 475 2210 tis
503 2189 559 2221 per
589 2178 735 2211 eumdem
759 2178 987 2221 Hieronymum
1014 2176 1173 2209 thesaura-

438 2232 520 2264 rium
544 2232 583 2265 de
606 2232 752 2265 mandato
769 2235 877 2265 nostro
894 2231 951 2264 sub
972 2229 1021 2263 die
1039 2240 1073 2264 111
1090 2240 1176 2273 prae-

438 2287 532 2319 sentis
545 2287 662 2319 mensis
682 2286 758 2328 iulii7
776 2296 833 2329 per
850 2290 917 2317 acta
933 2284 1052 2328 pariter
1073 2283 1176 2316 dilecti

438 2340 494 2372 tilii
517 2340 670 2373 Dominiei
699 2339 851 2372 Fontliiae
875 2338 1013 2371 ciusdem
1035 2347 1177 2370 camerae.

438 2394 562 2434 notarii¹
576 2404 635 2437 pro
654 2393 755 2437 pretio
776 2398 937 2426 scutorum
958 2396 1093 2435 quatuor
1110 2401 1178 2424 een-

440 2453 503 2480 tunt
523 2447 857 2491 septuagintatptatuor
877 2445 1012 2478 millium
1032 2445 1178 2477 ducento-

440 2512 509 2534 rum
534 2501 761 2545 quinquaginta
789 2505 943 2539 monetae,
967 2499 1081 2532 dilecto
1113 2498 1178 2531 silio

440 2556 584 2589 Marcello
605 2556 768 2589 Sacelietto
792 2555 915 2595 factam,
934 2564 1007 2586 cum
1031 2552 1178 2586 omnibus

440 2610 536 2652 pactis
560 2613 589 2641 et
613 2608 871 2642 conventionibus
896 2608 927 2639 in
953 2607 1036 2640 illius
1060 2607 1177 2639 instru-

440 2669 546 2698 mento
566 2664 729 2703 contentis,
754 2662 842 2696 cuius
867 2661 1065 2695 instrumenti
1091 2666 1178 2694 teno-

1013 258 1190 282 nutimnmttt
1215 257 1367 281 ROMANUM

1206 317 1273 338 rem
1297 303 1514 349 praesentibus
1533 303 1642 336 baberi
1659 304 1804 337 volumus
1820 313 1880 348 pro
1897 313 1946 336 ex-

1207 369 1326 402 presso,
1341 358 1566 391 confirmamus
1579 362 1609 390 et
1628 352 1946 400 approbamussman-

1206 412 1379 455 damusque
1404 411 1574 444 secretario
1599 409 1738 443 eiusdem
1762 409 1886 453 montis,
1911 414 1946 442 ut

1207 466 1433 509 resignationes
1450 464 1635 498 eorumdem
1660 464 1814 505 locorum,
1831 473 1889 507 per
1904 463 1947 496 di-

1206 525 1291 553 ctum
1315 519 1545 552 thesaurarium
1576 528 1629 551 seu
1656 517 1852 562 praedictum
1871 517 1947 550 Mar-

1207 574 1318 607 cellum
1347 573 1521 617 respective
1547 571 1716 613 faciendas,
1741 570 1841 605 libere
1860 570 1944 604 reci-

1206 627 1269 671 piat
1289 632 1318 660 et
1342 627 1501 667 admittat,
1533 626 1716 669 litterasque
1744 629 1886 669 patentes
1908 623 1946 656 ad

1208 681 1345 713 savorem
1373 684 1434 714 tam
1449 680 1523 713 dicti
1544 679 1691 721 Marcelli,
1712 688 1806 722 quam
1824 687 1945 719 eorum,

1207 735 1259 778 qui
1284 735 1322 766 ab
1347 744 1383 767 eo
1407 734 1488 767 dicta
1512 733 1580 767 loca
1613 737 1730 775 ement,
1757 742 1816 775 pro
1845 731 1947 775 prima

1207 788 1272 820 viee
1298 787 1395 830 gratis
1419 787 1537 830 ubique
1554 792 1584 819 et
1601 786 1718 829 absque
1735 785 1833 830 ipsius
1849 794 1949 817 seere-

1208 841 1277 873 tarii
1291 846 1319 873 et
1335 841 1542 884 computistae
1561 839 1635 873 dicti
1652 839 1768 872 montis
1786 837 1947 877 MercediS,

1207 894 1391 937 pietatisque
1416 898 1662 934 carceratorum,
1686 891 1895 925 abundantiae
1919 895 1947 924 et

1208 947 1331 989 collegii
1355 947 1478 989 gabeli-:1
1502 956 1557 979 seu
1581 946 1868 979 emolumentorum
1897 954 1948 978 so-

1208 999 1336 1040 lutione,
1360 999 1613 1042 quibiiscumque
1632 1008 1747 1043 eorum
1776 997 1950 1030 concessio-

1207 1052 1299 1085 nibus
1323 1057 1352 1085 et
1376 1051 1548 1096 privilegiis
1572 1061 1635 1084 non
1659 1050 1865 1091 obstantibus,
1890 1060 1946 1082 ex-

1208 1106 1320 1149 pediat.

1252 1159 1313 1202 §le
1339 1159 1472 1203 Insuper
1491 1158 1688 1202 praedictum
1713 1162 1852 1190 montem
1876 1156 1949 1189 salis

1208 1218 1237 1245 et,
1256 1213 1340 1245 illius
1364 1212 1528 1246 montistas
1548 1221 1607 1255 pro
1626 1215 1770 1254 tempore
1783 1209 1949 1243 existentes

1208 1266 1396 1310 specialibus
1420 1265 1580 1299 favoribus
1609 1269 1639 1297 et
1663 1263 1772 1307 gratiis
1797 1263 1948 1307 prosequi

1208 1321 1368 1360 volentes,
1393 1319 1558 1352 statuimus
1573 1346 1580 1360 ‚
1605 1317 1805 1351 decernimus
1832 1321 1863 1350 et
1890 1326 1945 1349 or-

1208 1374 1362 1407 dinamus.
1391 1373 1478 1412 Quod
1506 1373 1574 1406 loca
1605 1371 1745 1405 eiusdem
1776 1370 1892 1404 montis
1920 1374 1949 1404 et

1208 1438 1318 1461 eorum
1342 1427 1478 1471 pretium
1508 1431 1539 1458 et
1567 1426 1687 1458 fructus
1710 1435 1768 1468 pro
1785 1423 1949 1468 quibusvis

1208 1481 1389 1514 excessibus
1413 1485 1443 1513 et
1466 1479 1607 1521 delictis,
1633 1478 1727 1511 etiam
1746 1477 1928 1511 rebellionis
1942 1504 1949 1517 ,

1209 1534 1412 1579 proditionis,
1438 1532 1616 1575 assassinii,
1646 1531 1825 1574 sacrilegii,
1848 1531 1950 1564 laesae

1209 1588 1378 1621 maiestatis
1396 1593 1426 1620 et.
1442 1587 1577 1620 aliorum
1595 1585 1773 1627 criminum,
1787 1589 1952 1628 quantum-

1210 1642 1254 1675 vis
1278 1642 1421 1684 gravium
1447 1646 1476 1673 et
1501 1639 1688 1680 enormium,
1709 1649 1773 1671 non
1793 1643 1899 1671 tamen
1918 1637 1949 1669 in

1209 1705 1377 1739 personam
1401 1693 1534 1727 Romani
1559 1691 1728 1733 Pontifieis,
1746 1695 1799 1724 aut
1818 1690 1950 1723 alicuius

1209 1762 1246 1783 ex
1271 1754 1393 1782 sauctae
1418 1750 1577 1782 Romanae
1603 1746 1761 1779 Ecclesiae
1784 1744 1950 1779 cardinali-

1209 1804 1268 1836 bus
1292 1802 1536 1836 commissorum
1551 1828 1558 1841 ,
1582 1800 1750 1844 minusque
1782 1810 1819 1832 ex
1849 1797 1951 1842 capite

1209 1855 1383 1898 spoliorum
1400 1851 1576 1894 confiscari,
1588 1849 1787 1892 incainerari,
1798 1854 1851 1882 aut
1862 1848 1951 1888 fisco,

1209 1918 1263 1940 seu
1288 1907 1388 1941 dietae
1413 1915 1556 1938 camerae
1581 1903 1743 1948 applicari,
1768 1913 1824 1936 seu
1847 1902 1952 1935 incor-

1210 1962 1326 2005 porari,
1344 1960 1511 2003 minusque
1528 1958 1713 1991 eorumdem
1730 1957 1874 1990 locorum
1890 1956 1953 1989 sru-

1210 2020 1278 2048 ctus
1301 2024 1429 2058 quoquo
1453 2012 1548 2046 modo
1573 2017 1603 2045 et
1626 2011 1664 2044 ad
1688 2010 1866 2044 instantiam
1892 2020 1949 2044 eu-

1210 2068 1306 2102 iusvis
1337 2077 1512 2111 personae,
1539 2065 1632 2100 etiam
1663 2065 1764 2098 dictae
1788 2074 1951 2104 camerae,

1211 2121 1401 2165 sequestrari
1418 2119 1548 2164 possint,
1566 2119 1605 2151 ad
1629 2119 1727 2151 instar
1751 2117 1868 2151 montis
1884 2117 1953 2150 reli-

1211 2176 1349 2219 gionum,
1376 2186 1411 2208 ac
1436 2173 1584 2208 omnibus
1601 2178 1632 2205 et
1651 2171 1783 2215 singulis
1807 2171 1876 2204 aliis
1892 2171 1954 2214 pri-

1210 2229 1342 2273 vilegiis,
1367 2226 1629 2272 exemptionibus,
1655 2225 1773 2269 gratiis,
1798 2224 1952 2258 facultati-

1210 2283 1268 2316 bus
1292 2287 1322 2316 et
1345 2281 1492 2321 indultis,
1517 2280 1632 2324 quibus
1656 2278 1836 2323 praedictus
1861 2287 1952 2312 mons

1211 2336 1382 2380 religionis,
1407 2346 1443 2368 ac
1468 2335 1551 2375 fidei,
1568 2333 1804 2375 alumeriarum,
1822 2332 1952 2366 subsidii

1211 2388 1382 2430 triennalis,
1400 2388 1429 2420 S.
1446 2387 1692 2428 Bonaventurae,
1711 2390 1741 2417 et
1761 2384 1813 2417 alii
1831 2388 1952 2417 montes

1211 2443 1381 2476 camerales
1405 2451 1469 2474 non
1492 2440 1646 2473 vacabiles
1666 2444 1696 2472 et
1720 2439 1847 2472 illorum
1867 2448 1953 2471 mon-

1212 2497 1301 2530 tistae
1324 2501 1471 2537 utuntur,
1503 2495 1667 2538 potiuntur
1691 2498 1722 2526 et
1745 2492 1892 2536 gaudent,
1916 2502 1953 2525 ac

1212 2550 1509 2594 quomodocumque
1538 2548 1570 2581 in
1600 2549 1741 2581 futurum
1772 2550 1899 2581 utentur
1923 2551 1953 2585 et

1212 2604 1401 2645 gaudebunt.
1416 2603 1538 2637 etiamsi
1551 2607 1658 2636 notam
1672 2601 1773 2644 magis
1785 2600 1952 2644 specialem

1195 2651 1430 2703 requirerent,
1455 2668 1548 2701 quam
1574 2656 1794 2701 praesentibus
1823 2659 1870 2687 est
1900 2664 1953 2686 ex-

1960 254 2008 281 An.
2025 253 2054 281 C.
2075 253 2143 281 1626

2033 1163 2148 1189 Privttegia

1964 1192 1985 1211 et
2004 1190 2147 1216 exemptiones

1964 1218 2068 1238 montistis
2098 1222 2147 1237 con-

1964 1244 2027 1265 cedit.
