2269 3235
212 283 395 312 An.c.1624
441 275 505 309 tao

241 2216 387 2243 Transumptis

204 2242 273 2264 danda
290 2243 348 2264 tides.

410 344 470 377 que
496 333 675 377 apostolicis
704 333 1003 377 constitutionibus,
1028 335 1151 368 ordina-

408 386 557 426 tionibus,
578 397 612 419 ac
637 385 788 420 Ordinum
813 392 840 419 et
867 388 1148 431 congregationum

408 440 588 473 huiusmodi
626 441 747 475 statutis
781 447 809 474 et
847 442 1148 484 consuetudinibus,

408 493 500 526 etiam
526 494 724 534 iuramento,
753 494 991 528 confirmatione
1017 501 1144 540 aposto-

407 545 476 586 liea,
508 547 553 579 vel
579 547 687 590 quavis
712 548 859 581 firmitate
884 549 944 581 alia
969 549 1146 590 roboratis,

406 599 579 643 privilegiis
596 612 734 645 quoqne,
752 603 878 636 indultis
895 608 924 636 et
945 603 1056 636 litteris
1077 614 1148 647 apo-

405 654 544 695 stolicis,
569 655 626 688 sub
655 656 905 701 quibuscumque
930 656 1093 690 tenoribus
1117 662 1147 690 et

406 707 525 745 formis,
550 720 585 742 ac
611 721 682 743 eum
707 711 870 754 quibusvis
895 711 987 743 etiam
1012 711 1145 754 deroga-

406 761 557 794 toriarum
579 762 808 806 derogatoriis,
829 764 961 807 aliisque
985 764 1143 797 essieacio·

405 814 514 856 ribus,
540 816 763 850 efficaeissimis
796 823 826 850 et
859 818 990 850 insolitis
1022 818 1145 850 clausu-

405 867 452 910 lis,
467 870 704 913 quomodolibet
725 871 816 903 etiam
839 871 957 914 pluries
978 871 1145 911 concessis,

404 923 598 957 confirmatis
623 928 652 958 et
677 924 840 957 innovatis.
858 924 978 962 Quibus
998 923 1145 956 omnibus

404 976 539 1018 (etiamsi
571 988 629 1020 pro
654 977 781 1010 illorum
817 977 983 1009 sufficienti
1015 977 1147 1020 deroga-

403 1029 486 1062 tione
517 1030 555 1062 de
579 1030 660 1067 illis,
686 1041 861 1075 eorumque
885 1031 958 1064 totis
982 1030 1146 1063 tenoribus

403 1082 563 1125 specialis,
593 1083 761 1127 specifica,
790 1094 938 1127 expressa
967 1089 998 1116 et
1028 1083 1141 1116 indivi-

403 1135 474 1176 dua,
491 1146 527 1169 ac
551 1136 589 1169 de
615 1137 711 1170 verbo
733 1147 769 1170 ac
794 1137 937 1178 verbum,
954 1146 1017 1170 non
1041 1142 1144 1170 autem

403 1200 460 1233 per
478 1190 632 1224 clausulas
648 1191 811 1234 generales
828 1191 910 1224 idem
928 1191 1144 1235 importantes,

402 1244 520 1277 mentio
537 1255 591 1277 seu
605 1245 733 1290 quaevis
746 1245 805 1278 alia
823 1245 984 1289 expressio
1002 1244 1146 1277 habenda

402 1303 455 1330 aut
478 1298 583 1342 aliqua
607 1299 666 1332 alia
699 1299 853 1343 exquisita
888 1299 988 1332 forma
1016 1298 1054 1331 ad
1085 1299 1145 1332 hoc

403 1352 555 1384 servanda
580 1353 670 1394 foret,
690 1354 782 1386 etiam
808 1352 891 1396 quod
916 1353 947 1385 in
973 1352 1017 1384 eis
1041 1362 1145 1385 cavea-

403 1409 454 1437 tur
478 1415 624 1449 expresse
639 1433 646 1447 ,
671 1406 755 1450 qnod
785 1406 846 1439 illis
870 1406 1068 1446 nullatenus,
1093 1411 1142 1438 aut

402 1459 525 1491 nonnisi
551 1459 609 1492 sub
636 1460 730 1493 certis
755 1460 850 1493 modo
875 1465 905 1492 et
929 1461 1032 1493 forma
1057 1459 1145 1492 dero-

402 1513 469 1555 gari
494 1513 607 1556 possit.)
633 1519 758 1547 tenores
778 1513 970 1555 huiusmodi,
996 1524 1031 1546 ac
1056 1513 1082 1546 si
1107 1513 1144 1546 de

401 1566 501 1599 verbo
525 1567 563 1599 ad
589 1567 736 1603 verbum,
763 1567 840 1600 nihil
866 1568 991 1611 penitus
1016 1567 1143 1607 omissc,

402 1625 431 1652 ct
448 1620 550 1652 forma
575 1620 607 1652 in
631 1620 692 1653 illis
710 1621 823 1655 tradita
841 1620 1017 1661 observata,
1035 1621 1143 1654 inserti

401 1675 524 1714 forent,
553 1675 773 1718 praesentibus
797 1686 854 1718 pro
880 1675 1072 1708 sufficienter
1096 1685 1145 1708 ex-

402 1727 520 1770 pressis
538 1733 567 1759 et
584 1727 709 1761 insertis
723 1728 883 1770 habentes,
902 1729 959 1761 hac
974 1729 1040 1761 vice
1057 1728 1145 1761 dum-

402 1785 485 1813 taxat
510 1781 686 1824 specialiter
709 1787 739 1814 et
764 1792 911 1825 expresse
936 1782 1143 1824 derogamus,

402 1834 577 1877 ceterisque
601 1835 768 1867 contrariis
797 1835 1066 1878 quibuscumque:
1092 1841 1144 1868 aut

401 1887 427 1919 si
451 1888 608 1932 aliquibus
640 1888 850 1922 communiter
882 1889 930 1921 vel
955 1889 1078 1921 dix-isim
1104 1889 1142 1921 ab

401 1942 582 1984 Apostolica
600 1941 638 1974 sit
659 1942 737 1974 Sede
763 1942 929 1982 indultum,
947 1942 1031 1985 quod
1052 1943 1144 1975 inter-

401 1994 473 2035 dici,
486 1995 635 2039 suspendi
653 1995 701 2028 rel
715 1995 982 2028 excommunicari
1000 2005 1062 2028 non
1076 2006 1144 2039 pos-

402 2049 462 2081 sint
486 2059 542 2093 per
566 2049 686 2082 litteras
703 2049 888 2093 apostolicas
909 2060 971 2083 non
995 2050 1144 2083 facientes

401 2103 526 2146 plenam
563 2108 590 2135 et
625 2114 809 2147 expressam
841 2114 877 2137 ac
909 2103 946 2136 de
979 2104 1075 2137 verbo
1106 2104 1144 2137 ad

403 2156 534 2189 verbum
551 2156 588 2189 de
607 2156 726 2190 indulto
739 2157 921 2190 huiusmodi
940 2157 1142 2191 mentionem.

447 2210 462 2253 ἓ
486 2210 515 2243 6.
543 2210 668 2250 Verum,
693 2210 766 2254 quia
790 2210 915 2243 difficile
939 2211 1028 2251 soret,
1052 2221 1144 2254 prae-

403 2267 504 2295 sentes
528 2262 658 2304 litteras,
676 2263 868 2307 ubieumqne
886 2273 964 2307 opus
983 2269 1076 2305 esset,
1094 2264 1145 2297 de-

402 2316 493 2351 ferri,
514 2316 667 2357 volumus,
684 2322 714 2349 et
737 2317 805 2360 pari
831 2317 1015 2350 auctoritate
1040 2317 1163 2351 decer-·

402 2370 516 2405 nimus.
537 2370 622 2414 qnod
647 2370 772 2403 illarum
797 2371 1003 2415 transumptis
1018 2399 1025 2412 ,
1050 2371 1143 2404 etiam

404 2423 583 2466 impressis,
609 2434 704 2457 manu
729 2424 860 2457 alieuius
884 2425 998 2458 notarii
1026 2425 1143 2469 publici

402 2476 606 2520 subscriptis,
632 2481 661 2512 et
686 2478 788 2521 sigillo
813 2489 967 2522 personae
992 2478 1023 2511 in
1047 2478 1144 2521 digni-

403 2533 461 2562 tate
486 2531 696 2564 ecclesiastica
721 2532 907 2565 constitutae
931 2531 1069 2572 munitis,
1097 2542 1144 2565 ea-

402 2582 472 2615 dem
489 2594 620 2627 prorsus
645 2584 722 2618 sides
747 2585 942 2626 adhibeatur,
960 2596 1039 2629 quae
1055 2596 1143 2629 prae-

401 2636 541 2670 sentibus
566 2636 777 2679 adhiberetur,
799 2639 823 2672 si
848 2640 951 2673 forent
975 2638 1140 2681 exhibitae,

402 2690 447 2723 vel
473 2696 623 2724 ostensae.

992 286 1170 312 nttLLAttttut
1194 287 1348 312 ROMANUM

1228 336 1338 369 Datum
1372 337 1499 377 Romae,
1521 335 1604 380 apud
1625 336 1654 370 S.
1679 337 1807 371 Mariam
1832 338 1923 372 Maio-

1182 399 1260 430 rem,
1275 389 1332 422 sub
1350 389 1465 422 annulo
1476 389 1654 430 Piscatoris,
1668 389 1719 422 die
1729 399 1783 424 x1v
1797 392 1920 435 augusti

1183 452 1334 483 uncxxtv,
1348 442 1547 486 pontificatus
1564 435 1669 475 nostri
1680 453 1763 477 anno
1779 453 1810 477 11.

1217 503 1275 531 Dat.
1294 504 1336 532 die
1354 505 1385 532 14
1400 505 1508 541 augusti
1526 505 1604 539 ¹624,
1624 505 1718 541 pontif.
1735 514 1779 533 an.
1795 513 1824 533 11.

1181 618 1306 648 Additur
1334 621 1464 649 facultas
1493 621 1551 649 iam
1577 630 1594 649 a
1618 623 1710 649 Paulo
1734 622 1756 649 V
1781 629 1923 650 concessa

1217 666 1317 693 abbati
1349 667 1484 701 generali
1515 667 1648 695 eiusdem
1679 667 1922 702 congregationis

1216 717 1268 737 eas
1284 710 1414 738 faciendi
1435 711 1620 746 functiones,
1639 719 1713 746 quas
1730 712 1782 739 alii
1798 712 1922 739 abbates

1215 755 1346 790 exempti
1369 756 1468 784 facere
1494 759 1737 791 consueverunt,
1757 756 1922 790 habituque

1214 800 1419 832 praelatorum
1443 800 1648 835 regularium,
1669 803 1700 828 et
1719 800 1751 827 in
1770 803 1922 828 monaste-

1213 842 1267 869 riis
1295 843 1343 869 sui
1370 843 1487 871 Ordinis
1514 844 1737 879 pontificalibus
1763 845 1922 872 indumen-

1215 886 1254 913 tis
1283 887 1407 920 utendi,
1437 895 1472 915 ac
1501 888 1610 916 missas
1639 889 1813 917 solemniter
1843 890 1921 917 cele-

1215 931 1337 965 brandi,
1359 934 1416 959 etc.

1391 1003 1521 1036 Paulus
1544 1004 1640 1047 Papa
1668 1005 1708 1045 V,

1295 1056 1337 1089 ced
1360 1057 1509 1099 suturam
1532 1057 1581 1089 rei
1605 1059 1804 1092 memoriam.

1223 1137 1268 1170 Ex
1298 1136 1438 1171 iniuncto
1468 1136 1559 1170 nobis
1585 1137 1751 1181 apostolici
1780 1139 1921 1172 muneris

1179 1190 1283 1224 debito
1301 1191 1349 1224 ius
1374 1201 1464 1224 suum
1480 1191 1651 1236 unicuique
1676 1202 1863 1226 conservare
1880 1197 1922 1226 te-

1178 1254 1306 1277 nemur.-

1224 1300 1238 1342 g
1263 1298 1292 1331 t.
1318 1298 1463 1339 Proinde,
1481 1308 1564 1340 cum,
1590 1297 1670 1331 sicut
1688 1309 1747 1342 pro
1767 1304 1857 1343 parte
1877 1299 1920 1333 di-

1179 1352 1250 1384 lecti
1274 1351 1330 1384 filii
1355 1351 1432 1385 Celsi
1458 1351 1590 1384 Romani
1619 1351 1739 1385 abbatis
1765 1353 1919 1395 generalis

1178 1405 1437 1448 Congregationis
1453 1404 1699 1438 Caelestinorum
1713 1405 1838 1438 Ordinis
1854 1416 1920 1438 san-

1179 1458 1219 1492 cti
1244 1458 1401 1491 Benedicti
1424 1458 1515 1491 nobis
1539 1468 1640 1502 nuper
1657 1459 1834 1502 expositum
1850 1459 1918 1500 suit,

1178 1523 1215 1546 ex
1239 1513 1368 1556 antiquo
1393 1512 1558 1556 privilegio
1583 1513 1755 1557 apostolico
1779 1523 1797 1546 a
1821 1513 1919 1546 felicis

1179 1567 1405 1601 recordationis
1429 1567 1602 1600 Caelestino
1627 1568 1708 1611 Papa
1728 1568 1751 1600 V
1766 1567 1917 1600 nimirum

1179 1631 1344 1662 concesso,
1369 1625 1399 1654 et
1423 1621 1461 1653 ab
1485 1620 1626 1663 Eugenio
1650 1621 1687 1654 IV
1712 1626 1742 1654 et
1765 1620 1834 1654 aliis
1857 1621 1919 1654 Ro-

1178 1674 1278 1707 manis
1287 1673 1492 1707 Pontificibus
1501 1674 1797 1717 praedecessoribus
1803 1673 1919 1707 nostris

1178 1728 1386 1769 confirmato,
1413 1738 1472 1772 pro
1497 1733 1639 1772 tempore
1664 1728 1801 1761 existens
1825 1727 1920 1760 abbas

1178 1782 1334 1824 generalis
1351 1781 1451 1814 dictae
1465 1781 1723 1824 Congregationis
1736 1781 1922 1815 Caelestino-

1179 1845 1250 1868 rum
1274 1836 1450 1869 functiones
1467 1846 1586 1876 omnes,
1604 1846 1681 1879 quas
1698 1835 1793 1868 ceteri
1810 1845 1920 1868 omnes

1178 1889 1308 1922 abbates
1333 1889 1470 1933 exempti
1495 1889 1624 1929 faciunt,
1649 1892 1677 1922 et
1703 1899 1862 1930 exercere,
1879 1889 1921 1921 fa—

1178 1953 1249 1975 ecre
1259 1942 1278 1983 ¹,
1294 1953 1416 1976 necnon
1434 1953 1568 1986 semper,
1586 1947 1648 1975 tarn
1670 1942 1701 1975 in
1715 1942 1808 1984 Urbe,
1825 1952 1921 1986 quam

1178 1995 1210 2028 in
1226 1996 1374 2029 omnibus
1398 1996 1466 2029 aliis
1491 1996 1678 2036 civitatibus,
1696 2000 1725 2028 et
1742 1996 1859 2040 ubique
1878 1996 1921 2029 lo-

1178 2060 1300 2091 corum,
1319 2049 1462 2082 habitum
1484 2050 1696 2093 praelatorum
1714 2049 1919 2092 regularium,

1179 2103 1339 2146 caputium
1364 2103 1498 2143 scilicet,
1524 2103 1588 2136 sive
1615 2108 1799 2136 mozzettam
1824 2113 1920 2146 super

1179 2157 1381 2196 mantelletto‚
1400 2160 1429 2190 et
1445 2156 1582 2191 biretum
1607 2156 1806 2199 quadratum,
1830 2166 1918 2189 inore

1178 2209 1367 2242 clericorum
1392 2209 1602 2250 secularium,
1627 2219 1663 2242 ac
1687 2209 1805 2252 pileum
1830 2219 1919 2242 more

1177 2263 1401 2306 praelatorum,
1425 2273 1460 2296 ac
1485 2263 1517 2295 in
1541 2262 1682 2296 ecclesiis
1706 2268 1737 2296 et
1761 2269 1918 2296 monaste-

1178 2315 1233 2348 riis
1258 2326 1314 2349 suo
1338 2315 1446 2349 Ordini
1472 2316 1620 2349 subiectis
1645 2318 1764 2360 eappa,
1788 2315 1918 2357 baculo,

1178 2369 1271 2402 mitra
1297 2374 1326 2401 et
1351 2369 1463 2403 ceteris
1479 2369 1711 2413 pontificalibus
1729 2369 1919 2403 indumentis

1177 2423 1233 2462 uti,
1258 2427 1286 2455 et
1312 2422 1342 2455 in
1368 2422 1485 2455 eisdem
1510 2423 1651 2456 ecelesiis
1675 2423 1785 2456 missas
1809 2423 1919 2457 solem-

1176 2476 1258 2509 niter
1282 2487 1370 2510 more
1395 2477 1529 2510 aliorum
1559 2477 1707 2510 abbatum
1738 2477 1915 2510 Benedicti-

1177 2540 1291 2563 norum
1317 2529 1487 2571 celebrare,
1513 2541 1548 2563 ae.
1573 2530 1736 2563 monachis
1760 2530 1808 2563 sui
1827 2529 1918 2563 Ordi-

1176 2584 1224 2616 nis
1247 2589 1277 2616 et
1301 2584 1368 2616 aliis
1388 2584 1645 2617 christifidelibus
1665 2584 1916 2628 quibuscumque

1176 2638 1214 2670 ad
1238 2638 1312 2671 dieti
1336 2638 1457 2671 abbatis
1482 2638 1591 2671 missas
1615 2638 1784 2672 audiendas
1808 2647 1917 2671 eonve-

1214 2702 1221 2727 l
1242 2700 1307 2728 licie
1323 2700 1400 2729 deest
1415 2701 1509 2729 saltem
1527 2701 1639 2730 verbum
1651 2703 1772 2737 possunt
1789 2701 1826 2736 (n.
1843 2701 1891 2735 Τ.),

1941 276 2121 319 Λη.ο.1σεὲ

1962 1147 2082 1170 Exordium.

1988 1309 2119 1331 Caelestinus

1935 1335 1994 1360 Papa
2011 1336 2026 1355 V
2046 1337 2119 1357 abbati

1935 1361 1996 1382 liuius
2027 1362 2118 1388 Congre-

1935 1389 2025 1413 gationis
2052 1390 2118 1410 indut-

1936 1417 1977 1434 tnm
2007 1417 2119 1436 exercendi

1935 1442 2120 1466 pnntntiratiacon·

1935 1471 2006 1489 cessit-
