2269 3235
123 236 173 265 An.
190 235 219 264 C.
240 235 306 264 1627

154 1096 223 1122 lisque
236 1101 312 1115 couce-

128 1124 159 1143 «tit
191 1123 311 1142 facultatem

128 1149 244 1175 deputandi
280 1154 311 1169 re-

129 1178 198 1196 ctores
222 1177 243 1194 rt
267 1175 312 1195 osti—

129 1202 202 1224 ciales,
223 1202 311 1228 illosque

129 1229 255 1253 amovendi,

164 1362 249 1382 Statura
265 1366 312 1381 con-

130 1387 191 1408 dendi
202 1390 220 1408 et
232 1388 265 1408 illa
277 1388 313 1408 im-

129 1415 231 1435 mutandi.

156 2159 269 2185 Collegium
278 2159 321 2179 exi-

138 2187 175 2207 mit
197 2192 210 2206 ει
238 2186 321 2206 iurisdi-

138 2213 207 2233 ctione
224 2218 321 2238 quorum-

139 2244 228 2265 cumque
257 2240 322 2259 tribu-

139 2266 217 2286 nalium
244 2265 322 2289 Urbis,

140 2297 165 2313 ac
201 2292 324 2313 Ordinario-

139 2325 183 2340 rum
198 2320 297 2341 iecorum.

927 233 1069 259 URBANUS
1093 233 1149 257 vm
1173 233 1221 257 PP.

319 282 497 328 praedictae
522 283 696 328 respective
726 283 984 328 patriarchalium
1010 293 1059 315 ee-

322 336 488 369 clesiarum
505 337 672 371 canonicos
689 341 758 371 actu
777 336 1016 381 praebendatos,
1031 340 1060 368 ct

322 389 529 433 personaliter
553 390 634 434 apud
655 401 707 424 eas
729 390 911 428 residentes,
930 389 1060 421 dilectos

322 442 413 483 tilios,
432 443 462 476 in
483 443 771 484 administratores,
795 443 977 481 directores,
1003 452 1060 484 gu-

320 497 505 530 bernatores
518 503 548 531 et
560 508 751 531 oeconomos
775 497 849 529 dicti
867 495 993 537 collegii
1006 505 1060 528 scu

323 550 482 582 seminarii
497 550 550 593 (ita
564 550 648 594 quod
667 550 714 591 iis,
730 560 785 583 seu
799 548 879 582 uno¹
898 558 934 581 ex
948 547 995 589 iis,
1009 558 1060 580 ca-

321 603 500 637 nonicatum
515 608 544 636 et
557 603 766 647 praebendam
781 602 813 634 in
828 601 918 634 dietis
932 600 1062 644 patriar-

322 656 465 690 chatibus
479 656 618 690 ecclesiis
632 667 668 690 ex
686 655 795 699 quavis
809 656 902 688 eausa
919 654 1061 687 obtinere

323 709 526 750 cessantibus,
544 709 645 743 statim
664 709 742 742 alius
756 719 792 741 ex
807 707 944 752 capitulo
962 707 1061 740 dictae

323 762 542 806 patriarchalis
554 761 714 804 ecclesiae,
731 761 763 794 in
781 771 841 805 qua
863 761 974 794 ultimo
992 760 1061 794 loco

323 816 444 857 defecit,
455 817 624 850 canonicus
637 816 731 849 etiam
745 820 815 848 actu
830 814 1061 859 praebendatus

324 867 355 899 in
373 867 441 900 eius
461 868 564 901 locum
589 868 646 900 sub
664 867 775 900 eadem
797 866 983 899 limitatione
1006 876 1063 909 per

324 931 381 954 nos
391 926 420 954 et
433 931 631 954 successores
641 926 767 954 nostros
782 920 943 953 dumtaxat
956 919 1064 952 subro-

325 975 429 1018 getur)
443 975 627 1008 auctoritate
642 978 670 1007 et
685 979 793 1007 tenore
811 972 991 1006 huiusmodi
1009 982 1064 1016 pa-

316 1027 402 1068 riter
415 1033 567 1071 perpetuo
580 1026 800 1061 constituimus
817 1031 847 1059 ct
867 1026 1063 1070 deputamus.

371 1081 385 1124 ξ
409 1080 438 1113 8.
464 1081 589 1125 Illisque
610 1080 654 1114 sic
671 1079 846 1114 constitutis
861 1084 891 1112 et
911 1079 1065 1123 deputatis

326 1137 500 1175 rectorem,
526 1137 766 1178 praeceptores,
792 1132 973 1176 magistros,
998 1133 1066 1166 offi—

327 1187 441 1228 ciales,
474 1197 664 1220 oeconomos
694 1192 724 1219 et
756 1187 832 1219 alias
861 1196 1012 1230 personas
1036 1186 1067 1218 in

327 1231 570 1283 dicto·collegio
595 1251 650 1273 seu
679 1239 850 1273 seminario
875 1239 1067 1283 deputandi,

326 1294 459 1339 illosque
482 1294 658 1334 amovendi,
682 1299 712 1326 et
736 1293 814 1327 alios
834 1294 866 1326 in
886 1304 996 1327 eorum
1022 1293 1068 1325 lo-

328 1358 398 1386 cum
424 1347 614 1388 sufficiendi,
640 1357 675 1380 ac
700 1352 831 1387 statuta,
856 1346 1069 1380 ordinationes

328 1406 357 1433 et
373 1401 498 1434 decreta
515 1411 741 1444 quaecumque,
756 1401 840 1433 licita
856 1405 961 1433 tamen
975 1405 1004 1433 et
1018 1400 1070 1433 bo-

327 1458 424 1496 nesta,
450 1454 610 1498 sacrisque
626 1454 808 1496 canonibus,
826 1453 1070 1497 apostolicisque

328 1508 605 1542 constitutionibus
637 1508 766 1540 minime
796 1507 992 1540 adversantia
1022 1506 1070 1539 vel

327 1563 554 1607 repugnantia,
579 1562 712 1596 faciendi
737 1568 767 1595 et
790 1561 920 1602 edendi,
940 1571 976 1594 ac
1000 1561 1069 1601 illa,

329 1617 451 1661 quoties
475 1628 534 1661 pro
548 1627 655 1649 rerum
673 1621 703 1649 ct
718 1621 897 1659 temporum
912 1614 1069 1658 qualitate,

328 1682 384 1704 seu
405 1671 490 1713 alias,
515 1670 660 1714 expedire
685 1669 851 1710 videbitur,
872 1668 1069 1710 immutandi,

328 1725 518 1768 corrigendi,
545 1723 740 1764 moderandi,
760 1722 962 1765 reformandi,
979 1723 1072 1755 inter-

330 1779 483 1823 pretandi,
493 1789 529 1812 ac
542 1778 635 1811 etiam
649 1777 709 1810 alia
719 1788 754 1810 ex
769 1777 892 1819 integro
906 1776 1070 1817 condendi,

332 1831 374 1864 ita
397 1837 431 1864 ut
454 1831 509 1864 ubi
533 1831 623 1873 edita,
649 1830 822 1871 immutata,
840 1832 991 1869 correcta,
1009 1840 1073 1862 mo-

333 1884 458 1925 derata,
483 1885 652 1918 reformata
676 1888 707 1916 et
730 1883 854 1917 condita
879 1883 1010 1923 suerint,
1035 1893 1072 1916 eo

334 1939 403 1982 ipso
427 1938 599 1982 apostolica
623 1937 807 1970 auctoritate
835 1936 1020 1970 confirmata
1045 1940 1074 1970 et

334 1992 507 2036 approbata
531 1996 726 2031 censeantur,
751 1991 875 2034 plenam
892 1996 922 2023 et
941 1990 1072 2023 liberam

335 2045 511 2078 facultatem
542 2050 572 2077 et
607 2044 821 2077 omnimodam
855 2043 1073 2077 auctoritatem

335 2099 441 2132 itidem
455 2103 609 2142 perpetuo
626 2098 829 2131 concedimus
846 2103 875 2130 et
892 2098 1074 2141 elargimur.

380 2153 394 2196 ξ
413 2152 443 2185 9.
468 2153 512 2185 Ae
535 2152 666 2195 insuper
686 2151 854 2194 collegium
875 2161 930 2184 seu
947 2151 1077 2183 semina-

335 2207 418 2239 rium
449 2206 653 2246 huiusmodi,
684 2206 830 2248 illiusque
864 2215 1075 2245 oeconomos,

338 2265 505 2301 rectorem,
525 2260 702 2304 magistros,
718 2264 941 2303 praeceptores
962 2264 992 2292 et
1015 2259 1077 2291 alu-

338 2324 429 2347 mnos
450 2325 509 2358 pro
525 2319 669 2358 tempore
686 2313 861 2354 existentes,
876 2313 1077 2356 illorumque

339 2366 538 2408 domesticos,
548 2367 695 2400 officiales
708 2372 738 2400 et
754 2366 924 2408 ministros,
936 2377 971 2399 ac
981 2366 1078 2410 ipsius

339 2420 463 2462 collegii
488 2430 543 2453 seu
567 2420 725 2453 seminarii
738 2420 821 2453 bona
838 2420 968 2453 mobilia
982 2424 1011 2453 el
1026 2419 1079 2452 im-

339 2473 476 2514 mobilia,
492 2474 670 2517 praesentia
687 2478 716 2506 et
732 2473 838 2507 futura
852 2472 1079 2517 cuiuscumque

338 2527 497 2570 qualitatis
520 2532 550 2560 et
573 2528 754 2571 quantitatis
779 2527 950 2569 existentia,
968 2532 998 2560 et
1015 2526 1080 2559 ubi-

338 2591 399 2624 que
422 2581 567 2614 locorum
591 2581 799 2623 consistentia,
825 2581 863 2613 ab
881 2580 967 2614 omni
987 2579 1080 2613 iuris-

375 2646 386 2671 1
405 2644 477 2672 Edit.
492 2644 572 2673 Main.
589 2645 672 2673 habet
688 2653 780 2672 unum
800 2646 837 2679 (n.
853 2644 902 2680 τ.).

1093 281 1237 323 dictione,
1248 279 1398 320 dominio,
1408 277 1627 322 superioritate
1639 281 1668 310 et
1681 281 1832 320 potestate

1094 345 1150 378 pro
1169 340 1309 377 tempore
1327 332 1524 366 existentium
1543 331 1729 364 dilectorum
1756 331 1833 362 tilio-

1094 399 1164 420 rum
1189 387 1308 428 vicarii‚
1334 386 1499 427 senatoris,
1524 390 1782 419 conservatorum
1804 389 1829 415 et

1095 441 1349 480 reformatorum,
1366 451 1402 472 ac
1417 439 1547 472 rectoris
1566 438 1659 471 studii
1679 437 1834 481 generalis

1094 494 1194 526 dictae
1220 493 1329 533 Urbis,
1355 504 1390 525 ao
1415 493 1653 525 tlrdinariorum
1681 492 1834 531 locorum,

1095 546 1292 589 aliorumque
1325 546 1462 578 iudicum
1494 551 1524 578 et
1552 545 1732 578 oiiicialium
1758 555 1835 587 quo-

1095 610 1312 643 rumcumque,
1332 604 1393 631 tam
1409 599 1437 631 in
1453 599 1519 642 ipsa
1542 599 1623 631 Urbe
1640 610 1734 642 quam
1749 603 1835 630 extra

1095 663 1175 693 eam,
1200 656 1229 686 et
1254 652 1445 695 ubicumque
1470 652 1721 685 constitutorum.

1140 708 1155 749 ξ
1180 706 1230 739 to.
1266 706 1302 738 Et
1326 710 1490 749 praeterea
1521 705 1638 737 dictum
1668 704 1835 747 collegium

1737 219 1801 252 :379
1850 227 1898 254 An.
1916 228 1944 254 (ἶ.
1964 228 2028 255 1627

1096 770 1150 792 seu
1165 759 1382 798 seminarium,
1398 758 1541 802 illiusque
1555 758 1699 791 alumnos
1710 763 1734 791 et
1752 759 1838 791 sclio-
1854 749 2027 790 Jfsi.vz⁴..'¹s'“.','.'¹''t‘.

1888 798 1891 807 ¹
1994 802 1996 814 ι

1097 813 1187 855 lares,
1206 822 1420 856 personasque
1438 811 1469 844 in
1486 822 1523 844 eo
1541 817 1782 851 commorantes,
1799 812 1837 842 ab
1855 829 1890 858 :¹¹¹

1097 866 1245 900 omnibus
1262 871 1291 899 et
1308 865 1439 908 singulis
1456 870 1630 909 portarum,
1648 864 1839 897 molendino·
1854 855 1879 873 *⁴²⁴

1098 932 1167 954 rum
1186 921 1313 960 farinae,
1326 920 1422 953 trium
1436 918 1494 963 pro
1512 919 1702 959 centenario,
1720 929 1754 951 ac
1768 929 1841 962 qua-

1098 980 1170 1008 tuor
1197 974 1346 1008 iuliorum
1376 984 1434 1018 pro
1462 973 1603 1017 quolibet
1636 978 1745 1016 vegete
1777 972 1840 1005 vini

1099 1029 1177 1062 solvi
1202 1028 1385 1067 solitorum,
1410 1027 1541 1071 aliisque
1562 1026 1663 1067 datiis,
1681 1025 1840 1070 pedagiis,

1101 1082 1318 1125 vectigalibus,
1336 1080 1483 1124 angariis,
1510 1091 1545 1113 ac
1563 1085 1664 1113 terrae
1682 1079 1841 1123 marisque

1101 1136 1242 1179 gabellis,
1268 1134 1412 1175 dobanis,
1437 1134 1607 1168 bollettinis
1630 1138 1660 1166 ct
1679 1132 1842 1177 quibusvis

1101 1189 1169 1222 aliis
1183 1189 1333 1222 oneribus
1352 1188 1520 1221 ordinariis
1537 1193 1567 1220 et
1583 1186 1842 1220 extraordinariis

1102 1243 1253 1276 haetenus
1266 1241 1505 1286 quomodolibet
1522 1240 1686 1284 impositis,
1701 1245 1731 1273 et
1745 1241 1843 1283 impo-

1102 1296 1212 1328 nendis
1232 1296 1337 1335 etiam,
1357 1295 1395 1328 ad
1420 1295 1519 1327 instar
1543 1293 1754 1337 exemptionis
1771 1293 1845 1325 dile-

1103 1354 1226 1382 ctorum
1236 1349 1374 1382 filiorum
1385 1358 1528 1382 camerae
1541 1347 1740 1391 apostolicae,
1751 1347 1843 1379 etiam

1103 1402 1224 1440 ratione
1244 1402 1358 1446 Ripae,
1378 1401 1537 1445 Itipettae,
1565 1401 1707 1433 dolianae
1732 1404 1844 1435 terrae.

1104 1456 1196 1490 etiam
1221 1455 1362 1499 grasciae
1386 1459 1584 1498 nuncupatae
1609 1454 1703 1487 Urbis
1722 1453 1846 1497 praedi-

1104 1513 1179 1550 ctae,
1198 1520 1234 1542 ac
1251 1509 1405 1549 earnium,
1421 1508 1495 1548 vini,
1513 1508 1755 1547 frumentorum,
1769 1517 1847 1550 pan·

1104 1573 1218 1596 norum
1243 1562 1308 1603 lini⁷
1334 1562 1433 1601 lanae,
1456 1561 1559 1602 serici,
1576 1561 1742 1602 librorum,
1760 1561 1848 1594 char-

1105 1620 1206 1649 tarum
1232 1620 1262 1648 et
1285 1625 1558 1659 quarmncumque
1582 1614 1715 1646 aliarum
1740 1624 1848 1646 rerum

1104 1669 1142 1702 ad
1167 1670 1340 1702 brunantun
1361 1668 1477 1701 vietum
1509 1674 1537 1701 et
1566 1668 1713 1700 vestitum
1741 1678 1849 1700 neces-

1105 1723 1260 1756 sariarum
1289 1722 1462 1767 apostoliea
1489 1722 1674 1755 auctoritate
1694 1727 1724 1754 et
1741 1727 1849 1754 tenore

1105 1776 1274 1821 praedictis
1291 1776 1458 1808 eximimus
1479 1780 1510 1808 et
1538 1775 1719 1817 liberamus,
1736 1786 1771 1808 ae
1793 1775 1850 1807 sub

1106 1830 1187 1865 beati
1212 1830 1294 1863 Petri
1315 1835 1345 1863 et
1378 1829 1479 1862 dictae
1506 1829 1594 1863 Sedis
1619 1834 1712 1873 atque
1742 1831 1849 1862 nostra

1106 1885 1332 1929 protetectione
1357 1884 1566 1928 suscipimus,
1591 1884 1745 1928 nobisque
1763 1889 1793 1916 et
1809 1884 1852 1916 ei-

1107 1938 1178 1971 dem
1203 1938 1273 1971 Sedi
1300 1937 1480 1970 immediate
1505 1937 1700 1970 subiieimus.

1152 1992 1167 2035 g
1191 1992 1242 2024 ll.
1268 1991 1409 2035 ipsisque
1434 1991 1567 2033 collegio
1592 2002 1647 2023 seu
1672 1990 1851 2030 seminario,

1109 2045 1234 2086 rectori,
1260 2045 1467 2087 scholaribus,
1493 2045 1766 2088 praeceptoribus,
1790 2055 1853 2077 ma-

1109 2098 1225 2141 gistris,
1250 2097 1449 2137 oeconomis,
1475 2097 1676 2138 officialibus,
1702 2097 1853 2129 ministris

1110 2158 1139 2185 et
1164 2151 1318 2195 personiS,
1338 2156 1372 2184 ut.
1391 2151 1644 2194 quibuscumque
1668 2150 1852 2194 privilegiis,

1111 2205 1381 2249 exemptionibus,
1403 2204 1614 2247 libertatibus,
1636 2204 1852 2245 facultatibus,

1111 2259 1220 2302 gratiis
1244 2263 1273 2292 el
1299 2258 1436 2299 indultis,
1463 2258 1576 2301 quibus
1601 2258 1737 2291 studium
1763 2268 1856 2300 gene-

1112 2313 1176 2346 rale
1210 2313 1310 2345 dictae
1335 2312 1449 2352 Urbis,
1481 2315 1511 2345 et
1542 2311 1601 2344 alia
1630 2308 1854 2352 Germanieae,

1112 2366 1260 2409 Anglicae
1278 2371 1308 2399 et.
1324 2366 1460 2400 Graecae
1486 2365 1649 2398 nationum
1676 2365 1808 2407 collegia
1826 2365 1856 2396 in

1114 2420 1178 2463 ipsa
1204 2419 1288 2452 Urbe
1312 2430 1329 2451 a
1353 2418 1651 2463 praedecessoribus
1671 2418 1789 2451 nostris
1814 2418 1857 2449 in-

1114 2473 1239 2513 stituta,
1265 2473 1456 2516 illorumque
1481 2477 1642 2511 rectores,
1675 2472 1856 2513 scholares,

1113 2532 1344 2570 praeceptores
1370 2526 1523 2569 magistri,
1545 2525 1720 2566 oeconomi,
1746 2526 1859 2558 otfieia-

1114 2580 1180 2622 les,
1213 2579 1349 2612 ministri
1382 2584 1412 2612 et
1445 2589 1599 2623 personae
1629 2578 1858 2622 quovismodo

1115 2638 1256 2676 utuntur,
1277 2634 1440 2678 potiuntur
1461 2639 1497 2674 et*
1507 2633 1654 2677 gaudent,
1679 2644 1714 2666 ac
1732 2634 1787 2675 uti,
1805 2644 1860 2677 po-

1888 1996 1987 2018 llui-,redit
2000 2003 2051 2022 quo·

1868 2031 1908 2050 que
1935 2024 2052 2049 pritilegai,

1869 2052 1960 2075 aranas.
1975 2056 1999 2070 ae
2023 2056 2052 2069 m-

1868 2079 1926 2098 slulta
1942 2078 1989 2097 atu,-
2010 2078 2052 2096 rul-

1868 2106 1928 2129 legus
1950 2107 1969 2124 et
1992 2109 2053 2123 <ruu-

1869 2137 1932 2151 narns
1944 2136 2053 2151 concessa.
