2269 3235
7 258 10 260 ψ
50 239 97 268 An.
114 238 143 266 C.
164 237 232 265 1628

92 671 170 693 Pacta,
185 675 235 690 con-

53 698 173 720 ventiuneS,
189 698 236 719 etc..

52 729 152 744 canonino
180 723 234 743 tacu

51 755 89 777 pro
106 750 235 770 reformatio-

52 782 78 798 ne
93 777 209 796 contii-inat.

852 234 994 258 URBANUS
1019 234 1075 257 VIII
1101 234 1149 257 I‘P.

248 285 372 318 illorum
404 284 637 326 extensionem,
663 283 717 316 sed
747 283 877 327 perinde
901 294 937 315 ao
961 283 984 315 si

248 338 300 370 illa
324 338 430 370 omnia
449 338 478 370 in
496 338 599 381 specie
623 337 724 369 cidem
750 336 985 379 congregationi

248 392 277 425 S.
304 392 400 424 Mauri
426 403 483 435 per
507 402 564 424 nos
589 402 736 424 concessa
761 390 907 429 fuissent,
928 389 987 427 uti,

249 444 331 485 frui,
366 444 460 488 potiri
492 450 521 477 et
553 444 690 487 gaudere
714 443 813 475 libere
844 447 874 474 et
906 441 988 473 licite

248 498 369 541 possint
400 503 429 530 ct
459 498 580 531 valeant
610 502 784 540 perpetuo,
817 494 988 538 apostolica

250 551 445 591 auctoritate,
471 557 579 584 tenore
599 549 822 594 praesentium,
848 548 989 581 concedi-

252 615 321 637 mus
346 610 376 636 et
401 604 609 647 indulgemus.

296 658 310 700 §
335 657 364 690 9.
390 657 553 690 Postremo
578 656 801 690 conventiones
819 660 880 688 tam
895 665 990 698 super

252 712 341 745 dictis
367 713 563 756 portionibus
585 711 823 745 monachalibus
843 714 873 744 et
889 710 992 753 dispo-

251 765 416 798 sitionibus
434 766 575 798 locorum
593 764 798 807 regularium,
812 773 905 806 quam
923 762 991 795 aliis

253 818 439 862 supradictis
464 818 631 858 omnibus,
665 817 690 850 si
722 827 802 860 quae
826 817 886 849 iam
911 817 992 849 inter

252 871 431 915 superiores
449 876 478 916 et
502 871 675 904 monachos
698 871 904 911 reformatos,
928 870 992 902 sive

252 925 379 957 illorum
405 924 535 957 abbates
559 930 611 957 aut
635 930 806 968 perpetuos
834 934 994 957 commen-

251 978 388 1011 datarios
403 1006 410 1019 ,
434 984 469 1011 ut
493 979 690 1022 praefertur,
716 978 865 1011 canonice
895 978 992 1011 sactae

252 1031 321 1072 sint,
347 1041 383 1064 ae
407 1031 493 1071 alias,
518 1042 595 1074 quas
619 1031 649 1063 in
674 1031 816 1064 futurum
838 1042 933 1075 super
957 1031 994 1064 si-

252 1084 379 1117 milibus
403 1084 484 1118 inter
497 1084 635 1125 eosdem,
653 1084 684 1116 in
702 1088 766 1118 toto
786 1085 834 1117 vel
849 1084 879 1116 in
894 1088 992 1128 parte,

253 1138 346 1170 etiam
378 1137 526 1170 canonice
558 1138 627 1170 fieri
657 1137 845 1180 contigerit3
870 1147 994 1170 necnon

253 1190 408 1223 dictorum
434 1191 661 1224 monachorum
683 1191 925 1224 reformatorum
945 1190 995 1223 be-

253 1243 482 1288 neficiatorum‚
508 1248 541 1275 ut
564 1244 752 1287 praefertur,
778 1244 995 1276 translationes

254 1296 292 1329 ad
317 1296 462 1329 effectum
489 1297 701 1340 supradictum
734 1298 850 1338 saetas,
883 1301 996 1329 statuta

254 1360 401 1393 quoque,
426 1350 617 1393 illorumque
642 1350 882 1391 moderationes,
907 1349 996 1382 abro-

255 1404 396 1447 gationes
414 1415 468 1437 seu
485 1404 728 1446 immutationes⁷
744 1415 801 1447 per
815 1404 932 1436 dictum
947 1414 996 1436 ca-

255 1457 389 1501 pitulum
415 1459 573 1501 generale,
593 1463 627 1493 ut
643 1458 830 1502 praefertur,
845 1457 994 1498 facienda,

256 1511 378 1555 aliaque
393 1512 575 1555 praemissa,
587 1510 638 1544 ex'
651 1522 744 1552 nunc,
754 1517 849 1555 prout.
861 1522 897 1543 ex
912 1516 995 1550 tunc,

256 1570 286 1597 et
303 1575 318 1598 e
336 1570 454 1606 contra,
472 1571 637 1610 postquam
660 1565 739 1598 facta
758 1565 884 1604 fuerint,
902 1564 994 1596 etiam

211 1640 219 1647 -
255 1619 318 1650 una
343 1629 414 1650 cum
439 1619 597 1651 erectione
615 1618 754 1650 eiusdem
775 1617 996 1660 congregatio-

256 1670 304 1703 nis
328 1670 356 1704 S.
382 1671 490 1713 Mauri,
516 1676 550 1703 ut
574 1671 771 1715 praefertur,
795 1671 885 1711 sacta,
911 1675 941 1703 et
966 1670 996 1702 in

256 1724 309 1757 illa
328 1724 481 1757 contentis
494 1724 755 1768 quibuscumque,
773 1729 995 1768 praeterquam

259 1778 449 1821 supradictis
466 1778 603 1820 indultis,
622 1789 639 1810 a
655 1778 747 1811 nobis
763 1778 931 1818 concessis,
949 1777 998 1810 ad-

258 1831 472 1872 versantibus,
498 1831 682 1864 auctoritate
707 1831 879 1875 apostolica
904 1836 933 1864 et
957 1836 999 1863 tc—

258 1894 335 1916 nore
360 1883 524 1924 similibus,
550 1884 642 1916 etiam
666 1890 820 1928 perpetuo
845 1885 997 1928 approba-

259 1948 329 1970 mus
354 1941 383 1971 et
407 1938 648 1978 confirmamus,
677 1938 801 1983 illisque
827 1944 998 1982 perpetuae

259 1997 290 2024 et
313 1991 500 2024 inviolabilis
517 1992 708 2035 apostolicae
725 1992 882 2024 firmitatis
899 1993 999 2025 robur

259 2045 441 2085 adiicimus3
463 2056 498 2079 ao
518 2056 626 2079 omnes
647 2051 676 2079 et
696 2046 847 2089 singulos,
868 2046 931 2079 sive
951 2057 1000 2080 co-

259 2099 381 2142 gitatos,
407 2099 471 2132 sive
495 2099 699 2141 incogitatos,
725 2104 778 2132 aut
802 2099 879 2132 alios
903 2110 998 2142 quos-

261 2163 396 2196 cumque
415 2158 479 2185 tam
499 2153 576 2185 iuris
595 2164 689 2196 quam
713 2152 785 2186 sacti
805 2153 954 2193 desectus,
973 2153 997 2186 si

261 2206 314 2249 qui
338 2206 473 2249 desuper
504 2206 742 2251 quomodolibet
773 2206 999 2240 intervenerint

261 2258 293 2291 in
317 2259 450 2300 eisdem,
475 2261 679 2304 supplemus;
704 2260 820 2303 illaque
849 2264 911 2294 tam
940 2271 998 2304 per

261 2312 448 2346 reformatos
467 2314 637 2347 monachos
657 2324 752 2357 quam
769 2324 832 2347 non
848 2315 999 2347 reforma-

262 2369 309 2399 tos
327 2365 516 2410 illorumque
532 2366 659 2399 abbates
672 2372 702 2400 et
718 2367 898 2410 superiores
915 2377 998 2400 nunc

262 2423 292 2451 et
315 2429 373 2462 pro
398 2424 539 2463 tempore
559 2420 724 2453 existentes
749 2420 929 2454 huiusmodi
947 2421 1000 2454 ob-

216 2469 380 2523 fflervari
404 2478 434 2505 et
457 2472 622 2516 adimpleri
646 2473 770 2515 debere,
793 2485 850 2507 nec
875 2474 913 2507 ab
939 2474 999 2508 illis

261 2526 326 2559 ullo
350 2535 489 2569 unquam
514 2531 656 2570 tempore
678 2527 805 2569 resiliri,
831 2527 999 2572 minusque

262 2590 316 2614 eos
329 2579 465 2624 desuper
474 2591 492 2613 a
505 2591 674 2626 quoquam,
685 2582 793 2626 quavis
804 2582 999 2625 auctoritate,

298 2645 310 2671 1
332 2643 404 2671 Edit.
426 2644 509 2672 Main.
530 2644 594 2680 legit
613 2647 639 2673 el
659 2645 696 2680 (R.
712 2645 760 2681 T.).

1022 282 1191 322 molestari,
1210 281 1400 325 perturbari,
1419 280 1596 324 inquietari,
1617 285 1668 313 aut
1685 281 1760 313 alias

1022 337 1261 378 ‹piorriodolibet
1285 336 1315 368 in
1341 335 1454 369 iudicio
1481 335 1527 368 vel
1553 339 1639 368 extra
1664 334 1762 378 impc-

1022 388 1081 421 diri
1109 400 1214 432 posse,

1067 443 1082 485 ξ
1106 443 1156 474 Ἠ).
1183 443 1363 475 praesentes
1388 453 1513 485 quoquc
1530 441 1659 480 litteras,
1676 441 1762 473 nullo
1814 453 1881 473 :tum
1906 459 1915 470 n

1023 506 1160 539 unquam
1187 501 1328 538 tempore
1357 496 1394 528 de
1424 495 1637 538 subreptionis
1662 495 1763 538 capite

1025 549 1070 581 vel
1089 548 1294 591 obreptionis,
1313 559 1365 580 seu
1385 549 1534 580 nullitatis
1553 548 1637 585 vitio,
1653 554 1702 579 aut
1724 547 1765 580 in-

1026 602 1172 634 tentionis
1190 607 1314 634 nostrae
1333 602 1380 634 wi
1396 602 1544 645 quopiam
1560 602 1620 633 alio
1642 601 1764 633 ‹les-:ctu

1025 654 1142 694 notari,
1168 654 1367 697 impugnari,
1394 655 1575 694 retractari,
1600 655 1764 695 annullari,

1026 719 1079 741 seu
1101 708 1130 740 in
1149 708 1196 741 ius
1215 709 1262 741 vel
1280 708 1528 741 controversiam
1546 707 1696 748 revocari,
1714 712 1767 740 aut

1027 761 1152 804 infringi
1174 772 1275 805 posse,
1290 761 1342 793 sed
1357 772 1491 804 semper,
1510 761 1594 793 omni
1615 766 1766 803 teitipore,

1026 820 1056 847 et
1079 815 1229 847 adversus
1254 825 1469 858 quascumque
1493 813 1714 857 dispositiones
1738 819 1768 845 ct

1026 868 1187 901 obstacula
1204 879 1433 912 quaecumque,
1452 867 1567 899 validas
1581 872 1610 899 et
1628 866 1768 899 etiicaces

1027 921 1180 963 existere,
1214 932 1349 965 suosque
1375 921 1533 964 plenarios
1565 925 1595 953 et
1629 919 1768 961 integros

1028 975 1156 1008 effectus
1180 975 1285 1008 sortiri
1303 979 1333 1007 et
1350 974 1501 1016 obtinere,
1520 984 1555 1006 ac
1570 973 1608 1005 ab
1621 973 1768 1006 omnibus

1028 1034 1058 1062 et
1083 1028 1213 1071 singulis
1238 1028 1399 1061 observari
1425 1028 1555 1068 debere,
1585 1037 1686 1070 neque
1711 1028 1768 1060 sub

1028 1082 1297 1125 quibuscumque,
1324 1081 1473 1114 similium
1499 1081 1546 1113 vel
1571 1080 1768 1113 dissimilium

1028 1136 1202 1178 gratiarum
1220 1135 1483 1177 revocationibus,
1501 1134 1768 1178 suspensionibus,

1028 1189 1278 1229 limitationilnis,
1303 1188 1562 1231 derogationibus
1576 1193 1606 1221 et
1618 1188 1686 1220 aliis
1701 1189 1769 1232 qui-

1029 1242 1226 1286 buscumque
1246 1242 1514 1286 dispositionibus,
1531 1241 1624 1274 etiam
1641 1252 1697 1285 per
1713 1252 1770 1275 nos

1030 1301 1059 1328 et
1075 1306 1272 1329 successores
1286 1301 1411 1329 nostros
1430 1296 1588 1328 Romanos
1605 1295 1782 1328 Pontifices«

1029 1361 1086 1393 pro
1101 1354 1243 1394 tempore
1257 1349 1435 1390 existentes,
1449 1349 1506 1382 sub
1520 1349 1770 1392 quibuscumque

1030 1404 1200 1437 verborum
1234 1404 1395 1438 tenoribus
1426 1409 1456 1436 et
1485 1404 1613 1444 formis,
1639 1414 1674 1436 ac
1699 1414 1770 1436 cum

1031 1457 1192 1500 quibusvis
1217 1457 1365 1490 clausulis
1389 1462 1420 1490 et
1443 1457 1587 1497 decretis,
1609 1457 1703 1490 etiam
1723 1457 1772 1490 de-

1031 1511 1263 1553 rogatoriarum
1289 1510 1498 1553 derogatoriis
1513 1537 1520 1550 ,
1544 1521 1602 1554 pro
1628 1515 1772 1554 tempore

1031 1563 1293 1606 quomodolibet¹‚
1309 1563 1533 1606 comprehendi
1548 1564 1595 1596 vel
1613 1564 1771 1604 confundi,

1031 1616 1086 1649 sed
1110 1616 1148 1648 ab
1172 1617 1233 1648 illis
1258 1627 1386 1659 semper
1410 1622 1440 1649 ct
1471 1621 1625 1660 perpetuo
1651 1617 1771 1660 excipi,

1032 1673 1071 1709 et,
1089 1669 1211 1712 quoties
1231 1669 1302 1702 illae
1322 1670 1522 1709 emanabunt,
1541 1670 1631 1702 toties
1657 1670 1688 1702 in
1713 1671 1773 1713 pri-

1032 1723 1148 1755 stinum
1173 1726 1203 1756 et
1226 1723 1453 1756 validissimum
1474 1728 1587 1755 statum
1602 1723 1772 1765 restitutas,

1033 1777 1186 1821 repositas
1210 1782 1240 1809 et
1263 1777 1403 1820 plenarie
1428 1777 1651 1819 reintegratas,
1676 1788 1712 1810 ac
1736 1778 1774 1810 de

1032 1841 1113 1864 novo
1127 1831 1229 1873 etiam,
1241 1831 1298 1863 sub
1313 1841 1511 1874 quacumque
1524 1831 1692 1874 posteriori
1703 1831 1775 1865 data

1032 1884 1295 1927 quandocumque
1311 1884 1465 1927 eligenda,
1481 1895 1645 1918 concessas
1659 1895 1726 1918 esse
1745 1890 1775 1918 et

1033 1938 1108 1977 sore,
1123 1938 1230 1981 sicque
1241 1948 1521 1981 perquoscumque
1536 1938 1664 1980 iudices,
1680 1939 1773 1971 etiam

1034 2002 1198 2025 causarum
1223 1992 1329 2035 palatii
1354 1992 1518 2036 apostolici
1543 1993 1713 2033 auditores,
1739 2003 1774 2026 ac

1033 2046 1173 2079 eiusdem
1194 2051 1317 2079 sanctae
1342 2047 1501 2079 Romanae
1526 2047 1684 2079 Ecclesiae
1710 2057 1776 2079 car-

1033 2099 1168 2141 dinales,
1195 2100 1289 2132 etiam
1313 2099 1351 2132 de
1375 2100 1473 2133 latere
1497 2100 1616 2142 legatos
1642 2104 1672 2132 et
1696 2100 1776 2133 vice—

1033 2153 1164 2195 legatos,
1182 2153 1346 2196 dictaeque
1366 2153 1453 2186 Sedis
1476 2153 1618 2193 nuncios,
1638 2153 1772 2186 iudicari

1033 2212 1062 2239 et
1085 2207 1210 2240 deliniri
1234 2208 1358 2248 debere,
1384 2218 1419 2240 ac
1443 2207 1595 2251 quidquid
1613 2218 1703 2240 secus
1725 2219 1774 2241 su-

1032 2271 1087 2304 per
1111 2260 1159 2293 his
1183 2271 1201 2293 a
1225 2272 1406 2304 quoquam,
1431 2261 1540 2304 quavis
1564 2261 1749 2294 auctoritate
1764 2289 1771 2303 ‚

1033 2315 1166 2348 scienter
1190 2315 1239 2347 vel
1263 2315 1456 2357 ignoranter,
1482 2315 1649 2357 contigerit
1673 2320 1772 2348 atten-

1033 2369 1109 2410 tari,
1134 2368 1259 2402 irritum
1284 2373 1314 2401 et
1337 2369 1428 2401 inane
1453 2368 1661 2402 decernimus.

1078 2423 1092 2466 ἓ
1117 2422 1167 2455 ll.
1192 2422 1345 2461 Quocirca
1373 2422 1493 2455 dilectis
1521 2422 1593 2454 siliis
1615 2422 1774 2455 venerabi-

1034 2477 1110 2509 lium
1146 2476 1280 2509 fratrum
1314 2481 1496 2509 nostrorum
1530 2477 1713 2509 Parisiensis
1744 2482 1774 2510 et

1034 2528 1295 2571 Rotbomagensis
1326 2538 1361 2560 ac
1389 2528 1621 2571 Burdigalensis
1645 2528 1770 2562 archie-

1034 2582 1237 2626 piscoporum
1248 2581 1432 2614 officialibus
1445 2592 1503 2625 per
1518 2582 1688 2625 apostolica
1702 2582 1775 2615 scri-

1070 2645 1082 2672 1
1100 2644 1275 2680 Subintellige
1288 2645 1432 2680 faciendis
1451 2648 1497 2673 aut.
1515 2644 1633 2673 edendis
1651 2646 1689 2679 (fl.
1707 2645 1755 2679 r).

1667 223 1730 256 6029
1777 233 1826 259 An.
1841 233 1869 259 c,
1893 234 1959 260 1628

1815 2425 1971 2454 Exequutorum

1789 2452 1906 2478 deputatio,
