2269 3235
105 262 159 288 An.
173 260 200 288 G.
219 259 286 287 1623

145 2246 282 2268 aeson-min-

96 2278 133 2293 nes
144 2274 252 2298 generales
261 2277 282 2295 et

97 2300 208 2326 speciales.

907 253 1051 277 Ultimus

303 316 387 349 sura,
411 306 470 340 hac
493 305 560 339 viee
576 304 736 338 dumtaxat
753 301 929 348 specialiter
947 306 977 334 ct
994 311 1045 333 ex-

303 371 411 406 presse
432 364 674 402 commutamus,
699 358 830 401 aliisque
850 355 1043 400 praemissis,

302 425 338 448 ac
362 412 637 448 constitutionibus
654 416 684 445 et
698 409 948 446 ordinationibus
972 418 1044 452 apo-

302 467 430 510 stolicis,
455 476 578 500 necnon
594 465 693 499 dictae
710 464 822 497 domus
842 462 870 495 S.
890 461 1043 502 Andreae,

303 521 462 565 ipsiusque
487 519 620 561 Ordinis,
646 522 798 562 quatenus
818 515 849 549 in
865 516 969 559 aliquo
987 515 1043 548 ob-

302 578 392 616 stent,
403 574 496 608 etiam
512 573 698 614 iuramento,
716 569 955 604 confirmatione
972 579 1045 613 apo-

302 628 421 669 stolica,
438 627 485 660 vel
502 626 611 671 quavis
635 624 782 658 firmitate
798 623 869 664 alia,
887 622 1043 656 roboratis

301 681 423 715 statutis
436 685 466 714 et
479 677 767 720 consuetudinibus,
781 676 957 720 ceterisque
971 685 1044 709 eon-

303 735 406 770 trariis
429 733 688 778 quibuscumque.

345 789 456 823 Datum
467 788 594 827 Romae,
603 785 688 830 apud
699 785 728 819 S.
740 784 868 819 Mariam
882 783 1042 824 Maiorem,

301 852 382 877 anno
411 840 635 875 incarnationis
666 839 847 873 Dominicac
875 847 1041 878 nncxxul,

301 907 342 930 xv
356 895 506 930 kalendas
518 893 708 936 novembris,
723 892 924 939 pontificatus
940 891 1041 926 nostri

301 960 382 983 anno
398 960 417 983 1.

337 1012 397 1041 Dat.
417 1011 461 1040 die
480 1011 514 1039 18
534 1010 653 1039 octobris
675 1009 753 1043 1623,
774 1008 868 1045 pontif.
888 1016 931 1036 an.
951 1014 969 1035 1.

645 1162 693 1196 lx.

302 1235 463 1280 Requlae,
497 1234 718 1267 ordinationes
742 1236 770 1265 c!
794 1231 1038 1265 constitutiones

448 1287 662 1322 cancellariae
686 1285 891 1329 apostolicae.

344 1369 563 1403 Sanctissimus
575 1367 607 1401 in
623 1366 746 1401 Christo
760 1366 851 1399 Pater
864 1370 894 1398 et
907 1365 940 1398 D.
955 1365 989 1398 N.
1004 1365 1037 1398 D.

300 1422 442 1456 Urbanus
454 1421 559 1455 divina
572 1419 770 1466 providentia
783 1419 866 1464 Papa
879 1418 953 1459 vlu,
972 1429 1040 1452 suo-

298 1486 369 1509 rum
385 1475 664 1520 praedecessorum
683 1466 1038 1517 vestigiisinhaerendo,

297 1539 443 1564 normam
459 1534 490 1563 et
506 1528 650 1563 ordinem
661 1527 808 1571 gerendis
828 1527 902 1561 dare
920 1528 1038 1568 volens,

297 1584 329 1617 in
344 1583 516 1618 crastinum
529 1593 603 1617 suae
622 1582 846 1627 assumptionis
866 1582 905 1615 ad
923 1582 1038 1615 summi

297 1638 490 1682 apostolatus
513 1636 645 1681 apicem,
671 1635 814 1670 videlicet
827 1635 877 1670 die
894 1646 937 1669 vn
951 1645 1038 1676 men-

297 1691 339 1724 sis
358 1690 493 1734 augusti,
518 1700 599 1725 anno
619 1690 658 1724 ab
677 1690 895 1724 Incarnatione
914 1690 1037 1723 Domini

296 1754 450 1786 nncxmn,
475 1744 720 1785 reservatiOnes,
746 1744 984 1778 constitutiones
1008 1748 1039 1777 et

296 1799 421 1843 regulas
444 1799 660 1843 infrascriptas
684 1798 766 1840 fecit,
794 1808 871 1842 quas
888 1798 982 1832 etiam
1000 1808 1037 1832 ex

296 1859 369 1887 tunc
393 1853 466 1886 licet
489 1852 628 1887 nondum
652 1852 827 1897 publicatas
844 1855 874 1886 et
890 1862 947 1886 suo
963 1856 1038 1885 tem-

295 1917 374 1952 pore
397 1907 564 1941 duraturas
589 1907 753 1941 observari
777 1906 885 1947 voluit,
903 1916 939 1939 ac
959 1916 1037 1950 quas

296 1971 353 1995 nos
377 1961 553 1997 Ludovicus
576 1960 658 1996 tituli
683 1961 713 1995 S.
738 1960 896 1993 Laurentii
922 1960 954 1993 in
978 1960 1036 1993 Da-

295 2025 383 2048 maso
391 2014 555 2060 presbyter
563 2014 730 2048 cardinalis
738 2014 922 2047 Ludovisius
933 2013 1036 2047 SRE.

296 2068 580 2111 vicecancellarius,
605 2068 655 2101 die
679 2078 734 2101 xm
759 2067 876 2100 mensis
897 2068 1038 2101 octobris

295 2122 370 2156 dicti
394 2122 466 2156 anni
490 2123 522 2156 in
546 2122 732 2157 cancellaria
749 2122 920 2166 apostolica
937 2121 1039 2166 puhli-

296 2175 360 2209 cari
384 2176 523 2210 fecimus.

340 2230 370 2263 1.
384 2230 418 2264 In
434 2229 545 2275 primis
565 2230 637 2264 fecit
654 2229 779 2264 easdem
797 2229 1037 2272 reservationes,

297 2294 377 2328 quae
401 2283 432 2317 in
455 2284 677 2318 constitutione
694 2283 791 2317 felicis
808 2284 1037 2318 recordationis

297 2337 455 2372 Benedicti
478 2338 581 2382 Papae
603 2338 667 2381 XII,
683 2348 762 2382 quae
783 2337 902 2381 incipit,
916 2337 970 2372 Ad
986 2348 1036 2371 re-

296 2392 418 2436 mman,
433 2392 643 2433 continentur,
669 2395 698 2426 et
722 2391 790 2425 illas
815 2391 984 2433 innovavit,
1001 2402 1037 2426 ac

296 2445 402 2479 locum
432 2444 551 2479 habere
584 2445 701 2488 voluit,
734 2445 855 2479 etiamsi
888 2445 1036 2479 officiales

295 2504 366 2532 ante
389 2498 509 2533 obitum
534 2509 644 2533 eorum
663 2509 731 2532 esse
755 2499 915 2541 desierint,
932 2499 1036 2543 quoad

294 2552 466 2594 beneficia,
490 2562 572 2596 quae
596 2557 759 2597 tempore,
791 2563 854 2596 quo
885 2552 1035 2586 officiales

295 2612 392 2648 erant,
417 2606 612 2646 obtinebant;
633 2606 796 2640 declarans
819 2607 1035 2648 nihilominus,

293 2659 457 2701 beneficia,
481 2670 561 2704 quae
585 2659 684 2693 dictae
701 2660 788 2693 Sedis
805 2660 964 2701 officiales,
981 2661 1033 2703 qui

397 2722 577 2758 Bulaflom.
593 2737 627 2742 -
647 2722 703 2748 Vol.
725 2722 807 2749 XIII.
973 2726 988 2751 8

1079 252 1132 275 vm
1159 252 1205 275 rr.
1746 238 1785 270 :37

1079 300 1200 334 ratione
1224 297 1402 332 officiorum
1425 305 1555 329 suorum
1582 295 1761 327 huiusmodi
1791 308 1823 324 t·-

1078 353 1200 386 iusdem
1218 352 1306 386 Sedis
1322 350 1436 385 notarii
1457 353 1555 390 erant,
1574 349 1666 381 etiam
1684 348 1821 381 dimissis

1078 406 1155 450 ipsis
1179 406 1291 439 officiis
1315 410 1346 437 et
1372 404 1635 448 quandocumque
1664 402 1821 445 assequuti

1078 459 1216 501 suerint,
1241 459 1300 491 sub
1336 457 1518 491 huiusmodi
1553 455 1821 489 reservatiouibus

1077 511 1316 556 comprehendi.
1328 512 1371 543 Ac
1384 510 1556 543 reservavit
1565 509 1728 551 beneficia,
1742 519 1821 552 quae

1076 576 1133 610 per
1158 564 1416 598 constitutionem
1441 563 1511 607 piac
1536 563 1708 596 memoriae
1736 563 1823 595 loan-

1076 619 1125 652 nis
1150 619 1251 662 Papae
1274 617 1374 659 XXlI,
1401 625 1480 660 quac
1505 616 1629 660 incipit,
1654 616 1823 650 navem-abs-

1078 673 1141 713 lis,
1166 676 1277 705 vacant
1308 670 1356 703 vel
1380 679 1492 703 vacare
1516 669 1700 712 contigerit3
1726 680 1821 713 quam

1077 725 1332 760 constitutionem
1358 728 1388 756 et
1412 722 1657 756 reservationem
1675 723 1822 755 Sanctita-

1076 780 1115 814 tis
1140 779 1219 813 Suae
1244 783 1307 811 tam
1332 777 1371 810 ad
1394 776 1548 810 beneficia
1573 776 1709 816 obtenta,
1727 787 1821 819 quam

1076 833 1136 866 alia
1161 841 1390 877 quaecumque,
1416 830 1455 863 de
1479 829 1593 874 quibus
1619 829 1774 862 Ordinarii
1793 834 1823 862 et

1075 886 1127 921 alii
1151 886 1319 920 collatores
1348 888 1457 918 contra
1487 882 1616 917 Concilii
1649 882 1821 915 Tridentini

1075 941 1202 975 decreta
1226 939 1451 983 disposuerunt
1475 942 1505 970 et
1529 937 1707 981 disponent,
1722 937 1754 968 in
1778 936 1822 968 su-

1076 999 1182 1028 turum
1206 991 1343 1026 extendit
1368 996 1399 1025 et
1423 990 1592 1035 ampliavit.
1619 990 1655 1023 Et
1671 1000 1708 1023 ea
1728 989 1822 1023 etiam

1075 1047 1227 1082 beneficia
1252 1045 1357 1080 onmia
1374 1044 1572 1089 dispositioni
1593 1054 1667 1077 suae
1684 1054 1823 1077 reserva-

1075 1102 1127 1142 vit,
1150 1100 1189 1133 de
1213 1099 1328 1144 quibus
1353 1109 1410 1143 per
1434 1098 1536 1131 dictos
1562 1097 1744 1131 Ordinarios
1769 1101 1822 1131 aut

1074 1155 1152 1188 alios
1184 1154 1351 1187 collatores
1384 1156 1494 1186 contra
1524 1151 1664 1185 eiusdem
1691 1151 1821 1185 Concilii

1074 1209 1276 1242 decretorum
1301 1207 1437 1240 formam
1458 1206 1646 1250 dispositum
1671 1206 1775 1239 fuerit.

1118 1261 1147 1294 2.
1178 1261 1255 1294 Item
1288 1259 1459 1293 reservavit
1490 1259 1680 1302 generaliter
1711 1269 1820 1293 omnes

1074 1314 1221 1348 ecclesias
1254 1312 1499 1358 patriarchales,
1532 1312 1744 1356 primatiales,
1775 1323 1821 1345 ar-

1073 1367 1331 1412 chiepiscopales,
1349 1366 1555 1411 episcopales,
1573 1375 1696 1399 necnon
1715 1367 1820 1399 onmia

1073 1421 1263 1456 monasteria
1287 1420 1429 1453 virorum
1446 1419 1587 1453 valorem
1607 1429 1746 1452 annuum
1767 1420 1820 1452 du-

1072 1480 1237 1509 centorum
1255 1474 1452 1507 florenorum
1469 1473 1537 1505 auri
1555 1473 1716 1506 communi
1731 1473 1819 1506 aesti-

1072 1529 1210 1563 matione
1234 1528 1433 1569 excedentia,
1457 1537 1541 1560 nunc
1565 1527 1817 1571 quomodocum-

1072 1595 1133 1629 que
1158 1583 1299 1617 vacantia
1324 1587 1354 1617 et
1377 1582 1583 1626 imposterum
1613 1587 1768 1623 vacatura,
1789 1589 1819 1616 et

1072 1638 1170 1672 voluit
1190 1637 1275 1682 quod
1292 1647 1439 1670 excessus
1456 1636 1636 1669 huiusmodi
1654 1637 1685 1669 in
1704 1637 1817 1670 litteris

1071 1692 1276 1736 exprimatur.
1291 1691 1334 1724 Ac
1351 1690 1445 1724 etiam
1462 1689 1634 1723 reservavit
1650 1689 1818 1732 dignitates

1071 1751 1101 1779 et
1124 1744 1278 1778 beneficia
1303 1744 1409 1778 omnia
1433 1743 1472 1777 ad
1497 1743 1708 1784 collationem,
1729 1754 1818 1787 prae-

1072 1799 1279 1834 sentationem
1304 1803 1335 1832 et
1362 1797 1549 1832 electionem
1578 1802 1608 1830 et
1636 1807 1818 1840 quamcum-

1071 1865 1131 1899 que
1155 1853 1248 1886 aliam
1278 1851 1517 1896 dispositionem
1548 1850 1816 1895 patriarcharum,

1070 1908 1280 1952 primatuum,
1305 1906 1619 1950 archiepiscoporum
1642 1910 1672 1938 et
1696 1906 1818 1949 episco-

1070 1972 1196 2007 porum,
1212 1971 1334 1994 necnon
1358 1960 1517 2001 abbatum,
1535 1970 1570 1993 ac
1588 1959 1722 1993 aliorum
1743 1970 1818 2003 quo-

1071 2025 1280 2059 rumcumque
1316 2014 1503 2048 collatorum
1535 2017 1565 2047 et
1596 2013 1816 2052 collatricum,

1071 2068 1263 2102 secularium
1287 2072 1317 2101 et
1340 2066 1554 2110 regularium,
1579 2066 1818 2110 quomodolibet

1072 2124 1148 2167 (non
1172 2128 1275 2155 tamen
1300 2121 1339 2155 ad
1363 2121 1562 2155 collationem
1587 2131 1659 2154 cum
1679 2120 1750 2161 alio,
1768 2121 1815 2153 vel

1071 2176 1150 2218 aliis,
1174 2181 1227 2209 aut
1251 2176 1345 2209 etiam
1371 2175 1410 2208 ad
1434 2175 1563 2207 alterius
1588 2175 1815 2218 praesentatio-

1070 2241 1141 2264 nem
1156 2257 1164 2271 ,
1189 2229 1237 2263 vel
1270 2229 1469 2273 electionem)
1498 2228 1685 2273 pertinentia
1700 2256 1707 2269 ,
1735 2239 1815 2272 quae

1070 2289 1140 2329 post
1165 2284 1293 2317 illorum
1313 2283 1445 2324 obitum,
1463 2289 1517 2316 aut
1536 2283 1742 2316 ecclesiarum
1761 2294 1815 2316 seu

1071 2338 1358 2379 monasteriorum,
1383 2337 1431 2370 vel
1464 2337 1596 2370 aliarum
1628 2336 1815 2379 dignitatum

1070 2402 1198 2426 suarum
1223 2391 1440 2424 dimissionem
1457 2391 1505 2423 vel
1522 2390 1742 2434 privationem,
1760 2401 1814 2423 seu

1070 2446 1317 2487 translationem,
1342 2446 1389 2479 vel
1416 2445 1491 2477 alias
1516 2444 1814 2488 quomodocumque

1070 2500 1257 2541 vacaverint,
1277 2510 1377 2543 usque
1396 2499 1435 2532 ad
1454 2498 1667 2542 provisionem
1689 2509 1813 2531 sueces-

1070 2565 1177 2589 sorum
1202 2554 1241 2587 ad
1266 2554 1389 2587 easdem
1415 2552 1573 2593 eeclesias,
1591 2557 1643 2585 aut
1661 2558 1814 2585 monaste-

1070 2609 1127 2649 ria,
1156 2608 1204 2641 vel
1228 2607 1406 2650 dignitates,
1431 2606 1602 2650 apostolica
1625 2606 1812 2639 auctoritate

1070 2662 1253 2704 faciendam,
1272 2666 1300 2694 et
1321 2660 1466 2705 adeptam
1488 2661 1526 2693 ab
1551 2660 1666 2694 eisdem
1693 2671 1813 2694 succes-

1834 247 1884 273 ᾹΗ,
1900 249 1926 273 (Ζ,
1950 248 2013 273 tow

1849 1273 1973 1293 Reservatio
1987 1279 2021 1294 ra·

1835 1299 1961 1319 llwnlrahum
1986 1306 2020 1320 ee-

1835 1326 2019 1346 elesiarumetmo-

1835 1353 1982 1374 nasterlusum.
1993 1359 2018 1373 ac

1835 1379 1860 1398 tlt·
1877 1382 1969 1404 tempore
1985 1386 2019 1398 1-1-

1834 1435 1920 1457 patuum
1941 1435 1959 1452 rt
1984 1438 2018 1452 sa-

1834 1461 1954 1478 caturnrum
1992 1466 2017 1479 u:-

1834 1486 1964 1506 uelicwrum.
