2269 3235
248 266 297 292 Λη.
319 265 347 291 (2.
368 265 435 291 ¹026

314 1338 426 1362 Dowgauo

244 1368 404 1384 cruitrarwruui.

482 256 545 289 lifts»

446 314 660 354 conventibus,
685 314 841 352 domibus,
862 312 1062 356 fu·ioratiluis,
1084 312 1187 356 bospi-

447 367 505 410 tiis,
527 367 676 407 ecclesiis,
701 366 918 409 hospitalibus,
941 365 1091 408 grangiis,
1109 370 1187 398 cete-

447 420 551 463 risque
577 419 652 451 locis
675 418 875 461 regularibus
896 418 1079 451 eorumdem
1101 418 1187 451 Ordi-

445 473 493 506 nis
518 477 545 505 ct
571 472 833 515 congregationis,
858 472 1058 516 quantumvis
1087 482 1187 505 exem-

446 527 506 570 ptis
517 526 562 559 et*
574 526 787 569 privilegiatis,
802 526 992 559 breviarium
1007 531 1037 559 et
1051 526 1186 567 missale,

446 580 489 612 sic
510 584 542 611 ut
567 580 754 623 praefertur,
773 579 866 619 edita,
885 579 1053 620 veteribus,
1073 579 1187 623 quibus

445 631 535 665 antea
560 632 736 674 utebantur,
760 633 889 666 omuino
912 633 1112 677 postpositiS,
1141 643 1187 666 re-

445 685 570 729 cipiant,
588 696 623 718 ac
644 686 740 730 recipi
765 691 796 719 ct
818 686 949 727 admitti,
969 686 1077 730 eisque
1102 686 1187 719 dein-

445 749 530 782 ceps,
548 738 585 770 ad
606 739 742 782 publice,
760 739 969 783 privatimque
994 739 1024 772 in
1042 739 1140 772 choro
1157 743 1187 773 et

445 796 531 824 extra
555 792 759 835 precandum,
780 792 989 835 psallendum,
1006 803 1041 825 ac
1064 792 1185 835 missas,

444 844 600 887 horasque
625 845 790 877 canonicas
821 845 1022 878 celebrandas
1046 849 1077 877 et
1100 845 1183 877 reci-

445 897 562 939 tandas,
582 897 612 929 in
633 898 780 930 omnibus
797 902 825 930 ct
846 908 904 941 per
929 897 1032 930 omnia
1052 897 1095 930 uti
1114 908 1184 931 eum

445 950 557 983 effectu
591 956 698 983 curent
725 955 754 983 et
779 950 912 989 saciant;
938 951 1186 984 contradictores

444 1004 610 1048 quoslibet,
635 1004 718 1037 acin
737 1004 918 1047 praemissis
942 1014 1005 1037 non
1030 1009 1185 1048 parentes,

443 1069 500 1103 per
517 1069 664 1092 censuras
681 1064 709 1091 et
726 1069 844 1102 poenas
860 1059 1097 1099 ecclesiasticas,
1114 1059 1187 1091 alia-

443 1122 503 1155 que
528 1117 706 1155 opportuna
730 1111 808 1144 iuris
826 1115 855 1145 et
874 1112 945 1144 sacti
966 1112 1115 1154 remedia,
1137 1123 1187 1156 ap-

443 1164 610 1207 pellatione
634 1164 817 1208 postposita,
837 1165 1077 1208 compescendo,
1099 1165 1186 1198 invo-

443 1222 512 1250 cato
537 1218 630 1250 etiam
655 1218 693 1250 ad
718 1218 787 1259 hoc,
806 1218 830 1251 si
851 1229 929 1262 opus
946 1219 1048 1259 suerit,
1070 1219 1186 1252 auxilio

443 1271 563 1304 brachii
588 1271 748 1304 secularis.

487 1325 501 1368 ἓ
526 1325 554 1357 5.
581 1325 649 1358 Non
679 1325 874 1359 obstantibus
907 1325 1033 1359 decreto
1058 1326 1184 1370 capituli

443 1379 598 1421 generalis
611 1379 781 1423 praedicto,
799 1379 930 1423 aliisque
947 1379 1137 1423 praemissis,
1156 1385 1186 1413 et

443 1432 603 1475 quibusvis
629 1432 903 1466 constitutionibus
928 1438 958 1465 et
981 1432 1187 1466 ordinationi-

442 1485 500 1518 bus
525 1486 713 1529 apostolicis,
735 1491 773 1528 et,
795 1492 948 1529 quatenus
966 1497 1046 1530 opus
1067 1486 1115 1527 sit,
1133 1486 1186 1520 Or-

442 1538 522 1571 dinis
548 1544 577 1571 et
602 1539 856 1582 congregationis
880 1539 1060 1572 huiusmodi
1077 1539 1183 1583 (etiam

442 1591 629 1632 iuramento,
654 1592 892 1626 confirmatione
917 1593 1111 1636 apostolica,
1136 1594 1184 1626 vel

442 1645 550 1689 quavis
574 1645 722 1678 firmitate
739 1645 799 1678 alia
825 1646 993 1686 roboratis,
1008 1647 1130 1679 statutis
1155 1652 1184 1679 et

443 1699 731 1739 consuetudinibus,
746 1699 919 1743 privilegiis
932 1710 1068 1743 quoque,
1086 1700 1185 1733 indul·
1199 1703 1201 1710 '

442 1752 499 1792 tis,
519 1752 770 1795 exemptionibus
802 1758 831 1785 et
855 1753 968 1786 litteris
992 1753 1182 1797 apostolicis,

442 1804 559 1837 eisdem
584 1804 691 1838 Ordiui
713 1810 743 1837 et
766 1806 1018 1849 congregationi,
1044 1806 1184 1839 illorum-

442 1869 502 1902 que
527 1857 707 1899 abbatibus,
738 1859 983 1902 presidentibus,
1012 1859 1182 1903 prioribus,

442 1911 659 1956 superioribus
688 1917 718 1945 et
748 1913 931 1952 monachis,
955 1923 991 1945 ac
1021 1913 1183 1957 quibusvis

442 1966 520 2007 aliis,
538 1966 596 1999 sub
622 1966 873 2010 quibuscumque
898 1966 1058 1999 tenoribus
1076 1971 1106 1999 et
1124 1966 1184 2000 sor-

442 2019 518 2060 mis,
544 2029 579 2052 ac
604 2030 675 2052 cum
701 2019 862 2062 quibusvis
891 2019 984 2051 etiam
1010 2019 1180 2062 derogato-

442 2072 559 2105 riarum
575 2072 793 2115 derogatoriis,
811 2072 941 2116 aliisque
955 2072 1184 2106 efficacioribus

442 2131 471 2158 et,
503 2125 635 2159 insolitis
658 2126 815 2165 clausulis,
839 2136 962 2159 necnon
987 2126 1183 2160 irritantibus

442 2185 472 2212 et.
496 2179 564 2212 aliis
581 2179 724 2220 decretis,
750 2179 782 2211 in
806 2190 922 2222 genere
940 2180 986 2212 vel
1012 2180 1043 2212 in
1068 2180 1182 2223 specie,

442 2243 477 2266 ac
494 2233 577 2274 alias,
592 2232 623 2264 in
637 2233 831 2265 contrarium
847 2233 1096 2277 praemissorum
1110 2244 1184 2278 quo-

442 2285 612 2319 modolibet
638 2286 804 2327 concessis,
830 2287 1023 2320 confirmatis
1044 2292 1074 2320 et
1097 2287 1184 2320 inno-

442 2340 528 2372 vatis.
547 2339 664 2379 Quibus
689 2339 835 2372 omnibus
852 2345 881 2372 et
901 2340 1041 2383 siugulis,
1062 2340 1182 2373 etiamsi

442 2392 480 2425 de
512 2393 573 2425 illis
605 2393 769 2437 specialis,
802 2393 947 2437 specifica
975 2400 1004 2427 et,
1037 2405 1184 2439 expressa

444 2448 560 2479 nir-ntia
580 2447 723 2480 habenda
741 2452 831 2487 esset,
849 2447 976 2480 illorum
993 2448 1136 2481 omnium
1154 2454 1183 2481 et

444 2499 639 2541 singulorum
656 2505 781 2533 tenores
792 2501 1011 2544 praesentibus
1023 2512 1081 2545 pro
1093 2502 1184 2546 plene

443 2559 469 2585 et
498 2553 686 2586 sufficienter
722 2554 879 2597 expressis
912 2559 942 2587 et
972 2554 1097 2589 insertis
1121 2555 1180 2587 ha-

445 2606 570 2646 bentes,
591 2606 649 2639 hac
674 2606 740 2639 vice
764 2607 924 2642 dumtaxat
947 2608 1124 2652 specialiter
1152 2614 1183 2642 et

480 2669 490 2695 1
510 2667 579 2695 Edit.
597 2667 674 2696 Main.
691 2668 755 2704 legit
769 2678 804 2697 ex
818 2671 856 2704 (u.
873 2671 921 2704 τ.).

1015 265 1110 287 ΒΗΜΛ
1117 263 1194 288 ulum
1218 263 1371 287 ROMANUM

1220 322 1365 356 expresse
1382 311 1583 354 derogamus,
1601 312 1774 356 ceterisque
1793 312 1960 347 contrariis

1220 365 1481 409 quibuscumque.

1264 418 1279 461 ξ,
1303 417 1332 450 6.
1352 418 1501 451 Volumus
1518 421 1633 458 autem,
1651 417 1734 461 quod
1747 420 1958 462 praesentium

1220 471 1434 514 transumptis,
1455 470 1548 504 ctiam
1565 470 1737 515 impressis,
1759 480 1852 504 manu
1875 476 1961 506 nota-

1220 524 1258 557 rii
1279 524 1396 568 publici
1413 524 1608 568 subscriptis,
1630 529 1660 557 et
1679 524 1783 567 sigillo
1807 535 1960 569 personae

1220 577 1252 610 in
1276 577 1426 621 dignitate
1451 577 1662 611 ecclesiastica
1687 577 1873 610 constitutae
1896 588 1961 611 mu-

1219 631 1302 672 nitis,
1318 631 1426 665 eadem
1442 641 1574 676 prorsus
1591 631 1668 664 fides
1680 630 1798 675 ubique
1816 631 1961 665 locorum

1220 684 1390 727 habeatur,
1419 695 1500 729 quae
1530 684 1605 728 ipsis
1628 684 1847 728 praesentibus
1870 685 1963 718 habe-

1220 743 1317 780 retur,
1335 738 1360 771 si
1385 738 1487 771 forent
1511 737 1667 771 exhibitae
1691 738 1740 770 vel
1765 741 1916 772 ostensae.

1264 791 1375 823 Datum
1399 791 1526 832 Romae,
1544 791 1626 835 apud
1654 791 1682 824 S.
1708 791 1837 824 Mariam
1865 791 1961 825 Maio-

1220 854 1298 887 rem,
1316 844 1374 877 sub
1401 845 1516 877 annulo
1543 844 1719 885 piscatoris,
1741 844 1791 877 die
1819 854 1863 878 vu
1886 844 1961 877 maii

1221 907 1374 939 uncxxvi,
1395 898 1596 942 pontificatus
1616 898 1716 931 nostri
1741 909 1822 931 anno
1846 909 1890 932 111.

1256 959 1313 987 Dat.
1331 959 1374 986 die
1390 959 1404 986 7
1420 958 1485 986 maii
1506 959 1584 993 1626,
1601 959 1696 994 pontif.
1713 968 1783 987 anno
1797 967 1835 987 ιιι.

1551 1101 1632 1134 CCII.

1219 1180 1426 1223 Beatificalio
1450 1181 1645 1214 venerabilis
1670 1181 1785 1215 Servae
1808 1182 1869 1215 Dei
1891 1181 1962 1215 Ma-

1264 1234 1334 1267 riae
1357 1233 1573 1277 Maqdalenae
1601 1233 1638 1267 de
1661 1234 1791 1275 Panis,
1817 1244 1889 1267 cum
1913 1236 1963 1278 fa-

1264 1288 1384 1320 cultate
1409 1286 1593 1320 celebrandi
1612 1288 1747 1320 missam
1767 1291 1796 1321 et
1820 1287 1964 1331 officium

1264 1341 1301 1374 dc
1326 1342 1361 1374 ert
1385 1342 1506 1375 Romae
1530 1344 1559 1373 et
1583 1340 1804 1375 Florentiae¹.

1432 1422 1571 1449 Urbanus
1582 1421 1661 1455 Papa
1673 1422 1749 1453 vm,

1338 1467 1375 1495 ad
1393 1470 1570 1501 perpetuam
1589 1466 1635 1493 rei
1655 1467 1836 1495 memoriam.

1263 1539 1297 1572 In
1322 1538 1400 1572 Sede
1424 1539 1577 1582 Principis
1606 1539 1843 1583 apostolorum,
1867 1541 1962 1574 nullis

1219 1592 1292 1625 licet
1314 1592 1431 1625 nostris
1456 1592 1702 1635 suffragantibus
1722 1593 1853 1634 meritis,
1870 1604 1888 1626 a
1906 1593 1963 1627 Do-

1219 1646 1304 1679 mino
1321 1645 1492 1684 constituti,
1509 1646 1568 1689 piis
1584 1645 1726 1678 fidelium
1743 1646 1833 1687 votis,
1847 1647 1962 1690 quibus

1219 1700 1369 1732 virtutum
1405 1699 1555 1732 Dominus
1588 1700 1619 1732 iu
1643 1700 1741 1733 servis
1777 1705 1807 1733 et
1841 1701 1962 1734 aucillis

1219 1753 1282 1785 suis
1307 1752 1546 1793 honorificatur,
1566 1753 1700 1786 libenter
1719 1753 1897 1796 annuimus,
1915 1764 1962 1787 ea-

1218 1816 1279 1850 que
1304 1805 1464 1839 savoribus
1499 1806 1723 1850 prosequimur
1753 1807 1960 1850 opportunis,

1217 1864 1312 1903 prout
1336 1859 1368 1891 in
1391 1858 1525 1892 Domino
1561 1859 1772 1903 conspicimus
1801 1860 1959 1904 expedire.

1262 1913 1277 1956 g
1306 1913 1330 1945 l.
1356 1913 1436 1946 Sane
1459 1924 1518 1957 pro
1543 1918 1632 1956 parte
1653 1913 1758 1946 dilecti
1786 1913 1842 1946 filii
1870 1913 1960 1947 nobi-

1219 1967 1256 2000 lis
1273 1966 1332 1999 viri
1357 1966 1565 2000 adolescentis
1589 1966 1779 1999 Ferdinandi
1795 1967 1961 2001 Hetruriae

1219 2020 1277 2053 sibi
1295 2019 1453 2053 subiectae
1477 2020 1583 2063 magni
1603 2019 1700 2063 ducis,
1720 2030 1756 2053 ae
1775 2020 1961 2054 dilectarum

1219 2075 1250 2107 in
1264 2074 1387 2108 Christo
1400 2073 1537 2107 filiarum
1550 2074 1705 2107 nobilium
1721 2074 1890 2107 mulierum
1904 2075 1962 2107 Ma-

1219 2127 1283 2160 riae
1314 2126 1513 2169 Magdalenae
1548 2127 1781 2160 arehiducissae
1818 2127 1962 2161 Austriae

1219 2186 1248 2214 et
1272 2181 1446 2215 Cliristinae
1471 2192 1487 2213 a
1514 2181 1716 2224 Lotharingia
1740 2181 1907 2214 Hetruriae
1924 2182 1962 2215 si-

1219 2234 1335 2267 militer
1360 2234 1419 2267 sibi
1450 2234 1609 2268 subiectae
1638 2245 1826 2278 magnarum
1851 2235 1960 2269 ducis-

1218 2298 1326 2321 sarum
1350 2287 1535 2329 viduarum,
1560 2298 1683 2321 necnon
1706 2288 1876 2332 priorissae
1892 2317 1899 2331 ,
1925 2299 1961 2323 ac

1218 2340 1401 2374 monialium
1436 2341 1619 2374 monasterii
1654 2341 1683 2374 S.
1719 2341 1834 2374 Mariae
1864 2343 1963 2386 Ange-

1217 2395 1321 2428 lorum
1356 2394 1529 2438 nuncupati
1564 2394 1596 2427 in
1631 2394 1736 2438 burgo
1769 2395 1798 2428 S.
1823 2395 1961 2429 Fridiani

1218 2447 1350 2481 civitatis
1375 2447 1592 2490 Florentinae,
1618 2447 1710 2481 nobis
1740 2458 1842 2492 nuper
1866 2459 1961 2493 expo-

1218 2501 1310 2534 situm
1335 2501 1402 2542 suit,
1427 2501 1512 2545 quod
1535 2501 1635 2535 bonae
1660 2502 1833 2535 memoriae
1849 2503 1962 2536 ancilla

1218 2554 1271 2588 Dei
1289 2554 1385 2588 Maria
1397 2554 1579 2598 Magdalena
1596 2555 1633 2588 de
1648 2555 1753 2589 Pazzis
1769 2555 1959 2598 Florentina,

1218 2608 1362 2642 monialis
1386 2608 1460 2643 dicti
1484 2609 1686 2651 monasterii,
1706 2610 1813 2644 multis
1838 2609 1959 2643 eximiis

1254 2673 1265 2698 1
1283 2670 1321 2698 Ex
1337 2671 1444 2707 Regest.
1461 2671 1488 2698 in
1503 2671 1605 2700 Secret.
1622 2671 1700 2700 Brev.

1959 265 2011 292 An.
2040 265 2070 292 C.
2088 264 2157 293 1626

2010 434 2072 456 Fides
2087 435 2158 456 danda

1975 463 2117 489 transumptis.

2003 1552 2124 1573 Exordium.

2014 1926 2105 1952 Magnae
2120 1926 2161 1947 He-

1975 1953 2055 1973 trun-iae
2100 1953 2161 1974 ducis

1975 1985 2058 2006 preces.
