2269 3235
131 220 180 248 An.
196 218 225 247 C.
247 216 315 245 1628

936 215 1078 239 URBANUS
1096 214 1152 239 vm
1172 214 1220 238 Pr.

330 272 456 307 quoque
491 262 798 307 archipresbyterum
834 268 864 295 et
896 263 1086 307 capitulum*

332 326 427 359 super
450 316 640 360 praemissis,
666 327 841 359 eorumque
866 316 1069 349 eircmnstan-

333 369 381 403 tiis
406 370 576 412 universis,
601 371 691 404 etiam
717 381 773 414 per
798 380 953 403 cameram
979 380 1067 412 prac—

332 422 458 464 dictam,
478 423 607 467 eiusque
620 428 747 466 agentes
762 423 808 456 vcl
825 421 1068 461 commissarios,
1085 458 1087 463 ι

333 481 386 509 aut
409 476 573 521 deputatos
589 482 619 510 et
642 477 763 510 viarum
781 475 949 518 magistros
965 474 1070 507 liuius-
1085 483 1087 499 ¹

334 530 439 571 modi,
464 531 572 574 quavis
603 530 788 564 auctoritate
812 529 859 562 vel
890 532 1088 572 praetextu„

334 583 570 627 quomodolibet
594 582 771 623 molestari,
795 581 996 626 perturbari,
1029 581 1071 613 in-

334 637 468 681 quietari
492 638 540 670 vel
564 636 709 680 impediri
738 646 801 669 non
832 645 945 679 posse,
970 644 1071 678 neque

335 690 470 731 debere;
496 694 739 734 praesentesque
763 689 892 729 litteras,
917 688 1010 721 etiam
1035 697 1089 722 ex:

336 754 383 785 eo,
407 743 488 786 quod
513 742 652 775 eiusdem
677 752 820 775 camerae
851 746 999 785 agentes,
1024 738 1090 773 rel'

336 795 476 838 magistri
506 795 679 839 praedicti,
714 800 767 828 aut
799 795 989 839 quicumque
1021 794 1090 827 atili

334 850 485 882 interesse
508 848 658 882 habentes
681 850 727 882 vel
752 848 1004 893 praetendentes,
1021 853 1073 881 aut

335 905 490 946 putantes,
515 902 554 935 ad
578 903 638 936 hoc
663 903 762 936 vocati
787 913 850 935 non
874 902 1000 943 suerint,
1025 902 1073 934 vel

335 955 442 998 quavis
466 966 522 989 seu
545 956 707 999 quibusvis
731 956 799 989 aliis
820 956 931 996 causis,
948 955 985 988 de
1006 955 1074 988 sub-

336 1009 486 1052 reptionis
516 1010 565 1043 vel
596 1010 811 1054 obreptionis,
839 1020 894 1043 seu
923 1009 1074 1042 nullitatis

338 1062 419 1106 vitio,
445 1068 498 1096 aut
521 1063 701 1097 intentionis
725 1068 868 1105 nostrae,
893 1064 941 1097 vel
965 1063 1093 1107 quovis>

337 1116 398 1150 alio
422 1116 545 1150 defectu
569 1117 690 1158 notari,
716 1128 770 1150 seu
795 1117 997 1161 impugnari,
1023 1121 1076 1149 aut

338 1170 413 1203 alias
436 1170 674 1214 quomodolibet
690 1170 819 1214 infringi
835 1171 884 1203 vel
902 1169 1076 1210 retractari,

338 1233 394 1256 seu
418 1224 510 1256 etiarn
535 1224 688 1265 revocari,
713 1224 882 1268 suspendi,
907 1222 1076 1266 restringi,

338 1276 485 1318 limitari,
510 1277 557 1310 vel
583 1277 627 1310 eis
651 1277 682 1309 in
707 1277 812 1320 aliquo
842 1277 989 1320 derogari
1013 1277 1079 1309 nul—

339 1330 459 1364 latenus
484 1341 636 1374 umquam
661 1341 763 1375 posse,
788 1331 841 1364 sed
866 1331 933 1364 illas
955 1341 1079 1374 semper

339 1388 369 1417 et
392 1389 546 1428 perpetuo
571 1384 687 1417 validas
718 1389 748 1417 et
781 1384 922 1417 efficaces
946 1384 1079 1417 existere

340 1442 370 1470 et
392 1438 469 1478 sore,
494 1448 629 1481 suosque
645 1437 804 1481 plenarios
825 1437 953 1471 effectus
973 1437 1079 1470 sortiri

340 1494 370 1525 et
396 1491 558 1532 obtinere,
584 1502 620 1524 ac
644 1492 683 1524 ab
715 1491 878 1532 omnibus,
907 1502 985 1534 quos
1009 1491 1098 1523 illael

341 1550 535 1578 concernunt
559 1551 589 1578 et
617 1550 808 1579 concernent
843 1545 1098 1588 quomodolibet*

341 1598 372 1630 in
392 1599 542 1639 futurum,
559 1598 780 1632 inviolabiliter
797 1603 951 1642 perpetuo
977 1598 1082 1631 obser-
1097 1632 1099 1647 r

341 1652 416 1693 vari,
442 1653 548 1696 sicque
572 1652 604 1684 in
627 1652 809 1696 praemissis
835 1652 966 1692 censeri,
984 1662 1019 1684 ac
1040 1649 1099 1695 ita}

340 1715 396 1749 per
410 1716 627 1749 quoscumque
652 1705 771 1739 iudices
788 1711 818 1739 et
835 1705 1080 1745 commissarios,
1098 1701 1099 1744 ᾖ

342 1755 449 1802 quavis
473 1759 658 1793 auctoritate
682 1759 858 1803 fungentes,
883 1759 976 1792 etiam
1005 1746 1099 1792 eius-¹

343 1812 413 1845 dem
442 1824 585 1846 camerae
611 1809 844 1855 camerarium,
868 1812 1100 1857 praesidentes*

344 1870 374 1899 et
398 1866 538 1908 clericos,
563 1878 598 1900 ac
623 1867 716 1900 etiam
739 1867 814 1900 dicti
838 1866 944 1911 palatii
974 1877 1082 1899 causa-

344 1931 414 1953 rum
439 1921 612 1962 auditores,
638 1921 1101 1965 eorumquelocumtenentes,¹

343 1985 466 2009 necnon
490 1976 519 2009 S.
536 1977 570 2009 R.
595 1976 628 2009 E.
654 1976 847 2018 cardinales,
874 1981 904 2009 et
928 1976 1021 2010 etiam
1046 1976 1101 2008 de*

344 2028 440 2062 latere
457 2030 587 2072 legatos,
605 2040 779 2073 eorumque
797 2030 985 2073 vicelegatos
1003 2029 1085 2073 (sub-

344 2082 405 2115 lata
430 2083 474 2116 eis
498 2089 528 2116 et
554 2094 664 2116 eorum
695 2084 824 2117 cuilibet
854 2083 963 2127 quavis
995 2080 1103 2116 aliter¹

345 2135 503 2169 iudicandi
528 2142 557 2169 et
575 2137 799 2181 interpretandi
823 2137 968 2169 facultate
989 2141 1019 2169 et
1036 2147 1087 2169 au—

346 2188 503 2233 ctoritate)
529 2190 661 2223 iudicari
687 2196 717 2223 et
741 2190 864 2236 definiri
890 2190 1025 2232 debere,
1051 2181 1104 2222 ac'

346 2242 497 2286 quidquid
517 2254 607 2277 secus
624 2255 719 2288 super
736 2244 784 2277 his
798 2254 815 2276 a
828 2254 997 2288 quoquam,
1015 2254 1087 2287 qua-

347 2295 392 2328 vis
405 2297 598 2338 auctoritate,
609 2298 743 2331 scienter
753 2298 800 2331 vel
814 2298 1008 2341 ignoranter,
1018 2308 1088 2331 con-
1103 2313 1105 2323 ‹

347 2349 453 2392 tigerit
476 2352 641 2394 attentari,
667 2351 791 2385 irritum
817 2357 847 2385 et
878 2352 969 2386 inane
994 2351 1105 2385 etiam*

349 2401 559 2436 decernimus.

394 2455 408 2498 ἓ
433 2455 461 2488 5.
486 2456 666 2490 Mandantes
696 2461 864 2501 propterea
894 2458 1088 2499 camerario,

349 2509 541 2552 praesidenti
551 2513 580 2544 et
590 2509 712 2543 clericis
728 2511 909 2555 praedietis,
921 2522 956 2544 ac
970 2515 1089 2551 nostro,

350 2562 512 2607 dictaeque
529 2574 671 2597 camerae
695 2565 893 2598 thesaurario
914 2570 943 2598 et
967 2565 1089 2609 deposi-
1107 2585 1108 2592 κ

350 2616 429 2650 tario
447 2617 540 2652 etiam
556 2618 767 2662 generalibus,
785 2629 868 2653 nunc
886 2623 916 2652 ct
934 2629 994 2663 pro
1014 2623 1092 2653 tem-

1103 272 1180 306 pore
1211 261 1440 302 existentibus,
1472 260 1601 303 aliisque
1633 259 1780 292 omnibus
1812 263 1842 293 et

1103 315 1233 357 singulis
1265 315 1302 347 ad
1327 325 1406 357 quos
1431 318 1549 357 spectat
1574 316 1603 347 ct
1627 312 1787 357 spectabit,
1808 318 1838 344 ut

1104 369 1294 411 praefertur,
1319 373 1471 412 quatenus
1496 367 1619 400 easdem
1646 370 1840 410 praesentes,

1103 421 1126 453 si
1152 426 1179 453 et
1206 426 1370 465 postquam
1396 432 1454 464 pro
1471 425 1558 464 pai-te
1578 418 1841 463 archipresbyteri

1103 480 1134 507 et
1169 475 1293 518 capituli
1331 475 1565 518 pracdictormn
1602 484 1659 517 pro
1701 476 1841 515 tempore.

1104 528 1367 571 ‹plandocumque
1392 528 1532 571 requisiti
1550 527 1674 567 suerint,
1693 525 1840 569 recipiant

1086 586 1135 616 »οἱ
1158 581 1342 621 admittant,
1368 581 1499 624 illasque
1529 591 1564 613 cx
1590 591 1673 613 nunc
1697 586 1726 612 et
1750 578 1840 611 dein—

1105 644 1177 677 ceps
1195 644 1230 666 ac
1248 635 1279 666 in
1296 639 1487 677 perpetuum
1510 633 1669 665 attendant
1693 637 1722 666 ct
1746 632 1842 665 invio-

1106 687 1241 720 labiliter
1265 687 1442 727 observent,
1460 691 1491 719 et
1511 686 1549 719 ab
1573 686 1721 719 omnibus
1741 695 1845 729 supra-

1107 741 1197 774 dictis
1214 740 1374 774 observari
1392 740 1541 773 mandent
1553 744 1582 772 ct
1599 739 1711 773 saciant
1721 739 1846 771 realiter

1108 799 1137 827 et
1154 805 1225 827 cum
1243 794 1364 827 effectu.

1152 850 1167 892 ἓ
1192 849 1220 882 6.
1239 850 1306 882 Non
1327 848 1522 882 obstantibus
1538 846 1700 891 prioribus
1720 846 1847 879 decreto

1090 919 1091 938 i
1108 908 1138 936 et
1154 904 1363 937 declaratione
1388 903 1504 936 nostris
1528 901 1695 945 praedictis
1715 911 1750 933 ac
1771 911 1848 943 quo-

1108 967 1318 1001 rumcumque
1327 957 1542 989 Romanorum
1556 954 1741 987 Pontificum
1756 953 1848 985 etiam

1108 1011 1389 1054 praedecessorum
1413 1015 1596 1043 nostrorum
1621 1009 1660 1041 de
1683 1008 1778 1041 rebus
1802 1007 1849 1039 di-

1109 1068 1175 1098 ctae
1193 1074 1336 1097 camerae
1352 1074 1416 1097 non
1436 1063 1609 1096 alienandis
1624 1072 1726 1105 neque
1743 1061 1851 1093 distra-

1109 1115 1230 1155 hendis,
1248 1126 1283 1148 ac
1300 1115 1461 1159 quibusvis
1486 1114 1554 1147 aliis
1577 1113 1852 1147 constitutionibus

1111 1173 1141 1201 et
1172 1168 1423 1202 ordinationibus
1458 1167 1656 1211 apostolicis,
1689 1167 1851 1209 dictaeque

1111 1233 1255 1256 camerac
1281 1223 1480 1266 (iuramento,
1507 1221 1746 1255 confirmatione
1771 1231 1848 1264 apo-

1094 1305 1095 1315 ,
1112 1277 1232 1317 stolica‚
1250 1277 1298 1309 vel
1312 1276 1419 1320 quavis
1439 1276 1588 1308 firmitate
1606 1275 1665 1308 alia
1683 1274 1852 1317 roboratis)

1113 1330 1234 1363 statutis
1265 1336 1295 1363 et
1325 1330 1624 1372 consuetudinibus,
1658 1329 1792 1361 decretis
1825 1333 1854 1360 et

1113 1384 1206 1417 etiam
1237 1384 1326 1417 novis
1357 1383 1651 1423 reformationibus,
1682 1381 1854 1426 privilegiis

1114 1448 1250 1481 quoque,
1275 1436 1403 1469 indultis
1428 1442 1458 1469 et
1482 1436 1594 1468 litteris
1618 1435 1798 1479 apostolicis
1823 1445 1853 1466 e—

1114 1491 1188 1523 tiam
1207 1501 1360 1531 camerae,
1378 1500 1500 1523 necnon
1517 1494 1547 1522 et
1564 1489 1749 1529 camerario,
1768 1498 1855 1532 prae-

1115 1545 1228 1577 sidenti
1247 1550 1273 1577 et
1286 1544 1427 1585 ,etei-icis,
1447 1555 1483 1576 ac
1501 1543 1660 1586 magistris
1677 1542 1855 1586 praedictis

1115 1608 1237 1631 necnon
1264 1598 1384 1631 dilectis
1414 1597 1486 1630 filiis
1517 1597 1635 1640 populo
1660 1597 1801 1629 Romano
1827 1601 1857 1627 et

1116 1652 1282 1685 domorum
1312 1651 1412 1694 ipsius
1436 1651 1529 1683 Urbis
1555 1650 1715 1693 inquilinis
1740 1660 1776 1683 ac
1800 1649 1856 1682 do-

1117 1706 1208 1738 minis
1223 1711 1252 1738 et
1270 1705 1430 1748 quibusvis
1447 1704 1514 1736 aliis
1528 1703 1681 1747 personis,
1698 1703 1728 1735 in
1742 1713 1857 1745 genere

1117 1760 1164 1792 vel
1182 1759 1213 1791 in
1230 1759 1343 1802 specie,
1358 1758 1415 1791 sub
1428 1758 1681 1801 quibuscumque
1696 1757 1858 1789 tenoribus

1117 1818 1147 1846 et
1171 1812 1290 1855 formis,
1316 1812 1409 1844 etiam
1435 1816 1532 1853 motu7
1551 1811 1681 1844 scientia
1705 1816 1735 1843 et
1760 1815 1860 1854 potes-

1117 1867 1188 1899 tatis
1212 1866 1405 1910 plenitudine
1430 1865 1595 1905 similibus,
1613 1875 1648 1898 ac
1673 1865 1766 1897 etiam
1784 1875 1858 1897 con-

1119 1921 1325 1963 sistorialiter,
1342 1931 1378 1953 ac
1402 1920 1487 1961 alias,
1507 1920 1539 1952 in
1564 1920 1757 1953 contrarium
1783 1930 1859 1962 quo<

1119 1974 1291 2008 modolibet
1308 1974 1401 2007 etiam
1418 1973 1538 2017 pluries
1553 1978 1582 2005 et
1599 1972 1719 2005 iteratis
1737 1972 1859 2004 vicibus

1101 2027 1288 2069 {concessis
1309 2025 1503 2060 confirmatis
1527 2030 1556 2058 et
1581 2025 1744 2064 innovatis,
1768 2034 1804 2057 ac
1829 2024 1860 2056 in

1120 2086 1283 2125 posterum
1315 2079 1548 2120 concedendis,
1578 2078 1801 2112 confirmandis
1831 2083 1861 2110 et

1121 2135 1314 2168 innovandis.

1165 2189 1180 2232 ἓ
1206 2190 1233 2222 7.
1259 2188 1376 2227 Quibus
1402 2187 1564 2227 omnibus,
1590 2186 1711 2219 etiamsi
1736 2196 1794 2228 pro
1818 2185 1858 2217 il-

1103 2243 1225 2283 ‚torum
1252 2242 1417 2274 sufficienti
1437 2241 1641 2284 derogatione
1663 2240 1700 2272 de
1724 2239 1795 2279 illis,
1813 2249 1863 2271 eo-

1122 2306 1256 2339 rumque
1271 2295 1343 2328 totis
1358 2295 1518 2328 tenoribus
1536 2293 1689 2338 specialis,
1707 2292 1862 2336 specifica,

1123 2360 1270 2393 expressa
1292 2354 1322 2381 et
1339 2348 1507 2388 individua,
1517 2358 1580 2381 non
1592 2353 1693 2387 autem
1708 2357 1766 2390 per
1784 2346 1864 2379 clau-

1124 2404 1206 2436 sulas
1223 2402 1385 2446 generales
1402 2402 1485 2434 idem
1509 2402 1724 2445 importantcs,
1745 2399 1863 2432 mentio

1106 2467 1179 2503 ¹seu
1206 2456 1334 2500 quaevis
1366 2456 1425 2488 alia
1456 2455 1618 2499 expressio
1643 2453 1788 2487 habenda
1812 2458 1865 2486 aut

1125 2510 1229 2553 aliqua
1253 2509 1312 2542 alia
1336 2508 1490 2552 exquisita
1514 2509 1615 2542 forma
1644 2507 1683 2540 ad
1707 2508 1766 2540 hoc
1792 2517 1861 2540 ser-

1125 2563 1225 2597 vanda
1249 2564 1339 2604 soret,
1356 2562 1417 2595 illis
1441 2563 1518 2595 alias
1538 2563 1570 2595 in
1590 2573 1646 2596 suo
1664 2562 1780 2595 robore
1798 2571 1866 2604 per-

1126 2617 1292 2658 mansuris,
1317 2617 1375 2651 hac
1391 2617 1458 2651 rice
1471 2617 1641 2658 dumtaxat,
1658 2621 1756 2656 motu,
1770 2614 1867 2649 scien-

1742 202 1806 236 635
1852 211 1903 237 An.
1919 211 1947 237 c.
1970 210 2036 239 1628
