2269 3235
258 261 308 287 Λη.
325 261 352 287 c.
376 260 442 287 1025
486 250 550 285 358

287 1910 407 1930 Mandalum
419 1909 444 1930 de

261 1937 360 1964 pai-eodo.

1033 258 1213 282 numanum

456 309 614 352 quircrcut
642 308 850 346 mentionem,
881 306 1000 347 dicere,
1026 318 1137 349 gerere
1168 309 1214 340 ct*

455 362 566 405 exequi
599 361 695 393 libere
726 366 753 392 ct
780 361 862 398 licite
894 360 996 403 possis
1020 365 1050 392 ct
1074 360 1195 402 valeas⁷

455 415 587 457 plenam,
614 414 760 454 liberam,
785 413 960 446 absolutam
985 418 1012 445 ct
1043 413 1197 446 omnimo-

454 468 524 500 dam
551 468 745 505 mennatem,
769 472 954 510 potestatem
980 472 1011 499 et.
1034 466 1197 499 auctorita-

457 527 527 560 tem,
547 525 655 553 tenore
675 520 898 563 praesentium,
918 520 1085 553 tribuimus
1099 524 1128 553 et
1142 520 1197 552 im—

456 574 621 617 partimur,
639 579 669 606 et
686 584 756 606 rum
778 574 848 614 boc,
866 579 899 606 ut
913 573 949 606 de
967 584 1023 617 per
1042 579 1070 606 te
1088 574 1196 615 vigore

455 627 666 670 praesentium
691 627 850 669 faciendis,
872 626 1021 666 dicendis,
1040 626 1196 669 gerendis,

456 679 638 712 exercendis
655 684 684 712 et
701 679 890 723 exequendis
915 679 1043 720 nemini,
1062 682 1197 723 praeter-

455 743 549 776 quam
568 733 624 765 soli
642 733 715 773 Deo,
730 733 883 767 rationem
901 732 1033 765 reddere
1051 732 1195 765 tenearis.

501 786 516 829 ξ
543 785 572 818 3.
598 786 674 825 Quia
698 797 773 819 xero
798 786 968 818 venerabili
992 786 1080 818 fratri
1101 785 1196 818 Paulo

257 831 319 871 .='1¹'1..
329 831 440 870 ’ἶηωΐὶἑῖῗ
457 839 583 872 AEmilio
597 839 834 882 archiepiscopo
849 838 1060 877 Urbinatcnsi,
1074 847 1196 870 necnon

456 891 577 924 dilectis
601 892 674 924 siliis
698 891 858 934 magistris
882 890 1020 923 Fabritio
1046 890 1196 934 Verospio

457 945 637 988 cappellano
650 950 769 986 nostro,
784 950 811 977 et
826 953 992 976 causarum
1006 943 1113 986 palatii
1126 953 1198 987 apo-

456 997 556 1030 stolici
574 996 708 1030 auditori
722 996 854 1030 civitatis
867 996 1046 1036 Perusinae,
1066 995 1196 1039 eiusque

456 1050 621 1083 comitatus
645 1054 675 1082 ct
700 1049 870 1089 districtus,
887 1049 1131 1093 provinciaeque
1143 1059 1198 1082 no-

456 1108 593 1135 strarum
618 1102 776 1143 Umbriae,
801 1113 837 1136 ae
854 1102 995 1135 Diomedi
1021 1102 1147 1135 Yaresio
1166 1102 1197 1134 in

457 1161 589 1198 utraque
605 1155 766 1198 signatura
779 1157 887 1189 nostra
902 1155 1115 1189 referendario
1128 1166 1198 1199 pro-

456 1209 575 1242 vinciae
600 1210 692 1244 etiam
709 1215 835 1243 nostrae
860 1210 1015 1243 Marchiae
1034 1210 1199 1243 Anconita-

455 1271 513 1295 nae
549 1262 816 1305 gubernatoribus
854 1263 1027 1307 respective
1064 1263 1197 1296 similem

456 1316 633 1349 facultatem
648 1322 838 1360 pernostras
852 1317 883 1349 in
899 1316 1078 1350 huiusmodi
1098 1317 1198 1350 forma

456 1368 562 1401 Brevis
586 1379 686 1413 nuper
713 1369 872 1413 expeditas
896 1369 1016 1403 litteras
1041 1370 1197 1403 concessi-

457 1432 540 1462 mus;
563 1423 718 1463 volumus,
738 1429 767 1456 et
785 1423 967 1456 earumdem
986 1427 1094 1457 tenore
1111 1434 1199 1467 prae-

457 1475 600 1518 cipimus,
621 1481 665 1517 ut,
682 1476 736 1519 qui
752 1476 839 1520 prius
864 1487 900 1510 ex
918 1477 1007 1510 vobis
1027 1477 1199 1520 possessio-

456 1537 527 1560 nem
557 1528 718 1571 ingressus
750 1529 863 1569 fuerit,
888 1529 1137 1562 iurisdictionem
1170 1534 1199 1562 et

457 1581 516 1613 alia
541 1581 643 1614 civilia
667 1582 829 1625 praedicta
848 1593 1008 1629 “exercere
1033 1589 1063 1616 ct
1086 1583 1198 1627 exequi

459 1635 555 1677 possit
579 1641 609 1667 et
634 1635 755 1678 debeat,
773 1641 803 1668 ct
819 1635 845 1668 si
864 1636 938 1679 quid
955 1647 1036 1669 unus
1056 1647 1092 1669 ex
1110 1637 1198 1670 vobis

458 1687 639 1731 incoeperit,
657 1698 714 1721 nec
732 1689 772 1721 ob
794 1689 1028 1732 impedimenta,
1051 1699 1104 1722 seu
1122 1690 1198 1722 alias

458 1741 638 1783 absolverit,
659 1748 711 1775 aut.
731 1743 884 1787 perticere
902 1753 965 1776 non
988 1744 1136 1786 potuerit,
1155 1744 1199 1776 al-

461 1799 507 1826 ter
530 1796 696 1839 prosequi,
721 1801 751 1828 et
775 1796 897 1831 debitae
922 1797 1124 1840 exequutioni
1150 1796 1199 1830 de-

460 1848 610 1882 mandare
635 1850 742 1883 valeat.

505 1901 519 1944 ξ
543 1901 572 1934 4.
598 1902 777 1935 Mandantes
801 1909 969 1946 propterea
999 1903 1117 1936 eisdem
1142 1914 1196 1935 ar-

460 1953 682 1998 chiepiscopis,
708 1955 884 1999 episcopis,
909 1962 939 1989 et.
963 1956 1030 1988 aliis
1055 1957 1198 1989 locorum

459 2007 632 2040 Ordinariis
648 2009 706 2041 sub
723 2009 889 2042 interdicto
914 2010 1074 2051 ingressus
1100 2010 1199 2042 ecele-

459 2061 532 2101 siae,
553 2071 588 2094 ac
605 2062 820 2106 suspensionis
845 2072 862 2095 a
886 2063 1008 2102 divinis,
1026 2069 1053 2095 et
1073 2068 1134 2096 tam
1153 2064 1198 2103 iis,

459 2125 554 2157 quam
579 2115 831 2159 quibuscumque
856 2116 1131 2158 gubernatoribus,
1157 2118 1201 2149 lo-

461 2168 722 2210 cumtenentibus,
731 2169 939 2213 praetoribus,
947 2179 1069 2202 necnon
1078 2170 1200 2202 thesau-

462 2221 563 2263 rariis,
584 2221 722 2263 datariis,
743 2223 951 2264 exactoribus,
969 2224 1200 2265 collectoribus,

461 2276 719 2319 appallatoribus,
736 2288 771 2310 ac
791 2277 860 2310 aliis
882 2277 1080 2318 officialibus,
1099 2281 1127 2311 et
1143 2277 1201 2310 mi-

462 2329 569 2362 nistris
602 2330 855 2375 quibuscumque
887 2331 975 2364 Sedis
999 2336 1028 2364 et
1058 2341 1201 2364 camerae

462 2383 640 2426 praedictae
669 2384 700 2416 in
728 2385 816 2418 Statu
851 2388 959 2418 nostro
984 2385 1202 2418 Ecclesiastico

463 2436 677 2478 existentibus,
690 2438 862 2471 baronibus
873 2449 1008 2482 quoque,
1019 2438 1202 2479 domicellis,

464 2489 605 2532 ducibus,
622 2491 867 2534 marchionibus,
888 2502 1011 2525 necnon
1032 2492 1204 2525 communi-

467 2544 589 2585 tatibus,
606 2545 873 2587 universitatibus,
890 2551 919 2579 et
937 2546 1117 2579 bominibus
1135 2546 1203 2589 qui-

465 2597 672 2641 buscumque,
696 2610 730 2632 ac
756 2599 849 2633 etiam
874 2599 1094 2634 ecclesiasticis
1119 2610 1204 2632 scru-

466 2651 584 2685 laribus
601 2656 630 2686 et
649 2654 847 2697 regularibus
864 2654 1007 2698 personis
1024 2653 1202 2698 praedictis,

1237 257 1391 282 nomnen

1230 306 1420 349 demumque
1445 305 1599 338 universis
1623 311 1653 338 ct
1676 306 1807 349 singulis
1835 305 1967 339 subditis

1230 359 1346 392 nostris
1367 358 1555 391 immediatis
1581 363 1611 391 et
1635 358 1787 400 mediatis,
1805 358 1836 392 in
1854 359 1967 393 virtute

1230 417 1354 445 sanctae
1379 411 1584 452 obedientiae,
1609 421 1645 445 ae
1665 411 1722 444 sub
1746 411 1968 455 indignationis

1230 471 1364 507 nostrae,
1383 475 1504 499 necnon
1525 465 1717 508 rebellionis,
1734 475 1770 498 ac
1790 475 1970 498 excommu-

1231 520 1394 554 nicationis
1417 521 1497 554 latae
1522 518 1702 559 sententiae,
1727 518 1849 562 poenis,
1865 523 1899 551 ut
1914 518 1969 551 tibi

1231 574 1262 606 in
1291 574 1438 607 omnibus
1473 579 1503 607 et
1535 584 1592 617 per
1622 573 1748 614 onmia,
1772 582 1970 617 quacumque

1230 627 1447 667 excusatione,
1484 625 1751 669 tergiversatione,
1790 629 1820 659 et
1843 624 1971 668 impedi-

1231 685 1336 713 mento
1349 681 1490 721 remotis,
1504 684 1651 724 prompte
1668 683 1810 723 pareant,
1824 677 1971 711 obediant

1231 738 1260 765 et
1276 733 1430 776 assistant,
1448 738 1565 778 tuaque
1582 732 1711 773 monita,
1732 731 1816 764 iussa
1837 735 1867 764 et
1886 741 1971 763 man-

1230 786 1300 818 data
1315 813 1322 826 ,
1347 788 1404 827 ea,
1429 797 1491 830 qua
1522 786 1610 819 decet
1625 812 1632 826 ,
1656 784 1832 819 obedientia
1856 789 1887 817 et
1909 784 1970 816 fide

1231 845 1425 882 exequantur
1449 845 1479 873 et
1503 839 1713 883 adimpleant;
1738 838 1876 882 alioquin
1900 848 1971 871 sen-

1231 892 1357 924 tentiam
1372 919 1380 933 ,
1406 893 1469 925 sive
1500 902 1654 936 poenam,
1680 902 1774 936 quam
1804 891 1916 924 tuleris
1940 891 1971 923 in

1231 944 1383 987 rebelles,
1409 950 1508 978 ratam
1538 945 1745 989 habebimus,
1769 949 1799 978 et
1823 944 1971 977 faciemus

1231 1002 1360 1031 auctore
1383 998 1515 1031 Domino
1538 1008 1640 1041 usque
1663 997 1702 1032 ad
1727 997 1970 1031 satisfactionem

1231 1051 1417 1094 condignam
1444 1050 1664 1084 inviolabiliter
1689 1051 1860 1084 observari.

1275 1104 1289 1147 ἓ
1314 1104 1342 1137 5.
1368 1105 1436 1137 Non
1456 1104 1650 1138 obstantibus
1675 1103 1865 1148 apostolicis,
1885 1113 1920 1136 ae
1940 1103 1972 1136 in

1231 1157 1472 1198 universalibus,
1496 1156 1805 1200 provincialibusque
1831 1161 1861 1189 et
1884 1166 1974 1201 syno—

1231 1211 1355 1244 dalibus
1388 1210 1529 1244 conciliis
1554 1209 1667 1251 editis,
1698 1209 1899 1253 generalibus
1922 1211 1971 1242 vel

1232 1264 1420 1308 specialibus
1452 1263 1727 1298 constitutionibus
1750 1268 1781 1296 et
1805 1263 1974 1297 ordinatio-

1230 1317 1339 1358 nibus,
1364 1327 1401 1350 ae
1425 1317 1572 1359 ducatus,
1600 1316 1760 1349 civitatum
1784 1321 1814 1349 et
1838 1316 1973 1350 aliorum

1232 1370 1375 1403 locorum
1399 1370 1633 1414 praedictorum
1655 1370 1761 1413 (etiam
1783 1370 1973 1410 iuramento,

1232 1422 1471 1457 confirmatione
1496 1423 1687 1467 apostolica,
1711 1423 1760 1456 vel
1784 1423 1892 1467 quavis
1916 1423 1973 1456 fir-

1232 1476 1338 1510 mitate
1362 1476 1424 1508 alia
1448 1476 1620 1520 roboratis)
1645 1477 1767 1510 statutis
1791 1480 1822 1510 et
1846 1487 1975 1510 consue-

1232 1528 1402 1569 tudinibus,
1427 1529 1601 1573 privilegiis
1625 1539 1770 1573 quoque,
1793 1529 1922 1563 indultis
1943 1534 1975 1562 et

1232 1582 1344 1615 litteris
1366 1583 1564 1626 apostolicis,
1587 1582 1750 1626 quibusvis
1773 1583 1918 1626 personis
1942 1583 1974 1615 in

1233 1635 1427 1668 contrarium
1456 1635 1705 1679 praemissorum
1737 1629 1976 1679 quomodolibet

1233 1689 1409 1729 concessis,
1433 1688 1628 1722 confirmatis
1652 1693 1683 1722 et
1706 1689 1870 1722 innovatis.
1896 1689 1976 1728 Qui-

1232 1742 1290 1775 bus
1314 1742 1460 1775 omnibus
1484 1748 1514 1775 et
1538 1742 1687 1786 singulis,
1712 1752 1824 1776 eorum
1848 1747 1975 1776 tenores

1232 1795 1450 1840 praesentibus
1469 1807 1528 1840 pro
1553 1796 1709 1840 expressis
1737 1801 1767 1829 et
1785 1796 1825 1829 ad
1844 1796 1975 1829 verbum

1233 1849 1358 1882 insertis
1382 1849 1543 1890 habentes,
1560 1849 1622 1882 illis
1637 1849 1711 1883 alias
1732 1849 1764 1882 in
1780 1860 1838 1883 suo
1858 1850 1976 1883 robore

1233 1903 1458 1946 permansuris,
1473 1903 1532 1936 hac
1551 1903 1618 1936 vice
1645 1903 1806 1937 dumtaxat
1830 1902 1974 1947 speciali-

1233 1961 1323 1989 teret
1340 1966 1488 2001 expresse
1502 1957 1702 2000 derogamus,
1719 1956 1894 2001 ceterisque
1907 1966 1978 1990 con-

1234 2010 1339 2042 trariis
1363 2010 1626 2054 quibuscumque.

1277 2064 1389 2096 Datum
1414 2064 1547 2103 Romae,
1571 2063 1655 2107 apud
1679 2063 1708 2096 S.
1734 2063 1862 2096 Mariam
1886 2063 1977 2096 Maio-

1234 2127 1312 2157 rem,
1337 2117 1394 2150 sub
1415 2118 1530 2150 annulo
1555 2117 1734 2157 Piscatoris,
1760 2116 1810 2149 die
1830 2126 1904 2149 xxvi
1934 2116 1977 2149 iu-

1234 2170 1267 2202 lii
1292 2181 1422 2204 iuncxxv
1446 2170 1646 2214 pontificatus
1668 2170 1768 2204 nostri
1793 2180 1875 2203 anno
1899 2180 1930 2203 ιι.

1270 2224 1328 2251 Dat.
1345 2225 1389 2252 die
1405 2225 1439 2252 26
1455 2224 1513 2252 iulii
1530 2224 1607 2257 1625,
1629 2224 1722 2259 pontif.
1740 2232 1809 2252 anno
1823 2230 1852 2252 11.

1567 2324 1636 2358 CLI.

1235 2386 1360 2420 Erectio
1391 2386 1520 2429 collcyz'i
1553 2387 1699 2420 nationis
1734 2386 1975 2421 Maronitarum

1280 2440 1317 2473 in
1340 2440 1448 2473 Monte
1471 2440 1608 2473 Libano.

1445 2502 1581 2530 Urbanus
1597 2503 1675 2536 Papa
1689 2503 1769 2535 VIII,

1360 2547 1397 2574 ad
1416 2549 1589 2581 perpetuam
1608 2547 1652 2574 rei
1672 2547 1853 2575 memoriam.

1282 2600 1315 2632 ln
1332 2600 1579 2644 supereminenti
1601 2600 1688 2634 Sedis
1702 2600 1899 2645 Apostolicae
1912 2610 1978 2644 spe·
2019 2605 2142 2628 Exordium-

1237 2654 1316 2696 cula,
1342 2653 1462 2687 meritis
1486 2654 1556 2687 lieet
1583 2654 1767 2699 imparibus,
1792 2653 1978 2699 disponente

1982 257 2031 285 An.
2047 257 2076 285 C.
2097 257 2166 285 1625

2037 1112 2171 1133 obstantium

1987 1137 2105 1164 derogatio.
