2269 3235
112 221 161 250 An.
176 222 205 250 C.
227 221 296 250 1624

920 217 1062 242 URBANUS
1086 217 1144 242 vl11
1167 218 1214 242 PP.

310 274 340 302 et
363 267 446 301 illius
472 266 630 308 officiales,
652 267 746 300 etiam
771 271 859 299 motu
884 265 1000 306 simili,
1021 270 1051 298 et

311 332 382 355 cum
399 321 561 365 quibusvis
581 320 715 354 decretis
734 324 763 353 ct
780 318 938 359 clausulis,
956 318 1049 350 etiam

310 374 583 418 derogatoriarum
598 373 815 417 de1·ogat0riis‚
833 377 863 405 et
881 371 956 404 alias
974 382 1051 415 quo-

311 428 493 469 modolibet,
503 427 541 460 ad
554 428 692 460 favorem
704 434 974 469 quarumcumque
983 434 1050 467 per-

311 491 459 515 sonarum
479 481 574 514 factas
592 484 621 512 et
640 488 811 520 concessas,
833 477 926 510 veluti
944 487 1051 521 quam-

310 535 382 568 dam
401 534 569 578 imaginem
594 532 822 566 haereditariae
842 531 1050 564 successionis

310 593 589 633 repraesentantes,
614 597 649 619 ae
673 585 772 618 dietae
797 585 877 627 Sedi,
902 585 1049 629 bonoque

310 641 457 686 publico,
483 651 518 673 ae
541 639 616 683 ipsis
640 638 750 672 officiis
774 638 989 682 perniciosas,
1021 642 1050 670 et

310 704 524 739 quascumque
547 693 676 734 litteras,
701 692 793 726 etiam
825 692 883 724 sub
908 691 1048 736 plumbo,

310 755 341 782 et
364 749 395 781 in
418 747 479 780 alia
501 745 610 790 quavis
641 745 743 778 forma
773 745 950 789 expeditas,
977 756 1049 779 eum

310 801 454 835 omnibus
478 799 548 832 inde
566 799 707 843 sequutis
724 799 816 842 (quae
834 799 984 832 hactenus
1004 804 1048 831 ta-

310 864 381 887 men
411 863 468 897 per
503 852 624 886 obitum
658 852 709 885 illa
741 852 971 894 obtinentium,
997 857 1050 885 aut

308 908 400 940 aliam
425 916 659 950 quamcumque
684 906 877 940 vacationem
903 906 1049 940 effectum

308 959 436 993 sortitae
452 969 515 992 non
532 960 628 1003 sunt),
645 970 778 1000 necnon,
796 959 899 1003 quoad
924 960 1048 992 illarum

307 1013 559 1058 perpetuitatem,
580 1022 796 1057 quascumque
820 1012 1048 1056 concessiones,

308 1067 575 1109 confirmationes,
593 1067 800 1109 extensiones,
820 1077 875 1099 seu
900 1077 1050 1111 proroga-

308 1122 408 1155 tiones
433 1121 471 1154 ad
494 1121 589 1154 vitam
621 1121 797 1154 officiorum
827 1124 857 1154 et
880 1131 1049 1154 munerum

308 1184 591 1219 quorumcumque,
604 1174 791 1218 praesertim
804 1173 1005 1216 negotiorum
1020 1179 1050 1206 et

307 1228 512 1273 pecuniarum
529 1228 629 1261 dictae
647 1237 789 1260 camerae
810 1227 1050 1261 administratio-

308 1291 380 1314 nem
405 1281 453 1314 vel
479 1291 645 1314 causarum
671 1280 809 1313 civilium
832 1290 887 1313 seu
905 1280 1050 1313 crimina-

307 1335 383 1368 lium
409 1334 632 1377 cognitionem,
653 1333 878 1375 avocationem,
897 1334 1051 1367 defensio-

307 1398 390 1430 nem,
408 1398 463 1420 seu
488 1387 582 1420 etiam
607 1387 863 1431 procurationem
885 1391 915 1419 et
933 1387 1049 1420 sollici-

307 1441 457 1474 tationem
482 1440 751 1482 concernentium,
770 1440 808 1472 ad
828 1440 1047 1483 collationem,

308 1495 544 1529 concessionem
562 1500 590 1527 et
608 1494 840 1538 deputationem
857 1494 976 1527 scilicet
991 1505 1049 1538 pro

309 1555 452 1593 tempore
465 1548 597 1582 Romani
610 1547 780 1589 Pontificis,
799 1547 949 1592 Sedisque
963 1558 1050 1592 prae-

308 1603 408 1637 dictae
432 1601 654 1646 spectantium,
680 1611 759 1645 quae
784 1612 801 1633 a
816 1601 978 1645 primaeva
1002 1612 1051 1634 eo-

307 1667 379 1690 rum
397 1656 563 1698 erectione,
576 1666 631 1689 seu
648 1666 685 1688 ex
698 1655 871 1688 inveterata
885 1660 1051 1688 consuetu-

308 1710 389 1752 dine,
411 1714 565 1755 perpetua
581 1715 612 1742 et
636 1709 674 1742 ad
693 1709 788 1742 vitam
810 1709 939 1742 concedi
960 1709 1050 1742 solita

308 1774 363 1797 seu
379 1762 555 1806 collegialia
570 1773 633 1796 non
650 1766 730 1805 sunt,
745 1773 781 1796 ac
798 1762 890 1796 etiam
908 1773 953 1805 ea,
971 1773 1050 1806 quae

308 1822 394 1851 extra
418 1818 590 1851 Romanam
615 1816 740 1850 Curiam
766 1821 965 1859 exercentur,
994 1828 1051 1860 per

308 1881 524 1915 quoscumque
548 1870 807 1914 praedecessores
831 1875 957 1904 nostros
983 1871 1047 1903 Ro-

310 1935 419 1958 manos
438 1923 614 1966 Pontifices,
635 1934 671 1957 ac
687 1934 754 1966 nos,
773 1924 947 1968 Sedemque
965 1935 1052 1968 prae-

309 1978 434 2021 dictam,
449 1988 485 2011 ex
502 1978 611 2022 quavis
625 1979 728 2020 eausa,
744 1978 837 2011 etiam
854 1983 943 2011 motu
957 1978 1050 2011 simili

308 2038 338 2065 et
354 2043 391 2065 ex
416 2033 501 2065 certa
518 2031 657 2074 scientia,
678 2036 708 2064 et
724 2031 761 2064 de
779 2031 891 2064 similis
914 2036 1050 2075 potesta-

310 2085 348 2119 tis
360 2085 563 2130 plenitudine,
578 2085 609 2118 in
627 2086 766 2118 savorem
783 2085 966 2129 quarumvis
984 2095 1051 2129 per·
1067 2106 1069 2117 s

310 2150 468 2182 sonarum,
487 2150 559 2172 cum
583 2139 745 2184 quibusvis
762 2139 895 2172 decretis
913 2144 942 2172 et
964 2140 1050 2173 elau-

310 2193 401 2236 sulis,
427 2193 520 2226 etiam
545 2193 678 2227 insolitis
713 2198 743 2226 et
777 2193 1051 2236 derogatoriarum

311 2247 527 2290 derogatoriis,
546 2251 576 2280 et
601 2246 676 2279 alias
693 2246 931 2290 quomodolibet
945 2246 1049 2289 factas,

312 2310 504 2341 revocamUS,
530 2310 566 2333 ac
590 2299 694 2334 irritas
719 2300 917 2333 declaramus
938 2300 999 2343 <ita
1018 2306 1052 2333 ut

313 2353 344 2385 in
368 2364 417 2395 re,
445 2353 493 2386 vel
517 2353 555 2386 ad
579 2363 663 2395 rem,
689 2354 753 2387 sive
777 2354 809 2386 in
832 2354 1049 2397 possessorio,

313 2407 377 2440 sive
402 2406 433 2439 in
456 2406 614 2450 petitorio,
633 2406 754 2440 etiamsi
774 2407 813 2440 ad
832 2408 940 2451 plures
964 2413 1051 2440 actus

312 2459 462 2505 positivos
480 2464 510 2492 et
528 2461 738 2504 possessorios
762 2461 929 2494 deventum
946 2462 1049 2503 suerit,

313 2513 549 2547 coadiutoribus
565 2518 595 2546 et
620 2513 774 2558 deputatis
799 2514 986 2558 acquisitum
1004 2515 1052 2548 ius

314 2567 374 2600 dici
398 2572 451 2600 aut
475 2566 594 2600 censeri
619 2577 682 2601 non
705 2568 811 2611 possit,
830 2569 883 2601 sed
904 2568 1005 2601 officia
1023 2574 1052 2601 et

314 2631 445 2654 munera
456 2620 615 2665 praedicta
626 2621 725 2654 libera
738 2621 799 2654 sint
815 2627 843 2655 et.
860 2627 1050 2664 remaneant,

423 2684 500 2713 Bull.
516 2684 600 2712 Rom.
614 2700 645 2703 —
666 2684 726 2712 Vol.
743 2684 825 2711 XIII.
987 2684 1021 2712 ⁹29

1085 276 1119 298 ac
1154 271 1185 298 ut
1209 265 1298 310 prius
1331 264 1427 298 libere
1465 263 1601 297 conferri
1633 268 1663 296 et
1696 263 1824 297 concedi

1086 319 1215 362 possint,
1233 329 1330 362 aeque
1354 329 1389 351 ac
1414 318 1439 351 si
1465 316 1686 359 coadiutoriac,
1704 321 1733 349 et
1754 327 1826 350 coa-

1084 372 1243 406 diutorum
1268 371 1485 416 deputationes
1511 375 1540 404 et
1565 369 1823 412 constitutiones,

1084 435 1119 457 ac
1156 425 1339 458 eorumdem
1374 425 1550 458 officiorum
1586 424 1824 466 eoncessiones,

1083 479 1280 511 extensiones
1305 483 1334 511 et
1359 479 1601 522 prorogationcs
1632 478 1762 511 minime
1787 478 1827 511 sa-

1084 536 1151 564 ctae
1168 531 1327 574 fuissent),
1346 542 1380 563 ae
1400 531 1429 563 in
1450 532 1589 564 futurum
1615 531 1826 565 coadiutorias

1084 590 1113 617 et
1138 584 1356 618 coadiutorum
1379 584 1607 628 dclnitationes,
1628 585 1826 618 constitutio-

1084 648 1149 678 nes,
1167 648 1202 670 ac
1220 638 1396 671 officiorum
1415 642 1444 669 et
1462 648 1628 670 munerum
1652 638 1825 681 praedicto-

1083 702 1154 724 rum
1179 691 1217 723 ad
1241 691 1381 735 plurium
1403 692 1449 723 vcl
1475 691 1568 723 unius
1592 691 1696 732 vitam,
1716 696 1825 724 contra

1082 744 1276 788 primaevam
1301 755 1411 778 eorum
1440 750 1584 777 naturam
1610 749 1639 777 et
1663 744 1823 788 antiquam

1083 798 1352 839 consuetudinem,
1375 798 1603 839 concessiones,
1627 796 1824 830 extensiones

1083 857 1112 885 et
1132 852 1373 896 prorogationes
1393 861 1608 895 quascumque
1632 850 1824 893 huiusmodi,

1082 911 1242 949 tamquam
1269 906 1412 950 apprime
1436 904 1686 949 praeiudiciales,
1707 914 1742 937 ac
1768 904 1826 937 rei-

1083 960 1249 1003 publicae,
1282 959 1429 1003 bonoque
1463 958 1616 1001 gubernio
1642 958 1825 1000 damnosas,

1082 1013 1292 1056 reprobamus
1316 1023 1351 1046 ac
1377 1013 1585 1056 imposterum
1610 1012 1680 1045 fieri
1709 1011 1822 1056 prohi-

1082 1066 1204 1099 bemus.

1128 1120 1142 1163 ξ
1167 1120 1195 1153 9.
1221 1119 1401 1159 Quinimmo
1419 1119 1524 1153 onmia
1541 1120 1634 1153 etiam
1655 1124 1685 1152 et
1702 1119 1825 1162 singula

1083 1173 1185 1206 officia
1210 1184 1266 1206 seu
1290 1183 1443 1213 munera,
1470 1178 1531 1205 tani
1562 1173 1593 1205 in
1617 1172 1700 1206 dieta
1725 1172 1825 1215 Urbe,

1083 1237 1177 1271 quam
1203 1232 1291 1259 extra
1317 1237 1396 1267 eam,
1420 1232 1450 1259 et
1478 1227 1508 1259 in
1534 1226 1696 1270 quibusvis
1720 1227 1826 1269 regnis

1083 1285 1112 1313 et
1137 1280 1284 1314 dominiis
1309 1280 1520 1321 consistentia,
1537 1290 1595 1323 pro
1613 1280 1727 1324 quibus
1752 1280 1826 1313 sala-

1083 1333 1130 1365 ria
1141 1333 1179 1366 de.
1192 1333 1334 1377 pecuniis
1348 1344 1492 1366 camerae
1505 1338 1631 1366 nostrae
1647 1333 1826 1377 praedictae

1082 1388 1315 1431 persolvuntur,
1333 1397 1388 1420 seu
1402 1397 1482 1432 quae
1497 1387 1698 1430 negotiorum
1713 1387 1761 1420 vel
1776 1397 1827 1431 pe-

1084 1442 1247 1474 cuniarum
1271 1451 1412 1474 camerae
1436 1441 1617 1484 praedictae
1633 1441 1828 1475 administra-

1085 1495 1212 1535 tionem,
1230 1495 1278 1528 vel
1295 1505 1461 1528 causarum
1487 1500 1551 1527 tam
1577 1494 1716 1527 civilium
1731 1505 1827 1538 quam

1084 1548 1296 1582 criminalium
1330 1548 1563 1591 cognitionem,
1588 1548 1804 1582 avocationem
1819 1576 1827 1590 ,

1084 1602 1307 1643 defensionem,
1327 1602 1585 1646 procurationem
1603 1612 1659 1635 seu
1679 1602 1827 1635 sollicita-

1083 1655 1201 1688 tionem
1232 1655 1364 1695 habent‚
1389 1665 1445 1698 per
1469 1655 1597 1699 quosvis
1622 1655 1715 1687 etiam
1740 1655 1828 1688 Sedis

1083 1708 1281 1752 Apostolicae
1306 1713 1336 1741 et
1360 1709 1519 1741 Romanae
1539 1708 1696 1741 Ecclesiae
1713 1708 1829 1741 officia-

1084 1763 1128 1795 les
1145 1766 1174 1796 et
1198 1762 1339 1795 eiusdem
1357 1766 1480 1796 sanctae
1493 1762 1651 1795 Romanae
1670 1762 1828 1795 Ecclesiae

1084 1815 1269 1857 cardinales,
1295 1815 1388 1848 etiam
1414 1815 1452 1848 de
1476 1815 1574 1848 latere
1598 1816 1728 1858 legatos,
1753 1825 1828 1849 con-

1084 1869 1159 1902 ferri
1183 1880 1239 1902 seu
1264 1869 1394 1902 concedi
1419 1869 1508 1903 solita
1535 1870 1618 1912 (non
1648 1874 1752 1902 tamen
1776 1880 1827 1911 ea,

1084 1934 1164 1967 quae
1189 1923 1227 1955 ab
1252 1922 1340 1955 initio
1366 1922 1501 1963 venalia,
1526 1922 1677 1955 vaeabilia
1701 1927 1731 1955 et
1755 1933 1811 1966 per

1085 1981 1178 2020 petua
1202 1976 1342 2019 legitime
1368 1980 1482 2018 erecta,
1503 1976 1624 2009 ratione
1649 1976 1828 2009 officiorum

1085 2031 1241 2064 maiorum
1274 2041 1354 2074 quae
1387 2030 1550 2070 obtinent,
1575 2030 1620 2063 eis
1649 2029 1828 2073 specialiter

1084 2085 1241 2128 assignata
1272 2096 1325 2117 seu
1357 2095 1504 2118 concessa
1537 2088 1626 2125 sunt,
1650 2084 1682 2116 in
1713 2084 1827 2127 quibus

1084 2139 1202 2182 aliquid
1219 2139 1367 2172 innovare
1382 2149 1445 2171 non
1461 2137 1677 2181 intendimus),
1691 2142 1828 2178 nostrae,

1084 2194 1361 2236 Romanorumque
1392 2191 1579 2225 Pontificum
1610 2201 1828 2224 successorum

1084 2252 1267 2280 nostrorum
1286 2245 1483 2290 dispositioni
1506 2245 1547 2277 ita
1565 2255 1774 2285 reservamus,
1795 2250 1829 2277 ut

1085 2311 1120 2333 ex
1146 2310 1229 2332 nune
1250 2299 1280 2331 in
1300 2304 1500 2343 perpetuum,
1516 2303 1546 2331 et
1564 2298 1828 2341 quandocumque

1085 2353 1137 2386 illa
1157 2364 1173 2385 a
1197 2353 1287 2386 nobis
1313 2357 1343 2385 et
1367 2352 1602 2385 successoribus
1628 2351 1743 2385 nostris
1768 2352 1829 2385 Ro-

1086 2407 1185 2439 manis
1210 2406 1414 2440 Pontificibus
1446 2405 1483 2438 ad
1513 2408 1625 2439 nutum
1650 2404 1764 2448 quibus
1789 2405 1828 2437 li-

1085 2460 1188 2493 buerit
1217 2459 1482 2503 <quibuseumque
1514 2458 1768 2502 deputationibus
1799 2464 1829 2491 et

1085 2512 1341 2547 concessionibus
1358 2523 1415 2556 per
1435 2511 1594 2554 officiales,
1613 2511 1706 2545 etiam
1731 2511 1829 2545 cardi-

1084 2568 1170 2601 nales
1184 2571 1214 2601 et
1230 2568 1349 2610 legatos
1369 2567 1556 2610 praedictos,
1578 2566 1740 2610 quibusvis
1760 2578 1829 2610 per-

1085 2621 1169 2655 sonis
1205 2620 1442 2665 quomodolibet
1477 2620 1627 2654 hactenus
1658 2620 1766 2662 sactis,
1798 2624 1829 2653 et

1727 206 1792 240 225
1837 217 1885 243 An.
1902 215 1930 244 C.
1953 216 2020 245 1624

1860 1131 2025 1159 Officiorumque

1841 1159 1946 1183 omnium,
1970 1165 2025 1185 quae

1841 1191 1910 1206 rerum
1929 1191 2024 1206 camera-

1840 1212 1890 1232 lium
1936 1212 2026 1233 admini-

1841 1239 1963 1259 strationem
1988 1239 2027 1259 ad-

1841 1271 1914 1285 nexam
1938 1266 2026 1289 habent,

1841 1292 1974 1312 collationem
1986 1292 2026 1312 sihi

1842 1318 2026 1339 etsueeessoribus

1842 1347 1943 1366 reservat.
