2269 3235
140 257 193 284 Au.
210 254 240 282 C.
256 251 325 280 1628

140 315 266 340 Pontifexin
281 314 322 344 0107
338 299 378 332 cti
413 297 536 331 Ioannis
580 296 854 342 llierosolymitani
890 296 1075 329 celebranda

140 345 233 395 iiia‘ssi's‘iri
251 346 322 394 {iiiiii}
338 352 555 396 praescribere
572 352 720 393 volentes,
739 356 825 383 motu
846 349 976 393 proprio
993 354 1023 381 et
1040 359 1075 381 ex

140 395 323 447 ggsssngfffifflffij
338 404 423 439 certa
448 403 576 438 seientia
594 415 628 437 ac
646 404 768 436 matura
785 402 1009 435 deliberatione
1025 411 1078 434 no-

141 448 323 501 tgffus⁰¹‘Zl-3{.Jss
339 458 420 500 stris,
439 457 540 501 deque
557 457 746 500 apostolicae
766 455 926 499 potestatis
942 454 1076 498 plenitu-

141 503 291 524 concernentes
301 506 323 520 se

142 529 272 550 intromittat.
287 527 324 556 sea
339 511 428 551 dine,
452 512 510 543 hac
534 511 640 543 nostra
665 513 818 553 perpetuo
843 508 975 540 valitura
1001 517 1076 540 con-

157 561 198 576 uae
216 555 244 575 ad
266 555 323 574 iusti-

142 562 193 603 ilam
245 583 324 601 tantum
339 564 498 597 stitutione
522 562 726 607 prohibemus
744 566 773 593 ct
792 561 1019 600 interdicimus,
1038 570 1077 592 ne

141 608 325 656 ἓξζῖΪΈιῗιιΞῖ-ῗὲἶ
340 617 377 650 de
389 621 494 650 cetero
506 617 587 649 ullus
600 616 826 655 locumtenenS,
837 624 853 646 a
863 624 920 657 pro
936 618 1077 656 tempore

143 662 188 686 ‘'¹¹‘’
203 663 225 682 “²
240 660 300 681 '¹¹³³'
341 672 491 704 existente
507 668 581 702 dicti
598 667 760 711 hospitalis
781 676 896 710 magno
914 666 1076 709 magistro,

340 723 406 764 vel,
432 722 504 756 sede
534 720 708 764 magistrali
738 723 880 759 vacante,
906 730 923 751 a
947 719 1078 752 consilio

340 781 447 816 status,
465 785 519 808 seu
543 774 708 817 completo,
727 773 811 805 iuxta
836 773 969 805 sormam
986 777 1080 805 statu-

340 834 444 862 torum
453 838 508 860 seu
520 827 804 860 stabilimentorum
819 826 892 858 dieti
906 825 1079 870 hospitalis,

339 881 523 915 auctoritate
546 880 720 925 apostolica
738 880 1008 920 confirmatorum,
1026 879 1080 911 de-

339 939 464 980 putatus
493 935 541 968 vel
572 935 710 974 electus,
736 945 807 967 eum
840 933 951 977 quovis
984 934 1080 965 fratre

339 989 439 1022 milite
470 988 544 1021 dieti
577 987 758 1032 hospitalis,
793 998 846 1019 seu
878 987 939 1019 alia
971 986 1080 1030 quavis

339 1043 473 1087 persona
498 1041 536 1074 ad
560 1041 704 1074 habitum
729 1041 862 1074 fratrum
888 1040 961 1073 dicti
980 1040 1082 1083 hospi-

341 1096 410 1129 talis
435 1095 555 1128 admitti
579 1099 714 1139 petente,
735 1104 831 1138 super
857 1094 1081 1136 cuiuscumque

341 1149 467 1193 generis
500 1148 725 1192 impedimento
750 1148 798 1180 vel
823 1147 962 1187 defectu,
988 1147 1080 1179 etiam

341 1203 374 1236 in
396 1203 459 1235 vim
480 1212 753 1245 quorumcumque
770 1200 1009 1244 privilegiorum
1028 1211 1082 1233 seu

341 1257 523 1289 facultatum
535 1255 642 1288 eadem
657 1255 842 1288 auctoritate
859 1264 1081 1287 concessorum

342 1320 397 1343 seu
416 1309 686 1351 confirmatorum,
712 1308 910 1352 dispensare,
931 1312 984 1339 aut
1007 1307 1081 1339 alias

342 1362 457 1406 gratias
474 1362 584 1406 quovis
601 1366 763 1405 praetextu
785 1362 897 1400 facere,
916 1361 1082 1404 minusque

341 1417 461 1449 litteras
475 1415 661 1460 apostolicas
687 1425 801 1457 magno
818 1415 969 1457 magistro
990 1425 1082 1458 prae-

342 1470 489 1503 defuncto
506 1469 640 1502 directas
660 1468 863 1512 exequutioni
880 1468 1081 1507 demandare,

343 1523 485 1556 autalios
498 1522 624 1566 quosvis
637 1527 723 1555 actus
735 1521 869 1564 gratiam
890 1531 1082 1554 concernen-

341 1581 409 1616 tes,
437 1576 495 1608 sub
522 1577 623 1619 poena
647 1575 832 1618 privationis
858 1574 941 1607 vocis
965 1575 1083 1607 activae

342 1634 372 1662 et
395 1629 537 1672 passivae
553 1638 590 1660 eo
607 1628 674 1670 ipso
692 1627 893 1668 incuirenda,
911 1628 1013 1660 facere
1033 1638 1084 1659 au-

341 1682 411 1715 deat
436 1682 483 1714 vel
508 1684 704 1725 praesumam
722 1681 871 1720 volentes,
889 1685 919 1714 et
936 1691 1083 1724 expresse

341 1734 581 1779 praecipientes,
598 1738 632 1768 ut
652 1734 718 1778 ipse
736 1734 953 1767 locumtenens
978 1744 1012 1767 ea
1037 1745 1084 1767 so-

342 1788 419 1830 lum,
444 1798 523 1831 quae
542 1788 581 1820 ad
601 1798 720 1820 meram
747 1787 898 1820 iustitiam
916 1788 1082 1832 pertinent,

344 1852 492 1875 exercere
505 1842 615 1881 valeat3
629 1841 769 1884 alioquin
787 1841 892 1874 omnia
906 1847 936 1874 et
950 1842 1083 1884 singula,

342 1905 401 1940 per
415 1906 486 1928 eum
504 1900 613 1928 contra
624 1894 838 1938 praesentium
857 1900 996 1927 tenorem
1010 1906 1085 1938 quo-

343 1949 516 1982 modolibet
540 1952 636 1991 gesta,
661 1948 750 1980 irrita
775 1953 804 1981 et
825 1948 938 1988 inania,
956 1949 1085 1981 nullius-

344 2013 405 2046 que
428 2002 554 2035 roboris
579 2007 609 2034 et
632 2002 783 2035 momenti
805 2002 953 2041 existant,
980 2002 1085 2046 sicque

344 2057 514 2101 dispensati
540 2062 570 2090 et
591 2056 643 2089 alii
660 2057 851 2100 quicumque
869 2057 1085 2100 exequutionis

344 2111 520 2143 litterarum
545 2110 796 2154 praedictarum,
826 2121 947 2143 necnon
971 2110 1085 2153 gratia-

344 2175 426 2204 rum,
443 2164 488 2197 eis
505 2164 559 2204 sic,
573 2170 606 2196 ut
620 2164 806 2208 praefertur,
821 2175 837 2196 a
852 2165 1085 2197 locumtenente

345 2216 526 2250 huiusmodi
538 2217 701 2257 factarum,
711 2228 769 2250 usu
780 2222 810 2249 et
821 2217 933 2249 effectu
950 2223 1086 2255 careant,

348 2275 378 2303 et
395 2270 470 2302 alias
483 2270 514 2302 in
528 2270 638 2303 eodem
653 2275 744 2309 statu,
762 2270 792 2303 in
810 2282 872 2314 quo
884 2276 973 2304 antea
988 2277 1086 2311 erant,

347 2333 410 2356 non
434 2334 532 2364 secus,
558 2334 594 2356 ac
618 2324 643 2356 si
668 2335 739 2356 eun]
765 2324 809 2356 eis
835 2335 929 2368 super
949 2325 1012 2356 suis
1034 2325 1088 2357 im-

347 2375 536 2420 pedimentis
567 2377 616 2409 vel
646 2377 816 2410 defectibus
849 2377 1086 2421 dispensatum,

348 2430 529 2473 gratiaeque
553 2430 597 2462 eis
617 2441 793 2471 concessae,
819 2441 854 2463 ac
879 2431 1000 2463 litterae
1017 2442 1087 2475 apo-

348 2482 475 2515 stolicae
499 2482 679 2516 huiusmodi
704 2484 905 2527 exequutioni
922 2484 1088 2517 demanda-

349 2539 398 2568 tae
421 2546 485 2569 non
508 2536 649 2577 fuissent,
673 2542 864 2570 remaneant.

150 2596 333 2644 wffloffiffiigf
392 2590 407 2633 ἓ
424 2589 453 2622 02.
468 2589 660 2623 Occurrente
676 2596 779 2623 autem
798 2591 879 2624 sedis
897 2591 1086 2635 magistralis

149 2648 173 2670 nt
187 2649 264 2671 debitis
281 2650 333 2671 sede
348 2643 519 2683 vacatione,
536 2647 600 2675 tres
624 2643 763 2677 eiusdem
787 2645 950 2689 hospitalis
974 2646 1087 2678 fratres

430 2704 509 2733 Ball.
529 2705 613 2733 Rom.
633 2721 668 2726 —
685 2707 743 2734 Vol.
760 2707 843 2734 XIII.
1007 2707 1041 2735 85

945 247 1086 272 unnANUS

1112 247 1168 270 vm
1192 247 1239 271 1‘1’.

1111 295 1234 335 milites,
1252 293 1314 326 fide
1331 298 1361 326 et
1378 292 1576 326 facultatibus
1602 291 1716 331 idonei,
1737 302 1792 334 per
1810 292 1850 325 lo-

1110 352 1325 380 cumtenentes
1356 350 1385 380 et
1421 346 1585 379 consilium
1617 345 1772 389 praefatos
1797 338 1945 378 ‹te-'imit

1111 407 1268 445 putentur,
1291 405 1324 433 ut
1344 400 1374 432 in
1396 400 1534 443 ipsorum
1561 399 1603 431 sic
1629 399 1851 442 deputatorum

1111 455 1256 487 manibus
1267 454 1417 497 pecuniae
1431 464 1486 497 per
1500 453 1657 485 debitores
1675 451 1852 483 communis

1111 507 1247 548 aerarii,
1282 507 1442 540 vacatione
1468 508 1607 550 praelabi
1638 506 1789 544 durante,
1823 505 1850 536 in

1112 562 1274 593 numerata
1300 560 1433 603 pecunia
1459 559 1584 591 reatin-1·
1605 562 1633 592 et
1651 570 1721 591 cum
1740 558 1852 590 ets-ectu

1112 614 1273 646 solvantur
1298 618 1328 645 ct
1352 618 1568 645 numerentur.
1593 612 1753 643 Solu-ntes
1780 621 1852 643 vero

1112 667 1304 712 solutionum
1323 666 1504 699 huiusmodi
1522 665 1708 709 quietantias
1726 665 1764 696 ab
1779 664 1853 707 ipsis

1113 719 1268 764 deputatis
1294 723 1468 762 reporten13
1494 718 1547 761 qui
1569 718 1694 761 quidem
1714 717 1854 760 deputati

1113 774 1227 814 statim,
1252 774 1383 817 sequuta
1403 772 1506 815 magni
1525 771 1666 813 magistri
1688 771 1853 811 electione,

1113 827 1318 872 pecuniarum
1344 837 1402 871 per
1426 837 1479 859 eos
1503 829 1702 869 receptarum
1729 830 1758 856 et
1783 835 1854 856 exa-

1115 886 1236 914 ctarum
1268 880 1422 913 rationem
1455 879 1608 920 reddere,
1643 878 1855 921 pecuniasque

1116 935 1197 978 ipsas
1222 944 1337 976 magno
1363 933 1535 975 magistro,
1561 931 1709 965 canonice
1735 931 1854 971 electo,

1116 999 1171 1021 seu
1201 988 1419 1029 thesaurario,
1453 987 1500 1019 vel
1525 986 1593 1019 aliis
1619 985 1791 1025 ministris,
1818 985 1857 1017 ad

1115 1052 1193 1085 quos
1217 1041 1256 1074 de
1279 1041 1347 1073 iure
1372 1045 1401 1073 et
1425 1051 1460 1073 ex
1479 1040 1579 1073 forma
1600 1044 1786 1071 statutorum
1801 1049 1857 1069 seu

1116 1095 1400 1128 stabilimentorum
1415 1092 1595 1126 huiusmodi
1611 1092 1772 1135 spectabit,
1787 1101 1858 1123 con-

1116 1148 1241 1191 signare
1266 1152 1295 1181 et
1319 1148 1485 1180 restituere
1507 1150 1679 1187 teneantur,
1705 1146 1857 1188 aliterque

1117 1203 1214 1235 sactae
1249 1201 1422 1234 solutiones
1452 1201 1629 1233 nullatenus
1666 1199 1858 1232 solventibus

1117 1255 1340 1298 suffragentur,
1361 1254 1438 1298 quin
1458 1254 1560 1286 adhuc
1580 1252 1756 1285 comn'iunis
1769 1263 1857 1285 aera-

1117 1309 1173 1349 rii,
1198 1308 1237 1341 ad
1261 1308 1407 1341 effectum
1432 1318 1495 1340 non
1520 1306 1639 1339 serendi
1660 1306 1856 1349 suffragium,

1117 1362 1275 1395 debitores
1300 1364 1496 1394 censeantur.

1162 1416 1176 1458 g
1192 1414 1221 1448 3.
1248 1415 1423 1454 Praeterea,
1440 1424 1479 1446 ne
1499 1413 1583 1446 ullus
1600 1413 1673 1445 dieti
1691 1413 1857 1456 hospitalis

1117 1468 1222 1508 frater,
1248 1468 1311 1500 sive
1336 1468 1441 1506 miles,
1467 1467 1531 1499 sive
1549 1467 1768 1509 cappellanus,
1795 1467 1858 1498 sive
1874 1485 1913 1497 ,μω

1117 1532 1279 1555 armorum
1298 1522 1447 1562 serviens,
1468 1526 1497 1553 et
1518 1526 1605 1553 extra
1630 1520 1744 1552 limites
1769 1526 1858 1552 natus
1874 1537 1906 1554 ,zm

1117 1585 1188 1607 cum
1206 1586 1269 1617 quo
1287 1585 1380 1617 super
1400 1574 1523 1606 defectu
1543 1573 1677 1605 limitum
1696 1573 1857 1616 dispensa—

1118 1633 1183 1660 tum
1215 1628 1275 1667 sit,
1308 1627 1476 1670 nullusque
1508 1627 1605 1659 frater
1633 1627 1857 1669 cappellanus,

1117 1686 1188 1713 actu
1208 1680 1354 1713 sacerdos
1371 1690 1432 1712 non
1451 1680 1597 1718 existens,
1611 1679 1776 1722 minusque
1795 1680 1859 1711 nul-

1117 1736 1165 1767 lus
1189 1735 1287 1766 frater
1305 1734 1466 1774 serviens,
1492 1733 1545 1777 qui
1570 1744 1607 1765 ex
1632 1735 1718 1765 mera
1740 1733 1858 1775 gratia,

1117 1788 1211 1820 nullis
1225 1787 1312 1820 factis
1330 1787 1581 1831 probationibus,
1597 1792 1742 1829 receptus
1757 1786 1860 1826 suerit,

1119 1841 1149 1873 in
1173 1841 1325 1874 electione
1350 1841 1454 1883 magni
1469 1839 1621 1882 magistri,
1635 1845 1687 1871 aut,
1704 1840 1732 1871 in
1748 1840 1860 1882 quovis

1118 1895 1179 1928 alio
1192 1899 1261 1928 actu
1276 1895 1360 1927 illam
1382 1900 1600 1933 concernente,
1618 1894 1709 1925 etiam
1725 1894 1861 1927 cuiusvis

1118 1949 1274 1992 privilegii
1299 1959 1316 1980 a
1342 1948 1420 1981 Sede
1444 1948 1621 1992 Apostoliea
1649 1947 1787 1987 obtenti,
1813 1949 1861 1980 vel

1119 2002 1352 2035 consuetudinis
1377 2002 1470 2034 etiam
1496 2001 1786 2041 immemorabilis¹,
1809 2007 1861 2034 aut

1120 2056 1230 2099 quovis
1255 2056 1315 2089 alio
1333 2061 1505 2099 praetextu,
1528 2055 1653 2097 ingenio
1676 2056 1722 2087 rel
1744 2056 1859 2097 colore,

1120 2116 1225 2142 votum
1254 2110 1302 2142 vel
1335 2109 1520 2151 suffragium
1552 2109 1654 2148 ferre,
1680 2118 1737 2140 nec
1766 2109 1860 2140 etiam

1120 2163 1277 2206 passivum
1298 2163 1426 2203 habere,
1445 2173 1498 2194 seu
1520 2162 1549 2193 in
1568 2164 1603 2193 ea
1625 2161 1862 2204 quomodolibet

1121 2227 1152 2249 se
1172 2216 1382 2249 intromittere
1406 2216 1452 2247 vel
1479 2215 1657 2247 immiscere
1678 2214 1789 2246 audeat
1814 2215 1862 2247 vel

1121 2273 1309 2313 praesumat,
1327 2275 1376 2301 aut
1391 2268 1556 2312 privilegio
1572 2269 1617 2299 vel
1637 2268 1862 2301 consuetudine

1121 2322 1312 2363 huiusmodi⁷
1324 2321 1405 2354 sive²
1415 2321 1576 2365 quibusvis
1589 2321 1657 2353 aliis
1673 2321 1791 2363 gratiis,
1804 2322 1862 2354 sibi

1121 2376 1315 2420 specialiter,
1341 2375 1433 2408 etiam
1458 2376 1643 2408 auctoritate
1668 2375 1860 2418 apostolica,

1121 2430 1258 2473 desuper
1282 2429 1439 2462 concessis
1454 2455 1461 2469 ‚
1486 2429 1529 2461 uti
1557 2428 1655 2472 possit
1679 2434 1732 2461 aut
1753 2429 1861 2468 valeat,

1121 2484 1259 2528 exceptis
1283 2488 1387 2516 [anien
1408 2483 1578 2515 venerabili
1601 2483 1688 2515 fratri
1714 2483 1862 2526 episeopo

1157 2566 1167 2592 1
1187 2564 1263 2598 Male,
1279 2568 1308 2591 ut
1322 2568 1396 2600 puto,
1416 2563 1481 2591 edit.
1496 2563 1577 2590 Main.
1598 2564 1663 2599 legit
1682 2565 1862 2592 consuetudi-

1120 2610 1214 2644 nibus,
1232 2610 1321 2637 eliam
1338 2609 1620 2636 immemor-abintus
1636 2611 1671 2642 (ft.
1689 2608 1737 2643 Τ.).

1155 2654 1172 2681 2
1188 2654 1333 2690 Perperam
1349 2654 1444 2682 eadem
1459 2654 1524 2690 tegit
1537 2654 1600 2681 sine
1615 2656 1652 2689 (n.
1670 2654 1717 2688 ⁷11).

1756 234 1819 268 673
1866 245 1913 269 Λη.
1931 243 1959 269 e.
1982 243 2049 269 1628

1865 305 1980 327 insiriztrali
2014 310 2050 325 va·

1908 335 1926 350 '02
1966 337 2049 352 conuer-

1922 1424 1998 1444 Militee
2014 1424 2058 1444 nati

1873 1453 1931 1471 extra
1982 1452 2057 1471 limites

1925 1483 1945 1496 se
1961 1480 2056 1500 inem-ant

1875 1511 1892 1523 ιιι
1903 1505 2005 1523 elevttumn»
2015 1510 2058 1523 ma-

1943 1531 2035 1554 mugi—tri
2052 1546 2056 1552 .

1874 1563 1911 1576 nec
1932 1557 1997 1576 ferant
2017 1556 2059 1576 sus-

1875 1585 1970 1608 l'tdjgiuiu,
1995 1589 2058 1603 exne-

1875 1615 1914 1635 ptis
1972 1616 2057 1633 episc«)-

1874 1644 1900 1662 po
1919 1637 2059 1660 Helvinam),

1875 1670 1942 1689 putore
1980 1670 1991 1682 0
2010 1669 2019 1681 v

1875 1691 1936 1710 tualis
1945 1691 2058 1713 ert-teque,

1875 1724 1899 1737 dr
1909 1717 2006 1736 tratribus
2016 1722 2060 1736 ina-

1876 1750 1928 1770 gnae
1944 1744 2020 1763 crucis.
