2269 3235
203 261 252 289 An.
269 261 296 288 c.
321 259 390 288 1623
438 250 480 285 80

230 748 349 769 Exordium.

210 1015 338 1035 Mercaturns
347 1016 386 1034 sla·

201 1043 245 1061 tuta
253 1041 352 1062 nonnulla
361 1040 389 1061 es·

202 1068 291 1088 formant
306 1073 343 1093 pro
355 1073 385 1087 re-

202 1094 326 1115 formatione
335 1100 385 1114 nuu-

202 1122 297 1141 dinaruiu
330 1126 384 1140 cam-

200 1147 283 1167 binruiu
298 1148 318 1167 in
334 1147 383 1167 rivi-

201 1176 245 1195 tate
256 1174 385 1195 Placentina.

228 2079 254 2101 Et
268 2081 384 2106 apostolica

202 2108 329 2128 anctoritate
349 2113 387 2133 pe—

201 2136 247 2155 tunt
257 2134 384 2155 confirmari.

224 2293 335 2315 Confirmat
350 2294 386 2315 Ur„

202 2320 277 2341 banus.

731 309 807 342 Xlll.

403 379 613 422 Confirmatio
632 379 851 423 capitulorum
874 389 934 422 pro
954 380 1140 412 mercatori-

446 434 503 466 bus
528 433 701 466 nationum
726 433 956 471 Florentinae,
984 433 1141 466 Mediola-

445 487 565 525 nensr's·,
592 486 722 518 Venetae
747 490 775 518 el
800 486 1024 526 Bononiensis,
1045 486 1081 519 in
1100 486 1142 519 ci-

445 540 543 572 vitate
567 538 787 572 Placentiae¹.

604 620 741 647 Urbanus
761 619 841 654 Papa
860 620 937 653 vni,

544 664 579 691 ad
600 664 733 691 futuram
752 664 796 692 rei
816 664 996 692 memoriam.

447 735 489 768 Ex
515 734 655 767 iniuncto
679 734 771 767 nobis
795 734 930 779 desuper
953 734 1142 779 apostolicae

401 788 559 822 servitutis
583 787 687 821 officio
711 787 964 821 christifidelium
989 798 1141 831 quorum—

401 842 478 875 libet
501 841 580 875 votis
604 851 805 875 communem
839 851 949 875 eorum
974 841 1140 874 utilitatem

401 895 664 929 concernentibus
684 894 818 928 libenter
841 894 1018 934 annuimus,
1043 904 1142 938 eaque

401 949 563 983 favoribus
587 948 810 993 prosequimur
833 947 1029 992 opportunis.

445 1003 460 1045 ἓ
484 1002 513 1035 1.
539 1002 615 1036 Cum
640 1001 756 1044 itaque,
772 1000 853 1034 sieut
868 1000 973 1033 dilecti
990 999 1047 1033 filii
1063 1009 1143 1033 mer-

401 1061 523 1088 catores
546 1054 611 1087 sive
635 1053 854 1097 negociatores
884 1052 1047 1086 nationum
1071 1052 1143 1086 Flo-

400 1107 551 1148 rentinae‚
576 1107 823 1148 Mediolanensis,
848 1106 992 1148 Venetae,
1017 1116 1053 1139 ac
1083 1105 1142 1140 Bo-

399 1160 578 1201 noniensis,
606 1160 697 1194 nobis
720 1170 821 1204 nuper
845 1159 960 1204 exponi
982 1160 1142 1200 fecerunt,

400 1214 459 1258 ipsi
483 1214 569 1255 alias,
585 1223 625 1247 ne
642 1223 757 1256 magno
786 1223 859 1246 cum
883 1212 1085 1247 incommodo
1102 1217 1144 1246 at—

400 1278 462 1312 que
486 1267 675 1301 detrimento
699 1277 763 1300 non
787 1267 889 1300 solum
910 1267 1006 1300 totius
1026 1266 1142 1307 Italiae,

400 1331 510 1354 verum
528 1321 622 1354 etiam
642 1320 776 1353 aliarum
800 1320 962 1354 nationum
977 1330 1049 1353 cum
1066 1319 1143 1363 ipsis

400 1374 645 1419 negociantium,
669 1373 828 1408 nundinae
852 1373 1059 1415 cambiorum,
1081 1378 1143 1406 sta-

400 1429 475 1461 tutis
498 1428 718 1472 temporibus,
743 1428 775 1460 in
799 1427 922 1461 civitate
946 1427 1142 1468 Placentina,

400 1481 581 1526 provinciae
617 1480 844 1521 Bononiensis,
870 1485 998 1513 eatenus
1034 1480 1142 1513 haberi

400 1538 580 1575 consuetae,
604 1534 861 1575 destituerentur,
887 1533 1040 1577 quaedam
1064 1534 1144 1578 eapi-

399 1589 464 1622 tula
488 1588 527 1621 ad
552 1588 823 1622 conservationem
859 1587 1088 1630 negociationis
1112 1587 1142 1620 in

399 1641 561 1686 praedicta
584 1641 709 1674 civitate
733 1641 923 1680 Placentina,
948 1651 984 1673 ac
1008 1641 1143 1674 nonnul-

399 1696 502 1728 lorum
521 1695 689 1735 abusuum,
707 1694 761 1738 qui
780 1694 811 1726 in
828 1696 863 1727 ea
879 1693 983 1737 aliqua
1002 1704 1038 1726 ex
1056 1698 1145 1738 parte

399 1748 567 1792 irrepsisse
583 1747 781 1788 videbantur,
798 1747 1037 1788 correctionem,
1056 1753 1085 1780 et
1101 1747 1146 1791 ip-

400 1812 506 1835 sarum
530 1801 742 1834 nundinarum
763 1801 794 1833 in
812 1801 924 1834 melius
948 1801 1146 1834 reformatio-

399 1866 472 1889 nem
498 1855 671 1896 ediderint,
696 1854 811 1898 illaque
836 1865 853 1886 a
877 1854 975 1887 felicis
999 1855 1146 1888 recorda-

400 1908 494 1942 tionis
528 1907 682 1951 Gregorio
718 1908 801 1951 Papa
825 1908 875 1941 XV
901 1907 1145 1951 praedecessore

399 1967 509 1995 nostro
521 1960 707 2006 japprohari
733 1966 764 1994 et
789 1960 971 1994 confirmari
995 1961 1142 1994 obtinue-

400 2016 481 2056 rint;

445 2070 460 2113 g
484 2068 513 2102 ⁹2.
532 2068 592 2102 Pro
605 2067 718 2101 maiori
735 2072 840 2101 autem
860 2067 1069 2111 capitulorum
1087 2067 1146 2100 hu-

401 2122 536 2156 iusmodi
550 2121 708 2154 validitate
721 2125 751 2154 et
764 2120 972 2161 observantia,
986 2121 1039 2153 illa
1052 2120 1145 2154 etiam

401 2176 591 2221 apostolicae
608 2174 755 2209 nostrae²
769 2174 1018 2208 confirmationis
1031 2174 1147 2207 robore

403 2228 592 2264 communiri
616 2228 791 2272 plurimum
807 2227 1003 2261 desiderent:

447 2285 462 2328 ἓ
485 2283 515 2316 3.
541 2284 614 2322 Nos,
631 2287 823 2315 mercatores
840 2281 904 2314 sive
928 2281 1147 2324 negociatores

402 2338 580 2384 praedictos
605 2336 792 2381 specialibus
817 2335 976 2369 favoribus
992 2340 1022 2369 et
1037 2335 1147 2378 gratiis

403 2391 553 2437 prosequi
577 2391 740 2431 volentes,
772 2394 802 2423 et
826 2400 938 2423 eorum
972 2389 1147 2432 singulares

404 2455 555 2490 personas
572 2455 590 2477 a
614 2442 776 2488 quibusvis
801 2441 1146 2482 excommunicationis,

404 2497 619 2541 suspensionis
644 2502 674 2530 et
697 2495 871 2536 interdicti,
896 2495 1027 2539 aliisque
1051 2495 1148 2528 eccle-

404 2552 536 2587 siasticis
560 2551 721 2585 sententiis
736 2578 743 2591 ,
767 2549 909 2584 censuris
934 2555 964 2582 et
986 2549 1106 2593 poenis,
1130 2559 1147 2581 a

440 2626 450 2651 1
475 2623 513 2650 Ex
533 2622 641 2658 Begest.
662 2622 690 2649 in
710 2622 815 2649 Secret.
837 2621 915 2648 Brev.

438 2669 455 2697 2
470 2668 591 2696 Erronee
607 2667 669 2695 edit.
687 2667 769 2694 Main.
788 2667 852 2701 legit
867 2670 968 2695 nostra
982 2668 1018 2702 (n,
1038 2667 1085 2700 T.).

991 259 1168 285 BULLARIUM
1191 258 1346 285 ROMANUM

1177 308 1245 341 iure
1261 307 1308 341 vel
1333 307 1372 340 ab
1392 307 1530 347 homine,
1547 306 1656 350 quavis
1680 305 1843 340 occasione
1867 307 1915 340 vel

1177 363 1271 395 causa
1287 361 1367 401 latis,
1384 361 1408 393 si
1426 360 1540 404 quibus
1564 358 1803 403 quomodolibet
1825 359 1914 394 inno—

1176 414 1266 448 datae
1290 415 1440 455 existunt,
1465 413 1503 446 ad
1527 412 1674 446 effectum
1704 413 1915 456 praesentium

1176 468 1336 502 dumtaxat
1353 466 1620 511 consequendum,
1638 466 1750 499 harum
1770 466 1850 500 serie
1866 467 1915 500 ab·

1176 522 1331 555 solventes
1351 526 1381 554 et.
1397 521 1554 554 absolutas
1570 521 1636 553 l'orc
1654 524 1827 560 censentes,
1847 529 1916 564 sup-

1177 575 1396 618 plicationibus
1420 584 1530 608 eorum
1555 573 1683 607 nomine
1707 572 1798 606 nobis
1821 583 1917 616 super

1176 629 1236 662 hoc
1260 628 1421 661 humiliter
1442 627 1597 672 porrectis
1614 626 1763 668 inclinati,
1780 625 1915 670 capitula

1175 681 1345 725 praedicta,
1369 680 1541 714 dummodo
1566 686 1669 714 tamen
1694 679 1779 713 licita
1802 679 1864 712 sint
1887 685 1917 713 et

1176 735 1328 775 honesta,
1360 734 1520 778 sacrisque
1549 733 1722 768 canonibus
1747 738 1778 767 et
1800 733 1915 767 Concili

1175 787 1347 821 Tridentini
1360 787 1494 821 decretis
1507 792 1538 821 et
1553 786 1830 821 constitutionibus
1845 796 1918 831 apo-

1177 841 1294 875 stolicis
1310 851 1373 874 non
1391 840 1606 882 adversentur,
1622 840 1795 885 apostolica
1814 844 1917 874 aucto-

1177 893 1278 934 ritate,
1295 898 1405 926 tenore
1420 893 1644 938 praesentium,
1658 893 1871 937 approbamus
1888 899 1918 926 et

1177 946 1412 987 confirmamus,
1436 947 1561 991 illisque
1584 946 1773 981 inviolabilis
1795 951 1918 991 aposto-

1177 999 1255 1033 lieae
1278 999 1437 1033 firmitatis
1451 999 1551 1034 robur
1567 1000 1742 1041 adiicimus,
1756 1010 1793 1034 ac
1809 1010 1918 1034 omnes

1177 1057 1208 1086 et
1227 1052 1368 1096 singulos
1392 1056 1454 1087 tam
1475 1052 1554 1086 iuris
1570 1063 1665 1096 quam
1680 1053 1752 1087 facti
1768 1053 1918 1094 desectus,

1177 1106 1203 1139 si
1227 1106 1282 1150 qui
1306 1105 1442 1150 desuper
1473 1104 1713 1149 quomodolibet
1742 1105 1918 1140 intervene-

1178 1160 1251 1201 rint,
1261 1160 1456 1205 supplemus.
1466 1160 1675 1194 Decernentes
1688 1159 1824 1204 capitula
1832 1169 1919 1204 prae-

1177 1213 1260 1247 dicta
1283 1214 1323 1246 ab
1347 1213 1465 1246 eisdem
1490 1212 1731 1254 mercatoribus,
1748 1223 1804 1246 seu
1826 1223 1920 1256 nego-

1178 1266 1359 1308 ciatoribus,
1379 1272 1410 1300 et
1432 1266 1511 1309 aliis,
1536 1277 1615 1311 quos
1639 1267 1692 1299 illa
1715 1272 1919 1308 concernunt,

1177 1320 1338 1354 observari
1363 1320 1489 1361 debere,
1512 1331 1548 1353 ac
1572 1320 1697 1353 irritum
1722 1325 1753 1353 et
1775 1319 1877 1361 inane,
1894 1319 1919 1353 si

1178 1385 1268 1408 secus
1292 1384 1386 1418 super
1416 1374 1464 1408 his
1489 1384 1507 1407 a
1530 1384 1688 1418 quoquam
1704 1401 1711 1415 ‚
1736 1373 1845 1418 quavis
1868 1383 1919 1406 au-

1178 1427 1332 1469 ctoritate,
1349 1427 1483 1461 scienter
1500 1428 1548 1461 vel
1568 1428 1762 1470 ignoranter,
1783 1426 1920 1470 contige—

1178 1481 1219 1514 rit
1242 1481 1398 1516 attentari.

1222 1537 1237 1580 g
1259 1535 1289 1568 4.
1308 1535 1342 1568 In
1358 1536 1553 1569 contrarium
1577 1535 1764 1568 facientibus
1784 1544 1847 1568 non
1867 1534 1920 1569 ob-

1178 1589 1331 1623 stantibus
1355 1586 1614 1633 quibuscumque.

1222 1644 1334 1677 Datum
1358 1643 1497 1683 Romae,
1522 1642 1605 1686 apud
1633 1642 1661 1675 S.
1688 1642 1815 1675 Petrum
1830 1668 1837 1682 ,
1862 1641 1920 1675 sub

1178 1697 1294 1730 annulo
1328 1695 1515 1736 piscatoris,
1545 1695 1596 1728 die
1630 1705 1707 1728 xxix
1739 1694 1921 1729 novembris

1179 1760 1330 1791 iuncxxm,
1353 1749 1555 1794 pontificatus
1580 1749 1680 1782 nostri
1705 1758 1787 1782 anno
1812 1758 1831 1782 ι.

1215 1812 1273 1840 Dat.
1293 1812 1337 1840 die
1352 1812 1386 1840 29
1401 1811 1559 1840 novembris
1580 1811 1660 1846 1623,
1680 1810 1775 1846 pontif.
1796 1817 1902 1838 annor.

1512 1956 1588 1990 XIV.

1179 2038 1334 2072 Eoeleizsio
1365 2037 1492 2071 indulti
1523 2035 1685 2070 recitandi
1717 2035 1860 2080 officium
1893 2040 1922 2068 et

1224 2092 1360 2124 Missam
1391 2091 1576 2124 celebrandi
1605 2090 1643 2123 de
1667 2091 1760 2123 beata
1783 2089 1919 2132 Μανθα-

1224 2146 1291 2177 rita
1314 2145 1352 2177 de
1378 2145 1537 2184 Cortona,
1565 2144 1706 2177 moniali
1734 2142 1836 2176 Tertii
1861 2140 1922 2176 Or-

1225 2198 1313 2230 dinis
1333 2198 1365 2231 S.
1386 2197 1568 2237 Francisci,
1586 2206 1645 2240 pro
1670 2195 1831 2235 omnibus,
1856 2199 1923 2227 tam

1224 2252 1305 2284 viris
1329 2261 1431 2295 qnam
1454 2249 1661 2291 mulieribus,
1682 2248 1762 2283 dicti
1788 2248 1923 2283 Ordinis

1224 2305 1345 2349 ubique
1368 2304 1590 2338 eoez‘stentibus.

1388 2384 1524 2411 Urbanus
1544 2383 1720 2418 Episcopus,

1376 2435 1482 2456 servus
1498 2435 1652 2455 servorum
1667 2427 1730 2461 Dei,

1305 2474 1341 2501 ad
1361 2476 1536 2508 perpetuam
1555 2472 1599 2501 rei
1620 2471 1800 2500 memoriam.

1225 2546 1372 2580 Caelestis
1396 2555 1494 2589 aquae
1519 2545 1647 2585 flumen,
1664 2544 1749 2589 quod
1772 2544 1811 2577 ab
1835 2544 1920 2577 inex—

1181 2601 1293 2634 hausto
1311 2600 1391 2633 vitae
1409 2600 1492 2633 sonte
1510 2599 1694 2644 procedens,
1715 2599 1836 2643 impetu
1851 2607 1920 2642 per-

1180 2659 1274 2699 petuo
1297 2654 1377 2697 ssuit,
1397 2654 1538 2689 fidelium
1562 2658 1683 2688 mentes
1707 2657 1825 2698 septem
1846 2651 1920 2685 cha-

1931 258 1979 286 Αη.
1996 258 2023 285 C.
2047 259 2114 287 ¹623

1957 1546 2119 1573 contrariisque

1935 1573 2030 1599 derogat.

1962 2557 2075 2578 Exordium
