2269 3235
123 253 174 280 An.
194 252 222 281 C.
239 252 307 281 1626

145 1007 265 1029 Exordium.

174 1379 256 1400 Causae
275 1378 305 1398 sa-

121 1405 210 1427 ciendae
238 1405 305 1431 depu-

122 1433 215 1453 tationis.

652 299 718 333 CCI.

314 362 485 405 Deputatto
513 363 733 405 episcoporum
750 361 930 394 Lauclensis
955 365 982 393 el
1005 362 1057 394 Co-

357 416 477 448 mcnsz's
487 416 507 456 ¹,
519 426 556 448 ac
567 414 815 459 poenitentiarii
831 413 978 446 ecclesiae
997 413 1058 445 Me-

357 468 566 511 tlr'olanensis,
579 469 615 501 in
629 471 820 511 protectores
836 466 964 509 colleqii
979 466 1057 498 Hel-

357 522 515 555 vetiorum
539 526 567 555 et
591 521 782 555 Rlzetiorum
806 518 948 553 eiusdem
973 519 1054 552 civi-

359 575 435 607 latis
448 575 469 608 ².

314 636 541 664 venerabilibus
569 634 714 663 fratribus
743 633 883 668 Papiensi
911 636 942 661 et
966 633 1058 661 Nova—

349 681 444 708 riensi
465 679 632 715 episcopis,
657 686 692 707 ac
719 678 841 706 dilectis
861 678 933 705 filiis
953 678 1057 712 poeni-

350 725 492 753 tentiario
508 728 539 752 et.
555 723 816 758 archipresbytero
836 723 986 751 ecclesiae
998 723 1058 750 Μο-

351 769 545 804 diotanensis,

509 822 644 850 Urbanus
675 822 753 856 Papa
771 823 848 850 vm.

315 885 506 913 Venerabiles
525 884 637 912 fratres
659 887 690 913 et
709 884 813 912 dilecti
832 884 906 919 filii,
928 884 1058 912 salutem

351 933 382 957 et
402 930 597 964 apostolicam
620 930 871 958 benedictionem.

359 991 501 1024 Militanti
518 991 683 1032 Ecclesiae,
695 992 767 1024 licet
784 991 945 1032 immeriti,
960 991 1061 1035 dispo-

315 1049 408 1077 nente
432 1044 565 1077 Domino
585 1044 811 1088 praesidentes,
840 1044 924 1078 circa
949 1054 1059 1077 curam

318 1098 601 1131 ecclesiasticarum
624 1108 833 1142 personarum
855 1098 996 1131 omnium
1014 1108 1062 1131 so-

316 1151 408 1184 lertia
424 1151 588 1184 reddimur
598 1151 752 1184 indefessa
770 1151 904 1192 solliciti,
917 1156 961 1193 ut,
978 1152 1063 1184 iuxta

317 1204 459 1237 debitum
482 1204 648 1248 pastoralis
665 1204 770 1244 officii,
788 1214 898 1238 eorum
916 1214 1063 1237 occurra-

318 1268 389 1290 mus
413 1257 596 1301 dispendiis,
610 1268 645 1290 ac
660 1257 862 1301 profectibus,
877 1258 982 1291 divina
995 1267 1065 1290 coo-

318 1316 447 1354 perante
454 1311 630 1351 clementia,
639 1311 1063 1345 favorabiliterintendamus.

364 1364 421 1407 §I
439 1364 519 1397 Sane
537 1364 725 1397 dilectorum
746 1364 884 1398 filiorum
902 1369 1063 1398 rectorum

321 1417 446 1460 collegii
467 1417 506 1450 ad
531 1417 720 1450 erudiendos
746 1418 904 1451 Helvetios
928 1423 959 1451 et
982 1418 1065 1450 Rhe-

321 1471 391 1514 tios,
410 1482 526 1515 eosque
553 1471 681 1515 optimis
706 1472 848 1505 moribus
865 1477 895 1505 et
914 1472 1065 1505 doctrinis

321 1524 519 1565 imbuendos,
540 1524 571 1557 in
591 1525 715 1558 civitate
738 1524 959 1558 Mediolanensi
979 1524 1066 1557 insti-

321 1578 379 1611 tuti
404 1579 627 1622 conquestione
646 1579 858 1623 percepimus,
883 1578 978 1622 quod,
992 1589 1064 1612 cum

323 1632 475 1664 nonnulla
499 1637 610 1672 castra,
627 1632 718 1665 villae
735 1638 765 1665 et
780 1632 840 1665 alia
856 1633 935 1673 loca,
951 1637 1064 1672 terrae,

323 1684 447 1726 domus,
470 1685 705 1729 possessiones,
738 1695 837 1728 aquae
861 1691 891 1718 et
914 1685 1066 1718 decursus

323 1749 477 1782 aquarum
491 1766 499 1780 ,
528 1739 597 1772 iura
611 1766 618 1780 ,
648 1739 879 1773 iurisdictiones
892 1766 899 1779 ,
925 1739 1045 1772 fructus
1058 1765 1066 1779 ,

325 1801 453 1833 census,
482 1792 622 1826 redditus
637 1819 644 1833 ,
668 1797 840 1836 proventus
865 1797 895 1825 et
918 1793 1068 1825 nonnulla

326 1845 386 1877 alia
409 1845 538 1878 mobilia
566 1850 595 1878 et
619 1846 815 1888 immobilia,
836 1845 1010 1890 spiritualia
1037 1850 1068 1878 et

327 1898 511 1941 temporalia
523 1899 613 1942 bona,
628 1899 660 1932 in
672 1899 920 1941 Mediolanensis,
941 1899 1068 1943 Pupien-

328 1951 378 1994 sis,
403 1952 603 1986 Novariensis
634 1958 664 1986 et
688 1953 755 1986 aliis
780 1953 974 1986 dioecesibus
998 1963 1069 1986 con-

328 2005 488 2046 sistentia,
513 2007 606 2039 etiam
638 2006 759 2040 ratione
791 2017 1067 2050 quorumcumque

327 2057 553 2092 beneficiorum
589 2059 690 2093 eidem
723 2060 856 2103 collegio
898 2060 1068 2104 apostolica

328 2112 511 2145 auctoritate
528 2114 603 2146 alias
627 2114 799 2155 unitorum,
816 2113 855 2146 ad
872 2113 989 2147 dictum
1009 2113 1070 2146 col-

328 2165 446 2208 legium
463 2171 604 2210 spectent
623 2172 653 2200 et
672 2167 864 2211 pertineant,
881 2172 911 2200 et
926 2166 1068 2200 nonnulli

330 2219 422 2252 etiam
446 2220 604 2255 civitatum
629 2225 659 2255 et
682 2221 834 2254 dioecesis
863 2231 899 2254 ac
932 2221 1069 2265 partium

331 2272 563 2315 praedictarum
576 2284 640 2308 non
653 2274 823 2307 formident
837 2274 945 2307 eadem
959 2279 1070 2315 castra,

332 2324 430 2366 villas,
443 2326 511 2359 loca
528 2332 557 2359 et
576 2333 687 2369 terras,
704 2328 826 2369 domos,
846 2328 1069 2372 possessiones,

332 2387 428 2422 aquas
451 2384 482 2411 et
505 2379 655 2414 decursus
671 2391 836 2424 aquarum,
853 2382 931 2423 iura,
950 2381 1073 2414 iurisdi-

333 2431 461 2473 ctiones,
485 2432 614 2474 fructus,
639 2444 759 2477 census,
783 2434 925 2468 redditus
950 2439 980 2467 et
1002 2445 1074 2478 pro-

332 2490 443 2518 ventus
478 2487 661 2520 eorumdem
696 2498 874 2532 occupare,
898 2488 948 2521 vel
979 2498 1074 2532 super

369 2567 382 2594 1
404 2567 438 2594 At
450 2567 602 2603 Papiensis
616 2570 642 2595 et
656 2568 842 2597 Novariensis
861 2570 955 2604 postea
975 2567 1075 2604 legitur

340 2615 373 2639 a.
392 2620 417 2639 τ.
436 2634 441 2639 .

337 2621 345 2648 i
369 2657 386 2684 2
405 2613 442 2685 E)x
462 2657 568 2694 Regest.
589 2658 616 2686 in
635 2658 738 2687 Secret.
759 2658 837 2688 Brev.

926 249 1067 275 URBANUS
1092 250 1149 274 VIII
1172 250 1220 274 Pr.

1090 298 1207 331 eisdem
1227 302 1256 331 et
1273 297 1525 341 quibuscumque
1550 296 1617 328 aliis
1642 295 1742 335 bonis,
1768 306 1832 327 mo-

1090 351 1206 384 bilibus
1235 356 1265 383 et
1299 349 1535 389 immobilibus,
1561 349 1777 393 spiritualibus
1801 354 1831 380 et

1091 404 1325 447 temporalibus,
1346 404 1435 447 aquis
1454 409 1483 436 ct
1496 404 1564 436 aliis
1577 403 1681 443 rebus,
1696 402 1829 435 cisdcm'

1091 457 1268 489 rectoribus
1294 457 1482 500 multiplices
1513 457 1672 490 molestias
1697 461 1727 489 et
1752 456 1831 489 iniu-

1091 509 1152 542 rias
1177 510 1291 542 inferre
1321 515 1350 542 ct
1382 510 1537 551 iacturas,
1563 521 1659 554 quare
1684 510 1759 543 dicti
1788 519 1833 542 re-

1091 566 1192 596 ctores
1205 563 1295 596 nobis
1312 563 1475 596 humiliter
1493 565 1662 608 supplicari
1683 565 1831 603 fecerunt,

1091 621 1133 656 ut,
1159 627 1230 649 cum
1256 616 1315 649 sibi
1339 616 1428 649 valde
1452 617 1601 649 reddatur
1625 617 1750 650 difficile
1775 627 1833 660 pro

1091 668 1222 711 singulis
1246 669 1383 712 querelis
1413 668 1451 701 ad
1483 669 1594 702 Sedem
1620 669 1831 712 Apostolicam

1091 721 1208 754 habere
1233 732 1418 764 recursum,
1444 722 1604 765 provideri
1637 723 1714 765 ipsis
1740 732 1834 766 super

1092 775 1152 807 boc
1175 777 1305 818 paterna
1331 775 1493 817 diligentia
1518 785 1711 807 curaremus.

1139 829 1153 872 ἓ
1177 828 1206 861 2.
1232 829 1294 861 Nos
1319 828 1425 871 igitur,
1445 827 1594 861 adversus
1614 833 1833 871 occupatores,

1092 882 1281 922 detentores,
1294 885 1559 925 praesumptores,
1574 881 1792 914 molestatores
1806 876 1836 913 et

1094 935 1294 969 iniuriatores
1320 935 1501 968 huiusmodi
1527 935 1580 968 illo
1601 935 1740 968 volentes
1760 934 1836 978 ipsis

1095 989 1270 1022 rectoribus
1287 989 1428 1022 remedio
1446 988 1623 1028 subvenire,
1641 987 1725 1031 quod
1746 987 1832 1031 ipso-

1095 1053 1166 1075 rum
1184 1048 1403 1086 compescatur
1421 1042 1591 1084 temeritas,
1606 1046 1636 1074 et
1650 1041 1718 1074 aliis
1727 1041 1836 1085 adytus

1096 1096 1314 1130 committendi
1339 1095 1453 1128 similia
1476 1094 1719 1138 praecludatur,
1749 1093 1837 1127 vobis

1096 1160 1152 1193 per
1164 1149 1334 1193 apostolica
1348 1149 1464 1192 scripta
1478 1148 1674 1189 mandamus,
1685 1151 1838 1191 quatenus

1097 1213 1161 1244 vos,
1171 1203 1218 1235 vel
1232 1202 1304 1243 duo,
1315 1207 1367 1234 aut
1383 1212 1464 1235 unus
1480 1206 1629 1241 vestrum,
1643 1211 1700 1244 per
1712 1211 1776 1240 vos,
1790 1200 1837 1233 vel

1097 1256 1204 1296 alium,
1222 1266 1277 1288 seu
1293 1255 1380 1296 alios,
1401 1255 1522 1288 etiamsi
1539 1255 1599 1287 sint
1616 1259 1702 1287 extra
1725 1254 1794 1287 loca
1807 1254 1838 1286 in

1097 1309 1211 1353 quibus
1235 1309 1376 1353 deputati
1401 1309 1475 1341 estis
1496 1312 1734 1341 conservatores
1751 1311 1781 1340 et
1796 1307 1839 1340 iu-

1097 1363 1194 1404 dices,
1210 1362 1377 1406 praedictis
1391 1362 1570 1394 rectoribus
1588 1361 1722 1394 efficacis
1736 1360 1840 1393 desen-

1098 1416 1193 1450 sionis
1204 1415 1362 1460 praesidio
1372 1415 1560 1456 assistentes,
1569 1425 1631 1447 non
1640 1414 1839 1458 permittatis,

1099 1481 1152 1503 eos
1172 1470 1341 1513 superbis,
1367 1473 1397 1503 et
1421 1468 1581 1512 quibusvis
1606 1468 1674 1500 aliis
1697 1468 1789 1501 bonis
1810 1473 1839 1500 et

1100 1523 1223 1556 iuribus
1240 1523 1278 1555 ad
1295 1522 1412 1555 dictum
1430 1522 1599 1564 collegium
1613 1521 1839 1565 spectantibus,

1100 1587 1117 1609 a
1133 1576 1294 1620 quibusvis
1319 1576 1411 1608 etiam
1436 1575 1706 1619 archiepiscopali,
1726 1575 1843 1618 episco-

1100 1630 1163 1673 pali
1180 1630 1228 1662 vel
1244 1629 1305 1662 alia
1319 1629 1530 1661 ecclesiastica
1547 1628 1698 1671 dignitate
1715 1628 1843 1670 fungen-

1100 1683 1194 1723 tibus,
1218 1692 1342 1715 necnon
1355 1681 1478 1714 clericis
1495 1686 1525 1713 et
1541 1681 1759 1714 ecclesiasticis
1779 1686 1841 1713 tam

1102 1736 1257 1779 religiosis
1271 1746 1365 1779 quam
1383 1735 1579 1768 secularibus
1600 1734 1754 1778 personiS,
1771 1744 1843 1767 nec-

1101 1800 1165 1824 non
1189 1789 1438 1829 marchionibus,
1464 1788 1643 1828 comitibus,
1663 1787 1843 1829 baronibus,

1102 1843 1270 1885 nobilibus,
1297 1842 1451 1875 militibus
1476 1845 1507 1875 ct
1526 1842 1623 1882 laicis,
1641 1841 1846 1875 communita-

1103 1897 1186 1930 tibus
1210 1897 1380 1937 civitatum,
1406 1895 1688 1937 universitatibus&
1713 1895 1845 1939 oppido-

1103 1961 1185 1991 rum,
1208 1955 1401 1991 castrorum,
1426 1950 1634 1993 villarumque
1659 1955 1689 1982 et
1712 1949 1846 1982 aliorum

1103 2005 1257 2045 locorum,
1282 2014 1318 2037 ac
1341 2003 1410 2036 aliis
1435 2003 1629 2036 secularibus
1645 2002 1789 2046 personis
1806 2002 1846 2034 ci-

1103 2058 1233 2091 vitatum
1251 2063 1280 2090 et
1297 2057 1477 2091 dioecesum
1498 2060 1527 2090 et
1547 2057 1685 2100 partium
1702 2056 1846 2095 aliarum,

1104 2111 1240 2144 indebite
1265 2111 1436 2150 molestari,
1463 2110 1512 2143 vel
1533 2110 1577 2142 eis
1593 2110 1775 2152 gravamina
1792 2119 1847 2142 seu

1104 2164 1217 2197 damna
1241 2164 1289 2197 vel
1314 2163 1444 2196 iniurias
1466 2163 1611 2206 irrogari,
1627 2162 1738 2195 facturi
1757 2161 1847 2195 dictis

1105 2219 1294 2260 rectoribus,
1320 2229 1392 2251 cum
1416 2217 1455 2250 ab
1480 2217 1524 2250 eis
1542 2217 1591 2249 vel
1610 2227 1721 2250 eorum
1736 2226 1849 2260 procu-

1105 2272 1263 2306 ratoribus
1287 2271 1410 2305 fueritis
1434 2270 1592 2314 requisiti,
1618 2270 1656 2303 de
1680 2269 1849 2314 praedictis

1106 2330 1136 2359 et
1155 2325 1223 2358 aliis
1247 2325 1391 2369 personis
1415 2324 1615 2368 quibuslibet,
1640 2334 1734 2367 super
1758 2323 1848 2356 resti-

1106 2379 1226 2413 tutione
1250 2378 1431 2411 huiusmodi
1455 2383 1652 2418 castrorum,
1681 2377 1825 2410 villarum
1841 2404 1848 2417 ,

1107 2439 1265 2467 terrarum
1282 2437 1313 2465 et
1332 2432 1465 2465 aliorum
1486 2432 1640 2471 locorum,
1662 2429 1850 2463 iurisdictio-

1108 2498 1184 2520 num
1199 2514 1206 2528 ,
1231 2486 1349 2519 iurium
1371 2490 1401 2519 et
1424 2485 1582 2519 bonorum
1598 2511 1605 2525 ,
1630 2484 1795 2517 mobilium
1820 2489 1850 2516 et

1108 2540 1335 2581 immobilium,
1360 2538 1540 2573 reddituum
1565 2548 1691 2582 quoque
1715 2543 1746 2571 et
1768 2548 1850 2582 pro-

1116 2615 1119 2617 ’
1146 2614 1157 2640 1
1176 2611 1284 2646 Erron.,
1295 2614 1407 2647 utputo,
1418 2609 1461 2638 ed.
1472 2609 1549 2638 Main.
1563 2609 1752 2646 Iegaeiusdem
1762 2610 1802 2645 (a.
1812 2610 1848 2643 T).

1145 2657 1161 2684 2
1170 2657 1281 2693 Vellege
1289 2657 1525 2691 universitatum,
1535 2655 1577 2683 vel
1587 2663 1694 2686 comma
1702 2655 1762 2684 dele
1769 2655 1849 2690 (uxr).

1851 879 1891 899 qua
1906 874 1925 892 in

1730 238 1794 272 469
1841 247 1890 274 Αη.
1912 247 1938 274 c.
1958 249 2026 275 1626

1878 845 1990 871 tii-putatu·
2007 844 2032 863 de

1941 873 2032 892 rubrica.
