<?xml version="1.0" encoding="UTF-8"?>
<!DOCTYPE html PUBLIC "-//W3C//DTD XHTML 1.0 Transitional//EN"
    "http://www.w3.org/TR/xhtml1/DTD/xhtml1-transitional.dtd">
<html xmlns="http://www.w3.org/1999/xhtml" xml:lang="en" lang="en">
 <head>
  <title>
</title>
<meta http-equiv="Content-Type" content="text/html;charset=utf-8" />
  <meta name='ocr-system' content='tesseract 3.04.00' />
  <meta name='ocr-capabilities' content='ocr_page ocr_carea ocr_par ocr_line ocrx_word'/>
</head>
<body>
  <div class='ocr_page' id='page_1' title='image "./bullarumdiplomat13cath_0289.png"; bbox 0 0 2269 3235; ppageno 0'>
   <div class='ocr_carea' id='block_1_1' title="bbox 117 247 298 276">
    <p class='ocr_par' dir='ltr' id='par_1_1' title="bbox 117 247 298 276">
     <span class='ocr_line' id='line_1_1' title="bbox 117 247 298 276; baseline 0 -1"><span class='ocrx_word' id='word_1_1' title='bbox 117 248 171 275; x_wconf 76' lang='lat' dir='ltr'>An.</span> <span class='ocrx_word' id='word_1_2' title='bbox 185 247 212 276; x_wconf 89' lang='lat' dir='ltr'>C.</span> <span class='ocrx_word' id='word_1_3' title='bbox 230 247 298 276; x_wconf 70' lang='lat'>1624</span> 
     </span>
    </p>
   </div>
   <div class='ocr_carea' id='block_1_2' title="bbox 920 247 1214 273">
    <p class='ocr_par' dir='ltr' id='par_1_2' title="bbox 920 247 1214 273">
     <span class='ocr_line' id='line_1_2' title="bbox 920 247 1214 273; baseline -0.003 -1"><span class='ocrx_word' id='word_1_4' title='bbox 920 247 1063 273; x_wconf 78' lang='lat' dir='ltr'><strong>URBANUS</strong></span> <span class='ocrx_word' id='word_1_5' title='bbox 1086 247 1144 272; x_wconf 80' lang='lat' dir='ltr'>vm</span> <span class='ocrx_word' id='word_1_6' title='bbox 1166 248 1214 272; x_wconf 85' lang='grc' dir='ltr'>ΡΡ.</span> 
     </span>
    </p>
   </div>
   <div class='ocr_carea' id='block_1_3' title="bbox 308 295 1053 1190">
    <p class='ocr_par' dir='ltr' id='par_1_3' title="bbox 311 295 1053 594">
     <span class='ocr_line' id='line_1_3' title="bbox 314 295 1050 340; baseline 0 -12"><span class='ocrx_word' id='word_1_7' title='bbox 314 295 511 340; x_wconf 89' lang='lat' dir='ltr'>philosophis</span> <span class='ocrx_word' id='word_1_8' title='bbox 535 300 565 330; x_wconf 87' lang='lat' dir='ltr'>ct</span> <span class='ocrx_word' id='word_1_9' title='bbox 589 295 743 340; x_wconf 84' lang='lat' dir='ltr'>theologis</span> <span class='ocrx_word' id='word_1_10' title='bbox 772 296 1050 340; x_wconf 84' lang='lat' dir='ltr'>praescribuntur,</span> 
     </span>
     <span class='ocr_line' id='line_1_4' title="bbox 312 348 1051 393; baseline -0.001 -12"><span class='ocrx_word' id='word_1_11' title='bbox 312 349 377 382; x_wconf 90' lang='lat' dir='ltr'>suis</span> <span class='ocrx_word' id='word_1_12' title='bbox 393 349 592 393; x_wconf 83' lang='lat' dir='ltr'>temporibus</span> <span class='ocrx_word' id='word_1_13' title='bbox 612 349 779 393; x_wconf 80' lang='lat' dir='ltr'>diligenter</span> <span class='ocrx_word' id='word_1_14' title='bbox 796 348 932 391; x_wconf 88' lang='lat' dir='ltr'>audiant,</span> <span class='ocrx_word' id='word_1_15' title='bbox 950 358 1051 391; x_wconf 84' lang='lat' dir='ltr'>neque</span> 
     </span>
     <span class='ocr_line' id='line_1_5' title="bbox 312 402 1049 447; baseline -0.003 -12"><span class='ocrx_word' id='word_1_16' title='bbox 312 402 460 446; x_wconf 85' lang='lat' dir='ltr'><strong>cuiquam</strong></span> <span class='ocrx_word' id='word_1_17' title='bbox 477 403 566 436; x_wconf 83' lang='lat' dir='ltr'>facile</span> <span class='ocrx_word' id='word_1_18' title='bbox 586 403 745 447; x_wconf 79' lang='lat' dir='ltr'><strong>dispenset</strong></span> <span class='ocrx_word' id='word_1_19' title='bbox 761 407 874 443; x_wconf 83' lang='lat' dir='ltr'>rector,</span> <span class='ocrx_word' id='word_1_20' title='bbox 891 406 925 434; x_wconf 89' lang='lat' dir='ltr'>ut</span> <span class='ocrx_word' id='word_1_21' title='bbox 942 411 1049 434; x_wconf 88' lang='lat' dir='ltr'>carum</span> 
     </span>
     <span class='ocr_line' id='line_1_6' title="bbox 311 455 1051 500; baseline -0.003 -12"><span class='ocrx_word' id='word_1_22' title='bbox 311 455 449 500; x_wconf 80' lang='lat' dir='ltr'>aliquam</span> <span class='ocrx_word' id='word_1_23' title='bbox 469 456 627 489; x_wconf 83' lang='lat' dir='ltr'>ordinarie</span> <span class='ocrx_word' id='word_1_24' title='bbox 652 456 784 495; x_wconf 85' lang='lat' dir='ltr'>omittat,</span> <span class='ocrx_word' id='word_1_25' title='bbox 802 455 860 487; x_wconf 90' lang='lat' dir='ltr'>nisi</span> <span class='ocrx_word' id='word_1_26' title='bbox 878 465 912 487; x_wconf 89' lang='lat' dir='ltr'>re</span> <span class='ocrx_word' id='word_1_27' title='bbox 929 460 1051 487; x_wconf 88' lang='lat' dir='ltr'>mature</span> 
     </span>
     <span class='ocr_line' id='line_1_7' title="bbox 312 507 1053 552; baseline -0.001 -11"><span class='ocrx_word' id='word_1_28' title='bbox 312 508 508 542; x_wconf 77' lang='lat' dir='ltr'>considerata</span> <span class='ocrx_word' id='word_1_29' title='bbox 528 514 557 542; x_wconf 90' lang='lat' dir='ltr'>et</span> <span class='ocrx_word' id='word_1_30' title='bbox 581 508 693 542; x_wconf 74' lang='lat' dir='ltr'>collata</span> <span class='ocrx_word' id='word_1_31' title='bbox 718 518 788 541; x_wconf 92' lang='lat' dir='ltr'>cum</span> <span class='ocrx_word' id='word_1_32' title='bbox 806 507 985 552; x_wconf 87' lang='lat' dir='ltr'>praeposito</span> <span class='ocrx_word' id='word_1_33' title='bbox 1002 517 1053 550; x_wconf 81' lang='lat' dir='ltr'>ge-</span> 
     </span>
     <span class='ocr_line' id='line_1_8' title="bbox 312 561 420 594; baseline 0.009 -1"><span class='ocrx_word' id='word_1_34' title='bbox 312 561 420 594; x_wconf 88' lang='lat' dir='ltr'>nerali.</span> 
     </span>
    </p>

    <p class='ocr_par' dir='ltr' id='par_1_4' title="bbox 308 613 1053 976">
     <span class='ocr_line' id='line_1_9' title="bbox 355 613 1051 657; baseline -0.001 -10"><span class='ocrx_word' id='word_1_35' title='bbox 355 614 593 648; x_wconf 90' lang='lat' dir='ltr'>Controversiae</span> <span class='ocrx_word' id='word_1_36' title='bbox 617 613 700 654; x_wconf 87' lang='lat' dir='ltr'>fidei,</span> <span class='ocrx_word' id='word_1_37' title='bbox 725 623 805 657; x_wconf 88' lang='lat' dir='ltr'>quac</span> <span class='ocrx_word' id='word_1_38' title='bbox 826 613 984 646; x_wconf 79' lang='lat' dir='ltr'>Ecclesiae</span> <span class='ocrx_word' id='word_1_39' title='bbox 999 613 1051 646; x_wconf 86' lang='lat' dir='ltr'>Ca-</span> 
     </span>
     <span class='ocr_line' id='line_1_10' title="bbox 313 667 1051 707; baseline 0 -6"><span class='ocrx_word' id='word_1_40' title='bbox 313 667 446 701; x_wconf 88' lang='lat' dir='ltr'>tholicae</span> <span class='ocrx_word' id='word_1_41' title='bbox 460 678 524 701; x_wconf 91' lang='lat' dir='ltr'>non</span> <span class='ocrx_word' id='word_1_42' title='bbox 539 668 641 701; x_wconf 89' lang='lat' dir='ltr'>solum</span> <span class='ocrx_word' id='word_1_43' title='bbox 659 678 731 700; x_wconf 90' lang='lat' dir='ltr'>cum</span> <span class='ocrx_word' id='word_1_44' title='bbox 749 667 956 700; x_wconf 81' lang='lat' dir='ltr'>schismaticis</span> <span class='ocrx_word' id='word_1_45' title='bbox 970 671 1051 707; x_wconf 87' lang='lat' dir='ltr'>sunt,</span> 
     </span>
     <span class='ocr_line' id='line_1_11' title="bbox 311 720 1051 764; baseline 0 -11"><span class='ocrx_word' id='word_1_46' title='bbox 311 720 366 753; x_wconf 90' lang='lat' dir='ltr'>sed</span> <span class='ocrx_word' id='word_1_47' title='bbox 390 731 444 754; x_wconf 90' lang='lat' dir='ltr'>eae</span> <span class='ocrx_word' id='word_1_48' title='bbox 468 721 572 761; x_wconf 86' lang='lat' dir='ltr'>etiam,</span> <span class='ocrx_word' id='word_1_49' title='bbox 592 730 672 764; x_wconf 87' lang='lat' dir='ltr'>quae</span> <span class='ocrx_word' id='word_1_50' title='bbox 697 731 768 753; x_wconf 89' lang='lat' dir='ltr'>cum</span> <span class='ocrx_word' id='word_1_51' title='bbox 786 720 879 753; x_wconf 88' lang='lat' dir='ltr'>huius</span> <span class='ocrx_word' id='word_1_52' title='bbox 898 720 1051 764; x_wconf 88' lang='lat' dir='ltr'>temporis</span> 
     </span>
     <span class='ocr_line' id='line_1_12' title="bbox 311 773 1053 817; baseline -0.001 -10"><span class='ocrx_word' id='word_1_53' title='bbox 311 773 476 807; x_wconf 82' lang='lat' dir='ltr'>haereticis</span> <span class='ocrx_word' id='word_1_54' title='bbox 493 773 661 817; x_wconf 80' lang='lat' dir='ltr'>agitantur,</span> <span class='ocrx_word' id='word_1_55' title='bbox 680 778 769 806; x_wconf 83' lang='lat' dir='ltr'>curet</span> <span class='ocrx_word' id='word_1_56' title='bbox 784 778 890 806; x_wconf 90' lang='lat' dir='ltr'>rector</span> <span class='ocrx_word' id='word_1_57' title='bbox 905 778 939 806; x_wconf 90' lang='lat' dir='ltr'>ut</span> <span class='ocrx_word' id='word_1_58' title='bbox 955 773 1053 806; x_wconf 82' lang='lat' dir='ltr'>alum-</span> 
     </span>
     <span class='ocr_line' id='line_1_13' title="bbox 311 826 1051 871; baseline -0.001 -11"><span class='ocrx_word' id='word_1_59' title='bbox 311 826 359 860; x_wconf 92' lang='lat' dir='ltr'>nis</span> <span class='ocrx_word' id='word_1_60' title='bbox 382 827 549 870; x_wconf 79' lang='lat' dir='ltr'>diligenter</span> <span class='ocrx_word' id='word_1_61' title='bbox 580 826 796 871; x_wconf 81' lang='lat' dir='ltr'>explicentur,</span> <span class='ocrx_word' id='word_1_62' title='bbox 821 837 923 870; x_wconf 90' lang='lat' dir='ltr'>neque</span> <span class='ocrx_word' id='word_1_63' title='bbox 952 827 990 859; x_wconf 92' lang='lat' dir='ltr'>ab</span> <span class='ocrx_word' id='word_1_64' title='bbox 1015 828 1051 859; x_wconf 79' lang='lat' dir='ltr'>ea</span> 
     </span>
     <span class='ocr_line' id='line_1_14' title="bbox 311 880 1052 925; baseline 0 -12"><span class='ocrx_word' id='word_1_65' title='bbox 311 880 532 914; x_wconf 83' lang='lat' dir='ltr'>exercitatione</span> <span class='ocrx_word' id='word_1_66' title='bbox 544 891 736 925; x_wconf 83' lang='lat' dir='ltr'>quemquam</span> <span class='ocrx_word' id='word_1_67' title='bbox 749 880 876 921; x_wconf 77' lang='lat' dir='ltr'>eximat,</span> <span class='ocrx_word' id='word_1_68' title='bbox 885 880 953 924; x_wconf 84' lang='lat' dir='ltr'>qui¹</span> <span class='ocrx_word' id='word_1_69' title='bbox 968 880 1052 913; x_wconf 88' lang='lat' dir='ltr'>theo-</span> 
     </span>
     <span class='ocr_line' id='line_1_15' title="bbox 308 933 1013 976; baseline 0 -10"><span class='ocrx_word' id='word_1_70' title='bbox 308 933 428 976; x_wconf 86' lang='lat' dir='ltr'>logiam</span> <span class='ocrx_word' id='word_1_71' title='bbox 452 939 505 967; x_wconf 91' lang='lat' dir='ltr'>aut</span> <span class='ocrx_word' id='word_1_72' title='bbox 529 934 737 967; x_wconf 90' lang='lat' dir='ltr'>conscientiae</span> <span class='ocrx_word' id='word_1_73' title='bbox 764 944 854 967; x_wconf 88' lang='lat' dir='ltr'>casus</span> <span class='ocrx_word' id='word_1_74' title='bbox 879 933 1013 967; x_wconf 89' lang='lat' dir='ltr'>audiant.</span> 
     </span>
    </p>

    <p class='ocr_par' dir='ltr' id='par_1_5' title="bbox 311 987 1053 1190">
     <span class='ocr_line' id='line_1_16' title="bbox 354 987 1052 1032; baseline 0 -12"><span class='ocrx_word' id='word_1_75' title='bbox 354 987 395 1021; x_wconf 89' lang='lat' dir='ltr'>lis</span> <span class='ocrx_word' id='word_1_76' title='bbox 411 987 542 1031; x_wconf 88' lang='lat' dir='ltr'>singulis</span> <span class='ocrx_word' id='word_1_77' title='bbox 558 987 758 1021; x_wconf 82' lang='lat' dir='ltr'>facultatibus</span> <span class='ocrx_word' id='word_1_78' title='bbox 777 998 906 1032; x_wconf 84' lang='lat' dir='ltr'>operam</span> <span class='ocrx_word' id='word_1_79' title='bbox 924 987 1052 1027; x_wconf 87' lang='lat' dir='ltr'>dabunt,</span> 
     </span>
     <span class='ocr_line' id='line_1_17' title="bbox 311 1041 1052 1085; baseline 0.001 -11"><span class='ocrx_word' id='word_1_80' title='bbox 311 1041 427 1085; x_wconf 87' lang='lat' dir='ltr'>quibus</span> <span class='ocrx_word' id='word_1_81' title='bbox 443 1041 518 1075; x_wconf 89' lang='lat' dir='ltr'>dare</span> <span class='ocrx_word' id='word_1_82' title='bbox 536 1051 590 1075; x_wconf 88' lang='lat' dir='ltr'>eos</span> <span class='ocrx_word' id='word_1_83' title='bbox 614 1041 731 1075; x_wconf 88' lang='lat' dir='ltr'>debere</span> <span class='ocrx_word' id='word_1_84' title='bbox 755 1047 861 1075; x_wconf 87' lang='lat' dir='ltr'>rector</span> <span class='ocrx_word' id='word_1_85' title='bbox 874 1042 905 1074; x_wconf 91' lang='lat' dir='ltr'>in</span> <span class='ocrx_word' id='word_1_86' title='bbox 919 1042 1052 1075; x_wconf 89' lang='lat' dir='ltr'>Domino</span> 
     </span>
     <span class='ocr_line' id='line_1_18' title="bbox 311 1093 1053 1138; baseline 0.003 -12"><span class='ocrx_word' id='word_1_87' title='bbox 311 1093 503 1128; x_wconf 88' lang='lat' dir='ltr'>iudicaverit.</span> <span class='ocrx_word' id='word_1_88' title='bbox 529 1094 617 1134; x_wconf 88' lang='lat' dir='ltr'>Quod</span> <span class='ocrx_word' id='word_1_89' title='bbox 645 1106 708 1138; x_wconf 93' lang='lat' dir='ltr'>quo</span> <span class='ocrx_word' id='word_1_90' title='bbox 736 1095 849 1128; x_wconf 90' lang='lat' dir='ltr'>melius</span> <span class='ocrx_word' id='word_1_91' title='bbox 874 1100 904 1128; x_wconf 90' lang='lat' dir='ltr'>et</span> <span class='ocrx_word' id='word_1_92' title='bbox 928 1095 1053 1128; x_wconf 89' lang='lat' dir='ltr'>consul-</span> 
     </span>
     <span class='ocr_line' id='line_1_19' title="bbox 312 1146 1052 1190; baseline 0.001 -11"><span class='ocrx_word' id='word_1_93' title='bbox 312 1146 372 1180; x_wconf 86' lang='lat' dir='ltr'>tius</span> <span class='ocrx_word' id='word_1_94' title='bbox 397 1147 470 1188; x_wconf 79' lang='lat' dir='ltr'>fiat,</span> <span class='ocrx_word' id='word_1_95' title='bbox 502 1147 550 1180; x_wconf 90' lang='lat' dir='ltr'>bis</span> <span class='ocrx_word' id='word_1_96' title='bbox 574 1152 628 1180; x_wconf 90' lang='lat' dir='ltr'>aut</span> <span class='ocrx_word' id='word_1_97' title='bbox 660 1148 769 1182; x_wconf 83' lang='lat' dir='ltr'>saltem</span> <span class='ocrx_word' id='word_1_98' title='bbox 801 1148 896 1180; x_wconf 89' lang='lat' dir='ltr'>semel</span> <span class='ocrx_word' id='word_1_99' title='bbox 922 1148 1052 1190; x_wconf 86' lang='lat' dir='ltr'>singulis</span> 
     </span>
    </p>
   </div>
   <div class='ocr_carea' id='block_1_4' title="bbox 1067 293 1828 1189">
    <p class='ocr_par' dir='ltr' id='par_1_6' title="bbox 1067 293 1826 602">
     <span class='ocr_line' id='line_1_20' title="bbox 1068 293 1825 338; baseline -0.004 -10"><span class='ocrx_word' id='word_1_100' title='bbox 1068 299 1072 328; x_wconf 82' lang='lat' dir='ltr'>t</span> <span class='ocrx_word' id='word_1_101' title='bbox 1132 296 1268 328; x_wconf 87' lang='lat' dir='ltr'>Privatas</span> <span class='ocrx_word' id='word_1_102' title='bbox 1292 295 1376 328; x_wconf 90' lang='lat' dir='ltr'>domi</span> <span class='ocrx_word' id='word_1_103' title='bbox 1404 294 1606 338; x_wconf 79' lang='lat' dir='ltr'>repetitiones</span> <span class='ocrx_word' id='word_1_104' title='bbox 1630 298 1661 326; x_wconf 90' lang='lat' dir='ltr'>et</span> <span class='ocrx_word' id='word_1_105' title='bbox 1684 293 1825 337; x_wconf 86' lang='lat' dir='ltr'>disputa-</span> 
     </span>
     <span class='ocr_line' id='line_1_21' title="bbox 1087 347 1824 392; baseline -0.003 -12"><span class='ocrx_word' id='word_1_106' title='bbox 1087 348 1185 381; x_wconf 86' lang='lat' dir='ltr'>tiones</span> <span class='ocrx_word' id='word_1_107' title='bbox 1210 348 1293 392; x_wconf 87' lang='lat' dir='ltr'>apud</span> <span class='ocrx_word' id='word_1_108' title='bbox 1319 348 1465 392; x_wconf 90' lang='lat' dir='ltr'>proprios</span> <span class='ocrx_word' id='word_1_109' title='bbox 1490 358 1617 381; x_wconf 90' lang='lat' dir='ltr'>suarum</span> <span class='ocrx_word' id='word_1_110' title='bbox 1644 347 1824 379; x_wconf 80' lang='lat' dir='ltr'>facultatum</span> 
     </span>
     <span class='ocr_line' id='line_1_22' title="bbox 1086 400 1824 444; baseline -0.003 -11"><span class='ocrx_word' id='word_1_111' title='bbox 1086 401 1272 444; x_wconf 85' lang='lat' dir='ltr'>repetitores</span> <span class='ocrx_word' id='word_1_112' title='bbox 1290 401 1442 440; x_wconf 73' lang='lat' dir='ltr'>habeant3</span> <span class='ocrx_word' id='word_1_113' title='bbox 1460 410 1562 444; x_wconf 89' lang='lat' dir='ltr'>neque</span> <span class='ocrx_word' id='word_1_114' title='bbox 1575 400 1740 444; x_wconf 88' lang='lat' dir='ltr'>quisquam</span> <span class='ocrx_word' id='word_1_115' title='bbox 1754 404 1824 432; x_wconf 88' lang='lat' dir='ltr'>ante</span> 
     </span>
     <span class='ocr_line' id='line_1_23' title="bbox 1086 453 1824 488; baseline 0.003 -3"><span class='ocrx_word' id='word_1_116' title='bbox 1086 453 1227 486; x_wconf 83' lang='lat' dir='ltr'>absoluta</span> <span class='ocrx_word' id='word_1_117' title='bbox 1251 454 1350 487; x_wconf 84' lang='lat' dir='ltr'>studia</span> <span class='ocrx_word' id='word_1_118' title='bbox 1367 454 1406 486; x_wconf 87' lang='lat' dir='ltr'>ab</span> <span class='ocrx_word' id='word_1_119' title='bbox 1424 454 1461 486; x_wconf 92' lang='lat' dir='ltr'>iis</span> <span class='ocrx_word' id='word_1_120' title='bbox 1477 454 1636 488; x_wconf 88' lang='lat' dir='ltr'>ordinarie</span> <span class='ocrx_word' id='word_1_121' title='bbox 1660 453 1824 487; x_wconf 80' lang='lat' dir='ltr'>eximatur.</span> 
     </span>
     <span class='ocr_line' id='line_1_24' title="bbox 1085 506 1826 550; baseline 0.001 -12"><span class='ocrx_word' id='word_1_122' title='bbox 1085 506 1144 538; x_wconf 82' lang='lat' dir='ltr'>nisi</span> <span class='ocrx_word' id='word_1_123' title='bbox 1169 507 1355 549; x_wconf 73' lang='lat' dir='ltr'>gravissima</span> <span class='ocrx_word' id='word_1_124' title='bbox 1376 507 1414 539; x_wconf 86' lang='lat' dir='ltr'>de</span> <span class='ocrx_word' id='word_1_125' title='bbox 1437 509 1541 543; x_wconf 75' lang='lat' dir='ltr'>causa,</span> <span class='ocrx_word' id='word_1_126' title='bbox 1563 507 1677 540; x_wconf 91' lang='lat' dir='ltr'>iudicio</span> <span class='ocrx_word' id='word_1_127' title='bbox 1695 516 1826 550; x_wconf 89' lang='lat' dir='ltr'>praepo-</span> 
     </span>
     <span class='ocr_line' id='line_1_25' title="bbox 1067 560 1321 602; baseline 0 -10"><span class='ocrx_word' id='word_1_128' title='bbox 1067 593 1069 601; x_wconf 35' lang='lat'>,</span> <span class='ocrx_word' id='word_1_129' title='bbox 1086 560 1136 592; x_wconf 85' lang='lat' dir='ltr'>siti</span> <span class='ocrx_word' id='word_1_130' title='bbox 1157 560 1321 602; x_wconf 87' lang='lat' dir='ltr'>generalis.</span> 
     </span>
    </p>

    <p class='ocr_par' dir='ltr' id='par_1_7' title="bbox 1067 613 1828 1189">
     <span class='ocr_line' id='line_1_26' title="bbox 1130 613 1826 656; baseline -0.001 -10"><span class='ocrx_word' id='word_1_131' title='bbox 1130 613 1246 646; x_wconf 89' lang='lat' dir='ltr'>Studiis</span> <span class='ocrx_word' id='word_1_132' title='bbox 1260 613 1423 654; x_wconf 78' lang='lat' dir='ltr'>absolutis,</span> <span class='ocrx_word' id='word_1_133' title='bbox 1437 623 1500 646; x_wconf 90' lang='lat' dir='ltr'>non</span> <span class='ocrx_word' id='word_1_134' title='bbox 1516 614 1598 647; x_wconf 85' lang='lat' dir='ltr'>ultra</span> <span class='ocrx_word' id='word_1_135' title='bbox 1616 613 1743 656; x_wconf 86' lang='lat' dir='ltr'>triginta</span> <span class='ocrx_word' id='word_1_136' title='bbox 1759 613 1826 646; x_wconf 86' lang='lat' dir='ltr'>dies</span> 
     </span>
     <span class='ocr_line' id='line_1_27' title="bbox 1067 666 1825 709; baseline 0.001 -11"><span class='ocrx_word' id='word_1_137' title='bbox 1067 666 1204 704; x_wconf 77' lang='lat' dir='ltr'>.alumni</span> <span class='ocrx_word' id='word_1_138' title='bbox 1229 666 1261 698; x_wconf 91' lang='lat' dir='ltr'>in</span> <span class='ocrx_word' id='word_1_139' title='bbox 1286 666 1419 709; x_wconf 89' lang='lat' dir='ltr'>collegio</span> <span class='ocrx_word' id='word_1_140' title='bbox 1437 666 1644 699; x_wconf 83' lang='lat' dir='ltr'>retineantur:</span> <span class='ocrx_word' id='word_1_141' title='bbox 1670 670 1735 700; x_wconf 86' lang='lat' dir='ltr'>toto</span> <span class='ocrx_word' id='word_1_142' title='bbox 1752 676 1825 699; x_wconf 83' lang='lat' dir='ltr'>vero</span> 
     </span>
     <span class='ocr_line' id='line_1_28' title="bbox 1086 719 1827 763; baseline -0.001 -11"><span class='ocrx_word' id='word_1_143' title='bbox 1086 724 1238 762; x_wconf 89' lang='lat' dir='ltr'>tempore,</span> <span class='ocrx_word' id='word_1_144' title='bbox 1256 729 1319 762; x_wconf 88' lang='lat' dir='ltr'>quo</span> <span class='ocrx_word' id='word_1_145' title='bbox 1340 724 1411 763; x_wconf 89' lang='lat' dir='ltr'>post</span> <span class='ocrx_word' id='word_1_146' title='bbox 1429 719 1572 752; x_wconf 88' lang='lat' dir='ltr'>absoluta</span> <span class='ocrx_word' id='word_1_147' title='bbox 1596 719 1696 751; x_wconf 88' lang='lat' dir='ltr'>studia</span> <span class='ocrx_word' id='word_1_148' title='bbox 1714 719 1744 751; x_wconf 92' lang='lat' dir='ltr'>in</span> <span class='ocrx_word' id='word_1_149' title='bbox 1765 719 1827 752; x_wconf 90' lang='lat' dir='ltr'>col-</span> 
     </span>
     <span class='ocr_line' id='line_1_29' title="bbox 1086 772 1827 815; baseline 0 -11"><span class='ocrx_word' id='word_1_150' title='bbox 1086 772 1168 815; x_wconf 88' lang='lat' dir='ltr'>legio</span> <span class='ocrx_word' id='word_1_151' title='bbox 1194 773 1410 813; x_wconf 83' lang='lat' dir='ltr'>versabuntur,</span> <span class='ocrx_word' id='word_1_152' title='bbox 1435 772 1580 806; x_wconf 81' lang='lat' dir='ltr'>omnibus</span> <span class='ocrx_word' id='word_1_153' title='bbox 1606 772 1730 815; x_wconf 87' lang='lat' dir='ltr'>collegii</span> <span class='ocrx_word' id='word_1_154' title='bbox 1754 772 1827 815; x_wconf 88' lang='lat' dir='ltr'>legi-</span> 
     </span>
     <span class='ocr_line' id='line_1_30' title="bbox 1085 825 1825 869; baseline 0 -11"><span class='ocrx_word' id='word_1_155' title='bbox 1085 825 1143 858; x_wconf 91' lang='lat' dir='ltr'>bus</span> <span class='ocrx_word' id='word_1_156' title='bbox 1161 830 1334 868; x_wconf 89' lang='lat' dir='ltr'>teneantur,</span> <span class='ocrx_word' id='word_1_157' title='bbox 1353 826 1433 859; x_wconf 91' lang='lat' dir='ltr'>sicut</span> <span class='ocrx_word' id='word_1_158' title='bbox 1450 826 1546 859; x_wconf 87' lang='lat' dir='ltr'>ceteri</span> <span class='ocrx_word' id='word_1_159' title='bbox 1566 825 1619 869; x_wconf 92' lang='lat' dir='ltr'>qui</span> <span class='ocrx_word' id='word_1_160' title='bbox 1636 825 1722 859; x_wconf 91' lang='lat' dir='ltr'>domi</span> <span class='ocrx_word' id='word_1_161' title='bbox 1740 830 1825 863; x_wconf 87' lang='lat' dir='ltr'>sunt;</span> 
     </span>
     <span class='ocr_line' id='line_1_31' title="bbox 1067 879 1828 934; baseline -0.001 -22"><span class='ocrx_word' id='word_1_162' title='bbox 1067 889 1070 934; x_wconf 66' lang='grc'>1</span> <span class='ocrx_word' id='word_1_163' title='bbox 1085 879 1202 912; x_wconf 87' lang='lat' dir='ltr'>habent</span> <span class='ocrx_word' id='word_1_164' title='bbox 1215 884 1319 912; x_wconf 88' lang='lat' dir='ltr'>tamen</span> <span class='ocrx_word' id='word_1_165' title='bbox 1333 879 1524 923; x_wconf 80' lang='lat' dir='ltr'>superiores,</span> <span class='ocrx_word' id='word_1_166' title='bbox 1538 879 1576 912; x_wconf 89' lang='lat' dir='ltr'>de</span> <span class='ocrx_word' id='word_1_167' title='bbox 1590 888 1744 912; x_wconf 89' lang='lat' dir='ltr'>consensu</span> <span class='ocrx_word' id='word_1_168' title='bbox 1756 889 1828 923; x_wconf 91' lang='lat' dir='ltr'>pro-</span> 
     </span>
     <span class='ocr_line' id='line_1_32' title="bbox 1086 932 1826 976; baseline -0.001 -11"><span class='ocrx_word' id='word_1_169' title='bbox 1086 933 1214 966; x_wconf 90' lang='lat' dir='ltr'>tectoris</span> <span class='ocrx_word' id='word_1_170' title='bbox 1248 933 1427 976; x_wconf 84' lang='lat' dir='ltr'>specialiter</span> <span class='ocrx_word' id='word_1_171' title='bbox 1457 932 1614 976; x_wconf 87' lang='lat' dir='ltr'>deputati⁷</span> <span class='ocrx_word' id='word_1_172' title='bbox 1647 932 1826 965; x_wconf 82' lang='lat' dir='ltr'>facultatem</span> 
     </span>
     <span class='ocr_line' id='line_1_33' title="bbox 1086 985 1828 1030; baseline -0.001 -12"><span class='ocrx_word' id='word_1_173' title='bbox 1086 986 1207 1030; x_wconf 89' lang='lat' dir='ltr'>aliquos</span> <span class='ocrx_word' id='word_1_174' title='bbox 1231 986 1359 1029; x_wconf 79' lang='lat' dir='ltr'>egregia</span> <span class='ocrx_word' id='word_1_175' title='bbox 1383 986 1497 1019; x_wconf 90' lang='lat' dir='ltr'>virtute</span> <span class='ocrx_word' id='word_1_176' title='bbox 1523 989 1614 1029; x_wconf 88' lang='lat' dir='ltr'>atque</span> <span class='ocrx_word' id='word_1_177' title='bbox 1632 985 1737 1018; x_wconf 91' lang='lat' dir='ltr'>indole</span> <span class='ocrx_word' id='word_1_178' title='bbox 1756 985 1828 1018; x_wconf 88' lang='lat' dir='ltr'>reti-</span> 
     </span>
     <span class='ocr_line' id='line_1_34' title="bbox 1069 1038 1828 1084; baseline -0.001 -12"><span class='ocrx_word' id='word_1_179' title='bbox 1069 1040 1190 1081; x_wconf 72' lang='lat' dir='ltr'>nendi,</span> <span class='ocrx_word' id='word_1_180' title='bbox 1215 1050 1352 1084; x_wconf 88' lang='lat' dir='ltr'>quorum</span> <span class='ocrx_word' id='word_1_181' title='bbox 1377 1041 1485 1083; x_wconf 77' lang='lat' dir='ltr'>opera,</span> <span class='ocrx_word' id='word_1_182' title='bbox 1507 1039 1554 1072; x_wconf 80' lang='lat' dir='ltr'>vel</span> <span class='ocrx_word' id='word_1_183' title='bbox 1574 1039 1612 1072; x_wconf 90' lang='lat' dir='ltr'>ad</span> <span class='ocrx_word' id='word_1_184' title='bbox 1637 1038 1762 1082; x_wconf 87' lang='lat' dir='ltr'>collegii</span> <span class='ocrx_word' id='word_1_185' title='bbox 1778 1038 1828 1071; x_wconf 92' lang='lat' dir='ltr'>ad-</span> 
     </span>
     <span class='ocr_line' id='line_1_35' title="bbox 1068 1091 1828 1134; baseline -0.001 -10"><span class='ocrx_word' id='word_1_186' title='bbox 1068 1092 1359 1134; x_wconf 54' lang='lat' dir='ltr'>3ministrationem,</span> <span class='ocrx_word' id='word_1_187' title='bbox 1380 1091 1419 1124; x_wconf 90' lang='lat' dir='ltr'>ad</span> <span class='ocrx_word' id='word_1_188' title='bbox 1447 1091 1597 1125; x_wconf 68' lang='lat' dir='ltr'>iuvandos</span> <span class='ocrx_word' id='word_1_189' title='bbox 1622 1101 1752 1134; x_wconf 87' lang='lat' dir='ltr'>graecos</span> <span class='ocrx_word' id='word_1_190' title='bbox 1777 1091 1828 1123; x_wconf 89' lang='lat' dir='ltr'>ad-</span> 
     </span>
     <span class='ocr_line' id='line_1_36' title="bbox 1069 1144 1826 1189; baseline 0 -13"><span class='ocrx_word' id='word_1_191' title='bbox 1069 1155 1194 1189; x_wconf 51' lang='lat' dir='ltr'>¹venas,</span> <span class='ocrx_word' id='word_1_192' title='bbox 1221 1149 1273 1177; x_wconf 88' lang='lat' dir='ltr'>aut</span> <span class='ocrx_word' id='word_1_193' title='bbox 1298 1145 1397 1181; x_wconf 70' lang='lat' dir='ltr'>alios„</span> <span class='ocrx_word' id='word_1_194' title='bbox 1424 1144 1447 1177; x_wconf 93' lang='lat' dir='ltr'>si</span> <span class='ocrx_word' id='word_1_195' title='bbox 1473 1144 1525 1187; x_wconf 88' lang='lat' dir='ltr'>qui</span> <span class='ocrx_word' id='word_1_196' title='bbox 1551 1145 1668 1177; x_wconf 84' lang='lat' dir='ltr'>Romae</span> <span class='ocrx_word' id='word_1_197' title='bbox 1692 1144 1826 1183; x_wconf 71' lang='lat' dir='ltr'>fuerint.</span> 
     </span>
    </p>
   </div>
   <div class='ocr_carea' id='block_1_5' title="bbox 1730 235 2025 273">
    <p class='ocr_par' dir='ltr' id='par_1_8' title="bbox 1730 235 2025 273">
     <span class='ocr_line' id='line_1_37' title="bbox 1730 235 2025 273; baseline 0.014 -4"><span class='ocrx_word' id='word_1_198' title='bbox 1730 235 1794 270; x_wconf 64' lang='lat'>253</span> <span class='ocrx_word' id='word_1_199' title='bbox 1841 244 1893 272; x_wconf 70' lang='lat' dir='ltr'>An.</span> <span class='ocrx_word' id='word_1_200' title='bbox 1911 244 1939 272; x_wconf 85' lang='lat' dir='ltr'>c.</span> <span class='ocrx_word' id='word_1_201' title='bbox 1958 244 2025 273; x_wconf 67' lang='lat'>162⁴</span> 
     </span>
    </p>
   </div>
   <div class='ocr_carea' id='block_1_6' title="bbox 1068 358 1071 1233">
    <p class='ocr_par' dir='ltr' id='par_1_9' title="bbox 1068 358 1071 1233">
     <span class='ocr_line' id='line_1_38' title="bbox 1068 358 1071 1233; baseline 0 0"><span class='ocrx_word' id='word_1_202' title='bbox 1068 358 1071 1233; x_wconf 95' lang='lat' dir='ltr'> </span> 
     </span>
    </p>
   </div>
   <div class='ocr_carea' id='block_1_7' title="bbox 311 1197 1831 2421">
    <p class='ocr_par' dir='ltr' id='par_1_10' title="bbox 311 1197 1831 2421">
     <span class='ocr_line' id='line_1_39' title="bbox 311 1197 1826 1245; baseline -0.003 -11"><span class='ocrx_word' id='word_1_203' title='bbox 311 1201 401 1234; x_wconf 82' lang='lat' dir='ltr'>annis</span> <span class='ocrx_word' id='word_1_204' title='bbox 417 1211 528 1235; x_wconf 90' lang='lat' dir='ltr'>eorum</span> <span class='ocrx_word' id='word_1_205' title='bbox 542 1202 684 1242; x_wconf 85' lang='lat' dir='ltr'>omniun,</span> <span class='ocrx_word' id='word_1_206' title='bbox 698 1201 751 1245; x_wconf 93' lang='lat' dir='ltr'>qui</span> <span class='ocrx_word' id='word_1_207' title='bbox 765 1201 945 1244; x_wconf 76' lang='lat' dir='ltr'>superiores</span> <span class='ocrx_word' id='word_1_208' title='bbox 962 1201 1054 1234; x_wconf 82' lang='lat' dir='ltr'>facul·</span> <span class='ocrx_word' id='word_1_209' title='bbox 1069 1205 1070 1245; x_wconf 34' lang='grc'>1</span> <span class='ocrx_word' id='word_1_210' title='bbox 1087 1199 1131 1230; x_wconf 83' lang='lat' dir='ltr'>uti</span> <span class='ocrx_word' id='word_1_211' title='bbox 1155 1199 1286 1241; x_wconf 82' lang='lat' dir='ltr'>possint,</span> <span class='ocrx_word' id='word_1_212' title='bbox 1304 1203 1356 1230; x_wconf 88' lang='lat' dir='ltr'>aut</span> <span class='ocrx_word' id='word_1_213' title='bbox 1381 1198 1536 1230; x_wconf 85' lang='lat' dir='ltr'>similibus</span> <span class='ocrx_word' id='word_1_214' title='bbox 1561 1198 1629 1230; x_wconf 89' lang='lat' dir='ltr'>aliis</span> <span class='ocrx_word' id='word_1_215' title='bbox 1652 1197 1690 1230; x_wconf 89' lang='lat' dir='ltr'>de</span> <span class='ocrx_word' id='word_1_216' title='bbox 1715 1197 1826 1229; x_wconf 70' lang='lat' dir='ltr'>causis.</span> 
     </span>
     <span class='ocr_line' id='line_1_40' title="bbox 313 1250 1827 1298; baseline -0.004 -10"><span class='ocrx_word' id='word_1_217' title='bbox 313 1260 389 1288; x_wconf 90' lang='lat' dir='ltr'>tates</span> <span class='ocrx_word' id='word_1_218' title='bbox 412 1255 551 1295; x_wconf 87' lang='lat' dir='ltr'>audiunt,</span> <span class='ocrx_word' id='word_1_219' title='bbox 571 1254 747 1288; x_wconf 86' lang='lat' dir='ltr'>doctrinam</span> <span class='ocrx_word' id='word_1_220' title='bbox 771 1259 864 1298; x_wconf 88' lang='lat' dir='ltr'>atque</span> <span class='ocrx_word' id='word_1_221' title='bbox 888 1255 1070 1297; x_wconf 79' lang='lat' dir='ltr'>ingenium]</span> <span class='ocrx_word' id='word_1_222' title='bbox 1130 1251 1214 1290; x_wconf 85' lang='lat' dir='ltr'>Quae</span> <span class='ocrx_word' id='word_1_223' title='bbox 1238 1251 1373 1283; x_wconf 88' lang='lat' dir='ltr'>alumnis</span> <span class='ocrx_word' id='word_1_224' title='bbox 1397 1250 1630 1284; x_wconf 88' lang='lat' dir='ltr'>discedentibus</span> <span class='ocrx_word' id='word_1_225' title='bbox 1645 1278 1652 1290; x_wconf 91' lang='lat'>,</span> <span class='ocrx_word' id='word_1_226' title='bbox 1682 1260 1827 1294; x_wconf 87' lang='lat' dir='ltr'>pracser-</span> 
     </span>
     <span class='ocr_line' id='line_1_41' title="bbox 312 1297 1826 1352; baseline -0.001 -11"><span class='ocrx_word' id='word_1_227' title='bbox 312 1318 369 1352; x_wconf 89' lang='lat' dir='ltr'>per</span> <span class='ocrx_word' id='word_1_228' title='bbox 392 1308 622 1341; x_wconf 85' lang='lat' dir='ltr'>examinatores</span> <span class='ocrx_word' id='word_1_229' title='bbox 646 1308 860 1352; x_wconf 81' lang='lat' dir='ltr'>explorentur,</span> <span class='ocrx_word' id='word_1_230' title='bbox 877 1313 907 1341; x_wconf 89' lang='lat' dir='ltr'>et</span> <span class='ocrx_word' id='word_1_231' title='bbox 923 1308 977 1351; x_wconf 87' lang='lat' dir='ltr'>qui</span> <span class='ocrx_word' id='word_1_232' title='bbox 994 1308 1052 1340; x_wconf 90' lang='lat' dir='ltr'>mi-</span> <span class='ocrx_word' id='word_1_233' title='bbox 1069 1297 1070 1343; x_wconf 80' lang='grc'>1</span> <span class='ocrx_word' id='word_1_234' title='bbox 1086 1304 1141 1336; x_wconf 72' lang='lat' dir='ltr'>tim</span> <span class='ocrx_word' id='word_1_235' title='bbox 1166 1304 1380 1348; x_wconf 70' lang='lat' dir='ltr'>pauperibus,</span> <span class='ocrx_word' id='word_1_236' title='bbox 1409 1304 1441 1336; x_wconf 83' lang='lat' dir='ltr'>in</span> <span class='ocrx_word' id='word_1_237' title='bbox 1465 1304 1605 1337; x_wconf 70' lang='lat' dir='ltr'>discessu</span> <span class='ocrx_word' id='word_1_238' title='bbox 1629 1303 1731 1336; x_wconf 74' lang='lat' dir='ltr'>danda</span> <span class='ocrx_word' id='word_1_239' title='bbox 1756 1303 1826 1341; x_wconf 64' lang='lat' dir='ltr'>sint,</span> 
     </span>
     <span class='ocr_line' id='line_1_42' title="bbox 311 1356 1829 1409; baseline -0.003 -16"><span class='ocrx_word' id='word_1_240' title='bbox 311 1370 369 1394; x_wconf 86' lang='lat' dir='ltr'>nus</span> <span class='ocrx_word' id='word_1_241' title='bbox 392 1361 425 1394; x_wconf 92' lang='lat' dir='ltr'>in</span> <span class='ocrx_word' id='word_1_242' title='bbox 448 1361 486 1394; x_wconf 90' lang='lat' dir='ltr'>iis</span> <span class='ocrx_word' id='word_1_243' title='bbox 511 1361 620 1394; x_wconf 89' lang='lat' dir='ltr'>studiis</span> <span class='ocrx_word' id='word_1_244' title='bbox 637 1361 794 1405; x_wconf 87' lang='lat' dir='ltr'>proficere</span> <span class='ocrx_word' id='word_1_245' title='bbox 818 1356 1128 1409; x_wconf 67' lang='lat' dir='ltr'>deprehenden-{ita</span> <span class='ocrx_word' id='word_1_246' title='bbox 1152 1368 1168 1390; x_wconf 91' lang='lat' dir='ltr'>a</span> <span class='ocrx_word' id='word_1_247' title='bbox 1192 1362 1371 1401; x_wconf 84' lang='lat' dir='ltr'>protectore</span> <span class='ocrx_word' id='word_1_248' title='bbox 1393 1358 1669 1402; x_wconf 74' lang='lat' dir='ltr'>praescribantur,</span> <span class='ocrx_word' id='word_1_249' title='bbox 1699 1361 1732 1391; x_wconf 88' lang='lat' dir='ltr'>ut</span> <span class='ocrx_word' id='word_1_250' title='bbox 1756 1368 1829 1401; x_wconf 82' lang='lat' dir='ltr'>que-</span> 
     </span>
     <span class='ocr_line' id='line_1_43' title="bbox 312 1411 1826 1458; baseline -0.001 -12"><span class='ocrx_word' id='word_1_251' title='bbox 312 1419 372 1455; x_wconf 66' lang='grc'>101,</span> <span class='ocrx_word' id='word_1_252' title='bbox 394 1414 513 1448; x_wconf 88' lang='lat' dir='ltr'>maiore</span> <span class='ocrx_word' id='word_1_253' title='bbox 537 1414 590 1447; x_wconf 92' lang='lat' dir='ltr'>Dei</span> <span class='ocrx_word' id='word_1_254' title='bbox 616 1414 769 1458; x_wconf 87' lang='lat' dir='ltr'>obsequio</span> <span class='ocrx_word' id='word_1_255' title='bbox 787 1424 864 1458; x_wconf 88' lang='lat' dir='ltr'>prae</span> <span class='ocrx_word' id='word_1_256' title='bbox 880 1414 980 1447; x_wconf 86' lang='lat' dir='ltr'>oculis</span> <span class='ocrx_word' id='word_1_257' title='bbox 998 1414 1053 1446; x_wconf 86' lang='lat' dir='ltr'>ha-</span> <span class='ocrx_word' id='word_1_258' title='bbox 1087 1412 1224 1444; x_wconf 84' lang='lat' dir='ltr'>relarum</span> <span class='ocrx_word' id='word_1_259' title='bbox 1250 1418 1280 1445; x_wconf 88' lang='lat' dir='ltr'>et</span> <span class='ocrx_word' id='word_1_260' title='bbox 1304 1412 1438 1445; x_wconf 81' lang='lat' dir='ltr'>invidiae</span> <span class='ocrx_word' id='word_1_261' title='bbox 1471 1412 1594 1445; x_wconf 80' lang='lat' dir='ltr'>occasio</span> <span class='ocrx_word' id='word_1_262' title='bbox 1618 1411 1826 1456; x_wconf 84' lang='lat' dir='ltr'>praecidatur.</span> 
     </span>
     <span class='ocr_line' id='line_1_44' title="bbox 311 1462 1829 1511; baseline -0.002 -12"><span class='ocrx_word' id='word_1_263' title='bbox 311 1467 386 1510; x_wconf 76' lang='lat' dir='ltr'>bito⁷</span> <span class='ocrx_word' id='word_1_264' title='bbox 412 1472 626 1509; x_wconf 73' lang='lat' dir='ltr'>amoveantur,</span> <span class='ocrx_word' id='word_1_265' title='bbox 645 1478 683 1500; x_wconf 91' lang='lat' dir='ltr'>ne</span> <span class='ocrx_word' id='word_1_266' title='bbox 703 1473 734 1500; x_wconf 83' lang='lat' dir='ltr'>et</span> <span class='ocrx_word' id='word_1_267' title='bbox 758 1467 817 1511; x_wconf 90' lang='lat' dir='ltr'>ipsi</span> <span class='ocrx_word' id='word_1_268' title='bbox 842 1472 965 1511; x_wconf 88' lang='lat' dir='ltr'>tempus</span> <span class='ocrx_word' id='word_1_269' title='bbox 985 1467 1054 1500; x_wconf 93' lang='lat' dir='ltr'>inu-</span> <span class='ocrx_word' id='word_1_270' title='bbox 1069 1462 1071 1503; x_wconf 78' lang='grc'>1</span> <span class='ocrx_word' id='word_1_271' title='bbox 1087 1465 1151 1504; x_wconf 86' lang='lat' dir='ltr'>Oua</span> <span class='ocrx_word' id='word_1_272' title='bbox 1176 1466 1206 1498; x_wconf 93' lang='lat' dir='ltr'>in</span> <span class='ocrx_word' id='word_1_273' title='bbox 1231 1476 1265 1498; x_wconf 90' lang='lat' dir='ltr'>re</span> <span class='ocrx_word' id='word_1_274' title='bbox 1284 1476 1393 1499; x_wconf 89' lang='lat' dir='ltr'>eorum</span> <span class='ocrx_word' id='word_1_275' title='bbox 1420 1465 1591 1509; x_wconf 85' lang='lat' dir='ltr'>praecipua</span> <span class='ocrx_word' id='word_1_276' title='bbox 1615 1465 1695 1498; x_wconf 87' lang='lat' dir='ltr'>ratio</span> <span class='ocrx_word' id='word_1_277' title='bbox 1719 1464 1829 1497; x_wconf 81' lang='lat' dir='ltr'>habea-</span> 
     </span>
     <span class='ocr_line' id='line_1_45' title="bbox 313 1505 1828 1566; baseline -0.001 -13"><span class='ocrx_word' id='word_1_278' title='bbox 313 1520 406 1554; x_wconf 89' lang='lat' dir='ltr'>tiliter</span> <span class='ocrx_word' id='word_1_279' title='bbox 431 1526 552 1563; x_wconf 87' lang='lat' dir='ltr'>terant,</span> <span class='ocrx_word' id='word_1_280' title='bbox 579 1526 609 1554; x_wconf 88' lang='lat' dir='ltr'>et</span> <span class='ocrx_word' id='word_1_281' title='bbox 644 1522 714 1565; x_wconf 88' lang='lat' dir='ltr'>plus</span> <span class='ocrx_word' id='word_1_282' title='bbox 747 1521 945 1564; x_wconf 75' lang='lat' dir='ltr'>profecturos</span> <span class='ocrx_word' id='word_1_283' title='bbox 976 1520 1053 1554; x_wconf 86' lang='lat' dir='ltr'>alios</span> <span class='ocrx_word' id='word_1_284' title='bbox 1069 1505 1071 1566; x_wconf 90' lang='grc'>1</span> <span class='ocrx_word' id='word_1_285' title='bbox 1089 1524 1147 1554; x_wconf 80' lang='lat' dir='ltr'>tur,</span> <span class='ocrx_word' id='word_1_286' title='bbox 1169 1519 1221 1562; x_wconf 89' lang='lat' dir='ltr'>qui</span> <span class='ocrx_word' id='word_1_287' title='bbox 1247 1519 1327 1553; x_wconf 88' lang='lat' dir='ltr'>bene</span> <span class='ocrx_word' id='word_1_288' title='bbox 1352 1519 1390 1551; x_wconf 85' lang='lat' dir='ltr'>de</span> <span class='ocrx_word' id='word_1_289' title='bbox 1415 1519 1549 1562; x_wconf 87' lang='lat' dir='ltr'>collegio</span> <span class='ocrx_word' id='word_1_290' title='bbox 1574 1519 1677 1552; x_wconf 87' lang='lat' dir='ltr'>meriti</span> <span class='ocrx_word' id='word_1_291' title='bbox 1702 1518 1828 1555; x_wconf 75' lang='lat' dir='ltr'>suerint,</span> 
     </span>
     <span class='ocr_line' id='line_1_46' title="bbox 312 1572 1828 1618; baseline -0.003 -11"><span class='ocrx_word' id='word_1_292' title='bbox 312 1573 480 1617; x_wconf 83' lang='lat' dir='ltr'>collegium</span> <span class='ocrx_word' id='word_1_293' title='bbox 504 1574 603 1618; x_wconf 86' lang='lat' dir='ltr'>possit</span> <span class='ocrx_word' id='word_1_294' title='bbox 627 1573 802 1606; x_wconf 86' lang='lat' dir='ltr'>admittere.</span> <span class='ocrx_word' id='word_1_295' title='bbox 1069 1576 1119 1609; x_wconf 64' lang='lat' dir='ltr'>1et</span> <span class='ocrx_word' id='word_1_296' title='bbox 1143 1572 1230 1604; x_wconf 80' lang='lat' dir='ltr'>valde</span> <span class='ocrx_word' id='word_1_297' title='bbox 1255 1572 1475 1616; x_wconf 82' lang='lat' dir='ltr'>exemplariter</span> <span class='ocrx_word' id='word_1_298' title='bbox 1496 1572 1524 1604; x_wconf 92' lang='lat' dir='ltr'>in</span> <span class='ocrx_word' id='word_1_299' title='bbox 1546 1583 1583 1605; x_wconf 90' lang='lat' dir='ltr'>eo</span> <span class='ocrx_word' id='word_1_300' title='bbox 1608 1583 1640 1605; x_wconf 88' lang='lat' dir='ltr'>se</span> <span class='ocrx_word' id='word_1_301' title='bbox 1664 1572 1828 1615; x_wconf 77' lang='lat' dir='ltr'>gesserint:</span> 
     </span>
     <span class='ocr_line' id='line_1_47' title="bbox 356 1625 1827 1671; baseline -0.001 -11"><span class='ocrx_word' id='word_1_302' title='bbox 356 1627 425 1660; x_wconf 93' lang='lat' dir='ltr'>Non</span> <span class='ocrx_word' id='word_1_303' title='bbox 440 1628 528 1671; x_wconf 91' lang='lat' dir='ltr'>prius</span> <span class='ocrx_word' id='word_1_304' title='bbox 552 1627 590 1660; x_wconf 84' lang='lat' dir='ltr'>ad</span> <span class='ocrx_word' id='word_1_305' title='bbox 614 1627 802 1660; x_wconf 87' lang='lat' dir='ltr'>audiendam</span> <span class='ocrx_word' id='word_1_306' title='bbox 818 1626 1053 1670; x_wconf 85' lang='lat' dir='ltr'>philosophiam</span> <span class='ocrx_word' id='word_1_307' title='bbox 1069 1626 1072 1656; x_wconf 63' lang='grc'>1</span> <span class='ocrx_word' id='word_1_308' title='bbox 1089 1625 1124 1657; x_wconf 84' lang='grc'>115</span> <span class='ocrx_word' id='word_1_309' title='bbox 1149 1635 1234 1665; x_wconf 80' lang='lat' dir='ltr'>vero,</span> <span class='ocrx_word' id='word_1_310' title='bbox 1263 1625 1377 1668; x_wconf 89' lang='lat' dir='ltr'>quibus</span> <span class='ocrx_word' id='word_1_311' title='bbox 1401 1625 1474 1658; x_wconf 87' lang='lat' dir='ltr'>satis</span> <span class='ocrx_word' id='word_1_312' title='bbox 1499 1625 1649 1668; x_wconf 86' lang='lat' dir='ltr'>pecuniae</span> <span class='ocrx_word' id='word_1_313' title='bbox 1674 1625 1827 1668; x_wconf 85' lang='lat' dir='ltr'>suppetit.</span> 
     </span>
     <span class='ocr_line' id='line_1_48' title="bbox 312 1678 1826 1724; baseline -0.003 -10"><span class='ocrx_word' id='word_1_314' title='bbox 312 1685 568 1724; x_wconf 87' lang='lat' dir='ltr'>promoveantur,</span> <span class='ocrx_word' id='word_1_315' title='bbox 588 1691 682 1724; x_wconf 86' lang='lat' dir='ltr'>quam</span> <span class='ocrx_word' id='word_1_316' title='bbox 704 1690 815 1723; x_wconf 80' lang='lat' dir='ltr'>graece</span> <span class='ocrx_word' id='word_1_317' title='bbox 836 1680 993 1723; x_wconf 88' lang='lat' dir='ltr'>latineque</span> <span class='ocrx_word' id='word_1_318' title='bbox 1011 1680 1054 1713; x_wconf 89' lang='lat' dir='ltr'>lo·</span> <span class='ocrx_word' id='word_1_319' title='bbox 1069 1698 1071 1715; x_wconf 58' lang='lat'>5</span> <span class='ocrx_word' id='word_1_320' title='bbox 1087 1678 1203 1722; x_wconf 83' lang='lat' dir='ltr'>quique</span> <span class='ocrx_word' id='word_1_321' title='bbox 1228 1678 1266 1711; x_wconf 90' lang='lat' dir='ltr'>ad</span> <span class='ocrx_word' id='word_1_322' title='bbox 1291 1678 1440 1711; x_wconf 80' lang='lat' dir='ltr'>iuvandas</span> <span class='ocrx_word' id='word_1_323' title='bbox 1464 1679 1585 1711; x_wconf 87' lang='lat' dir='ltr'>animas</span> <span class='ocrx_word' id='word_1_324' title='bbox 1609 1688 1672 1711; x_wconf 90' lang='lat' dir='ltr'>non</span> <span class='ocrx_word' id='word_1_325' title='bbox 1695 1678 1826 1721; x_wconf 86' lang='lat' dir='ltr'>profici-</span> 
     </span>
     <span class='ocr_line' id='line_1_49' title="bbox 311 1716 1831 1782; baseline -0.002 -15"><span class='ocrx_word' id='word_1_326' title='bbox 311 1734 365 1777; x_wconf 89' lang='lat' dir='ltr'>qui</span> <span class='ocrx_word' id='word_1_327' title='bbox 389 1734 532 1778; x_wconf 83' lang='lat' dir='ltr'>expedite</span> <span class='ocrx_word' id='word_1_328' title='bbox 548 1734 687 1778; x_wconf 85' lang='lat' dir='ltr'>possint;</span> <span class='ocrx_word' id='word_1_329' title='bbox 705 1744 817 1776; x_wconf 82' lang='lat' dir='ltr'>graece</span> <span class='ocrx_word' id='word_1_330' title='bbox 835 1744 909 1766; x_wconf 86' lang='lat' dir='ltr'>vero</span> <span class='ocrx_word' id='word_1_331' title='bbox 927 1734 1052 1776; x_wconf 87' lang='lat' dir='ltr'>elegan-</span> <span class='ocrx_word' id='word_1_332' title='bbox 1068 1716 1070 1782; x_wconf 91' lang='grc'>1</span> <span class='ocrx_word' id='word_1_333' title='bbox 1088 1737 1229 1772; x_wconf 71' lang='grc'>50110101,</span> <span class='ocrx_word' id='word_1_334' title='bbox 1255 1737 1305 1765; x_wconf 89' lang='lat' dir='ltr'>aut</span> <span class='ocrx_word' id='word_1_335' title='bbox 1331 1732 1385 1776; x_wconf 87' lang='lat' dir='ltr'>qui</span> <span class='ocrx_word' id='word_1_336' title='bbox 1411 1733 1452 1765; x_wconf 87' lang='lat' dir='ltr'>ob</span> <span class='ocrx_word' id='word_1_337' title='bbox 1478 1733 1600 1776; x_wconf 86' lang='lat' dir='ltr'>culpam</span> <span class='ocrx_word' id='word_1_338' title='bbox 1627 1732 1762 1776; x_wconf 87' lang='lat' dir='ltr'>aliquam</span> <span class='ocrx_word' id='word_1_339' title='bbox 1787 1731 1831 1763; x_wconf 91' lang='lat' dir='ltr'>di-</span> 
     </span>
     <span class='ocr_line' id='line_1_50' title="bbox 313 1785 1547 1831; baseline -0.002 -11"><span class='ocrx_word' id='word_1_340' title='bbox 313 1792 361 1820; x_wconf 82' lang='lat' dir='ltr'>ter</span> <span class='ocrx_word' id='word_1_341' title='bbox 378 1787 531 1827; x_wconf 87' lang='lat' dir='ltr'>scribere;</span> <span class='ocrx_word' id='word_1_342' title='bbox 549 1798 618 1820; x_wconf 90' lang='lat' dir='ltr'>eam</span> <span class='ocrx_word' id='word_1_343' title='bbox 639 1787 680 1820; x_wconf 89' lang='lat' dir='ltr'>ob</span> <span class='ocrx_word' id='word_1_344' title='bbox 695 1798 773 1828; x_wconf 87' lang='lat' dir='ltr'>rem,</span> <span class='ocrx_word' id='word_1_345' title='bbox 793 1793 960 1831; x_wconf 85' lang='lat' dir='ltr'>postquam</span> <span class='ocrx_word' id='word_1_346' title='bbox 979 1787 1052 1819; x_wconf 86' lang='lat' dir='ltr'>satis</span> <span class='ocrx_word' id='word_1_347' title='bbox 1068 1788 1070 1811; x_wconf 63' lang='grc'>1</span> <span class='ocrx_word' id='word_1_348' title='bbox 1088 1786 1175 1818; x_wconf 82' lang='grc'>011551</span> <span class='ocrx_word' id='word_1_349' title='bbox 1199 1785 1326 1827; x_wconf 87' lang='lat' dir='ltr'>suerint,</span> <span class='ocrx_word' id='word_1_350' title='bbox 1343 1786 1421 1818; x_wconf 90' lang='lat' dir='ltr'>nihil</span> <span class='ocrx_word' id='word_1_351' title='bbox 1446 1785 1547 1819; x_wconf 87' lang='lat' dir='ltr'>detur.</span> 
     </span>
     <span class='ocr_line' id='line_1_51' title="bbox 313 1831 1827 1883; baseline -0.001 -10"><span class='ocrx_word' id='word_1_352' title='bbox 313 1840 344 1873; x_wconf 90' lang='lat' dir='ltr'>in</span> <span class='ocrx_word' id='word_1_353' title='bbox 368 1841 466 1874; x_wconf 88' lang='lat' dir='ltr'>classe</span> <span class='ocrx_word' id='word_1_354' title='bbox 490 1840 667 1874; x_wconf 88' lang='lat' dir='ltr'>rhetoricae</span> <span class='ocrx_word' id='word_1_355' title='bbox 692 1840 818 1883; x_wconf 82' lang='lat' dir='ltr'>linguae</span> <span class='ocrx_word' id='word_1_356' title='bbox 841 1840 967 1883; x_wconf 84' lang='lat' dir='ltr'>utrique</span> <span class='ocrx_word' id='word_1_357' title='bbox 991 1831 1069 1873; x_wconf 54' lang='lat' dir='ltr'>stu-j</span> <span class='ocrx_word' id='word_1_358' title='bbox 1131 1840 1224 1873; x_wconf 83' lang='lat' dir='ltr'>Curet</span> <span class='ocrx_word' id='word_1_359' title='bbox 1249 1844 1364 1880; x_wconf 86' lang='lat' dir='ltr'>rector,</span> <span class='ocrx_word' id='word_1_360' title='bbox 1382 1844 1416 1872; x_wconf 89' lang='lat' dir='ltr'>ut</span> <span class='ocrx_word' id='word_1_361' title='bbox 1441 1844 1503 1872; x_wconf 84' lang='lat' dir='ltr'>tam</span> <span class='ocrx_word' id='word_1_362' title='bbox 1528 1849 1714 1882; x_wconf 83' lang='lat' dir='ltr'>graecarum</span> <span class='ocrx_word' id='word_1_363' title='bbox 1735 1850 1827 1883; x_wconf 76' lang='lat' dir='ltr'>quani</span> 
     </span>
     <span class='ocr_line' id='line_1_52' title="bbox 312 1889 1829 1937; baseline 0 -12"><span class='ocrx_word' id='word_1_364' title='bbox 312 1893 418 1927; x_wconf 90' lang='lat' dir='ltr'>duisse</span> <span class='ocrx_word' id='word_1_365' title='bbox 434 1893 634 1934; x_wconf 88' lang='lat' dir='ltr'>videbuntur,</span> <span class='ocrx_word' id='word_1_366' title='bbox 651 1904 784 1937; x_wconf 82' lang='lat' dir='ltr'>graecae</span> <span class='ocrx_word' id='word_1_367' title='bbox 808 1893 934 1936; x_wconf 86' lang='lat' dir='ltr'>linguae</span> <span class='ocrx_word' id='word_1_368' title='bbox 952 1893 1053 1936; x_wconf 82' lang='lat' dir='ltr'>perse·</span> <span class='ocrx_word' id='word_1_369' title='bbox 1068 1889 1069 1895; x_wconf 49' lang='lat'>¹</span> <span class='ocrx_word' id='word_1_370' title='bbox 1087 1892 1253 1925; x_wconf 85' lang='lat' dir='ltr'>latinarum</span> <span class='ocrx_word' id='word_1_371' title='bbox 1277 1892 1454 1925; x_wconf 86' lang='lat' dir='ltr'>litterarum</span> <span class='ocrx_word' id='word_1_372' title='bbox 1480 1892 1631 1935; x_wconf 87' lang='lat' dir='ltr'>magistri,</span> <span class='ocrx_word' id='word_1_373' title='bbox 1651 1892 1704 1936; x_wconf 84' lang='lat' dir='ltr'>qui</span> <span class='ocrx_word' id='word_1_374' title='bbox 1729 1892 1829 1925; x_wconf 89' lang='lat' dir='ltr'>alum-</span> 
     </span>
     <span class='ocr_line' id='line_1_53' title="bbox 313 1910 1828 1991; baseline -0.002 -11"><span class='ocrx_word' id='word_1_375' title='bbox 313 1951 361 1979; x_wconf 82' lang='lat' dir='ltr'>cte</span> <span class='ocrx_word' id='word_1_376' title='bbox 377 1946 604 1991; x_wconf 89' lang='lat' dir='ltr'>perdiscendae</span> <span class='ocrx_word' id='word_1_377' title='bbox 621 1957 737 1980; x_wconf 85' lang='lat' dir='ltr'>annum</span> <span class='ocrx_word' id='word_1_378' title='bbox 754 1947 912 1989; x_wconf 87' lang='lat' dir='ltr'>integrum</span> <span class='ocrx_word' id='word_1_379' title='bbox 937 1947 1054 1990; x_wconf 86' lang='lat' dir='ltr'>impen—</span> <span class='ocrx_word' id='word_1_380' title='bbox 1068 1910 1070 1986; x_wconf 86' lang='grc'>1</span> <span class='ocrx_word' id='word_1_381' title='bbox 1087 1955 1144 1978; x_wconf 88' lang='lat' dir='ltr'>nos</span> <span class='ocrx_word' id='word_1_382' title='bbox 1161 1945 1274 1978; x_wconf 88' lang='lat' dir='ltr'>docere</span> <span class='ocrx_word' id='word_1_383' title='bbox 1295 1945 1409 1978; x_wconf 90' lang='lat' dir='ltr'>debent</span> <span class='ocrx_word' id='word_1_384' title='bbox 1434 1945 1530 1987; x_wconf 82' lang='lat' dir='ltr'>domi,</span> <span class='ocrx_word' id='word_1_385' title='bbox 1547 1945 1585 1977; x_wconf 88' lang='lat' dir='ltr'>ad</span> <span class='ocrx_word' id='word_1_386' title='bbox 1604 1955 1718 1978; x_wconf 90' lang='lat' dir='ltr'>munus</span> <span class='ocrx_word' id='word_1_387' title='bbox 1736 1955 1828 1978; x_wconf 90' lang='lat' dir='ltr'>suum</span> 
     </span>
     <span class='ocr_line' id='line_1_54' title="bbox 312 1990 1830 2044; baseline -0.002 -12"><span class='ocrx_word' id='word_1_388' title='bbox 312 1999 395 2032; x_wconf 90' lang='lat' dir='ltr'>dant.</span> <span class='ocrx_word' id='word_1_389' title='bbox 414 2000 451 2033; x_wconf 90' lang='lat' dir='ltr'>Et</span> <span class='ocrx_word' id='word_1_390' title='bbox 479 1999 553 2033; x_wconf 92' lang='lat' dir='ltr'>dum</span> <span class='ocrx_word' id='word_1_391' title='bbox 578 2000 798 2044; x_wconf 86' lang='lat' dir='ltr'>philosophiae</span> <span class='ocrx_word' id='word_1_392' title='bbox 827 2005 857 2032; x_wconf 85' lang='lat' dir='ltr'>et</span> <span class='ocrx_word' id='word_1_393' title='bbox 876 2000 1052 2042; x_wconf 83' lang='lat' dir='ltr'>theologiae</span> <span class='ocrx_word' id='word_1_394' title='bbox 1067 1990 1070 2033; x_wconf 72' lang='lat' dir='ltr'>l</span> <span class='ocrx_word' id='word_1_395' title='bbox 1088 1998 1201 2038; x_wconf 89' lang='lat' dir='ltr'>idonei,</span> <span class='ocrx_word' id='word_1_396' title='bbox 1219 2001 1312 2041; x_wconf 88' lang='lat' dir='ltr'>atque</span> <span class='ocrx_word' id='word_1_397' title='bbox 1337 1997 1374 2031; x_wconf 90' lang='lat' dir='ltr'>iis</span> <span class='ocrx_word' id='word_1_398' title='bbox 1395 1998 1538 2031; x_wconf 89' lang='lat' dir='ltr'>moribus</span> <span class='ocrx_word' id='word_1_399' title='bbox 1562 1998 1633 2037; x_wconf 87' lang='lat' dir='ltr'>sint,</span> <span class='ocrx_word' id='word_1_400' title='bbox 1651 1997 1704 2041; x_wconf 91' lang='lat' dir='ltr'>qui</span> <span class='ocrx_word' id='word_1_401' title='bbox 1724 1997 1830 2030; x_wconf 82' lang='lat' dir='ltr'>aedifi-</span> 
     </span>
     <span class='ocr_line' id='line_1_55' title="bbox 312 2050 1829 2097; baseline -0.001 -12"><span class='ocrx_word' id='word_1_402' title='bbox 312 2053 386 2086; x_wconf 92' lang='lat' dir='ltr'>dant</span> <span class='ocrx_word' id='word_1_403' title='bbox 403 2064 543 2097; x_wconf 85' lang='lat' dir='ltr'>operam,</span> <span class='ocrx_word' id='word_1_404' title='bbox 557 2057 645 2087; x_wconf 87' lang='lat' dir='ltr'>curet</span> <span class='ocrx_word' id='word_1_405' title='bbox 658 2059 772 2094; x_wconf 83' lang='lat' dir='ltr'>rector,</span> <span class='ocrx_word' id='word_1_406' title='bbox 786 2059 820 2086; x_wconf 91' lang='lat' dir='ltr'>ut</span> <span class='ocrx_word' id='word_1_407' title='bbox 834 2054 963 2097; x_wconf 85' lang='lat' dir='ltr'>privatis</span> <span class='ocrx_word' id='word_1_408' title='bbox 980 2053 1054 2086; x_wconf 88' lang='lat' dir='ltr'>seri·</span> <span class='ocrx_word' id='word_1_409' title='bbox 1068 2080 1070 2097; x_wconf 50' lang='lat'><em>4</em></span> <span class='ocrx_word' id='word_1_410' title='bbox 1088 2061 1169 2091; x_wconf 85' lang='lat' dir='ltr'>care,</span> <span class='ocrx_word' id='word_1_411' title='bbox 1190 2061 1226 2083; x_wconf 85' lang='lat' dir='ltr'>ac</span> <span class='ocrx_word' id='word_1_412' title='bbox 1251 2061 1440 2094; x_wconf 84' lang='lat' dir='ltr'>promovere</span> <span class='ocrx_word' id='word_1_413' title='bbox 1461 2061 1514 2084; x_wconf 89' lang='lat' dir='ltr'>eos</span> <span class='ocrx_word' id='word_1_414' title='bbox 1531 2050 1561 2083; x_wconf 91' lang='lat' dir='ltr'>in</span> <span class='ocrx_word' id='word_1_415' title='bbox 1579 2051 1702 2094; x_wconf 88' lang='lat' dir='ltr'>pietatis</span> <span class='ocrx_word' id='word_1_416' title='bbox 1727 2050 1829 2083; x_wconf 87' lang='lat' dir='ltr'>studio</span> 
     </span>
     <span class='ocr_line' id='line_1_56' title="bbox 312 2098 1829 2151; baseline -0.003 -11"><span class='ocrx_word' id='word_1_417' title='bbox 312 2106 492 2150; x_wconf 74' lang='lat' dir='ltr'>pitonibus,</span> <span class='ocrx_word' id='word_1_418' title='bbox 518 2107 705 2140; x_wconf 89' lang='lat' dir='ltr'>lectionibus</span> <span class='ocrx_word' id='word_1_419' title='bbox 729 2118 765 2140; x_wconf 87' lang='lat' dir='ltr'>ac</span> <span class='ocrx_word' id='word_1_420' title='bbox 788 2098 1070 2151; x_wconf 64' lang='lat' dir='ltr'>disputationibus}</span> <span class='ocrx_word' id='word_1_421' title='bbox 1087 2105 1216 2148; x_wconf 87' lang='lat' dir='ltr'>possint.</span> <span class='ocrx_word' id='word_1_422' title='bbox 1235 2104 1280 2138; x_wconf 88' lang='lat' dir='ltr'>Ob</span> <span class='ocrx_word' id='word_1_423' title='bbox 1306 2115 1437 2148; x_wconf 86' lang='lat' dir='ltr'>eamque</span> <span class='ocrx_word' id='word_1_424' title='bbox 1454 2115 1531 2144; x_wconf 89' lang='lat' dir='ltr'>rem,</span> <span class='ocrx_word' id='word_1_425' title='bbox 1549 2104 1601 2147; x_wconf 91' lang='lat' dir='ltr'>qui</span> <span class='ocrx_word' id='word_1_426' title='bbox 1623 2104 1777 2147; x_wconf 85' lang='lat' dir='ltr'>inquietos</span> <span class='ocrx_word' id='word_1_427' title='bbox 1797 2114 1829 2135; x_wconf 80' lang='lat' dir='ltr'>sc</span> 
     </span>
     <span class='ocr_line' id='line_1_57' title="bbox 313 2149 1830 2204; baseline -0.002 -11"><span class='ocrx_word' id='word_1_428' title='bbox 313 2171 381 2193; x_wconf 91' lang='lat' dir='ltr'>eam</span> <span class='ocrx_word' id='word_1_429' title='bbox 404 2160 545 2204; x_wconf 89' lang='lat' dir='ltr'>linguam</span> <span class='ocrx_word' id='word_1_430' title='bbox 571 2166 744 2194; x_wconf 82' lang='lat' dir='ltr'>exerceant.</span> <span class='ocrx_word' id='word_1_431' title='bbox 1067 2149 1117 2190; x_wconf 71' lang='lat' dir='ltr'>let</span> <span class='ocrx_word' id='word_1_432' title='bbox 1140 2168 1252 2201; x_wconf 87' lang='lat' dir='ltr'>parum</span> <span class='ocrx_word' id='word_1_433' title='bbox 1278 2158 1434 2191; x_wconf 86' lang='lat' dir='ltr'>studiosos</span> <span class='ocrx_word' id='word_1_434' title='bbox 1457 2157 1640 2201; x_wconf 84' lang='lat' dir='ltr'>disciplinae</span> <span class='ocrx_word' id='word_1_435' title='bbox 1658 2157 1830 2200; x_wconf 78' lang='lat' dir='ltr'>collegialis</span> 
     </span>
     <span class='ocr_line' id='line_1_58' title="bbox 357 2195 1831 2258; baseline -0.005 -9"><span class='ocrx_word' id='word_1_436' title='bbox 357 2213 403 2246; x_wconf 81' lang='lat' dir='ltr'>Ad</span> <span class='ocrx_word' id='word_1_437' title='bbox 420 2219 506 2247; x_wconf 85' lang='lat' dir='ltr'>actus</span> <span class='ocrx_word' id='word_1_438' title='bbox 529 2214 674 2258; x_wconf 87' lang='lat' dir='ltr'>publicos</span> <span class='ocrx_word' id='word_1_439' title='bbox 695 2214 871 2257; x_wconf 84' lang='lat' dir='ltr'>theologiae</span> <span class='ocrx_word' id='word_1_440' title='bbox 889 2215 935 2247; x_wconf 82' lang='lat' dir='ltr'>vel</span> <span class='ocrx_word' id='word_1_441' title='bbox 955 2214 1053 2258; x_wconf 85' lang='lat' dir='ltr'>philo-</span> <span class='ocrx_word' id='word_1_442' title='bbox 1068 2195 1070 2231; x_wconf 73' lang='grc'>1</span> <span class='ocrx_word' id='word_1_443' title='bbox 1087 2211 1290 2251; x_wconf 86' lang='lat' dir='ltr'>ostenderint,</span> <span class='ocrx_word' id='word_1_444' title='bbox 1309 2215 1361 2244; x_wconf 85' lang='lat' dir='ltr'>aut</span> <span class='ocrx_word' id='word_1_445' title='bbox 1385 2210 1602 2254; x_wconf 85' lang='lat' dir='ltr'>superioribus</span> <span class='ocrx_word' id='word_1_446' title='bbox 1627 2221 1740 2254; x_wconf 90' lang='lat' dir='ltr'>parum</span> <span class='ocrx_word' id='word_1_447' title='bbox 1766 2220 1831 2243; x_wconf 90' lang='lat' dir='ltr'>mo-</span> 
     </span>
     <span class='ocr_line' id='line_1_59' title="bbox 315 2263 1827 2311; baseline -0.001 -14"><span class='ocrx_word' id='word_1_448' title='bbox 315 2265 442 2309; x_wconf 88' lang='lat' dir='ltr'>sophiae</span> <span class='ocrx_word' id='word_1_449' title='bbox 470 2276 562 2300; x_wconf 90' lang='lat' dir='ltr'>nemo</span> <span class='ocrx_word' id='word_1_450' title='bbox 593 2267 775 2300; x_wconf 83' lang='lat' dir='ltr'>admittatur</span> <span class='ocrx_word' id='word_1_451' title='bbox 788 2295 796 2308; x_wconf 93' lang='lat'>,</span> <span class='ocrx_word' id='word_1_452' title='bbox 821 2267 880 2300; x_wconf 92' lang='lat' dir='ltr'>nisi</span> <span class='ocrx_word' id='word_1_453' title='bbox 911 2267 1052 2310; x_wconf 84' lang='lat' dir='ltr'>diligenti</span> <span class='ocrx_word' id='word_1_454' title='bbox 1068 2272 1070 2311; x_wconf 71' lang='grc'>1</span> <span class='ocrx_word' id='word_1_455' title='bbox 1087 2265 1220 2307; x_wconf 80' lang='lat' dir='ltr'>rigeros,</span> <span class='ocrx_word' id='word_1_456' title='bbox 1238 2265 1352 2298; x_wconf 87' lang='lat' dir='ltr'>scholis</span> <span class='ocrx_word' id='word_1_457' title='bbox 1368 2265 1455 2298; x_wconf 88' lang='lat' dir='ltr'>nullo</span> <span class='ocrx_word' id='word_1_458' title='bbox 1476 2263 1570 2298; x_wconf 89' lang='lat' dir='ltr'>modo</span> <span class='ocrx_word' id='word_1_459' title='bbox 1595 2264 1827 2308; x_wconf 80' lang='lat' dir='ltr'>praeficiantur.</span> 
     </span>
     <span class='ocr_line' id='line_1_60' title="bbox 316 2314 1829 2366; baseline -0.001 -15"><span class='ocrx_word' id='word_1_460' title='bbox 316 2319 456 2353; x_wconf 84' lang='lat' dir='ltr'>examine</span> <span class='ocrx_word' id='word_1_461' title='bbox 479 2321 606 2364; x_wconf 84' lang='lat' dir='ltr'>praevio</span> <span class='ocrx_word' id='word_1_462' title='bbox 630 2326 720 2366; x_wconf 88' lang='lat' dir='ltr'>aptus</span> <span class='ocrx_word' id='word_1_463' title='bbox 747 2321 904 2355; x_wconf 87' lang='lat' dir='ltr'>iudicetur</span> <span class='ocrx_word' id='word_1_464' title='bbox 928 2326 962 2354; x_wconf 86' lang='lat' dir='ltr'>ut</span> <span class='ocrx_word' id='word_1_465' title='bbox 985 2314 1070 2361; x_wconf 75' lang='lat' dir='ltr'>eius}</span> <span class='ocrx_word' id='word_1_466' title='bbox 1132 2319 1164 2351; x_wconf 93' lang='lat' dir='ltr'>ld</span> <span class='ocrx_word' id='word_1_467' title='bbox 1189 2329 1251 2361; x_wconf 85' lang='lat' dir='ltr'>quo</span> <span class='ocrx_word' id='word_1_468' title='bbox 1276 2318 1373 2351; x_wconf 88' lang='lat' dir='ltr'>tutius</span> <span class='ocrx_word' id='word_1_469' title='bbox 1397 2328 1432 2351; x_wconf 87' lang='lat' dir='ltr'>ac</span> <span class='ocrx_word' id='word_1_470' title='bbox 1449 2318 1568 2351; x_wconf 87' lang='lat' dir='ltr'>maiore</span> <span class='ocrx_word' id='word_1_471' title='bbox 1593 2328 1665 2351; x_wconf 89' lang='lat' dir='ltr'>cum</span> <span class='ocrx_word' id='word_1_472' title='bbox 1691 2317 1829 2350; x_wconf 87' lang='lat' dir='ltr'>conside-</span> 
     </span>
     <span class='ocr_line' id='line_1_61' title="bbox 315 2363 1828 2421; baseline -0.001 -17"><span class='ocrx_word' id='word_1_473' title='bbox 315 2371 375 2405; x_wconf 90' lang='lat' dir='ltr'>loci</span> <span class='ocrx_word' id='word_1_474' title='bbox 392 2372 575 2415; x_wconf 82' lang='lat' dir='ltr'>dignitatem</span> <span class='ocrx_word' id='word_1_475' title='bbox 593 2375 674 2407; x_wconf 88' lang='lat' dir='ltr'>tueri</span> <span class='ocrx_word' id='word_1_476' title='bbox 693 2375 800 2419; x_wconf 90' lang='lat' dir='ltr'>possit,</span> <span class='ocrx_word' id='word_1_477' title='bbox 818 2380 910 2418; x_wconf 80' lang='lat' dir='ltr'>atque</span> <span class='ocrx_word' id='word_1_478' title='bbox 928 2374 964 2407; x_wconf 88' lang='lat' dir='ltr'>iis</span> <span class='ocrx_word' id='word_1_479' title='bbox 989 2386 1053 2407; x_wconf 86' lang='lat' dir='ltr'>mo-</span> <span class='ocrx_word' id='word_1_480' title='bbox 1068 2363 1070 2421; x_wconf 79' lang='grc'>1</span> <span class='ocrx_word' id='word_1_481' title='bbox 1087 2372 1207 2404; x_wconf 84' lang='lat' dir='ltr'>ratione</span> <span class='ocrx_word' id='word_1_482' title='bbox 1230 2372 1294 2411; x_wconf 82' lang='lat' dir='ltr'>fiat,</span> <span class='ocrx_word' id='word_1_483' title='bbox 1318 2376 1483 2415; x_wconf 88' lang='lat' dir='ltr'>postquam</span> <span class='ocrx_word' id='word_1_484' title='bbox 1509 2371 1594 2404; x_wconf 87' lang='lat' dir='ltr'>domi</span> <span class='ocrx_word' id='word_1_485' title='bbox 1619 2376 1724 2404; x_wconf 91' lang='lat' dir='ltr'>rector</span> <span class='ocrx_word' id='word_1_486' title='bbox 1748 2381 1828 2403; x_wconf 78' lang='lat' dir='ltr'>con-</span> 
     </span>
    </p>
   </div>
   <div class='ocr_carea' id='block_1_8' title="bbox 315 2425 1069 2471">
    <p class='ocr_par' dir='ltr' id='par_1_11' title="bbox 315 2425 1069 2471">
     <span class='ocr_line' id='line_1_62' title="bbox 315 2425 1069 2471; baseline 0.003 -13"><span class='ocrx_word' id='word_1_487' title='bbox 315 2425 402 2458; x_wconf 89' lang='lat' dir='ltr'>ribus</span> <span class='ocrx_word' id='word_1_488' title='bbox 427 2426 475 2467; x_wconf 88' lang='lat' dir='ltr'>sit,</span> <span class='ocrx_word' id='word_1_489' title='bbox 491 2432 525 2459; x_wconf 89' lang='lat' dir='ltr'>ut</span> <span class='ocrx_word' id='word_1_490' title='bbox 548 2437 611 2461; x_wconf 90' lang='lat' dir='ltr'>non</span> <span class='ocrx_word' id='word_1_491' title='bbox 635 2428 781 2471; x_wconf 86' lang='lat' dir='ltr'>indignus</span> <span class='ocrx_word' id='word_1_492' title='bbox 806 2439 843 2462; x_wconf 92' lang='lat' dir='ltr'>eo</span> <span class='ocrx_word' id='word_1_493' title='bbox 869 2429 987 2462; x_wconf 88' lang='lat' dir='ltr'>honore</span> <span class='ocrx_word' id='word_1_494' title='bbox 1013 2427 1069 2460; x_wconf 59' lang='lat' dir='ltr'>vi-l</span> 
     </span>
    </p>
   </div>
   <div class='ocr_carea' id='block_1_9' title="bbox 315 2478 1053 2630">
    <p class='ocr_par' dir='ltr' id='par_1_12' title="bbox 315 2478 1053 2630">
     <span class='ocr_line' id='line_1_63' title="bbox 315 2478 1053 2525; baseline 0.005 -15"><span class='ocrx_word' id='word_1_495' title='bbox 315 2478 441 2518; x_wconf 85' lang='lat' dir='ltr'>deatur;</span> <span class='ocrx_word' id='word_1_496' title='bbox 459 2478 497 2511; x_wconf 89' lang='lat' dir='ltr'>ad</span> <span class='ocrx_word' id='word_1_497' title='bbox 510 2478 706 2513; x_wconf 87' lang='lat' dir='ltr'>doctoratum</span> <span class='ocrx_word' id='word_1_498' title='bbox 723 2492 798 2515; x_wconf 84' lang='lat' dir='ltr'>vero</span> <span class='ocrx_word' id='word_1_499' title='bbox 814 2481 835 2514; x_wconf 91' lang='lat' dir='ltr'>ii</span> <span class='ocrx_word' id='word_1_500' title='bbox 849 2486 968 2514; x_wconf 83' lang='lat' dir='ltr'>tantum</span> <span class='ocrx_word' id='word_1_501' title='bbox 983 2491 1053 2525; x_wconf 92' lang='lat' dir='ltr'>pro-</span> 
     </span>
     <span class='ocr_line' id='line_1_64' title="bbox 315 2533 1053 2578; baseline 0.005 -14"><span class='ocrx_word' id='word_1_502' title='bbox 315 2537 520 2575; x_wconf 86' lang='lat' dir='ltr'>moveantur,</span> <span class='ocrx_word' id='word_1_503' title='bbox 544 2533 597 2576; x_wconf 89' lang='lat' dir='ltr'>qui</span> <span class='ocrx_word' id='word_1_504' title='bbox 628 2539 658 2567; x_wconf 82' lang='lat' dir='ltr'>et</span> <span class='ocrx_word' id='word_1_505' title='bbox 687 2534 829 2568; x_wconf 76' lang='lat' dir='ltr'>doctrina</span> <span class='ocrx_word' id='word_1_506' title='bbox 862 2535 999 2578; x_wconf 85' lang='lat' dir='ltr'>insignes</span> <span class='ocrx_word' id='word_1_507' title='bbox 1024 2539 1053 2569; x_wconf 90' lang='lat' dir='ltr'>et</span> 
     </span>
     <span class='ocr_line' id='line_1_65' title="bbox 315 2585 708 2630; baseline 0.008 -13"><span class='ocrx_word' id='word_1_508' title='bbox 315 2585 429 2619; x_wconf 85' lang='lat' dir='ltr'>virtute</span> <span class='ocrx_word' id='word_1_509' title='bbox 454 2586 614 2630; x_wconf 88' lang='lat' dir='ltr'>conspicui</span> <span class='ocrx_word' id='word_1_510' title='bbox 639 2587 708 2620; x_wconf 90' lang='lat' dir='ltr'>sint.</span> 
     </span>
    </p>
   </div>
   <div class='ocr_carea' id='block_1_10' title="bbox 351 2649 794 2685">
    <p class='ocr_par' dir='ltr' id='par_1_13' title="bbox 351 2649 794 2685">
     <span class='ocr_line' id='line_1_66' title="bbox 351 2649 794 2685; baseline 0.002 -9"><span class='ocrx_word' id='word_1_511' title='bbox 351 2652 361 2677; x_wconf 84' lang='grc'>1</span> <span class='ocrx_word' id='word_1_512' title='bbox 381 2649 484 2684; x_wconf 85' lang='lat' dir='ltr'>Nempe</span> <span class='ocrx_word' id='word_1_513' title='bbox 499 2657 610 2684; x_wconf 75' lang='lat' dir='ltr'>eorum,</span> <span class='ocrx_word' id='word_1_514' title='bbox 627 2650 678 2685; x_wconf 77' lang='lat' dir='ltr'>qui</span> <span class='ocrx_word' id='word_1_515' title='bbox 691 2651 729 2685; x_wconf 72' lang='lat' dir='ltr'>(a.</span> <span class='ocrx_word' id='word_1_516' title='bbox 747 2652 794 2681; x_wconf 81' lang='lat' dir='ltr'>T.).</span> 
     </span>
    </p>
   </div>
   <div class='ocr_carea' id='block_1_11' title="bbox 1068 2424 1829 2683">
    <p class='ocr_par' dir='ltr' id='par_1_14' title="bbox 1068 2424 1829 2576">
     <span class='ocr_line' id='line_1_67' title="bbox 1087 2424 1829 2468; baseline 0 -11"><span class='ocrx_word' id='word_1_517' title='bbox 1087 2425 1287 2458; x_wconf 83' lang='lat' dir='ltr'>sultationem</span> <span class='ocrx_word' id='word_1_518' title='bbox 1312 2424 1468 2465; x_wconf 84' lang='lat' dir='ltr'>babuerit,</span> <span class='ocrx_word' id='word_1_519' title='bbox 1486 2435 1552 2457; x_wconf 89' lang='lat' dir='ltr'>rem</span> <span class='ocrx_word' id='word_1_520' title='bbox 1570 2429 1667 2458; x_wconf 88' lang='lat' dir='ltr'>totam</span> <span class='ocrx_word' id='word_1_521' title='bbox 1686 2424 1724 2457; x_wconf 86' lang='lat' dir='ltr'>ad</span> <span class='ocrx_word' id='word_1_522' title='bbox 1743 2435 1829 2468; x_wconf 86' lang='lat' dir='ltr'>prae-</span> 
     </span>
     <span class='ocr_line' id='line_1_68' title="bbox 1068 2456 1827 2530; baseline 0 -20"><span class='ocrx_word' id='word_1_523' title='bbox 1068 2456 1223 2530; x_wconf 46' lang='lat' dir='ltr'>&gt;positum</span> <span class='ocrx_word' id='word_1_524' title='bbox 1247 2479 1427 2521; x_wconf 84' lang='lat' dir='ltr'>generalem</span> <span class='ocrx_word' id='word_1_525' title='bbox 1452 2478 1586 2519; x_wconf 84' lang='lat' dir='ltr'>deserat,</span> <span class='ocrx_word' id='word_1_526' title='bbox 1620 2482 1668 2520; x_wconf 80' lang='lat' dir='ltr'>ut,</span> <span class='ocrx_word' id='word_1_527' title='bbox 1695 2478 1719 2511; x_wconf 84' lang='lat' dir='ltr'>si</span> <span class='ocrx_word' id='word_1_528' title='bbox 1753 2478 1827 2522; x_wconf 86' lang='lat' dir='ltr'>quid</span> 
     </span>
     <span class='ocr_line' id='line_1_69' title="bbox 1087 2532 1548 2576; baseline -0.002 -11"><span class='ocrx_word' id='word_1_529' title='bbox 1087 2533 1181 2565; x_wconf 85' lang='lat' dir='ltr'>suerit</span> <span class='ocrx_word' id='word_1_530' title='bbox 1204 2532 1301 2573; x_wconf 88' lang='lat' dir='ltr'>dubii,</span> <span class='ocrx_word' id='word_1_531' title='bbox 1326 2532 1392 2576; x_wconf 89' lang='lat' dir='ltr'>ipse</span> <span class='ocrx_word' id='word_1_532' title='bbox 1417 2532 1548 2565; x_wconf 86' lang='lat' dir='ltr'>decidat.</span> 
     </span>
    </p>

    <p class='ocr_par' dir='ltr' id='par_1_15' title="bbox 1068 2586 1826 2683">
     <span class='ocr_line' id='line_1_70' title="bbox 1131 2586 1823 2630; baseline 0.001 -12"><span class='ocrx_word' id='word_1_533' title='bbox 1131 2587 1196 2619; x_wconf 76' lang='lat' dir='ltr'>Nisi</span> <span class='ocrx_word' id='word_1_534' title='bbox 1219 2586 1387 2620; x_wconf 84' lang='lat' dir='ltr'>necessitas</span> <span class='ocrx_word' id='word_1_535' title='bbox 1412 2591 1524 2629; x_wconf 85' lang='lat' dir='ltr'>cogat,</span> <span class='ocrx_word' id='word_1_536' title='bbox 1548 2596 1641 2619; x_wconf 91' lang='lat' dir='ltr'>nemo</span> <span class='ocrx_word' id='word_1_537' title='bbox 1665 2587 1704 2619; x_wconf 90' lang='lat' dir='ltr'>ad</span> <span class='ocrx_word' id='word_1_538' title='bbox 1729 2597 1823 2630; x_wconf 87' lang='lat' dir='ltr'>supe·-</span> 
     </span>
     <span class='ocr_line' id='line_1_71' title="bbox 1068 2639 1826 2683; baseline -0.001 -11"><span class='ocrx_word' id='word_1_539' title='bbox 1068 2640 1203 2683; x_wconf 51' lang='lat' dir='ltr'>¹riorem</span> <span class='ocrx_word' id='word_1_540' title='bbox 1237 2640 1367 2673; x_wconf 84' lang='lat' dir='ltr'>classem</span> <span class='ocrx_word' id='word_1_541' title='bbox 1397 2639 1569 2672; x_wconf 88' lang='lat' dir='ltr'>docendam</span> <span class='ocrx_word' id='word_1_542' title='bbox 1601 2639 1826 2678; x_wconf 74' lang='lat' dir='ltr'>admoveatur,</span> 
     </span>
    </p>
   </div>
  </div>
 </body>
</html>
