2269 3235
241 275 332 301 An.(x
357 274 423 300 102ss

469 265 533 297 ,too

438 333 513 366 pare
537 327 630 365 atque
647 322 761 354 unione
787 319 967 359 christiana,
993 318 1105 351 ceteris
1129 330 1177 351 ex-

439 376 578 419 emptum
609 375 787 418 praebeant,
813 372 1044 416 praedictarum
1076 372 1176 404 litium

439 433 465 460 vt
493 438 656 460 causarum
682 430 779 460 status
796 431 826 457 et
851 425 971 464 merita,
988 424 1177 468 nominaque

439 487 468 512 rt
492 480 680 522 mignomina
711 479 846 512 iudicum
873 484 902 511 et
927 478 1176 521 vollitigantium,

438 546 473 565 :ie
498 534 556 565 atia
581 534 618 565 de
644 533 827 565 necessitate
852 533 1056 576 exprimenda
1088 543 1177 576 prae-

439 586 577 619 sentibus
602 598 659 630 pro
684 587 876 619 sufficienter
892 586 1046 629 expressis
1066 586 1179 618 liaben-

439 645 493 679 tes,
508 649 680 683 omnesque
698 645 727 672 et
744 650 957 683 quascumque
971 639 1038 671 lites
1057 643 1087 671 et
1104 648 1177 671 con-

439 693 607 726 troversias
636 693 717 725 inter
745 693 1016 737 archiepiscopum
1043 696 1073 726 et
1098 692 1178 736 prio-

439 756 498 785 res,
524 746 648 788 milites,
674 746 968 785 commendatarios,
995 750 1178 783 conventus,

439 809 563 831 mensas
581 799 788 841 magistrales,
806 799 944 842 aliasque
965 807 1178 842 quascumque

438 862 587 894 personas
608 852 762 885 dictarum
779 852 973 891 militiarum,
991 861 1098 883 coram
1115 850 1180 893 qui-

438 905 634 948 buscumque
660 905 816 937 iudicibus
841 903 1010 937 ordinariis
1034 907 1063 937 et
1095 902 1179 935 delc-

439 958 527 999 gatis
554 963 615 990 tam
637 958 668 989 in
693 958 833 990 Romana
857 957 955 997 curia,
975 967 1070 999 quam
1091 960 1178 988 extra

439 1021 518 1050 eam,
533 1015 633 1043 motas
650 1015 680 1043 et
693 1015 982 1054 quantumcumque
1000 1009 1178 1050 instructas,

439 1074 474 1095 ae
499 1064 593 1096 etiam
617 1075 675 1107 pro
700 1070 843 1107 tempore
867 1062 1047 1102 movendas,
1065 1062 1103 1094 ad
1123 1072 1179 1094 nos

438 1123 466 1149 et
485 1118 597 1150 Sedem
618 1118 840 1161 Apostolicam,
858 1121 1012 1159 quatenus
1032 1126 1113 1159 opus
1131 1114 1179 1154 sit,

438 1171 552 1203 barum
577 1171 668 1211 serie,
686 1171 718 1202 in
738 1174 820 1204 statu
843 1175 873 1202 et
892 1169 1046 1209 terminis,
1067 1169 1098 1200 in
1115 1168 1181 1211 qui-

438 1224 496 1256 bus
516 1224 729 1268 reperiuntur,
746 1228 921 1264 avocantes,
939 1225 1027 1256 motu
1047 1222 1180 1266 proprio

439 1282 468 1309 et
485 1288 522 1310 ex
540 1279 624 1310 certa
642 1276 771 1311 scientia
795 1287 830 1309 ac
849 1278 936 1309 mera
954 1275 1180 1308 deliberatione

439 1331 564 1371 nostris,
589 1330 689 1374 deque
715 1330 906 1374 apostolicae
930 1329 1093 1373 potestatis
1118 1328 1183 1372 ple-

438 1385 601 1427 nitudine,
635 1385 737 1417 eidem
767 1384 943 1426 maiestati,
977 1388 1010 1416 ut
1040 1382 1182 1427 partibus

439 1438 608 1482 praedictis
646 1438 816 1471 terminum
848 1437 958 1480 viginti
992 1429 1115 1469 dierum
1144 1436 1182 1468 ad

440 1491 699 1526 consentiendum
724 1491 756 1524 in
780 1502 833 1524 sex
858 1490 1104 1531 commissarios,
1129 1490 1182 1533 qui

441 1546 471 1578 in
496 1545 646 1588 dignitate
663 1545 875 1578 ecclesiastica
896 1544 1066 1583 constituti,
1083 1544 1131 1576 vel
1152 1543 1182 1575 in

441 1599 544 1642 aliqua
557 1599 691 1642 probata
705 1598 798 1631 studii
812 1598 967 1641 generalis
981 1596 1183 1630 universitate

442 1652 474 1684 in
498 1653 566 1685 iure
592 1652 743 1685 canonico
758 1652 901 1695 graduali
919 1651 990 1692 sint,
1009 1661 1066 1694 per
1085 1655 1115 1683 te
1132 1660 1184 1683 no-

442 1705 622 1747 minandos,
648 1705 834 1738 auctoritate
858 1706 967 1737 nostra
991 1703 1182 1748 praefigere;

442 1770 504 1803 quo
529 1759 656 1803 quidem
684 1759 819 1792 termino
834 1759 950 1805 elapso,
976 1763 1006 1791 et
1029 1768 1184 1791 consensu

441 1824 499 1857 per
524 1813 622 1846 dictas
646 1818 750 1857 partes
773 1822 837 1846 non
860 1812 1021 1856 praestito,
1046 1822 1099 1845 sex
1119 1811 1181 1843 liu-

442 1867 578 1900 iusmodi
603 1867 853 1907 commissarios,
878 1876 915 1898 ex
940 1865 1054 1909 quibus
1083 1864 1184 1897 dictus

443 1920 699 1965 archiepiscopus
724 1925 788 1953 tres
802 1924 963 1964 suspectos
984 1919 1059 1952 dare
1076 1918 1183 1962 possit,

443 1975 553 2008 eadem
578 1975 762 2009 auctoritate
786 1975 951 2018 deputare;
976 1973 1029 2017 qui
1060 1972 1184 2017 praedi-

444 2034 507 2062 ctas
537 2033 567 2063 et
598 2039 812 2073 quascumque
848 2028 923 2061 alias
958 2027 1185 2070 cuiuscumque

444 2083 600 2128 qualitatis
621 2083 780 2116 existentis
800 2093 919 2123 causas,
937 2081 1030 2114 etiam
1048 2080 1185 2113 decima—

444 2148 525 2178 rum,
542 2137 815 2180 iurispatronatus,
831 2134 1052 2180 praesentandi
1070 2139 1099 2167 et
1115 2145 1186 2177 pro-

444 2189 569 2222 videndi
586 2189 623 2222 de
644 2189 807 2233 quibusvis
824 2187 984 2221 beneficiis
1002 2187 1187 2220 ecclesiasti-

446 2244 490 2275 cis
509 2248 539 2276 et
556 2243 714 2287 cappellis,
736 2252 860 2275 necnon
880 2240 1105 2274 iurisdictionis
1124 2245 1185 2273 tam

446 2296 616 2340 spiritualis
629 2307 722 2340 quam
736 2296 930 2340 temporalis,
940 2296 1109 2336 bonorum,
1120 2294 1187 2327 red-

447 2350 567 2384 dituum
589 2356 618 2383 et
638 2351 884 2391 territoriorum,
898 2356 961 2383 tam
979 2360 1119 2382 mensam
1142 2359 1188 2381 ar-

448 2404 711 2448 chiepiscopalem
725 2404 931 2437 Elborensem
948 2413 1043 2447 quam
1061 2402 1187 2435 militias

1016 271 1192 294 mmmmm!
1220 270 1372 293 Romnum

1212 318 1284 350 talia
1309 318 1420 357 serent,
1438 327 1517 360 quae
1535 317 1636 359 magis
1653 317 1821 360 specialem
1838 320 1868 351 et
1884 328 1951 364 spe-

1212 370 1332 403 eiiicam
1358 370 1556 412 requirerent
1590 370 1779 402 mentionem
1795 396 1802 410 ,
1827 369 1950 410 facere,

1211 424 1332 465 dicere,
1360 433 1470 466 gerere
1494 427 1523 454 rt
1548 422 1658 465 exequi
1692 422 1788 454 libere
1812 427 1842 454 et
1868 423 1951 456 licite

1212 477 1382 520 respective
1407 475 1526 519 possint
1556 479 1585 507 et
1610 475 1749 515 valeant,
1774 475 1898 518 plenam
1924 479 1954 508 ct

1211 530 1384 562 absolutam
1411 528 1627 562 auctoritatem
1647 532 1677 560 ct
1697 528 1889 569 facultatem,
1911 527 1953 560 di-

1212 586 1259 616 cta
1284 583 1482 624 auctoritate,
1509 585 1616 616 tenore
1641 581 1872 625 praesentium,
1897 581 1952 613 tri-

1211 637 1336 669 buimus
1361 640 1390 670 et
1414 635 1621 679 impartimur.

1256 689 1316 733 ga.
1341 689 1496 732 Quidquid
1522 693 1624 721 autem
1647 697 1704 731 per
1729 687 1855 720 eosdem
1877 686 1954 719 iudi-

1212 752 1263 775 ces
1280 743 1310 774 in
1328 742 1429 775 causis
1449 741 1640 783 huiusmodi,
1659 746 1721 773 tam
1743 740 1836 774 motis
1858 750 1951 784 quam

1213 795 1392 837 movendis,
1416 800 1451 828 ut
1482 795 1675 838 praefertur,
1708 793 1952 833 concordatum,

1213 848 1426 888 terminatum,
1441 848 1611 880 stabilitum
1621 853 1650 880 et
1664 847 1873 891 compositum
1892 847 1954 879 sue-

1213 902 1270 942 rit,
1294 902 1440 941 firmum,
1470 901 1606 934 validum
1632 906 1662 933 et
1692 902 1799 933 efficax
1831 911 1899 933 esse
1924 905 1953 932 et

1214 955 1279 987 sore
1303 955 1511 995 decernimus,
1532 959 1562 987 et
1586 954 1625 987 ad
1649 954 1716 987 eius
1741 954 1953 987 inviolabilem

1213 1008 1443 1041 observantiam
1476 1012 1581 1051 partes
1610 1008 1692 1051 ipsas
1717 1007 1788 1050 cogi
1813 1012 1843 1039 et
1867 1018 1955 1040 com-

1213 1061 1307 1105 pelli,
1331 1071 1433 1104 neque
1462 1061 1527 1093 ullo
1558 1070 1696 1104 unquam
1730 1065 1873 1103 tempore
1897 1060 1955 1092 sub

1214 1115 1324 1158 quovis
1348 1119 1522 1158 praetextu,
1544 1119 1573 1147 et
1593 1115 1687 1146 causa
1707 1114 1745 1146 ab
1767 1113 1820 1146 illo
1841 1113 1954 1146 resiliri

1215 1179 1307 1213 posse
1330 1168 1561 1212 praecipimus,
1585 1167 1791 1211 partibusque
1811 1166 1888 1210 ipsis
1908 1165 1958 1199 de-

1215 1233 1310 1265 super
1335 1232 1371 1255 ex
1396 1232 1489 1262 nunc,
1517 1225 1612 1265 prout
1632 1231 1669 1253 ex
1693 1224 1766 1254 tunc
1790 1224 1956 1263 postquam

1216 1275 1286 1307 lites
1311 1279 1340 1307 et
1365 1274 1599 1307 controversiae
1622 1272 1805 1306 huiusmodi
1830 1282 1957 1305 concor-

1216 1327 1305 1360 datae
1337 1327 1469 1369 suerint,
1495 1332 1529 1359 ut
1552 1326 1747 1371 praefertur,
1767 1330 1956 1370 perpetuum

1217 1381 1375 1414 silentium
1392 1380 1601 1424 imponimus;

1261 1434 1275 1477 g
1299 1433 1329 1467 4.
1351 1434 1479 1467 Necnon
1495 1438 1675 1477 praesentes
1692 1433 1811 1465 litteras
1832 1442 1869 1465 ex
1885 1442 1958 1476 qua-

1217 1498 1353 1531 cumque
1378 1489 1472 1520 causa
1497 1487 1535 1520 de
1559 1486 1773 1530 subreptionis
1797 1486 1845 1520 vel
1870 1486 1958 1520 obre-

1216 1542 1331 1585 ptionis
1352 1552 1407 1574 seu
1426 1541 1578 1575 nullitatis
1602 1541 1687 1583 vitio,
1706 1546 1759 1574 aut
1775 1540 1957 1574 intentionis

1216 1601 1342 1629 nostrae
1360 1596 1408 1628 vel
1426 1596 1487 1628 alio
1503 1595 1614 1639 quovis
1633 1595 1755 1627 defectu
1774 1594 1888 1634 notari,
1905 1593 1960 1626 irn-

1217 1649 1362 1692 pugnari,
1381 1649 1537 1681 annullari
1554 1649 1603 1681 vel
1620 1648 1795 1690 invalidari,
1813 1652 1866 1680 aut
1881 1646 1958 1680 alias

1217 1702 1454 1746 quomodolibet
1477 1702 1616 1745 infringi,
1641 1712 1696 1734 seu
1719 1700 1894 1741 retraetari,
1907 1705 1961 1733 aut

1218 1757 1249 1788 in
1266 1756 1314 1789 ius
1342 1766 1397 1789 seu
1417 1755 1649 1789 controversias
1668 1755 1822 1795 revocari,
1840 1758 1894 1787 aut
1910 1753 1960 1786 ad-

1218 1820 1326 1842 versus
1350 1809 1419 1842 illas
1443 1809 1667 1853 quodcumque
1692 1808 1770 1841 iuris
1799 1812 1853 1840 aut
1886 1807 1959 1840 sacti

1218 1863 1394 1896 remedium
1412 1862 1574 1907 impetrari
1591 1862 1769 1895 nullatenus
1782 1871 1885 1905 posse,
1905 1861 1962 1893 sic-

1218 1927 1278 1960 que
1292 1926 1350 1960 per
1367 1926 1584 1960 quoscumque
1601 1915 1720 1948 iudices
1733 1915 1911 1948 ordinarios
1930 1919 1960 1947 et

1218 1969 1387 2012 delegatos,
1405 1969 1499 2002 etiam
1524 1979 1690 2002 causarum
1709 1968 1816 2012 palatii
1840 1972 1961 2012 aposto-

1218 2022 1268 2055 lici
1282 2022 1451 2063 auditores,
1461 2027 1491 2055 et
1500 2023 1529 2056 S.
1540 2023 1574 2056 R.
1586 2022 1618 2055 E.
1630 2022 1814 2062 cardinales,
1826 2020 1958 2054 iudicari

1219 2080 1249 2109 et
1265 2075 1390 2109 definiri
1410 2076 1535 2117 debere,
1561 2086 1596 2109 ae
1620 2075 1746 2108 irritum
1772 2080 1804 2108 et
1820 2074 1922 2115 inane,
1936 2073 1962 2107 si

1219 2140 1309 2162 secus
1334 2140 1428 2174 super
1448 2129 1496 2162 his
1512 2140 1529 2162 a
1546 2139 1716 2172 quoquam,
1733 2128 1842 2173 quavis
1859 2133 1963 2162 aucto-

1220 2183 1322 2223 ritate,
1348 2183 1483 2216 scienter
1502 2182 1551 2216 vel
1574 2182 1769 2225 ignoranter,
1794 2181 1962 2225 contigerit

1220 2238 1375 2272 attentari.

1266 2293 1280 2336 ἓ
1293 2292 1321 2325 5.
1340 2292 1408 2325 Non
1421 2291 1618 2325 obstantibus
1628 2291 1880 2334 quibuscumque
1893 2289 1962 2322 aliis

1222 2357 1317 2390 super
1340 2346 1521 2390 praemissis
1546 2345 1821 2379 commissionibus
1846 2350 1876 2378 et
1898 2344 1962 2377 litis

1220 2400 1396 2443 pendentiis
1421 2405 1451 2432 et
1482 2399 1758 2433 constitutionibus
1782 2404 1812 2432 et
1839 2398 1963 2432 ordina-

448 2461 477 2488 οἱ
493 2467 642 2499 pei-:onas
659 2457 839 2490 huiusmodi
859 2456 1076 2500 spectantium,
1091 2460 1189 2488 extra-
1223 2453 1359 2486 tionibus
1384 2452 1582 2497 apostolicis,
1606 2462 1730 2485 necnon
1759 2451 1909 2485 ecclesiae
1933 2456 1963 2484 et

449 2509 651 2551 iudicialiter,
675 2521 711 2543 ac
744 2510 829 2544 omni
854 2515 884 2543 et
907 2520 1105 2554 quacumque
1134 2519 1188 2552 apa
1223 2507 1407 2539 militiarum
1421 2506 1654 2550 praedictarum
1667 2506 1774 2550 (etiam
1786 2506 1963 2539 iuramento

448 2563 625 2606 petis-tione,
651 2564 873 2598 reclamatione
891 2569 921 2596 et
937 2573 1069 2596 recursu
1088 2573 1190 2596 remo·
1223 2561 1462 2595 confirmatione
1487 2561 1677 2605 apostolica,
1707 2561 1755 2594 vel
1780 2560 1889 2604 quavis
1912 2560 1964 2592 sir-

450 2615 497 2655 tis,
522 2616 714 2649 concordare
739 2622 768 2649 et
792 2627 993 2661 componere,
1017 2616 1140 2659 aliaque
1157 2615 1188 2648 in
1224 2615 1330 2648 mitate
1350 2615 1411 2648 alia
1429 2614 1598 2658 roboratis)
1617 2614 1739 2649 statutis
1756 2617 1786 2648 et
1802 2618 1964 2648 consuetu-

448 2669 631 2713 praemissis
643 2671 818 2705 necessaria
828 2676 857 2705 et
867 2676 1057 2716 opportuna,
1067 2669 1189 2706 etiamsi
1223 2669 1358 2714 dinibus,
1383 2669 1618 2712 stabilimentis‚
1642 2669 1751 2704 usibus
1771 2673 1802 2704 et
1824 2667 1963 2710 naturis,

1964 268 2056 296 An.tr
2078 267 2147 296 1626

1995 699 2116 720 Mandatum
2127 699 2151 719 de

1970 726 2071 752 aurnum.

2000 1442 2110 1463 clausulae
2118 1447 2156 1468 pro

1972 1472 2114 1495 praesentium
2124 1469 2156 1489 tit-

1974 1499 2065 1516 terarum
2089 1496 2157 1516 firmi-

1973 1525 2024 1543 tate,

2047 2295 2161 2322 Derogatio

1977 2324 2141 2344 contrariorum.
