2269 3235
222 253 271 280 An.
293 251 321 278 C.
344 250 412 277 ¹132AE
460 241 523 274 *258

422 298 535 337 nimus,
552 301 656 340 prout,
675 305 791 332 rerum,
812 300 998 336 temporum,
1020 291 1162 323 locorum

423 356 452 386 et
464 360 670 395 personarum
685 347 887 392 ‹ptalitatibus
900 345 1003 378 debite
1017 344 1163 388 pensatis,

423 403 634 448 conspicimus
658 402 688 434 in
704 400 839 434 Domino
857 398 988 431 validius
1006 397 1163 441 expedire.

468 459 484 500 ,ξ
513 457 535 489 l.
562 457 638 489 Cum
664 455 776 497 itaque,
803 453 880 486 sieut
906 451 998 485 nobis
1019 450 1164 492 innotuit,

424 509 581 553 <piendam
594 508 724 540 loannes
739 506 891 539 l'izzullus
902 505 1077 549 presbyter,
1091 503 1165 536 dum

425 563 508 603 xixit,
527 561 656 595 Calaber
681 572 717 593 cx
743 559 858 604 oppido
876 558 1023 601 Reginae,
1041 557 1167 590 Bisinia-

425 615 529 648 nensis
553 613 726 654 dioecesis,
751 611 920 653 oriundus,
947 611 1039 644 Urbis
1065 615 1167 643 tamen

279 476 407 496 lteri-ustum<

225 505 285 522 tenor
296 505 409 522 nannum·-

225 530 239 549 ti
271 529 353 549 loanni>
383 530 407 547 «lc

225 556 319 575 l'tzzultts
349 556 408 575 retati

226 588 245 601 in
275 582 408 601 carnutium-

225 608 395 634 xt‹ititr1ut;.·.ii.‘l.

426 669 527 701 incola
559 673 586 701 et
619 667 715 708 civis,
740 667 792 710 pio
817 665 978 699 charitatis
1002 664 1115 698 affectu
1139 669 1186 696 ct⁴

426 721 580 765 spirituali
610 732 684 764 erga
714 720 871 753 nationem
902 719 1058 752 citerioris
1082 718 1168 752 Cala-

425 776 513 808 briae
544 773 762 808 benevolentia
795 777 824 807 et
847 783 955 806 amore
979 772 1112 811 ductus,
1138 771 1169 803 in

427 829 540 862 ultimo
564 838 621 872 per
638 838 708 860 eum
730 826 866 867 condito,
888 825 945 859 sub
963 824 1053 858 cuius
1069 823 1171 867 dispo-

427 881 540 915 sitione
564 881 603 913 ab
628 879 774 912 humanis
798 878 940 919 decessit,
965 881 1169 917 testamento,

427 936 460 968 in
484 934 632 968 omnibns
657 933 721 965 suis
745 931 916 965 mobilibus
944 935 972 963 et
999 928 1170 962 immobili—

427 989 487 1021 bus
503 998 538 1021 ac
556 986 789 1020 semoventibus
810 984 911 1025 bonis,
930 983 1061 1025 iuribus,
1078 982 1172 1015 actio-

428 1041 530 1082 nibus,
545 1039 681 1080 creditis,
691 1038 823 1082 aliisque
832 1037 1085 1081 quibuscumque
1098 1046 1173 1079 quo,-

429 1093 599 1127 modolibet
625 1091 812 1134 nuncupatis
844 1094 873 1124 et
897 1088 1100 1134 qualificatis‚
1125 1088 1171 1121 di-

429 1148 526 1180 lectos
558 1145 640 1179 filios
670 1150 884 1178 correctorem
919 1148 948 1176 et
979 1143 1093 1175 fratres
1118 1152 1173 1175 seu

430 1206 618 1234 conventum
643 1199 755 1232 domus
784 1197 939 1241 regularis
971 1196 999 1229 S.
1029 1196 1173 1229 Andreae

430 1254 468 1287 de
492 1252 628 1287 Fratris¹
645 1257 842 1296 nuncupatae
862 1251 900 1283 de
921 1250 1023 1292 L‘rbe,
1049 1249 1174 1283 Ordinis

432 1310 565 1341 t'ratruni
582 1306 783 1340 Minimorum
799 1305 827 1337 S.
838 1304 997 1337 Francisei
1013 1304 1051 1336 de
1068 1304 1173 1345 Paula,

431 1361 583 1395 haeredes
614 1371 685 1393 suos
710 1359 902 1392 universales
928 1357 1118 1397 instituerit3
1146 1361 1175 1391 et

432 1416 513 1448 inter
533 1419 637 1448 cetera
655 1412 858 1454 ordinaverit,
876 1412 960 1455 quod
982 1422 1105 1444 summa
1122 1422 1174 1444 sex

432 1469 517 1501 mille
534 1473 694 1501 scutorum
714 1471 857 1499 monetae
875 1465 913 1498 ad
934 1465 1038 1498 minus
1058 1464 1090 1497 in
1114 1474 1176 1497 ern-

432 1523 574 1568 ptionem
598 1521 730 1554 alicuius
755 1520 842 1553 fundi
860 1520 891 1551 in
908 1519 1067 1563 praedicta
1092 1518 1175 1551 Urbe

433 1587 489 1621 per
506 1576 605 1609 dictos
619 1579 834 1608 correctorem
852 1578 882 1605 et
895 1573 1007 1605 fratres
1022 1572 1086 1605 sive
1107 1581 1177 1604 con—

434 1635 562 1662 tentum
588 1627 738 1671 impendi,
763 1632 791 1659 et
818 1627 848 1658 in
872 1626 939 1669 ipso
963 1625 1060 1658 fundo
1081 1625 1177 1658 eccle-

435 1682 498 1716 sia⁹
515 1682 573 1715 sub
598 1681 794 1714 invocatione
819 1679 958 1712 eiusdem
972 1678 1000 1711 S.
1019 1678 1177 1712 Francisei

436 1736 474 1770 de
498 1735 593 1769 Paula
613 1734 704 1768 eumS
728 1733 865 1777 hospitio
890 1743 944 1766 seu
969 1732 1103 1775 collegio
1129 1742 1178 1764 ex-

436 1790 518 1829 trui,
543 1799 577 1821 ac
603 1788 634 1820 in
659 1787 769 1820 eodem
801 1786 940 1830 hospitio
965 1796 1019 1831 seu
1044 1785 1178 1827 collegio

436 1844 548 1877 fratres
571 1841 695 1876 Ordinis
727 1845 757 1874 et
785 1840 918 1873 nationis
944 1839 1178 1884 praedictorum

438 1896 613 1929 studiorum
639 1896 733 1927 causa
758 1893 856 1937 recipi
877 1899 904 1926 et
927 1893 1129 1933 commorari,
1147 1892 1180 1924 il-

438 1950 539 1994 lisque
564 1948 601 1981 de
622 1948 705 1981 victu
722 1952 752 1980 et
769 1946 836 1979 aliis
854 1946 892 1979 ad
914 1946 1089 1980 studiorum
1107 1956 1181 1990 pro-

439 2002 659 2048 sequutionem
682 2000 869 2033 necessariis
893 1996 1063 2044 provideri,
1089 2005 1119 2032 et
1142 1999 1180 2032 ad

439 2068 510 2090 eum
536 2055 693 2096 effectum,
713 2066 748 2088 ac
774 2065 833 2099 pro
858 2054 985 2087 servitio
1006 2059 1035 2087 et
1059 2065 1119 2087 usu
1135 2065 1181 2087 so-

440 2111 504 2142 lum
522 2109 678 2142 dictorum
697 2108 829 2142 fratrum
850 2107 1052 2149 studentium,
1071 2117 1180 2140 omnes

440 2163 491 2197 alii
516 2163 655 2196 redditus
679 2161 882 2195 haereditatis
908 2171 981 2194 suae
1006 2161 1131 2204 erogari
1152 2166 1182 2194 et

442 2217 580 2252 converti
612 2216 763 2249 deberent
773 2227 780 2256 3
806 2226 841 2248 ac
875 2225 1001 2249 omnem
1024 2215 1182 2249 bonorum

441 2272 541 2305 dictae
564 2270 765 2304 haereditatis
798 2269 829 2302 in
861 2273 926 2303 toto
957 2270 1004 2302 vel
1033 2269 1064 2301 in
1094 2274 1183 2313 parte

442 2325 661 2359 alienationem
679 2334 716 2356 ex
737 2333 937 2368 quacumque
954 2323 1048 2356 etiam
1073 2333 1185 2365 urgen—

444 2380 560 2411 tissima
588 2379 681 2411 causa
706 2377 922 2421 prohibuerit;
948 2376 1075 2416 volens,
1100 2376 1184 2420 quod

444 2434 524 2465 tuma
548 2430 729 2465 huiusmodi
755 2440 888 2474 semper,
914 2429 953 2463 ad
977 2429 1122 2463 effectum
1151 2434 1185 2462 ut

484 2523 489 2545 t
514 2521 668 2556 {regendum
687 2519 720 2547 de
740 2519 867 2547 Frattis.
890 2522 919 2544 ut
937 2526 1020 2553 supra
1040 2526 1102 2552 pag.
1119 2517 1153 2544 54
1167 2526 1186 2543 a

446 2574 480 2600 *f*-
501 2571 549 2598 Τ.)-

481 2611 496 2636 -2
512 2610 582 2636 Edit.
598 2609 679 2636 Main.
695 2609 758 2643 legit
773 2609 918 2636 ecclesiam
933 2610 971 2641 (n.
988 2608 1036 2642 12).

482 2654 496 2681 :3
514 2654 632 2681 Erronee
648 2654 741 2680 eadem
758 2654 821 2682 edit.
839 2653 901 2688 legit
919 2653 999 2680 cicius
1015 2659 1052 2686 tn.
1070 2651 1117 2686 T.).

997 243 1173 267 nt'ltAtttt'M
1201 242 1318 264 ttottAM
1334 241 1351 263 M

1198 301 1234 323 cx
1256 287 1410 322 fructibus
1424 285 1494 319 inde
1511 296 1569 330 pro
1591 292 1730 329 tempore
1754 285 1938 330 provenien-

1199 343 1280 376 tibus
1309 342 1340 374 in
1368 341 1451 373 dicto
1479 339 1615 383 hospitio
1640 349 1695 372 seu
1719 339 1852 382 collegio
1876 340 1937 372 sra-

1198 402 1262 430 trcs
1286 395 1444 429 studentes
1469 394 1593 427 Ordinis
1617 398 1648 426 et
1671 393 1806 426 nationis
1828 392 1938 426 huius-

1199 449 1283 483 modi
1301 447 1497 482 manuteneri
1510 451 1540 481 et
1552 446 1591 479 ali
1608 445 1729 490 possint
1748 450 1779 478 et
1794 445 1938 487 debeant,

1200 506 1478 541 conservarentur,
1503 499 1650 544 quodque
1681 509 1833 532 numerus
1856 498 1939 542 ipso-

1200 567 1271 589 rum
1295 556 1429 588 fratrum
1454 553 1608 587 fructibus
1631 551 1813 585 huiusmodi
1839 556 1871 584 et
1894 561 1942 585 ex-

1202 609 1307 654 pensis
1332 619 1390 652 pro
1412 618 1522 641 eorum
1548 606 1783 640 manutentione
1800 614 1942 638 necessa-

1202 663 1278 703 riis,
1303 662 1340 695 ad
1372 661 1537 695 arbitrium
1562 660 1728 694 cardinalis
1756 657 1943 703 protectoris

1203 715 1326 749 Ordinis
1351 720 1380 748 et
1405 720 1608 748 executorum
1632 712 1810 747 testamenti
1835 711 1943 745 liuius-

1204 769 1288 802 modi
1303 779 1361 813 pro
1377 774 1517 812 tempore
1533 767 1744 808 existentium,
1760 775 1944 810 correspon-

1204 823 1302 863 deret,
1327 832 1382 855 seu
1405 821 1680 866 proportionatum
1705 823 1798 860 esset3
1822 829 1945 853 necnon

1204 876 1286 909 inter
1301 875 1385 919 ipsos
1401 875 1514 908 fratres
1531 875 1700 916 studentes,
1720 885 1784 915 eos,
1801 874 1855 918 qui
1871 883 1946 917 quo-

1205 929 1251 962 vis
1276 928 1370 961 modo
1387 928 1516 962 domum
1534 933 1708 961 maternam
1728 926 1802 961 dicti
1822 931 1946 960 testato-

1205 982 1267 1022 ris,
1299 980 1444 1015 videlicet
1475 980 1601 1014 illorum
1638 980 1676 1013 de
1708 979 1816 1022 Grilli,
1852 980 1945 1013 etiam

1206 1045 1305 1079 usque
1322 1034 1360 1068 ad
1377 1039 1524 1078 quartum
1542 1033 1675 1077 gradum
1693 1033 1858 1075 exclusive,
1875 1043 1947 1066 con-

1206 1088 1417 1132 sanguinitate
1436 1087 1608 1131 attigerint,
1626 1091 1656 1120 et
1680 1086 1793 1119 deinde
1812 1096 1876 1127 eos,
1893 1086 1947 1130 qui

1207 1153 1244 1175 ex
1268 1142 1352 1175 dicto
1377 1140 1492 1185 oppido
1517 1140 1643 1174 oriundi
1673 1140 1795 1180 forent,
1819 1150 1855 1177 ac
1879 1150 1948 1172 suc-

1207 1196 1325 1229 cessive
1349 1195 1436 1236 illos,
1461 1194 1515 1238 qui
1540 1205 1577 1228 ex
1600 1193 1764 1238 provincia
1788 1192 1949 1227 Calabriae

1208 1249 1380 1291 citerioris,
1401 1253 1432 1282 et
1455 1248 1577 1289 ultimo,
1595 1247 1620 1281 si
1640 1247 1743 1291 aliqua
1767 1247 1838 1280 loca
1861 1257 1950 1290 supe-

1208 1308 1345 1344 ressent,
1370 1313 1424 1336 eos
1449 1302 1502 1346 qui
1534 1313 1571 1335 ex
1601 1301 1764 1345 provincia
1789 1300 1950 1333 ulterioris

1208 1356 1368 1391 Calabriae
1383 1355 1444 1389 orti
1469 1355 1647 1395 existerent,
1664 1354 1695 1386 in
1720 1354 1788 1398 ipso
1813 1353 1950 1397 hospitio

1209 1420 1264 1443 seu
1289 1409 1423 1452 collegio
1449 1407 1613 1453 praeferri3
1635 1411 1665 1440 et
1689 1407 1720 1439 in
1745 1411 1902 1447 eventum,
1919 1406 1952 1439 in

1209 1474 1302 1508 quem
1327 1463 1402 1496 dicti
1422 1461 1575 1496 haeredes
1601 1461 1647 1494 vel
1673 1461 1785 1494 fratres
1810 1460 1884 1494 dicti
1901 1460 1953 1494 ho-

1210 1516 1293 1561 spitii
1314 1527 1369 1549 seu
1393 1515 1518 1559 collegii
1539 1525 1599 1559 pro
1620 1519 1765 1558 tempore
1786 1513 1952 1547 existentes

1210 1569 1435 1603 haereditatem
1459 1568 1641 1602 huiusmodi
1666 1578 1737 1601 cum
1766 1567 1952 1601 conditioni-

1210 1624 1270 1656 bus
1286 1622 1455 1667 praedictis
1471 1626 1501 1655 et
1517 1621 1586 1654 aliis
1611 1621 1761 1655 oneribus
1777 1631 1833 1665 per
1850 1621 1952 1665 ipsum

1211 1681 1392 1711 testatorem
1411 1675 1558 1708 iniunctis
1583 1680 1758 1719 acceptare,
1775 1675 1834 1715 vel,
1852 1676 1890 1707 ea
1906 1684 1952 1707 ae-

1212 1733 1343 1775 ceptata,
1370 1729 1566 1763 conditiones
1591 1739 1626 1761 ac
1651 1738 1748 1762 onera
1771 1727 1953 1762 huiusmodi

1212 1785 1385 1828 adimplere
1402 1783 1531 1824 nollent,
1548 1786 1601 1817 aut
1622 1782 1715 1815 etiam
1731 1792 1790 1826 pro
1807 1783 1869 1814 una
1888 1781 1954 1815 vice

1213 1838 1244 1870 in
1264 1836 1372 1881 quavis
1389 1836 1482 1869 etiam
1501 1835 1702 1880 quantumvis
1718 1835 1849 1868 minima
1866 1839 1954 1878 parte

1213 1890 1451 1934 dispositionem
1479 1888 1747 1923 testamentariam
1775 1887 1955 1921 huiusmodi

1214 1944 1523 1987 transgrederentur,
1548 1948 1623 1976 tunc
1648 1948 1678 1976 et
1701 1952 1739 1976 eo
1763 1952 1838 1975 casu
1861 1941 1955 1975 etiam

1214 1998 1348 2032 voluerit
1372 2002 1403 2030 et
1426 1996 1631 2037 mandaverit,
1651 2001 1686 2029 ut
1709 1996 1796 2030 omni
1821 2006 1957 2030 commo-

1214 2052 1254 2086 do
1286 2057 1315 2085 et
1352 2051 1506 2084 beneficio
1542 2050 1743 2084 haereditatis
1778 2050 1957 2094 praedictae

1215 2106 1327 2150 privati
1352 2110 1564 2146 remanerent,
1580 2105 1613 2137 in
1629 2114 1730 2148 eoque
1754 2104 1867 2137 fratres
1884 2114 1957 2138 con-

1216 2159 1408 2203 gregationis
1432 2157 1580 2192 Colloreti
1603 2161 1800 2202 nuncupatae
1817 2157 1888 2201 (sub
1914 2168 1958 2191 re-

1217 2214 1289 2256 gula
1312 2219 1342 2245 et
1366 2212 1474 2245 habitu
1490 2212 1519 2245 S.
1538 2211 1704 2255 Augustini
1729 2211 1912 2255 militantes)
1929 2216 1957 2244 et

1217 2267 1248 2299 in
1273 2266 1436 2311 provincia
1460 2265 1619 2300 Calabriae
1645 2265 1800 2299 citerioris
1828 2264 1955 2309 praedi-

1218 2325 1285 2353 ctae
1319 2319 1465 2352 fundatae
1497 2318 1718 2360 suceederent,
1743 2318 1871 2352 eosdem
1896 2318 1959 2351 fra-

1218 2378 1281 2405 tres
1294 2373 1394 2406 dictae
1411 2373 1665 2416 congregationis
1678 2372 1753 2417 ipsis
1770 2372 1959 2406 haeredibus

1219 2428 1265 2461 vel
1290 2427 1440 2461 fratribus
1464 2426 1590 2471 hospitii
1621 2437 1676 2460 seu
1700 2426 1825 2469 collegii
1849 2425 1958 2459 huius-

1219 2481 1303 2515 modi
1335 2480 1480 2513 indicta
1511 2480 1703 2513 haereditate
1728 2490 1764 2513 ex
1789 2484 1863 2514 tunc
1887 2490 1959 2513 cum

1219 2534 1337 2567 eisdem
1363 2533 1597 2566 conditionibus
1621 2539 1651 2566 et
1675 2533 1825 2567 oneribus
1849 2532 1960 2567 substi—

1220 2587 1346 2627 tuendo,
1360 2587 1472 2620 deinde
1485 2587 1671 2631 (parochiali
1688 2586 1820 2620 ecclesia
1833 2586 1878 2620 Ss.
1893 2585 1961 2619 Ser-

1220 2641 1262 2685 gii
1288 2647 1313 2674 et
1342 2641 1454 2673 Bam-lii
1480 2641 1517 2673 de
1543 2641 1650 2674 eadem
1677 2641 1776 2683 Urbe,
1801 2642 1861 2673 una
1888 2651 1960 2673 cuni

1945 239 1996 263 An.
2017 237 2046 263 C.
2065 236 2134 263 1624·
