2269 3235
115 244 165 271 An.
185 243 214 270 C.
232 242 300 270 ¹624

157 2174 256 2195 Facilitas
277 2179 313 2194 no-

131 2202 164 2221 xia
175 2201 266 2221 novitios
277 2201 314 2221 ad-

131 2227 233 2247 mittendi.

928 241 1070 266 URBANUS
1090 240 1147 265 VIII
1166 241 1214 265 FP.

314 289 476 323 tenoribus
507 293 537 323 et
561 289 691 330 formis,
712 294 742 324 et
772 298 843 322 cum
867 288 1050 332 quibusvis,

314 343 406 376 etiam
430 343 702 387 derogatoriarum
726 342 945 386 derogatoriis,
968 343 1052 375 aliis-

314 407 375 440 que
388 397 619 430 efficacioribus
631 402 661 430 et
674 396 807 430 insolitis
817 395 973 435 clausulis,
984 405 1053 428 ncc-

313 460 377 483 non
401 451 596 485 irritantibus
612 450 851 492 decretis,etiam
877 454 964 482 motu
980 459 1053 492 pro-

314 503 394 547 prio,
411 509 441 537 et
454 515 491 537 ex
508 506 594 537 certa
611 503 750 544 scientia,
764 513 799 536 ac
813 502 851 535 de
864 502 1053 546 apostolicae

315 557 475 600 potestatis
492 556 694 601 plenitudine,
711 559 763 589 aut
786 555 862 588 alias
878 555 1053 598 quomodo-

315 610 400 651 libet,
417 611 510 644 etiam
528 610 675 655 perviam
689 609 982 643 communicationis
999 620 1054 642 seu

316 663 513 705 extensionis,
539 662 716 702 concessis,
737 667 768 695 et
792 662 910 695 iteratis
935 661 1053 694 vicibus

316 716 500 760 approbatis
523 720 553 749 et
577 715 741 756 innovatis,
759 715 891 756 etiamsi,
915 725 972 759 pro
990 715 1055 748 illo-

316 779 387 801 rum
412 768 575 802 sufficienti
599 768 813 811 derogatione,
839 768 877 801 de
902 768 973 809 illis,
1001 779 1054 802 eo—

317 832 452 865 rumque
471 821 543 854 totis
560 822 723 855 tenoribus
739 827 769 855 et
784 821 894 855 formis
912 822 1054 865 specialis

318 879 350 907 et
366 874 524 907 individua
547 885 582 907 ac
599 874 637 907 de
654 875 752 908 verbo
769 875 808 907 ad
832 875 974 916 verbum,
992 885 1056 908 non

317 933 422 960 autem
444 938 502 971 per
525 928 680 961 clausulas
704 928 866 971 generales
890 928 973 960 idem
998 928 1056 961 im-

317 986 500 1026 portantes,
530 982 646 1015 mentio
679 992 734 1015 seu
761 982 889 1026 quaevis
913 982 974 1014 alia
997 992 1053 1014 ex<-

317 1034 439 1078 pressio
463 1035 606 1068 habenda
631 1041 684 1068 aut
706 1036 809 1079 aliqua
826 1036 886 1068 alia
903 1035 1057 1079 exquisita

319 1087 420 1120 forma
435 1088 587 1121 servanda
607 1094 704 1129 esset,
722 1094 846 1122 tenores
866 1088 1056 1129 huiusmodi,

319 1151 355 1175 ac
380 1141 405 1174 si
430 1141 468 1175 de
492 1142 590 1175 verbo
614 1142 652 1175 ad
676 1142 818 1182 verbum,
838 1141 916 1174 nihil
933 1142 1057 1185 penitus

320 1194 447 1235 omisso,
467 1200 497 1227 et
511 1195 610 1228 forma
627 1195 658 1227 in
675 1195 736 1227 illis
755 1194 868 1227 tradita
884 1195 1058 1234 observata,

321 1248 429 1281 inserti
453 1248 565 1288 forent,
584 1248 800 1291 praesentibus
827 1258 885 1291 pro
903 1248 1058 1291 expressis

321 1300 447 1342 habens,
465 1300 578 1344 quibus
592 1300 695 1344 quoad
712 1311 758 1341 ea,
775 1311 854 1344 quae
872 1301 1059 1344 supradictis

320 1353 557 1396 quomodolibet
586 1353 811 1394 adversantur,
840 1353 900 1386 illis
928 1354 1003 1386 alias
1028 1353 1059 1385 in

321 1416 378 1439 suo
408 1406 523 1440 robore
555 1407 770 1450 permansuris
783 1434 791 1448 ,
822 1406 1000 1450 specialiter
1030 1412 1060 1439 et

321 1469 478 1503 expresse,
494 1459 671 1492 Sanctitatis
696 1459 774 1493 Suae
798 1460 993 1499 auctoritate,
1012 1459 1061 1492 de-

322 1518 422 1556 rogat,
432 1513 606 1557 ceterisque
620 1514 785 1547 contrariis
799 1514 1058 1557 quibuscumque.

367 1567 431 1600 Dat.
442 1567 569 1609 Romae,
581 1567 631 1600 die
646 1578 697 1600 xxl
709 1567 895 1612 septembris
908 1577 1059 1599 iincxxw.

412 1639 558 1673 PaosPEn
584 1639 751 1672 FAGNANus
777 1639 805 1672 S.
823 1639 936 1682 Congr.
954 1638 1038 1671 Scor.

466 1736 713 1780 Subseqmmtur
735 1735 924 1779 supradicta

324 1788 449 1822 decreta
459 1789 628 1833 qeneralia
643 1789 814 1823 Clementis
825 1790 937 1832 Papae
951 1789 1035 1823 VIII
1043 1788 1061 1822 ¹.

516 1865 695 1895 Decretum
711 1865 866 1905 primum.

326 1931 371 1964 De
403 1931 537 1964 novitiis
568 1931 611 1964 acl
643 1931 790 1964 habitum
822 1931 1001 1975 reyularem
1035 1936 1063 1964 et

366 1985 597 2028 professionem
632 1995 698 2017 non
734 1984 944 2017 admittendis
962 2011 969 2025 ,
997 1985 1064 2017 nise?

369 2037 407 2069 in
430 2037 635 2070 comentibus
660 2037 871 2080 desiynmzdis
883 2037 903 2069 ⁴².

531 2108 664 2135 Clemens
684 2109 763 2142 Papa
782 2108 860 2136 VIII.

371 2170 534 2213 Regularis
559 2170 742 2214 disciplinae
772 2170 982 2211 restitutioni,
1006 2180 1064 2214 pro

328 2233 389 2266 qua
412 2223 621 2267 potissimum,
639 2223 723 2256 iuxta
743 2223 842 2256 nostri
859 2223 999 2256 muneris
1015 2223 1065 2256 de-

328 2275 439 2317 bitum,
463 2276 607 2310 laborare
631 2286 694 2309 non
718 2276 907 2317 desistimus,
931 2276 1008 2309 illud
1033 2276 1064 2308 in

365 2374 375 2399 1
394 2373 527 2400 Nonnulla
546 2373 701 2401 huiusmodi
717 2373 825 2400 decreta
844 2373 990 2400 Clementis
1004 2373 1064 2400 VIII

328 2417 382 2444 iam
397 2417 533 2445 habentur
547 2427 629 2454 supra
644 2419 730 2446 relata
744 2419 771 2445 in
787 2422 854 2445 tom.
872 2427 888 2445 x
910 2422 1020 2446 nostrae
1035 2427 1064 2445 e-

327 2461 447 2496 ditionis,
460 2463 496 2488 uti
507 2461 703 2495 indieabimus;
720 2467 810 2490 tamen
822 2463 886 2498 quia
897 2471 952 2490 non
963 2463 1064 2496 omnia,

328 2514 418 2541 neque
446 2506 552 2542 integra
578 2507 615 2533 ibi
643 2507 789 2541 habentur,
813 2507 875 2534 ideo
898 2507 942 2534 illa
966 2507 1066 2533 iterum

328 2550 498 2578 subiicienda
521 2551 565 2578 hie
588 2559 651 2578 cum
674 2551 829 2579 Cherubino
853 2555 880 2578 et
905 2551 1066 2586 Coquelines

330 2603 471 2623 censemus
483 2597 523 2630 (n.
536 2594 585 2629 T.).

365 2640 382 2667 2
396 2640 470 2668 Istud
485 2640 537 2667 iam
552 2639 634 2667 habes
649 2639 677 2666 in
692 2642 758 2666 tom.
775 2648 800 2673 x,
817 2647 878 2675 pag.
889 2638 940 2666 769
951 2639 1064 2674 b(n.T.).

1087 289 1197 332 primis
1232 296 1381 331 magnum
1416 283 1674 329 impedimentum
1710 282 1824 315 afferre

1088 341 1270 384 quotidiano
1294 350 1352 373 usu
1377 342 1576 382 compertum
1605 341 1661 376 est,
1686 334 1770 379 quod
1794 335 1826 367 in

1088 394 1233 427 omnibus
1258 393 1477 433 conventibus,
1503 391 1539 424 iis
1563 388 1748 434 praesertim
1772 388 1826 431 qui

1088 446 1200 479 maiori
1225 446 1448 479 reformatione
1473 444 1622 487 indigent,
1649 441 1762 484 singuli
1788 439 1827 473 ad

1088 499 1273 542 religionem
1300 499 1457 532 venientes
1481 498 1597 542 passim
1622 495 1826 539 recipiuntur3

1088 552 1170 585 unde
1195 552 1240 593 fit,
1257 557 1291 585 ut
1313 562 1375 595 quo
1392 551 1492 593 magis
1517 562 1573 584 nos
1598 550 1692 582 variis
1716 548 1829 582 consti-

1090 605 1260 639 tutionibus
1286 606 1365 637 male
1385 604 1511 637 affectas
1528 604 1649 637 radices
1665 608 1828 646 amputare

1089 659 1271 699 studemus,
1299 669 1336 691 eo
1361 658 1460 700 magis
1485 658 1516 689 in
1541 657 1606 690 dies
1637 657 1826 700 depravata,

1089 713 1345 755 infructuosaque
1369 711 1523 744 eiusmodi
1539 710 1661 743 noviter
1679 710 1829 753 profiten-

1091 765 1168 798 tium
1202 765 1344 808 germina
1379 768 1586 797 succrescant.
1622 762 1677 796 Cui
1702 762 1828 804 quidem

1090 820 1173 852 malo
1197 829 1367 852 occurrere
1392 818 1551 858 volentes,
1585 815 1743 860 praesenti
1769 815 1826 848 de-

1091 877 1177 905 creto
1201 872 1374 912 statuimus,
1391 870 1593 914 directeque¹
1619 868 1830 914 praecipimus

1091 925 1236 958 omnibus
1254 924 1463 967 generalibus,
1479 922 1734 968 provincialibus,
1747 931 1832 955 com-

1091 978 1254 1018 missariis,
1279 978 1443 1019 ministris,
1463 977 1638 1020 ceterisque
1664 974 1831 1019 superiori-

1091 1031 1151 1064 bus
1165 1037 1374 1065 conventuum
1391 1031 1473 1064 intra
1489 1030 1594 1063 Italiae
1611 1034 1640 1062 et
1657 1028 1829 1061 insularum

1092 1085 1300 1118 adiacentium
1318 1085 1395 1118 fines
1415 1083 1613 1118 existentium
1630 1082 1832 1126 quibuscum-

1092 1149 1163 1182 que,
1180 1148 1453 1182 quorumcumque
1467 1137 1618 1171 Ordinum
1632 1136 1643 1153 ²
1660 1135 1832 1169 Mendican-

1094 1191 1187 1232 tium,
1207 1197 1242 1224 ut
1264 1192 1302 1224 de
1327 1196 1432 1225 cetero
1455 1190 1614 1224 neminem
1640 1189 1697 1222 sub
1721 1188 1832 1232 quovis

1093 1250 1258 1288 praetextu
1282 1250 1335 1277 aut
1359 1245 1465 1278 colore
1489 1244 1526 1276 ad
1547 1243 1688 1276 habitum
1712 1241 1833 1284 regula-

1094 1308 1162 1330 rem
1186 1297 1361 1338 admittant,
1377 1298 1436 1330 nisi
1457 1297 1488 1330 in
1508 1296 1713 1330 conventibus
1730 1300 1833 1328 aucto-

1094 1351 1184 1384 ritate
1198 1353 1305 1386 nostra
1320 1351 1504 1395 propediem
1519 1350 1550 1383 in
1564 1352 1750 1393 unaquaque
1764 1359 1834 1392 pro-

1094 1405 1194 1437 vincia
1218 1405 1427 1447 designandis.
1452 1405 1583 1447 Insuper
1606 1403 1780 1443 sancimus,
1800 1407 1833 1433 ut

1094 1457 1197 1501 quoad
1218 1458 1357 1490 eiusdem
1376 1462 1547 1490 conventus
1560 1456 1580 1496 ³,
1598 1461 1631 1489 ut
1647 1455 1832 1499 praefertur,

1095 1521 1151 1553 per
1171 1520 1227 1543 nos
1244 1510 1381 1553 deputati
1395 1520 1458 1543 non
1475 1509 1599 1548 suerint,
1617 1518 1726 1541 omnes
1743 1517 1833 1551 prac-

1096 1564 1231 1596 satorum
1248 1563 1400 1597 Ordinum
1425 1562 1604 1606 superiores
1621 1572 1638 1594 a
1655 1561 1834 1604 receptione

1096 1626 1370 1660 quorumcumque
1394 1616 1598 1655 novitiorum,
1615 1614 1679 1647 sive
1696 1613 1733 1646 ad
1751 1613 1836 1645 habi—

1098 1676 1161 1703 tum
1187 1670 1251 1703 sive
1276 1670 1314 1702 ad
1337 1669 1575 1713 professionem,
1593 1667 1722 1701 omnino
1746 1666 1837 1699 absti-

1096 1728 1198 1756 neant.
1224 1723 1386 1767 Superior,
1406 1723 1460 1766 qui
1480 1722 1572 1754 huius
1598 1720 1716 1754 decreti
1740 1723 1837 1753 trans-

1097 1787 1225 1819 gressor
1251 1776 1398 1816 extiterit,
1419 1776 1488 1819 ipso
1513 1776 1593 1808 sacto
1617 1783 1751 1818 poenam
1776 1772 1838 1815 pri—

1097 1830 1229 1863 vationis
1261 1830 1403 1863 omnium
1438 1828 1635 1870 officiorum⁷
1660 1837 1739 1870 quae
1764 1832 1837 1859 tunc

1098 1883 1260 1923 obtinebit,
1278 1883 1425 1925 vocisque
1443 1881 1588 1921 activae⁴,
1613 1885 1644 1913 et
1667 1884 1838 1924 perpetuae

1098 1936 1300 1969 inhabilitatis
1316 1936 1354 1969 ad
1369 1936 1427 1968 alia
1441 1935 1646 1979 imposterum
1659 1932 1837 1974 obtinenda,

1099 2000 1130 2023 se
1155 1990 1278 2023 noverit
1303 1990 1483 2029 incurrisse,
1501 2000 1537 2021 ac
1561 1988 1629 2020 aliis
1649 1987 1742 2020 etiam
1766 1996 1839 2029 poe-

1097 2044 1146 2076 nis
1170 2043 1300 2077 arbitrio
1320 2048 1428 2076 nostro
1446 2042 1613 2075 subiaceat.
1632 2039 1839 2083 Receptioncs

1098 2106 1173 2129 vero
1187 2101 1217 2129 et
1230 2094 1455 2139 prosessioncs¹
1473 2094 1627 2138 quaslibet
1646 2103 1767 2131 eorum,
1784 2091 1838 2136 qui

1098 2155 1207 2183 eontra
1232 2148 1411 2182 huiusmodi
1436 2148 1598 2180 decretum
1622 2150 1765 2180 nostrum
1790 2145 1841 2177 ad-

1098 2204 1186 2237 missi
1200 2203 1324 2245 fuerint,
1338 2202 1439 2235 nullas
1456 2206 1486 2235 et
1499 2201 1604 2234 irritas
1620 2210 1689 2234 esse
1706 2210 1742 2233 ex
1756 2209 1840 2232 nunc

1136 2286 1143 2310 l
1163 2284 1205 2310 Sic
1219 2281 1266 2311 oes
1281 2283 1358 2315 edit.;
1378 2285 1405 2309 at
1417 2282 1521 2309 videtur
1537 2281 1683 2316 legendum
1699 2280 1840 2308 districte-

1098 2338 1152 2364 que
1166 2329 1236 2355 sicut
1250 2328 1277 2354 in
1294 2331 1360 2354 tom.
1372 2334 1399 2361 x,
1417 2335 1478 2362 pag.
1492 2326 1542 2353 769
1553 2329 1663 2352 nostrae
1674 2324 1736 2352 edit.
1749 2325 1840 2360 (κω).

1133 2374 1148 2400 2
1165 2373 1260 2400 Nescio
1276 2380 1310 2399 an
1334 2372 1405 2398 desit
1421 2372 1514 2398 vocula
1529 2371 1628 2403 etiam,
1642 2374 1723 2406 prout
1738 2370 1840 2397 videre-

1098 2421 1142 2444 tur
1156 2425 1187 2444 ex
1203 2425 1263 2452 seq.
1279 2416 1388 2443 decreto
1403 2416 1440 2450 (n.
1456 2416 1503 2449 Τ.).

1133 2463 1150 2489 3
1176 2462 1218 2488 Sic
1247 2469 1341 2488 omnes
1367 2460 1443 2493 edit.;
1472 2463 1499 2486 at
1529 2459 1665 2486 videretur
1692 2459 1841 2494 legendum

1099 2507 1284 2541 quoadusque
1299 2506 1386 2532 iidem
1403 2507 1566 2536 conventus,
1583 2504 1619 2538 (R.
1636 2503 1684 2538 Tu).

1134 2551 1150 2577 4
1166 2550 1259 2577 Nescio
1275 2558 1309 2576 an
1325 2549 1482 2576 addendum
1497 2548 1580 2575 etiam
1603 2551 1630 2576 et
1649 2548 1795 2584 passivae,
1812 2551 1841 2575 ut

1099 2595 1195 2631 legitur
1210 2595 1237 2621 in
1253 2602 1311 2628 seq.
1329 2594 1437 2620 decreto
1451 2594 1488 2628 (R.
1505 2593 1553 2627 Τ.).

1133 2640 1149 2667 5
1161 2640 1308 2674 Pei-peram
1319 2639 1362 2666 ed.
1373 2638 1453 2665 Μαίη.
1466 2638 1548 2665 hahet
1557 2638 1740 2673 possessiones
1751 2638 1837 2673 (am),

1725 225 1790 259 205
1836 234 1885 261 An.
1902 233 1930 260 c.
1953 233 2021 260 1624

1859 770 1970 791 Decretum
1979 774 2004 790 co
2022 779 2030 783 -

1845 800 1877 818 tra
1892 798 1955 818 illam.
