2269 3235
243 263 290 289 Αη.
307 262 334 288 e.
355 262 421 289 1624
467 252 531 286 ¹182

441 311 643 354 scriptionem
663 314 892 343 tormentorum
918 308 1115 350 bellicorum,
1132 319 1180 342 ar-

442 375 565 397 morum
585 369 612 396 et
638 364 768 395 aliarum
794 362 1014 401 munitionum,
1034 362 1064 394 in
1089 362 1179 395 dictis

441 418 575 457 arcibus,
593 417 757 456 fortalitiis,
775 417 839 449 sive
856 417 1100 461 propugnaculis
1117 417 1179 450 exi-

441 471 599 509 stentium,
618 472 677 502 una
702 481 772 503 cum
794 470 944 504 ministris
968 470 1084 503 nostris
1110 480 1180 505 con-

441 524 575 563 ficiendi,
594 529 759 567 ceteraque
780 524 883 557 omnia
902 530 931 557 et.
948 525 1081 566 singula,
1100 535 1179 568 quae

440 589 498 621 pro
523 578 754 621 complemento
787 582 816 612 et
848 578 933 611 totali
971 578 1179 622 exequutione

441 631 626 664 concordiae
644 632 821 675 praedictae
838 632 965 665 nomine
982 637 1089 665 nostro
1107 643 1178 665 cum

440 685 550 717 eodem
584 685 750 719 Francisco
785 685 879 718 illaria
908 686 986 718 duce
1023 696 1077 718 seu
1113 685 1179 717 eius

440 738 591 771 ministris
627 744 657 771 ct
692 749 749 783 pro
781 750 818 772 eo
852 739 1016 781 agentibus
1049 738 1106 771 sub
1130 738 1179 771 die

440 802 499 824 xxx
531 792 638 835 aprilis
670 792 813 835 proxime
845 792 1007 835 praeteriti
1032 792 1125 824 initae
1150 797 1179 823 et

439 845 613 879 celebratae
637 847 813 879 necessaria
829 846 954 886 suerint,
973 856 1025 878 seu
1052 856 1180 887 quomo-

439 898 556 932 dolibet
580 904 766 943 opportuna.
793 900 826 932 ln
851 898 1045 931 contrarium
1063 897 1177 931 sacien-

439 952 522 984 tihus
546 963 607 985 non
632 953 829 985 obstantibus
854 952 1114 995 quibuscumque.

482 1006 594 1038 Datum
620 1006 746 1045 Romae,
772 1005 853 1049 apud
874 1005 903 1038 S.
929 1005 1057 1037 Mariam
1083 1004 1178 1037 Maio-

438 1070 526 1099 rem,
558 1060 616 1091 sub
640 1060 756 1092 annulo
780 1059 948 1092 Piscatoris
963 1086 970 1099 ‚
996 1058 1045 1091 die
1072 1068 1081 1091 1
1112 1057 1179 1089 iulii

438 1121 590 1153 tincxx1v‚
616 1112 816 1156 pontificatus
841 1112 939 1145 nostri
965 1122 1045 1145 anno
1071 1122 1089 1144 1.

473 1176 532 1203 Dat.
551 1175 593 1203 die
611 1177 620 1202 ¹
640 1175 698 1202 iulii
716 1175 794 1210 1624,
812 1174 907 1211 pontis.
925 1181 1027 1202 annot.

438 1292 530 1325 Idem
553 1291 699 1335 sequenti
724 1302 809 1324 anno
834 1291 1003 1334 neyoc'ium
1024 1289 1175 1322 commis-

482 1358 554 1379 sum
572 1346 693 1390 Iegyilur
713 1350 882 1379 exarcatus
900 1345 1072 1378 Ravennae
1086 1353 1179 1387 prae-

483 1401 567 1441 sidi,
601 1404 630 1433 et
658 1400 846 1443 provinciae
871 1398 1038 1431 Murclu'ac
1061 1397 1176 1440 guber-

482 1455 601 1493 natori,
626 1453 727 1486 allero
752 1452 885 1497 quictem
914 1451 1011 1484 Brevi
1037 1449 1180 1482 ciusdem

483 1507 632 1550 exempli,
651 1507 744 1539 cuius
768 1516 931 1538 summam
957 1503 1179 1537 tantummodo

481 1560 684 1604 referendam
708 1570 771 1593 esse
796 1561 989 1593 censuimus.

634 1636 770 1663 ‘Urbanus
799 1635 878 1669 Papa
898 1635 963 1662 vm
977 1656 983 1665 ,

582 1682 619 1708 ad
639 1681 771 1708 futuram
790 1680 835 1707 rei
855 1680 1036 1707 memoriam.

484 1752 732 1791 Considerantes,
743 1755 811 1792 etc,
823 1751 1100 1795 Adrianopolitano
1110 1761 1179 1794 pro-

440 1807 560 1840 vinciae
575 1810 699 1839 nostrae
712 1804 946 1841 Romandiotae,
967 1809 996 1836 et
1016 1809 1179 1836 exarcatus

441 1859 604 1891 Ravennae
617 1856 744 1900 presidi,
761 1866 796 1888 ac
815 1855 929 1888 dilecto
946 1855 1010 1887 filio
1028 1855 1179 1897 magistro

439 1911 581 1944 Diomedi
606 1909 733 1943 Varesio
751 1909 781 1941 in
798 1910 932 1952 utraque
949 1908 1108 1951 signatura
1127 1918 1181 1941 no-

441 1967 504 1998 stra
528 1963 741 1997 referendario
765 1963 947 2007 provinciae
962 1967 1087 1994 nostrae
1104 1962 1179 1994 Mar-

441 2019 529 2052 chiae
561 2017 771 2051 Anconitanae
807 2015 1033 2059 gubernatori,
1058 2025 1178 2048 necnon

441 2072 623 2107 eorumdem
660 2070 812 2115 praesidis
843 2075 873 2103 et
904 2069 1124 2113 gubernatoris
1148 2069 1179 2101 in

441 2127 544 2161 officio
570 2125 816 2165 successoribus,
840 2129 896 2156 etc.

486 2180 595 2213 Datum
620 2180 752 2219 Romae,
777 2177 858 2221 apud
884 2177 912 2210 S.
944 2178 1092 2217 Petrum,
1122 2176 1179 2208 sub

441 2234 557 2267 annulo
584 2232 759 2272 piscatoris,
785 2231 834 2263 die
851 2241 883 2263 xi
912 2230 1015 2263 martii
1040 2239 1180 2269 mcxxv,

441 2287 642 2332 pontificatus
659 2286 757 2320 nostri
775 2296 856 2318 anno
873 2295 903 2317 11.

749 2438 876 2473 LXXIII.

444 2513 660 2556 (imisirmatur
673 2511 832 2544 decretum
845 2510 930 2553 repis
940 2508 1181 2552 Hispaniarum,

487 2567 571 2598 circa
588 2566 716 2598 modum
736 2564 926 2608 inquirendi
951 2563 989 2595 cle
1011 2562 1181 2595 nobilitate

487 2623 515 2652 et
537 2620 684 2662 puritate
708 2618 882 2661 sanquim's
896 2616 915 2649 ¹.

479 2682 491 2710 1
513 2681 549 2709 Ex
570 2681 677 2716 Regest.
697 2682 723 2709 in
743 2681 844 2709 Secret.
865 2681 941 2710 BreV.

1013 260 1191 285 BULLARIUM
1215 260 1369 285 nOMANUM

1419 307 1555 336 urbanus
1569 308 1648 341 Papa
1661 308 1740 339 vm.

1354 353 1389 381 ad
1409 352 1542 380 futuram
1560 352 1604 380 rei
1625 352 1805 380 memoriam.

1259 415 1274 458 ,ξ
1298 414 1327 447 i.
1353 414 1471 458 Exponi
1496 413 1587 447 uobis
1610 423 1710 458 nuper
1739 414 1811 447 fecit
1834 414 1949 448 charis-

1212 468 1309 501 simus
1334 467 1363 500 in
1388 467 1510 501 Christo
1538 466 1621 499 filius
1651 471 1758 500 noster
1787 467 1948 512 Philippus

1214 522 1434 565 Hispaniarum
1460 532 1512 554 rex
1538 520 1732 561 catholicus,
1756 513 1850 564 quod'
1865 521 1948 566 ipse,

1212 576 1249 608 ad
1275 575 1464 609 obviandum
1497 574 1646 608 molestiis
1671 578 1764 618 atque
1787 575 1948 619 expensis,

1213 641 1291 674 quae
1316 630 1347 662 in
1367 629 1527 663 sumendis
1548 629 1578 662 in
1598 628 1705 672 regnis
1730 628 1949 672 Hispaniarum

1213 683 1485 717 intormationibus
1509 694 1603 727 super
1627 682 1790 716 nobilitate
1813 687 1844 715 et
1866 684 1952 727 puri-

1213 743 1274 771 tate
1302 738 1462 781 sanguinis
1494 737 1736 781 proveniebant,
1762 737 1819 770 sub
1849 737 1900 770 die
1930 748 1950 771 x

1213 792 1362 825 februarii
1387 801 1530 825 Mncxxnl
1554 791 1661 824 statuit
1682 796 1712 824 et
1735 791 1891 832 decrevit,
1916 795 1951 824 ut

1213 846 1244 878 in
1269 846 1351 878 linea
1376 845 1439 878 sive
1464 845 1564 885 lineis,
1585 844 1616 878 in
1640 844 1755 888 quibus
1778 849 1842 877 tres
1862 850 1949 878 aetus

1212 899 1339 943 positivi
1363 897 1536 931 nobilitatis
1555 898 1603 930 vel
1627 897 1772 941 puritatis
1789 897 1950 941 sanguinis

1213 952 1351 995 legitime
1365 952 1434 985 sacti
1448 951 1657 994 reperientur,
1669 951 1798 995 perinde
1814 952 1950 985 habean-

1213 1012 1263 1038 tur
1286 1017 1322 1038 ac
1342 1005 1367 1038 si
1392 1005 1422 1037 in
1438 1015 1505 1037 rem
1522 1004 1690 1037 iudicatam
1708 1010 1738 1037 et
1750 1005 1950 1049 exequutioni

1212 1058 1432 1092 demandatam
1445 1057 1654 1098 transiverint,
1668 1058 1699 1090 in
1713 1058 1839 1102 vimque
1856 1059 1950 1093 trium

1213 1119 1338 1147 actuum
1354 1112 1534 1146 huiusmodi
1551 1112 1599 1144 ius
1615 1112 1699 1144 reale
1716 1111 1774 1155 ipsi
1787 1123 1950 1156 personae,

1213 1168 1341 1211 eiusque
1365 1177 1422 1211 per
1446 1167 1559 1199 lineam
1585 1170 1704 1198 rectam
1728 1171 1778 1207 et,
1804 1171 1839 1199 ut
1865 1177 1952 1210 prae-

1213 1222 1320 1261 fertur,
1334 1220 1498 1264 probatam
1509 1246 1516 1260 ,
1541 1218 1820 1260 descendentibus,
1844 1220 1951 1263 aequi-

1213 1280 1300 1307 ratur
1324 1274 1362 1307 ad
1386 1274 1456 1315 boc,
1482 1277 1515 1305 ut
1538 1272 1569 1305 in
1594 1272 1692 1312 lineis,
1717 1283 1813 1316 super
1837 1273 1952 1316 quibus

1213 1333 1397 1361 emanarunt
1410 1328 1509 1360 lineae
1522 1326 1714 1367 huiusmodi,
1725 1337 1783 1370 pro
1793 1327 1951 1361 nobilibus

1213 1387 1243 1415 et
1266 1382 1386 1415 idoneis
1410 1380 1606 1425 qualificatae
1629 1379 1692 1413 sint
1724 1385 1754 1412 et
1783 1390 1851 1413 esse
1879 1390 1951 1413 cen-

1214 1441 1349 1477 seantur,
1367 1435 1484 1478 absque
1508 1444 1545 1467 eo
1563 1433 1647 1479 quod
1671 1433 1839 1477 quicquam
1857 1433 1950 1474 aliud,

1213 1501 1307 1534 quam
1333 1499 1542 1533 personarum
1566 1487 1604 1521 de
1629 1487 1730 1528 lineis⁷
1754 1497 1812 1531 pro
1837 1487 1951 1531 quibus

1213 1549 1300 1578 actus
1324 1541 1505 1576 huiusmodi
1536 1546 1738 1582 emanarunt,
1763 1541 1952 1574 descenden-

1214 1599 1306 1639 tiam,
1331 1596 1466 1640 probare
1496 1595 1624 1628 minime
1649 1598 1814 1628 teneantur
1823 1605 1830 1635 3
1857 1594 1952 1629 idem-

1213 1663 1273 1696 que
1288 1651 1382 1684 etiam
1399 1649 1531 1693 intelligi
1548 1649 1656 1689 voluit,
1672 1649 1745 1682 licet
1761 1654 1848 1682 actus
1864 1660 1952 1693 prae-

1213 1704 1288 1738 dicti
1321 1705 1351 1737 in
1384 1703 1516 1736 diversis
1541 1702 1699 1745 collegiis,
1723 1702 1950 1744 tribunalibus,

1213 1758 1500 1798 communitatibus,
1518 1767 1572 1790 seu
1588 1767 1650 1789 uno
1668 1766 1705 1789 ex
1730 1756 1775 1789 eis
1792 1756 1952 1791 dumtaxat

1213 1813 1358 1857 adquisiti
1383 1812 1515 1851 fuerint;
1541 1821 1611 1844 cum
1635 1811 1695 1844 hoc
1721 1816 1835 1852 tamen,
1855 1816 1889 1844 ut
1905 1821 1953 1844 ac-

1213 1872 1300 1899 tuum
1331 1866 1565 1910 praedictorum
1601 1864 1766 1908 acquisitio
1797 1865 1836 1897 ad
1867 1865 1952 1899 hunc

1213 1919 1357 1953 effectum
1371 1919 1549 1951 nullatenus
1564 1917 1763 1960 suffragetur,
1781 1917 1840 1950 nisi
1858 1918 1951 1951 iidem

1212 1978 1299 2005 actus
1323 1973 1354 2005 in
1379 1977 1485 2005 sancto
1510 1971 1720 2015 inquisitionis
1744 1970 1853 2004 Officio
1871 1982 1952 2004 com-

1212 2026 1375 2070 prehensis
1411 2025 1494 2058 illius
1531 2024 1757 2065 familiaribus,
1786 2035 1821 2057 ac
1856 2024 1952 2058 trium

1213 2080 1364 2112 Ordinum
1389 2079 1573 2112 militarium
1599 2077 1741 2118 consilio,
1765 2087 1820 2110 seu
1843 2077 1951 2121 hospi-

1215 2133 1281 2167 talis
1306 2134 1334 2165 S.
1361 2133 1484 2166 Ioannis
1513 2130 1805 2175 Hierosolymitani,
1830 2141 1953 2164 necnon

1214 2187 1362 2219 ecclcsiae
1379 2187 1555 2225 Toletanae,
1573 2190 1626 2218 aut
1642 2190 1777 2228 quatuor
1795 2184 1953 2218 Salaman-

1214 2241 1295 2274 tinae
1320 2246 1350 2273 et
1373 2251 1436 2274 uno
1461 2240 1567 2283 oppidi
1596 2239 1634 2272 de
1658 2239 1762 2272 Alcala
1786 2239 1952 2272 Toletanae

1214 2295 1375 2335 dioecesis,
1399 2305 1434 2327 ac
1458 2294 1583 2337 reliquo
1607 2293 1739 2325 civitatis
1763 2292 1954 2326 Vallisoleta-

1214 2359 1271 2381 nae
1303 2347 1476 2380 maioribus
1508 2346 1648 2389 collegiis
1687 2346 1883 2389 proveniant.
1916 2347 1953 2380 Et

1215 2402 1287 2445 quia
1318 2402 1348 2434 in
1379 2401 1447 2434 aliis
1471 2400 1611 2443 negociis
1642 2410 1736 2444 super
1759 2410 1794 2432 re
1819 2399 1953 2433 iudicata

1215 2466 1312 2489 novae
1337 2455 1506 2495 interdum,
1524 2454 1587 2487 sive
1606 2465 1662 2498 per
1686 2453 1894 2486 instrumenta
1914 2452 1952 2485 de

1215 2520 1295 2543 novo
1320 2514 1454 2553 reperta,
1475 2509 1539 2541 sive
1556 2508 1596 2541 ob
1615 2507 1789 2548 falsitatem,
1806 2517 1861 2540 seu
1876 2506 1952 2539 alias

1215 2563 1255 2596 ob
1280 2574 1399 2603 causas,
1424 2563 1493 2595 lites
1517 2565 1724 2604 renovantur,
1749 2561 1847 2594 voluit
1869 2560 1952 2593 idem

1217 2617 1376 2661 Philippus
1389 2621 1493 2657 rex,ut
1510 2622 1571 2649 tres
1588 2621 1675 2649 actus
1692 2615 1786 2649 modo
1803 2620 1833 2647 et
1852 2614 1953 2647 forma

1215 2670 1396 2716 praemissis
1427 2669 1595 2714 qualificati
1631 2669 1662 2704 in
1693 2679 1762 2704 rem
1793 2671 1953 2703 transeant

1954 255 2004 284 An.
2024 256 2055 284 C.
2075 254 2144 285 ¹62·AE

1990 423 2081 450 Philippi
2090 424 2147 450 regis

1963 450 2080 472 decretum.
