2269 3235
207 260 254 286 ltn.
271 259 300 285 C.
325 257 392 286 1621,

249 855 287 875 ltu·
303 853 397 874 Pontifex

214 890 250 904 ea<
272 889 309 908 pru
326 887 397 901 eorum

214 915 281 934 magt<
297 914 397 934 prospero

215 942 315 962 reguntuu
339 941 398 956 rriu-

214 967 257 985 cat.

261 2349 305 2370 Sub
319 2348 418 2369 otnant-*n-

235 2377 264 2396 tia
347 2376 419 2395 unalis

235 2404 295 2423 minis
354 2409 364 2421 e
376 2401 419 2421 (tb-

235 2432 342 2449 scrsantia
356 2428 418 2452 stege-

235 2463 257 2477 τυ
271 2458 350 2476 simun.
363 2457 418 2474 iuxta

250 2482 411 2502 eonstitu'innes

237 2509 331 2533 Gregorii
361 2508 420 2530 xm,

238 2535 350 2556 Clementis
368 2534 420 2555 ΠΗ.

238 2564 259 2584 et
274 2562 333 2583 Pauli
351 2561 375 2582 V.

441 248 505 281 1022

405 311 562 339 matorum
579 304 799 340 celebratione,
814 312 907 347 quam
925 301 1000 334 alias
1016 301 1147 333 fratrum

406 361 546 404 ipsorum
573 358 740 401 gubernio,
774 355 926 397 regimine
954 359 1047 398 atquc
1070 354 1150 386 dire-

407 414 520 450 ctione,
538 411 654 449 statuit,
668 409 808 441 decrevit
826 415 856 441 ct
873 407 1038 448 ordinarit,
1057 412 1150 452 prout.

408 465 439 498 in
463 464 595 496 diversis
621 463 717 505 ipsius
735 461 880 502 Gregorii
899 459 1151 504 praedecessoris

408 519 544 561 desuper
570 517 599 548 in
624 515 718 548 simili
744 516 845 547 lorum
872 514 989 553 Brevis,
1011 519 1041 546 et
1065 524 1153 557 prae-

409 571 517 603 sertim
544 570 601 601 sub
626 569 676 601 dic
702 579 776 601 xxiv
802 567 984 601 novembris
1012 577 1152 607 uncxxi,

409 634 445 655 ac
477 623 527 655 die
553 632 594 655 vu
629 621 806 654 decembris
838 631 968 654 mncxxu
1002 619 1153 663 expeditis

410 674 551 716 litteris¹‚
565 686 698 719 quarum
721 680 845 708 tenores
862 673 1079 718 praesentibus
1096 684 1154 716 pro

411 729 567 773 expressis
593 728 702 761 haberi
728 728 887 767 volumus,
912 727 1037 771 plenius
1061 726 1156 759 conti-

412 789 514 817 netur.

458 837 473 880 ἓ
492 837 521 869 2.
548 837 636 870 Nunc
662 845 735 867 vero
760 845 827 874 nos,
849 834 1005 867 dictorum
1023 834 1155 866 fratrum

414 891 482 935 paci
507 895 535 923 et
561 889 669 933 quieti,
689 898 810 920 necnon
835 887 969 924 salubri,
993 897 1159 930 prospero—

414 955 475 988 que
499 942 682 976 eorumdem
709 940 854 983 regimini
871 946 964 983 atque
983 940 1157 981 directioni,

416 1003 568 1042 quantum
588 1006 658 1028 cum
677 994 810 1027 Domino
827 1004 1006 1038 possumus,
1024 1004 1080 1036 per
1097 1004 1160 1025 am—

415 1052 497 1096 plius
508 1049 674 1083 consulere
685 1048 834 1088 volentes,
844 1047 881 1079 de
892 1047 1024 1080 consilio
1036 1046 1160 1079 dilecto-

416 1116 487 1138 rum
514 1103 652 1136 tiliorum
675 1107 856 1134 nostrorum
880 1100 1034 1133 Dominici
1059 1100 1162 1132 basili-

417 1168 471 1191 cae
484 1157 529 1190 Ss.
544 1156 596 1190 xll
614 1154 850 1198 Apostolorum,
867 1153 1035 1198 Gymnasii,
1055 1153 1162 1186 Fabri-

417 1211 457 1244 cii
482 1211 510 1243 S.
529 1208 694 1252 Augustini
721 1207 845 1248 Veralli,
870 1206 1025 1240 Gabrielis
1042 1207 1071 1240 S.
1092 1206 1162 1239 Bar-

417 1264 565 1300 tolomaei
597 1264 628 1295 in
661 1262 762 1295 insula
794 1262 832 1294 de
868 1261 982 1301 Treio,
1006 1261 1162 1304 Scipionis

418 1319 448 1352 S.
467 1319 638 1358 Susannac,
655 1327 691 1349 ac
708 1316 790 1350 l‘etri
811 1315 840 1348 S.
858 1315 1027 1349 Salvatoris
1041 1315 1072 1347 in
1089 1316 1163 1347 Lau-

419 1384 456 1406 ro
474 1372 637 1405 titulorum
665 1375 790 1403 sanctae
819 1370 978 1402 Romanae
1007 1369 1163 1402 Ecclesiae

419 1427 677 1471 presbyterorum
696 1424 903 1457 cardinalium
918 1423 1031 1456 Valerii
1048 1434 1165 1456 nuncu-

420 1485 576 1525 patorum,
591 1479 705 1523 quibus
723 1477 885 1520 negotium
903 1477 1029 1509 unionis
1043 1487 1166 1509 eorum-

421 1535 492 1566 dem
517 1534 649 1566 fratrum
680 1532 934 1564 ltesormatorum
959 1530 1108 1562 fratribus
1133 1541 1165 1562 e-

422 1587 544 1620 iusdem
578 1585 703 1619 Ordinis
737 1584 775 1617 de
807 1584 1010 1617 Observantia
1043 1594 1097 1616 seu
1128 1583 1166 1615 de

423 1640 554 1674 Familia
572 1638 760 1682 nuncupatis
777 1637 1019 1670 examinandum
1037 1636 1167 1669 commi-

424 1694 522 1726 simus
537 1720 544 1732 ,
568 1692 788 1736 deputationes
805 1717 812 1730 ,
843 1690 1013 1723 electiones
1042 1695 1072 1721 et
1097 1700 1168 1722 eon-

424 1747 621 1781 firmationes
646 1745 684 1778 de
709 1744 834 1778 Antonii
868 1749 898 1776 et
930 1743 1105 1776 successive
1130 1743 1168 1775 de

425 1801 541 1844 Aloysii
568 1799 803 1843 praedictorum
828 1797 973 1841 personis
998 1797 1028 1829 in
1046 1808 1169 1830 eorum—

426 1854 498 1887 dem
523 1854 656 1886 fratrum
681 1852 933 1885 Resormatorum
956 1850 1089 1883 vicarios
1113 1861 1170 1894 per

427 1907 573 1941 eumdem
598 1906 787 1948 Gregorium
820 1904 1112 1948 praedecessorem,
1137 1909 1171 1936 ut

427 1961 617 2007 praefertur,
642 1959 817 2003 respective
842 1959 950 1999 factas,
967 1958 1170 2001 singulasque

428 2015 527 2059 ipsius
552 2013 696 2057 Gregorii
716 2012 970 2057 praedecessoris
988 2011 1119 2052 litteras,
1136 2022 1170 2043 ac

429 2068 535 2103 omnia
565 2072 595 2100 et
622 2067 746 2109 singula
777 2066 809 2099 in
842 2066 903 2098 illis
934 2065 1172 2109 quomodolibet

430 2126 575 2156 contenta
603 2126 633 2154 et
664 2131 834 2164 expressa,
863 2120 946 2152 dicta
977 2119 1172 2159 auctoritate,

430 2182 540 2210 tenore
561 2174 786 2219 praesentium,
804 2179 958 2218 perpetuo
978 2183 1172 2213 revocamus,

432 2241 591 2265 cassamus
622 2235 652 2262 et
683 2229 899 2269 annullamus,
930 2228 1113 2271 viribusque
1145 2232 1175 2260 et

433 2284 545 2318 effectu
569 2283 698 2317 omnino
723 2292 920 2314 evacuamus.

478 2339 493 2382 g
516 2337 545 2370 3.
572 2338 615 2370 De
639 2341 745 2370 cetero
765 2339 868 2369 autem
887 2333 1047 2378 perpetuis
1062 2333 1175 2366 suturis

435 2391 630 2435 temporibus
666 2389 793 2423 eosdem
829 2389 943 2421 fratres
979 2388 1176 2421 Reformatos

434 2451 630 2489 nuncupatos
654 2444 712 2477 sub
736 2442 913 2476 obedientia
936 2442 1070 2475 ministri
1088 2451 1178 2484 gene-

437 2500 510 2533 ralis·
530 2500 684 2532 Minorum
706 2498 743 2530 de
761 2496 966 2530 Observantia
995 2506 1049 2528 seu
1066 2495 1103 2528 de
1124 2495 1178 2527 Fa-

438 2553 521 2585 milia
533 2552 677 2586 similiter
685 2556 939 2595 nuncupatorum
949 2550 1075 2593 degere,
1085 2554 1179 2593 prout

438 2607 592 2650 degebant
627 2610 658 2638 et
696 2605 841 2637 virebant
875 2609 944 2637 ante
976 2602 1180 2647 primodictas

475 2671 486 2697 1
505 2668 577 2701 Quae
592 2668 618 2695 in
634 2668 768 2696 Bullario
784 2675 837 2694 non
853 2671 919 2694 sunt
933 2673 970 2701 (ιι.
985 2667 1032 2699 τ.).

997 252 1173 276 ΠΓῙΛῙΛΙΗΙἮ
1202 251 1354 275 ΙὶΟΜΑΝΙῘΜ

1941 249 1989 276 An.
2006 249 2035 276 C.
2055 248 2122 277 1624

1183 300 1303 333 litteras
1327 298 1471 341 Gregorii
1497 297 1766 343 praedecessoris,
1790 307 1826 331 ac
1849 297 1924 330 alias

1184 354 1214 386 in
1237 353 1384 386 omnibus
1408 358 1437 385 et
1463 362 1520 395 per
1542 351 1649 385 omnia
1672 350 1843 384 secundum
1862 350 1925 383 dis-

1184 406 1370 450 positionem
1392 405 1567 437 litterarum
1585 414 1639 436 seu
1668 403 1926 437 constitutionum

1185 459 1370 492 recolendae
1396 457 1566 491 menan-iae.
1591 456 1736 499 Gregorii
1760 456 1839 497 Xlss,
1863 456 1928 490 Cle-

1186 513 1299 545 nientis
1325 513 1388 546 Vlll
1406 517 1436 545 ct
1453 511 1537 544 l‘auli
1559 511 1579 543 V
1598 510 1689 544 ctiam
1712 510 1926 543 Romanorum

1187 566 1372 599 Pontificum
1399 565 1677 609 praedecessormn
1699 568 1899 602 nostrorum;

1232 621 1247 663 ἓ
1271 620 1300 652 lt.
1327 619 1502 663 llospitium
1519 628 1593 650 vcro
1610 618 1639 650 S.
1660 615 1772 649 isidori
1789 615 1828 648 de
1844 615 1929 649 Urbe

1187 684 1246 717 pro
1262 672 1433 717 provinciis
1473 672 1710 705 telormatorum
1728 668 1930 702 Discalceato-

1189 737 1260 760 rum
1278 726 1446 769 Hispaniae
1459 729 1490 757 et
1508 724 1667 757 lndiarum
1685 722 1768 755 dicto
1786 721 1930 754 ministro

1190 779 1329 822 generali
1361 778 1493 818 subiici,
1518 777 1570 821 qui
1596 787 1655 820 pro
1679 778 1734 808 sua
1764 774 1930 819 prudentia
1947 795 1992 820 ,ψη
2015 792 2131 811 „summm

1190 832 1348 875 religiosis
1372 843 1409 865 ex
1434 831 1494 864 illis
1514 830 1683 875 provinciis
1703 830 1741 862 ad
1760 830 1932 863 Romanam
1947 819 2045 840 ⁵⁰¹³¹⁰⁶¹¹'

1191 886 1312 919 curiam
1337 885 1532 918 venientibus
1556 883 1724 928 providere
1741 883 1855 923 valeat,
1872 892 1935 915 ser-

1193 939 1270 971 ratis
1287 938 1435 971 omnibus
1456 937 1576 970 iuribus
1600 937 1752 970 ecclesiae
1775 935 1933 969 fundatori

1193 1004 1248 1025 seu
1273 991 1484 1025 constructori
1505 990 1743 1034 quomodolibet
1758 994 1936 1034 competen-

1194 1045 1287 1086 tibus,
1304 1049 1458 1089 quatenus
1474 1043 1575 1076 adsint
1596 1048 1626 1076 et
1649 1048 1848 1087 competant;

1238 1100 1253 1142 ἓ
1267 1098 1295 1131 5.
1310 1096 1587 1132 Constitutioncm¹
1601 1101 1764 1140 praeterea
1780 1096 1855 1129 dicti
1871 1096 1938 1130 Cle-

1195 1152 1308 1186 mentis
1332 1149 1586 1195 praedecessoris
1610 1150 1669 1182 sub
1695 1149 1768 1182 data
1790 1149 1938 1190 Tusculi,

1195 1215 1240 1238 xu
1265 1204 1403 1239 octobris
1426 1213 1557 1244 mnxcw,
1582 1202 1783 1246 pontificatus
1802 1212 1885 1236 anno
1908 1212 1939 1243 v,

1196 1270 1276 1303 quae
1300 1258 1411 1302 incipit
1427 1258 1493 1291 Pro
1512 1256 1657 1290 iniuncti
1672 1256 1793 1297 nobis2,
1810 1255 1940 1290 omnino

1196 1312 1358 1346 observari
1370 1323 1377 1352 3

1242 1368 1257 1410 ᾖ
1281 1366 1310 1399 6.
1329 1367 1363 1399 ln
1383 1365 1528 1409 capitulis
1544 1370 1660 1405 autem,
1678 1369 1741 1397 tam
1762 1363 1941 1408 provincia-

1198 1421 1279 1453 libus
1303 1430 1397 1463 quam
1423 1418 1624 1462 generalibus
1647 1418 1793 1457 fratrum,
1817 1417 1856 1450 de
1879 1416 1941 1450 Oh-

1199 1473 1354 1506 servantia
1379 1483 1434 1505 seu
1458 1472 1496 1504 de
1521 1471 1651 1504 Familia
1683 1471 1942 1515 praedictorum,

1199 1528 1326 1561 eosdem
1345 1528 1456 1560 fratres
1474 1526 1671 1558 Reformatos
1691 1524 1864 1568 passivam,
1888 1524 1942 1568 qui

1200 1591 1275 1613 vero
1299 1579 1438 1624 deputati
1464 1589 1519 1611 seu
1544 1578 1635 1611 electi
1660 1577 1777 1610 fuerint
1803 1578 1834 1610 in
1862 1577 1944 1622 capi-

1200 1634 1274 1667 tulis
1304 1633 1570 1678 provincialibus,
1596 1632 1680 1665 iuxta
1706 1631 1944 1665 constitutiones

1201 1687 1369 1722 Clementis
1393 1692 1423 1719 et
1446 1686 1532 1718 Pauli
1557 1686 1838 1729 praedecessorum
1856 1694 1944 1728 prae-

1202 1742 1368 1781 dictorum,
1387 1741 1479 1773 etiam
1498 1740 1632 1773 activam
1647 1750 1756 1772 vocem
1774 1738 1907 1778 habere3

1247 1796 1262 1838 ξ
1287 1794 1316 1827 7.
1342 1794 1584 1837 ministrumque
1614 1793 1796 1835 generalem
1824 1791 1946 1835 praedi-

1203 1854 1288 1882 ctum
1320 1848 1464 1892 quemvis
1497 1858 1533 1880 ex
1564 1846 1722 1889 religiosis
1757 1845 1947 1879 Reformatis

1204 1902 1385 1935 huiusmodi
1403 1901 1434 1934 in
1459 1900 1591 1933 alicuius
1607 1898 1787 1944 provinciae
1804 1898 1949 1932 commis-

1205 1956 1322 1989 sarium
1348 1955 1507 1988 interdum
1532 1954 1569 1987 ad
1588 1953 1635 1986 sui
1652 1953 1777 1986 libitum
1795 1952 1949 1999 deputare

1205 2021 1316 2054 posse,
1331 2009 1541 2051 eumdemque
1565 2007 1745 2040 ministrum
1768 2007 1947 2049 generalem

1206 2074 1260 2096 eos
1282 2074 1319 2096 ex
1344 2062 1542 2102 Reformatis,
1563 2061 1616 2105 qui
1641 2060 1680 2093 ad
1700 2061 1770 2093 illos
1787 2060 1826 2093 de
1839 2059 1951 2094 Obser-

1206 2117 1309 2149 vantia
1342 2126 1397 2149 seu
1421 2115 1459 2148 de
1490 2115 1620 2147 Familia
1644 2114 1683 2146 de
1713 2113 1878 2157 utriusque
1903 2123 1950 2145 su-

1206 2170 1341 2215 perioris
1366 2173 1397 2203 et
1420 2169 1556 2202 aliorum
1582 2167 1707 2200 licentia
1729 2167 1814 2199 iuxta
1830 2167 1950 2199 litteras

1207 2223 1280 2257 dicti
1306 2223 1391 2256 Pauli
1417 2221 1668 2266 praedecessoris
1691 2220 1829 2264 desuper
1853 2220 1952 2253 editas

1208 2278 1342 2311 transire
1368 2275 1529 2316 voluerit⁸,
1554 2275 1698 2319 recipere
1729 2279 1759 2307 et
1786 2274 1952 2307 admittere

1210 2333 1340 2372 debere3
1365 2331 1409 2364 illi
1433 2335 1536 2364 autem
1562 2330 1605 2362 sic
1629 2329 1822 2369 transeunti,
1847 2328 1872 2361 si
1900 2329 1954 2361 du-

1211 2391 1299 2419 rante
1323 2383 1558 2418 deliberationis
1587 2393 1669 2417 anno
1693 2383 1731 2416 ad
1756 2383 1953 2416 Reformatos

1211 2440 1315 2474 redire
1338 2438 1482 2479 voluerit,
1507 2447 1688 2480 regressum
1712 2447 1775 2470 non
1795 2436 1953 2481 denegan-

1980 628 2053 650 Eidem
2068 629 2128 650 mini-

1944 657 1986 675 stro
2014 656 2129 682 hospitium

1945 682 1966 702 S.
1978 682 2051 702 tollor.
2063 689 2130 708 nuper

1946 715 1963 728 un
1973 708 2027 730 Urbe
2038 716 2075 735 pru
2085 710 2129 731 Dis·

1946 736 2046 756 calm-atu>
2057 737 2130 761 Hispa-

1946 762 2026 783 niarum
2035 764 2132 785 etlndua·
2159 774 2161 776 -

1957 1411 2029 1425 vocem
2047 1405 2142 1426 tumeant

1956 1433 1976 1453 in
1993 1432 2092 1458 capitulo.

1982 1804 2072 1825 ltiuistri
2083 1809 2146 1829 gene·

1961 1832 2011 1852 ran<
2029 1833 2146 1852 auctoritas

1964 1865 1982 1878 ui
1998 1858 2092 1878 eosdem.

1249 2531 1260 2556 1
1280 2528 1348 2556 Edit.
1366 2528 1442 2555 ltlain.
1461 2527 1524 2561 legit
1541 2527 1768 2554 Constitutiones
1782 2527 1820 2561 (a.
1837 2526 1886 2560 τ.).

1247 2575 1265 2601 2
1281 2574 1317 2601 Ea
1332 2573 1429 2609 legitur
1444 2572 1470 2599 in
1487 2575 1550 2598 tom.
1570 2581 1594 2603 x,
1612 2580 1672 2607 pag.
1688 2571 1739 2598 :199
1754 2572 1794 2606 (n.
1809 2570 1858 2605 ’τ.).

1248 2618 1264 2645 3
1280 2618 1328 2645 Vel
1344 2617 1487 2651 legendum
1503 2616 1657 2650 voluerint,
1671 2616 1712 2643 vel
1726 2616 1805 2652 paulo
1816 2619 1879 2643 ante
1889 2623 1954 2642 eum

1214 2662 1358 2699 legendum
1376 2665 1444 2696 erat,
1462 2670 1514 2688 non
1531 2669 1576 2689 eos
1591 2660 1627 2697 (a.
1645 2660 1695 2696 Τ.).

1979 1377 2139 1404 notor-nimique
2165 1387 2172 1395 ·
