2269 3235
252 275 302 301 An.
323 274 350 300 c.
371 272 436 300 ¹024
482 264 546 297 150

281 2042 349 2068 Eique
366 2047 440 2063 neces—

256 2069 323 2089 sarias
333 2068 361 2089 ad
372 2069 392 2089 id
402 2069 440 2089 tri-

255 2095 301 2116 buit
320 2095 438 2117 facultates,

1028 273 1205 298 BULLMHUM

448 322 573 354 illarum
603 321 902 364 congregationum,
927 332 1007 364 quac
1039 333 1109 354 cum
1135 334 1185 355 ea-

449 377 534 407 mera
560 375 729 419 apostolica
757 381 897 418 tempore
923 374 1019 407 t'eliris
1044 375 1187 408 rit-corda-

449 428 540 461 tionis
565 428 607 460 Pii
635 428 734 471 l'apae
760 427 781 460 V
808 427 1059 470 praedecessoris
1088 429 1185 462 nostri

448 480 486 513 de
511 480 650 513 subsidio
681 481 842 513 ordinario
874 481 1126 522 concordarunt,
1151 494 1186 515 ae

448 544 721 576 quarumcumque
735 534 930 575 militiarum,
944 535 1036 567 (aiam
1054 536 1083 567 S.
1102 536 1187 568 loan-

448 586 496 618 nis
516 586 801 631 llierosolyiuitani,
815 588 1024 630 regularibus,
1042 599 1077 621 ae
1099 589 1188 621 semi-

448 639 621 679 nariorum,
639 645 669 672 et
685 640 886 683 hospitalium
902 652 1186 686 quoi·1uncuinqiu.=‚

448 693 541 726 ctiam
559 697 629 727 actu
650 693 900 737 hospitalitatem
918 695 1120 736 servantium,
1141 707 1189 729 ce-

449 749 654 791 terorumque
670 748 877 791 collegiorum
891 749 1187 789 ecclesiasticorum,

448 810 570 834 necnon
594 802 859 836 monasteriorum
890 803 1054 846 utriusque
1078 814 1187 843 sexus,

448 853 531 887 bona
554 859 581 887 et
608 855 747 889 redditus
772 867 808 889 ac
832 857 911 897 iura,
932 857 1069 889 cuiusvis
1094 857 1190 900 quali-

449 908 520 941 tatis
544 908 605 941 sint
639 920 674 942 ac
698 920 898 953 quocumque
922 910 1049 943 nominc
1072 920 1189 943 nuncu-

448 967 536 1006 pata,
562 974 598 996 ac
623 964 788 1007 pensiones
821 964 1066 1005 ecclesiasticas,
1091 975 1188 1008 quan-

449 1016 564 1049 tumvis
592 1016 726 1057 liberas,
755 1018 912 1050 immunes
944 1022 975 1050 et
1010 1022 1189 1061 exemptas,

449 1069 713 1112 percipientiuni¹,
728 1070 759 1102 in
775 1070 886 1103 eodem
901 1070 989 1103 Statu
1006 1070 1190 1114 possidenti-

448 1121 517 1162 bus,
529 1122 577 1155 vel
595 1122 695 1167 quasi,
705 1123 889 1167 respective,
903 1128 936 1156 ut
947 1134 1005 1168 pro
1022 1123 1189 1156 undecima

448 1179 536 1219 parte
561 1186 702 1209 summae
720 1187 776 1220 per
800 1176 897 1210 laicos
922 1176 952 1208 in
977 1176 1007 1209 id
1024 1188 1103 1221 opus
1120 1187 1191 1210 con-

449 1228 597 1261 serenda²
614 1230 708 1273 (quae
725 1234 829 1262 tamen
850 1240 886 1263 (ιι
908 1230 1004 1263 millia
1024 1235 1111 1264 scuta
1129 1241 1192 1264 mo-

449 1286 539 1315 netae
563 1292 712 1315 romanae
738 1283 769 1315 in
795 1287 893 1317 totum
913 1294 975 1316 non
1000 1284 1142 1327 excedat)
1160 1284 1190 1316 in

449 1335 587 1379 quinque
604 1337 694 1369 annis
711 1336 749 1369 ad
771 1337 886 1377 minus,
903 1336 934 1369 in
949 1337 1010 1370 fine
1024 1337 1189 1371 cuiuslibet

448 1389 532 1430 anni,
545 1389 584 1422 ab
597 1400 679 1423 anno
693 1390 836 1423 videlieet
853 1400 980 1423 Mncxxv
995 1390 1191 1434 incipiendis,

450 1442 488 1475 ad
505 1443 659 1476 rationem
675 1455 816 1477 summae
834 1444 962 1487 triginta
978 1445 1111 1478 millium
1126 1456 1192 1478 scu—

450 1500 553 1529 torum
571 1497 732 1538 similium,
742 1498 789 1530 vel
804 1497 945 1539 minoris,
957 1499 1095 1542 quolibet
1111 1509 1192 1532 anno

451 1549 524 1593 (nisi
544 1550 614 1583 laici
640 1551 751 1584 maiori
777 1551 935 1593 gaudeant
954 1551 1112 1592 dilatione,
1130 1563 1192 1595 quo

451 1614 526 1637 casu
539 1604 632 1638 etiam
646 1604 876 1638 ecclesiasticos
894 1607 929 1638 ea
947 1605 1039 1638 ctiam
1055 1606 1192 1649 gaudere

452 1657 621 1702 volumus),
646 1660 789 1702 prorata
806 1660 863 1691 sua
888 1659 972 1692 iuxta
997 1664 1100 1692 laxam
1122 1666 1192 1693 autc

451 1710 624 1744 faciendam
643 1712 859 1755 persolvenda,
877 1712 907 1744 in
928 1723 1078 1756 expensas
1096 1713 1195 1746 muni-

453 1763 546 1797 tionis
561 1765 721 1797 civitatum
743 1770 773 1798 et
800 1766 942 1799 locorum
958 1766 1192 1809 praedictorum

451 1817 653 1851 contribuere
670 1819 768 1851 libere
785 1823 815 1851 et
839 1819 923 1852 licite
948 1819 1069 1862 possint
1087 1824 1117 1853 et
1142 1831 1193 1852 va-

452 1871 545 1912 leant,
558 1872 742 1905 auctoritate
755 1874 863 1905 nostra
880 1873 1062 1916 apostolica,
1076 1873 1194 1917 absque

453 1934 507 1968 spe
520 1925 614 1958 ullius
627 1925 869 1969 prorogationis,
883 1925 1042 1958 licentiam
1056 1931 1086 1959 et
1102 1926 1195 1959 sacul-

454 1983 549 2011 tatem
574 1979 728 2012 concedas
752 1983 781 2013 et
805 1979 1008 2023 fi‘npertiaris.

499 2033 513 2076 ἓ
537 2032 567 2066 4.
591 2032 705 2066 Dantes
729 2033 784 2066 tibi
809 2034 934 2077 plenam
959 2039 989 2066 et
1008 2033 1139 2067 liberam
1156 2034 1196 2066 sa-

455 2086 602 2119 cultatem
619 2086 886 2120 etauctoritatem
910 2093 1013 2120 taxam
1037 2087 1196 2120 contribu-

454 2139 559 2181 tionis,
575 2151 634 2184 pro
654 2140 736 2173 dicta
754 2138 919 2174 undecima
938 2145 1039 2184 parte,
1057 2145 1087 2173 et
1104 2140 1195 2173 dictis

454 2193 593 2237 quinque
614 2204 669 2227 seu
688 2194 894 2228 ulterioribus
910 2194 1000 2227 annis
1016 2194 1195 2227 huiusmodi

455 2247 651 2289 durantibus,
672 2259 728 2291 per
744 2248 972 2282 ecclesiasticos
989 2248 1147 2281 seculares
1167 2252 1197 2280 et

455 2301 627 2342 regulares,
642 2306 675 2333 ut
687 2302 874 2345 praefertur,
889 2300 1109 2345 persolvenda,
1127 2311 1197 2344 pro-

456 2354 709 2396 portionabiliter
734 2355 866 2387 faciendi
897 2360 927 2387 et
950 2354 1196 2398 praescribendi,

454 2418 488 2440 ac
514 2408 625 2440 deinde
650 2408 831 2441 huiusmodi
858 2413 961 2440 taxam
987 2408 1024 2440 al)
1049 2408 1196 2441 omnibus

455 2465 481 2492 et
501 2461 642 2503 singulis,
660 2462 698 2493 ad
715 2472 795 2505 quos
815 2461 978 2505 spectabit,
997 2461 1128 2504 singulis
1145 2471 1197 2493 an-

456 2515 501 2546 nis
519 2514 602 2547 dicto
619 2515 833 2558 quinquennio
854 2526 908 2547 seu
926 2515 1037 2547 maiori
1056 2520 1197 2558 tempore

455 2568 586 2600 durante
612 2568 711 2611 exigi,
736 2574 766 2601 et
790 2579 885 2612 penes
911 2568 1058 2612 aliquem,
1083 2568 1144 2601 lide
1169 2573 1198 2601 et

493 2640 503 2664 t
521 2638 701 2674 Subinteltige
714 2641 847 2674 personis
862 2640 901 2674 (n.
919 2640 966 2674 Τ.).

492 2683 508 2711 2
523 2683 668 2711 Videt-etur
684 2685 772 2719 potius
787 2685 893 2720 legend.
905 2684 1195 2720 conserendae(n.r.).
1214 2714 1215 2719 ,

1229 274 1383 299 ROMANUM

1220 323 1416 355 stivutiaiibus
1435 322 1593 363 idoneum,
1610 332 1664 355 seu
1687 323 1791 356 locum
1816 323 1958 356 ecclesia-

1219 377 1330 409 sticum
1356 376 1488 409 arbitrio
1519 381 1571 409 tuo
1597 375 1775 419 eligendum
1800 381 1900 410 tutum
1929 381 1958 410 et

1220 441 1378 472 securum,
1392 430 1517 463 realiter
1534 430 1657 473 deponi,
1672 434 1711 470 et,
1725 430 1762 462 ad
1781 430 1878 474 ipsius
1892 430 1959 463 Phi—

1221 483 1296 527 lippi
1323 484 1406 525 regis
1431 495 1486 517 seu
1511 483 1647 517 Gomesii
1671 483 1823 526 praedicti
1847 484 1960 526 guber-

1220 537 1347 577 natoris,
1373 548 1427 569 seu
1452 537 1518 569 eius
1543 536 1574 569 in
1599 536 1779 569 huiusmodi
1803 546 1961 569 successo-

1221 600 1301 630 rum,
1327 590 1573 633 requisitioncm,
1599 594 1751 632 tuumque
1769 588 1960 628 mandatum,

1221 643 1377 687 deputatis
1401 643 1621 684 munitionum,
1642 641 1802 675 civitatum
1827 646 1857 674 et
1879 641 1961 674 loco—

1222 707 1291 729 rum
1317 697 1551 740 praedictorum
1571 696 1602 729 in
1622 696 1738 728 dictum
1763 705 1855 728 usum
1875 694 1962 727 dum-

1223 754 1304 784 taxat
1321 751 1500 793 consignari
1520 749 1711 794 procurandi
1732 749 1787 793 (ita
1805 744 1909 782 tamen
1928 753 1962 781 ut

1222 804 1261 836 ab
1286 804 1503 837 ecclesiasticis
1533 803 1713 837 huiusmodi
1744 802 1869 837 collatio
1899 812 1962 836 non

1222 857 1285 897 fiat,
1302 857 1362 891 nisi
1380 859 1459 891 sacta
1476 857 1564 902 prius
1581 858 1742 891 exactione
1761 862 1792 890 et
1808 857 1962 891 solutione

1223 915 1308 944 ratae
1333 911 1496 951 laicorum,
1520 922 1556 944 ac
1580 911 1731 955 operibus
1751 910 1962 944 munitionum

1224 964 1403 997 huiusmodi
1428 964 1571 1008 inceptis,
1596 969 1627 997 et
1649 975 1707 1008 pro
1732 966 1798 997 rata
1822 969 1964 997 constru-

1223 1017 1311 1061 ctis);
1325 1028 1541 1060 quoscumque
1555 1027 1630 1050 vero
1643 1018 1764 1050 solvere
1783 1020 1964 1051 recusantes

1224 1070 1271 1103 vel
1295 1070 1496 1110 differentes,
1527 1070 1619 1104 etiam
1644 1075 1808 1114 exemptos
1833 1076 1863 1103 et
1886 1072 1965 1115 Apo-

1224 1124 1352 1158 stolicae
1384 1124 1456 1158 Sedi
1490 1123 1669 1157 immediate
1702 1124 1876 1165 subiectos,
1907 1134 1964 1168 per

1224 1188 1372 1211 censuras
1396 1183 1426 1210 et
1447 1188 1564 1221 poenas
1589 1177 1825 1218 ecclesiasticas
1843 1177 1965 1221 aliaque

1224 1236 1404 1275 opportuna
1429 1231 1506 1264 iuris
1530 1235 1560 1264 et
1592 1230 1664 1263 sacti
1688 1230 1837 1271 remedia,
1862 1230 1967 1274 appel-

1224 1285 1338 1318 latione
1352 1284 1537 1328 postposita,
1548 1283 1681 1327 cogendi
1694 1289 1724 1317 et
1734 1284 1965 1328 compescendi,

1225 1349 1260 1371 ac
1277 1339 1404 1371 demum
1423 1337 1528 1371 omnia
1549 1341 1578 1372 et
1599 1337 1722 1381 singula
1738 1337 1769 1370 in
1786 1338 1966 1381 praemissis

1225 1397 1255 1424 et
1280 1391 1363 1425 circa
1398 1402 1433 1424 ea
1468 1391 1644 1425 necessaria
1676 1395 1706 1425 et
1729 1391 1967 1436 quomodolibet

1226 1451 1403 1489 opportuna
1434 1445 1584 1485 faciendi,
1609 1445 1755 1486 dicendi,
1784 1445 1913 1488 gerendi
1938 1449 1968 1478 et

1226 1499 1410 1543 exequendi,
1435 1510 1470 1532 ac
1494 1499 1645 1532 auxilium
1670 1499 1792 1532 brachii
1816 1499 1967 1533 secularis

1227 1553 1265 1585 ad
1285 1553 1355 1593 hoc,
1376 1553 1401 1585 si
1422 1564 1500 1596 opus
1521 1553 1624 1594 suerit,
1641 1553 1815 1586 invocandi.

1272 1607 1286 1650 g
1311 1607 1340 1639 5.
1366 1606 1517 1639 Volumus
1534 1610 1648 1649 autem,
1665 1611 1700 1639 ut
1717 1606 1838 1639 exactio
1854 1606 1968 1640 contri-

1228 1660 1374 1702 butionis,
1399 1671 1455 1704 per
1479 1660 1579 1693 dictos
1600 1660 1829 1693 ecclesiasticos
1850 1660 1969 1704 persol-

1228 1713 1359 1753 vend-512,
1375 1724 1431 1757 per
1451 1724 1602 1757 personas
1620 1713 1766 1746 similiter
1779 1713 1968 1747 ecclesiasti-

1228 1777 1279 1800 cas
1304 1771 1424 1799 tantum
1449 1777 1465 1799 a
1486 1772 1516 1799 te
1533 1766 1725 1810 deputandas
1748 1767 1811 1808 fiat,
1829 1771 1968 1811 rataque,

1228 1831 1245 1853 a
1261 1820 1352 1853 dictis
1370 1819 1599 1860 ecclesiasticis,
1617 1824 1650 1853 ut
1668 1820 1855 1864 praefertur,
1872 1820 1970 1864 perci-

1229 1873 1354 1918 pienda,
1373 1873 1404 1906 in
1424 1873 1502 1906 alios
1527 1884 1618 1913 usus,
1643 1884 1737 1917 quam
1762 1874 1970 1906 munitionem

1229 1927 1392 1961 civitatum
1411 1931 1441 1959 et
1460 1927 1605 1960 locorum
1622 1927 1805 1961 huiusmodi
1830 1938 1889 1971 pro
1907 1927 1972 1971 qui-

1229 1982 1287 2014 bus
1319 1982 1504 2022 confertur,
1537 1981 1716 2014 nullatenus
1751 1985 1972 2021 convertatur,

1229 2045 1323 2078 super
1347 2045 1410 2078 quo
1435 2034 1529 2067 etiam
1555 2039 1651 2075 tuam,
1673 2039 1703 2067 et
1726 2034 1884 2067 dictorum
1903 2033 1973 2067 Phi-

1230 2088 1305 2132 lippi
1326 2088 1411 2130 regis
1431 2092 1461 2122 et
1484 2087 1621 2121 Gomesii
1650 2087 1883 2130 gubernatoris,
1902 2096 1973 2120 nec-

1229 2151 1291 2174 non
1316 2141 1535 2174 ministrorum
1554 2140 1593 2173 ad
1612 2141 1643 2173 id
1663 2140 1887 2184 deputatorum
1908 2140 1971 2173 sive

1230 2194 1481 2238 deputandorum
1503 2194 1728 2227 conscientiam
1758 2204 1948 2233 oneramus;

1274 2249 1289 2291 g
1314 2248 1342 2280 (ἶ.
1360 2248 1521 2292 Quodque,
1543 2248 1627 2280 iuxta
1651 2247 1882 2281 ordinationem
1902 2258 1973 2281 con-

1231 2301 1293 2333 cilii
1320 2301 1522 2341 Viennensis,
1548 2301 1672 2341 calices,
1697 2301 1780 2341 libri,
1804 2306 1971 2344 ceteraque

1231 2354 1436 2387 ecclesiarum
1461 2359 1657 2395 ornamenta,
1674 2354 1781 2387 divino
1807 2353 1903 2387 cultui
1928 2353 1972 2386 di-

1231 2414 1308 2449 cata,
1333 2420 1371 2441 ex
1396 2410 1490 2441 causa
1513 2408 1656 2451 pignoris
1681 2408 1760 2451 capi,
1778 2407 1899 2452 percipi
1924 2407 1971 2439 vel

1231 2462 1374 2504 distrahi,
1393 2467 1445 2494 aut
1470 2462 1546 2494 alias
1570 2462 1807 2505 quomodolibet
1824 2461 1973 2505 occupari

1231 2525 1294 2548 non
1319 2515 1465 2555 debcant,
1491 2526 1526 2547 ac
1552 2521 1725 2559 praeterea,
1742 2520 1776 2548 ut
1792 2515 1876 2548 ultra
1893 2526 1975 2547 suin-

1971 275 2020 303 Λιι.
2042 276 2070 304 C.
2089 277 2155 304 162⁴

2031 1611 2166 1633 Exacnonnm

1983 1645 2033 1660 vero
2048 1644 2086 1664 per
2101 1638 2167 1658 eccle·

1982 1666 2080 1686 siastieos
2121 1664 2167 1686 fieri

1983 1692 2076 1714 mandat.

2036 2253 2104 2273 Sacra
2121 2257 2170 2272 vero

1987 2285 2037 2300 vasa
2053 2281 2073 2299 et
2087 2278 2171 2304 suppet-

1987 2306 2065 2326 lectilia
2082 2305 2170 2326 distrahi

1988 2334 2052 2353 vetat.

1213 2595 1215 2601 .
1232 2580 1316 2602 main
1335 2579 1371 2602 CL
1396 2569 1494 2601 millia
1511 2573 1675 2602 scutorum
1696 2568 1878 2602 huiusmodi
1895 2568 1973 2600 nihil

1213 2623 1367 2667 'amplius
1384 2623 1422 2654 ab
1448 2623 1559 2655 iisdem
1586 2623 1731 2666 personis
1756 2621 1974 2656 ecclesiasticis

1271 2685 1277 2710 t
1299 2684 1391 2719 Aptius
1408 2683 1545 2719 legeretur
1558 2684 1764 2718 persolvendae
1777 2683 1818 2719 (R.
1835 2684 1884 2711 πη).
