2269 3235
566 252 630 287 730

612 315 781 359 quotannis
806 313 858 345 dio
884 310 993 356 quinta
1031 309 1181 343 februarii
1207 318 1262 352 pro

612 367 758 401 omnihus
789 366 893 400 dictae
929 364 1095 398 societatis
1128 362 1263 405 religio-

614 423 666 461 sis,
692 420 764 453 594,

524 475 673 519 Sequitur
697 473 861 506 decretum
893 478 1003 504 sacrae
1035 470 1150 503 rituum
1176 467 1263 502 Con—

611 526 816 569 gregationiS,
843 534 906 568 quo
933 521 1132 566 praedictum
1152 520 1264 555 indul-

612 584 676 613 tum
698 577 881 612 extenditur
897 576 936 610 ad
954 584 1064 609 omues
1081 575 1263 609 sacerdotes

614 636 675 666 tani
709 630 871 665 seculares
906 638 1000 673 quam
1025 627 1189 672 regulares
1224 626 1263 660 ad

615 685 765 719 ecclesias
790 684 893 718 dictae
914 683 1080 716 Societatis
1097 681 1264 715 confluen-

614 743 670 780 tes,
697 738 770 771 595.

524 791 648 827 CCLXl.
674 792 864 834 Praetigitur
888 790 1042 824 terminus
1067 788 1162 821 trium
1179 782 1266 820 men-

515 837 518 840 *
611 845 693 877 sium
718 842 757 876 ab
786 843 875 875 istius
899 840 1135 873 Constitutionis
1161 837 1265 881 publi-

613 898 737 931 catione
770 894 914 939 partibus
953 893 992 926 ad
1032 891 1266 925 retractandum

614 951 719 984 omnia
744 952 853 982 eontra
877 947 1116 980 constitutiones
1130 945 1210 978 Sixti
1231 943 1266 985 V,

615 1003 788 1037 Clementis
827 999 897 1033 VIlI
934 1002 965 1033 et
1000 997 1089 1032 Pauli
1116 997 1139 1030 V
1171 1005 1269 1040 super

618 1056 833 1101 prohibitione
868 1052 1029 1088 alienandi
1067 1050 1215 1084 fortalitia
1239 1053 1269 1083 et

616 1115 730 1151 castra,
750 1109 874 1153 aliaque
893 1106 976 1140 hona
1008 1103 1269 1139 iurisdictionalia

615 1169 646 1200 in
663 1165 749 1198 Statu
763 1162 985 1196 Ecclesiastico
1000 1160 1180 1199 existentia,
1198 1156 1267 1191 ahs-

617 1229 678 1265 que
710 1216 800 1250 Sedis
826 1213 1026 1259 Apostolicae
1058 1209 1206 1253 licentia,
1239 1213 1269 1243 et

616 1274 724 1305 contra
749 1269 875 1302 illarum
896 1266 1145 1300 declarationem
1165 1267 1196 1297 et
1212 1273 1269 1296 ex·

617 1326 796 1358 tensionem
820 1321 999 1364 respective
1030 1317 1135 1363 quoad
1168 1320 1269 1351 eastra

620 1379 723 1412 diruta
749 1380 777 1410 et
796 1376 857 1409 alia
873 1377 905 1409 in
926 1376 972 1407 eis
989 1381 1143 1417 expressa
1162 1381 1180 1405 a
1196 1371 1270 1404 San-

619 1434 724 1466 ctitate
733 1431 796 1464 Sua
806 1432 977 1469 emanatas,
991 1430 1089 1471 gesta,
1100 1429 1131 1460 et
1140 1426 1271 1459 notariis

618 1487 713 1519 etiam
739 1483 832 1518 Sedis
864 1481 1076 1526 Apostolicae,
1111 1481 1206 1513 etiam
1231 1478 1271 1512 de

619 1547 751 1572 numero
792 1536 1059 1580 participantium,
1085 1533 1124 1568 ad
1149 1535 1274 1566 instru-

620 1595 735 1633 menta,
762 1592 801 1624 de
827 1589 942 1635 quibus
968 1592 1042 1622 sunt
1064 1588 1185 1632 rogati,
1210 1597 1274 1621 ex-

623 1645 807 1686 hibendum,
847 1647 877 1677 et
907 1644 938 1676 in
978 1652 1088 1675 eorum
1129 1642 1274 1684 margine

620 1701 815 1733 cessationes
840 1696 1068 1732 adnotandum;
1097 1699 1128 1729 et
1144 1696 1276 1738 insuper

622 1753 790 1787 mandatur
803 1751 947 1792 testibus,
962 1753 1118 1794 quatenus
1132 1752 1275 1782 contrac-

622 1811 670 1840 tus
691 1815 811 1847 omnes,
833 1803 949 1849 quibus
967 1802 1182 1843 interfuerint,
1196 1803 1277 1835 intra

622 1859 758 1892 similem
783 1859 953 1892 terminum
979 1865 996 1889 a
1021 1856 1072 1888 die
1087 1858 1276 1895 contractus,

624 1912 769 1946 revelare
792 1915 823 1945 et
845 1911 885 1944 dc
910 1911 956 1943 eis
982 1912 1089 1942 notam
1113 1908 1189 1941 dare
1214 1907 1278 1940 de-

620 1965 725 2006 beant,
752 1966 825 1997 596.

532 2018 673 2053 CCLXII.
684 2017 808 2051 Erectio
822 2016 1086 2060 CongregatIOnis
1100 2023 1196 2058 super
1206 2022 1279 2047 con-

620 2071 736 2106 finibus
760 2072 865 2105 Status
885 2070 976 2104 Sedis
997 2068 1198 2113 Apostolicae
1214 2077 1281 2101 me-

622 2128 705 2160 diate
732 2125 782 2158 vel
807 2125 990 2158 immediate
1027 2124 1174 2165 subiecti,
1208 2133 1280 2157 cum

622 2180 828 2224 deputatione
853 2178 937 2212 illius
961 2178 1114 2221 praefecti
1139 2182 1170 2211 et
1198 2187 1280 2211 con-

622 2235 785 2275 sultorum,
800 2237 830 2267 et
847 2231 1048 2266 facultatibus
1066 2232 1189 2266 eisdem
1207 2241 1281 2266 con-

622 2289 732 2329 cessis,
747 2287 820 2320 599.

535 2341 688 2375 CCLXIII.
710 2339 870 2373 Indultum
895 2339 1051 2372 recitandi
1076 2339 1215 2373 officium
1249 2343 1280 2373 et

625 2393 809 2427 celebrandi
833 2393 962 2426 missam
980 2392 1020 2425 de
1044 2391 1225 2435 beatahRita
1239 2391 1279 2425 de

623 2446 733 2481 Cassia
771 2444 904 2481 Ordinis
937 2445 1149 2479 Eremitarum
1170 2445 1200 2479 S.
1218 2445 1279 2480 Au-

625 2501 744 2542 gustini
762 2509 818 2543 pro
828 2501 970 2533 universi
983 2498 1114 2534 Ordinis
1123 2499 1279 2543 praedicti

625 2551 773 2586 fratribus
799 2556 829 2586 et
854 2552 1054 2594 monialibus,
1070 2556 1100 2586 et
1125 2563 1181 2596 pro
1205 2552 1276 2587 aliis

625 2605 656 2636 in
682 2608 742 2638 tota
768 2604 937 2648 spoletana
953 2605 1103 2647 dioecesi,
1130 2606 1203 2639 603.

538 2656 688 2691 CCLXIV.
715 2658 857 2693 Facultas
881 2658 1026 2703 erigendi
1053 2660 1225 2704 hospitium
1243 2660 1275 2694 in

1116 256 1287 279 prittanium
1314 255 1462 278 noitANrtu

1406 306 1550 350 partibus
1575 305 1701 339 Africae
1726 315 1782 349 pro
1810 314 1868 339 sex
1899 308 2055 351 religiosis

1407 358 1670 402 congregationis
1700 358 1731 391 B.
1756 358 1873 392 Mariae
1903 359 1944 392 de
1975 359 2054 394 Mer-

1403 412 1482 446 cede
1506 412 1747 456 Redemptionis
1771 412 1968 455 captivorum
1994 412 2056 446 Di-

1403 466 1614 499 salceatorum
1634 474 1692 499 seu
1707 463 1960 499 Recollectorum
1980 473 2057 499 nun-

1404 522 1600 563 cupatorum,
1615 518 1689 551 604.

1315 572 1453 608 CCLXV.
1492 571 1724 606 Ecclesiasticis
1759 572 1851 615 regni
1886 569 2058 604 Galliarum

1404 626 1535 660 facultas
1546 625 1692 659 concedit
1700 623 1879 658 subsidium
1889 625 1956 667 regi
1968 632 2059 667 prae-

1404 680 1507 714 standi
1546 689 1602 723 pro
1633 678 1866 712 haereticorum
1904 677 2060 721 profliga-

1404 733 1587 775 tione‚606.

1317 785 1469 821 CCLXVI.
1495 786 1636 820 Societas
1660 785 1887 819 monachorum
1911 784 1942 818 S.
1952 783 2061 818 Bene-

1407 839 1483 873 dicti
1506 839 1761 873 Reformatorum
1785 838 1970 882 provinciae
1994 837 2062 870 Bri-

1407 893 1552 927 tannicae
1577 892 1823 935 Congregationi
1843 893 1945 925 sancti
1962 890 2061 924 Mauri

1408 945 1552 980 eiusdem
1576 944 1707 980 Ordinis
1737 946 1769 978 in
1801 943 1903 978 Gallia
1936 947 2062 978 erectae

1408 1000 1612 1040 unitur,608.

1320 1052 1679 1089 CCLXV11.Ratificatio
1696 1054 1838 1085 actorum
1854 1059 1913 1095 per
1928 1050 2064 1095 Torqua-

1407 1111 1472 1140 tum
1512 1105 1552 1139 de
1584 1104 1756 1139 Comitibus
1794 1106 1827 1139 in
1863 1105 2064 1138 restitutione

1410 1162 1637 1194 tormentorum
1662 1157 1849 1191 bellicorum
1874 1161 1905 1192 et
1931 1157 2064 1191 aliarum

1410 1222 1515 1247 rerum
1545 1214 1577 1246 in
1609 1211 1765 1246 fortalitiis
1796 1211 1894 1245 Vallis
1924 1210 2065 1245 Tellinae

1408 1267 1615 1301 existentium
1648 1266 1755 1299 comiti
1790 1264 1919 1309 Aloysio
1959 1263 2065 1298 Trotto

1409 1320 1607 1364 proc‘uratori
1631 1328 1649 1353 a
1671 1318 1876 1361 gubernatori
1908 1317 2067 1352 Mediola-

1410 1374 1503 1406 nensi
1527 1373 1655 1406 nomine
1680 1372 1765 1415 regis
1790 1370 1936 1405 catholici
1960 1370 2067 1414 depu-

1410 1426 1572 1469 tat0,ooe.

1323 1479 1509 1515 CCLXVlll.
1520 1479 1695 1514 Nonnullae
1713 1479 1930 1523 indulgentiae
1944 1489 2000 1524 pro
2013 1488 2069 1513 ex-

1414 1536 1514 1568 ercitu
1537 1536 1624 1578 regis
1648 1534 1797 1568 Poloniae
1822 1538 1931 1568 contra
1950 1535 2069 1568 haere-

1415 1591 1492 1623 ticos
1518 1589 1665 1623 Prussiae
1683 1589 1874 1632 profecturo,
1889 1587 1963 1622 610.
1993 1627 1996 1630 ,

1327 1641 1477 1677 CCLxlx.
1515 1642 1700 1676 Subsidium
1725 1641 1834 1675 decies
1864 1645 2070 1675 centenorum

1416 1695 1550 1729 millium
1584 1699 1746 1729 scutorum
1778 1694 1863 1728 clero
1896 1694 2071 1728 Galliarum

1416 1750 1589 1792 imponitur
1613 1750 1683 1791 regi
1709 1747 1972 1792 persolvendum,
1997 1748 2071 1781 611.

1329 1802 1469 1837 CCLXX.
1495 1801 1698 1835 Confirmatio
1729 1805 1760 1835 et
1792 1802 1954 1835 innovatio
1991 1810 2073 1835 con-

1418 1856 1590 1888 stitutionis
1615 1855 1664 1888 Pii
1688 1854 1791 1898 Papae
1816 1854 1841 1887 V
1867 1857 1976 1888 contra
1999 1863 2074 1887 mo-

1420 1911 1570 1951 netarios,
1585 1908 1794 1954 eiusdemque
1804 1908 1844 1943 ad
1859 1917 2074 1953 quascumque

1421 1972 1574 2006 personas
1592 1962 1837 2004 ecclesiasticas,
1860 1961 2022 1996 seculares
2038 1970 2075 1994 ac

1421 2017 1575 2061 cuiusque
1600 2015 1731 2051 Ordinis
1753 2025 1877 2050 necnon
1902 2017 1997 2050 etiam
2010 2014 2075 2049 Mi-

1421 2070 1560 2104 litiarum
1585 2071 1761 2113 regulares,
1777 2070 1852 2104 614.

1332 2124 1490 2158 CCLXXI.
1516 2124 1718 2158 Confirmatio
1751 2124 1872 2158 decreti
1893 2124 2075 2168 Congrega-

1422 2179 1515 2211 tionis
1532 2186 1695 2211 sacrorum
1719 2178 1836 2211 rituum
1867 2187 1963 2221 super
1981 2187 2074 2221 prae-

1421 2229 1567 2264 cedentia
1587 2230 1780 2264 coufratrum
1794 2229 1925 2265 Ordinis
1948 2231 2074 2265 Ioannis

1420 2283 1497 2325 Dei,
1527 2293 1564 2317 ac
1594 2283 1725 2317 fratrum
1755 2281 1914 2317 Ordinum
1945 2283 2076 2318 mendi-

1421 2338 1571 2376 cantium3
1597 2341 1629 2371 et
1652 2346 1927 2382 quarumcumque
1952 2341 2076 2372 contro-

1423 2393 1602 2424 versiarum
1618 2400 1714 2434 super
1731 2392 1917 2434 praemissis
1933 2391 2077 2436 penden-

1422 2446 1501 2478 tium
1535 2446 1698 2487 extinctio,
1725 2445 1798 2478 617.

1332 2497 1505 2533 CCLXXII.
1539 2497 1743 2541 Liparensem
1768 2497 1939 2532 ecclesiam
1963 2506 1981 2532 a
2006 2499 2076 2532 iure

1420 2551 1652 2595 metropolitico
1665 2551 1879 2585 Messanensis
1898 2552 2017 2594 eximit,
2045 2556 2076 2586 et

1421 2604 1496 2639 Sedi
1519 2604 1720 2648 Apostolicae
1753 2604 1935 2638 immediate
1965 2603 2072 2638 subii-

1423 2660 1475 2702 cit,
1490 2658 1564 2692 618.
