2269 3235
108 253 157 281 An.
179 253 208 281 c.
225 246 293 280 1626

131 1539 190 1560 Hunc
201 1542 292 1560 montem

108 1566 136 1587 ab
145 1566 241 1587 omnibus
250 1572 293 1586 oui-

108 1593 157 1613 uiuo
194 1593 292 1614 oneribus

107 1619 191 1644 liberat,

913 249 1053 273 lintiANUs

304 308 460 344 pressum,
484 298 663 342 praedictus
695 307 785 331 mons
809 298 881 331 salis
906 298 950 330 sic
978 307 1046 329 ere-

305 357 373 387 ctus
396 357 427 386 et
451 352 534 386 illius
558 353 724 386 montistae
754 351 967 396 parisormiter
991 350 1046 392 uti,

305 405 399 450 potiri
412 411 442 439 et
455 406 593 449 gaudere
610 406 730 450 possint
742 410 773 438 et
789 405 930 437 debeant:
948 403 1048 442 Quod-

305 470 366 503 que
389 469 480 493 mons
503 459 571 503 ipse
595 463 625 492 et
648 458 731 491 illius
755 458 824 491 loca
848 456 960 490 redimi
992 466 1046 488 seu

305 512 445 555 extingui
472 522 536 545 non
558 511 700 556 possint,
731 510 791 543 nisi
821 514 893 553 post
924 509 1045 552 lapsum

305 566 443 610 quinque
455 575 609 598 annorum
626 575 644 597 a
663 564 734 597 data
747 562 960 608 praesentium
977 573 1047 606 pro-

306 619 495 661 ximiorum,
525 623 556 651 et
587 618 618 650 in
650 628 723 651 casu
758 615 957 650 extinctionis
992 626 1047 649 seu

305 672 530 716 redemptionis
553 671 708 704 dictorum
740 671 883 704 locorum
907 674 977 713 post
1001 669 1045 702 di-

305 729 390 759 ctum
428 723 699 768 quinquennium,
733 723 860 756 illorum
896 721 1046 755 extractio

304 779 373 812 fieri
397 778 510 812 debeat
528 778 566 811 de
583 787 682 817 more,
699 782 729 810 et
745 776 784 809 ad
797 777 894 810 instar
911 775 1045 809 aliorum

305 833 447 867 locorum
461 831 614 864 montium
626 841 633 871 ;
650 830 816 864 montistae
830 840 904 863 vero
917 828 1045 863 extracti

304 885 442 930 pretium
455 885 598 918 locorum
613 887 825 917 extractorum
842 883 881 916 ad
894 883 1046 917 rationem

305 943 468 972 scutorum
491 942 616 971 centum
642 941 786 970 monetae
815 947 874 980 pro
906 936 1047 980 quolibet

305 993 375 1026 loco
398 992 542 1036 recipere
565 995 740 1032 teneantur,
754 995 793 1033 et,
811 990 835 1023 si
852 989 1048 1032 neglexerint

305 1056 362 1090 per
385 1044 566 1089 quindecim
590 1044 656 1077 dies
684 1048 756 1087 post
779 1043 969 1087 publicatam
998 1053 1048 1075 ex-

306 1100 490 1133 tractionem
515 1098 616 1143 pretia
640 1097 796 1131 dictorum
820 1098 964 1130 locorum
989 1107 1044 1129 ex-

304 1157 481 1187 tractorum
505 1152 543 1185 ad
568 1151 723 1185 rationem
750 1150 942 1195 praedictam
967 1150 1046 1183 reci-

307 1216 393 1250 pere,
418 1205 463 1238 eis
480 1215 538 1249 pro
558 1204 649 1238 dictis
665 1204 742 1237 locis
759 1204 907 1236 extractis
926 1204 1047 1236 fructus

307 1259 443 1304 amplius
458 1268 523 1292 non
540 1262 678 1298 currant,
691 1263 722 1290 et
734 1257 815 1291 dicta
834 1257 935 1301 pretia
952 1267 1047 1300 penes

307 1312 533 1358 depositarium
568 1311 720 1356 praedicti
750 1311 866 1345 montis
901 1310 994 1344 risico
1019 1315 1048 1344 et

307 1366 451 1411 periculo
475 1370 506 1399 et
527 1366 653 1399 fortuna
678 1365 863 1398 eorumdem
884 1364 1047 1397 montista-

307 1430 379 1454 rum
393 1419 437 1453 sic
451 1423 664 1452 extractorum
680 1423 865 1451 remaneant
882 1418 993 1450 iisdem
1010 1417 1047 1449 ad

308 1484 419 1507 eorum
441 1472 680 1517 requisitionem
705 1472 932 1515 consignanda:

352 1527 367 1571 ἓ
392 1526 420 1559 5.
445 1525 596 1569 Quodque
620 1530 766 1569 respectu
788 1525 948 1558 fructuum
974 1530 1003 1557 et
1022 1535 1050 1557 e-

308 1581 577 1615 molumentorum
608 1579 647 1612 ad
676 1579 831 1612 rationem
857 1578 1048 1622 praedictam

307 1634 391 1667 dicto
407 1634 507 1667 monti
523 1633 754 1676 assignatorum
766 1632 945 1676 praedictus
959 1642 1049 1665 mons

307 1692 338 1721 et
361 1687 445 1720 illius
468 1687 536 1720 loca
560 1686 655 1719 nullis
677 1685 807 1719 omnino
831 1684 1048 1718 diminutioni-

307 1741 376 1781 bus,
399 1739 653 1781 reductionibus,
678 1738 906 1772 retentionibus
931 1742 960 1772 et
981 1738 1049 1783 qui-

308 1794 416 1828 busvis
454 1793 522 1827 aliis
559 1793 727 1827 contrariis
765 1792 1024 1836 dispositionibus
1042 1820 1048 1833 ,

309 1847 402 1881 etiam
420 1851 583 1891 praetextu
606 1846 749 1890 urgentis
771 1846 966 1880 necessitatis
995 1856 1048 1879 seu

310 1901 405 1934 etiam
424 1900 574 1934 evidentis
590 1900 733 1933 utilitatis
751 1900 838 1934 Sedis
855 1905 884 1933 et
901 1900 1048 1933 Gamerae

310 1953 519 1998 Apostolicae,
544 1964 581 1986 ex
605 1954 713 1997 quavis
738 1955 832 1987 causa
847 1953 984 1996 cogitata
1000 1954 1048 1985 vel

309 2007 478 2050 incogitata
502 2012 532 2040 et
555 2007 593 2040 de
616 2007 800 2041 necessitate
824 2007 1048 2051 exprimenda,

309 2060 441 2093 durante
465 2060 548 2094 dicto
568 2060 785 2104 quinquennio
805 2061 986 2094 subiaceant
1002 2061 1048 2094 vel

309 2113 445 2147 obnoxia
469 2113 539 2155 sint,
564 2114 618 2147 sed
643 2114 681 2146 ab
699 2114 760 2147 illis
777 2125 902 2158 semper
919 2120 1048 2159 excepta

308 2167 523 2210 intelligantur
547 2171 577 2200 et
601 2178 673 2201 cum
697 2167 810 2201 effectu
830 2168 900 2209 sint,
921 2178 978 2201 nec
999 2169 1050 2201 ali-

309 2221 378 2265 quis
390 2232 427 2255 ex
439 2220 538 2265 ipsius
559 2221 675 2255 montis
691 2221 901 2256 creditoribus
918 2227 947 2255 et
965 2233 1050 2256 mon-

310 2275 400 2316 tistis,
424 2275 613 2319 illorumque
637 2276 789 2309 haeredes
805 2279 835 2310 et
851 2286 1050 2310 successores

310 2328 510 2372 quicumque,
534 2339 590 2362 seu
606 2329 644 2361 ab
664 2329 708 2362 eis
726 2330 964 2374 quomodolibet
980 2340 1050 2363 eau-

311 2392 377 2415 sam
401 2381 551 2414 habentes
574 2386 604 2415 et
626 2382 764 2415 habituri
795 2393 890 2427 super
920 2383 996 2416 locis
1021 2389 1051 2416 et

311 2434 510 2480 portionibus
534 2439 565 2468 et
589 2435 717 2469 illorum
741 2436 873 2479 integris
897 2437 1050 2470 fructibus

311 2493 342 2522 et
365 2488 584 2522 emolumentis
607 2489 784 2533 praedictis,
806 2501 933 2534 quoquo
958 2491 1051 2524 modo

312 2542 435 2577 turbari
465 2542 514 2576 vel
548 2542 712 2587 impediri,
737 2544 905 2589 minusque
930 2544 990 2588 ipsi
1014 2544 1053 2577 ad

311 2596 461 2641 pecunias
485 2596 518 2629 in
540 2596 609 2641 ipso
634 2602 741 2631 monte
758 2598 876 2642 positas
897 2602 927 2631 et
944 2608 1053 2642 eroga-

311 2656 357 2685 tas
381 2655 434 2685 aut
457 2650 595 2695 aliquam
619 2652 746 2686 illarum
762 2657 884 2696 partem
902 2651 934 2685 in
950 2661 1055 2686 neces-

1080 248 1133 271 vm
1158 249 1204 271 riv.
1727 234 1789 267 4023
1835 243 1884 269 Αιι.
1905 243 2017 270 0162ss

1082 296 1202 329 sitatcm
1236 306 1290 329 scu
1325 295 1488 328 utilitatem
1520 293 1619 326 dictae
1655 302 1819 332 camerae,

1081 354 1132 381 aut
1153 350 1229 382 alias
1253 349 1378 393 quasvis
1403 358 1510 381 causas
1536 356 1701 380 conversas
1726 346 1820 378 fuisse

1082 403 1127 435 vei
1153 413 1230 444 esse,
1256 408 1308 435 aut
1332 403 1435 445 aliqua
1452 402 1510 433 alia
1531 401 1623 433 etiam
1644 399 1821 433 necessaria

1081 461 1110 487 et
1124 455 1274 498 requisita
1299 455 1329 487 in
1351 455 1465 487 iudicio
1483 455 1529 487 vel
1547 459 1633 487 extra
1650 453 1726 485 illud
1748 463 1821 497 pro-

1080 508 1230 548 bandum,
1255 508 1485 547 deducendum,
1506 513 1558 539 aut
1582 507 1657 539 1111115
1682 517 1818 550 quomo—

1080 562 1199 595 dolibet
1208 562 1442 601 verificandum,
1452 562 1515 594 ullo
1527 572 1663 604 unquam
1678 566 1821 604 tempore

1080 615 1150 658 cogi
1168 615 1298 658 possint,
1315 624 1372 647 nec
1390 619 1562 654 teneantur,
1579 615 1745 657 n‘iinusque
1764 614 1819 646 ali-

1081 680 1142 714 qua
1162 669 1320 703 contraria
1338 668 1484 712 probatio
1505 668 1626 700 admitti
1644 669 1691 700 vel
1709 667 1818 701 obesse

1080 729 1182 768 queat

1125 777 1139 819 ξ
1164 776 1193 810 6.
1204 776 1261 816 Et,
1278 786 1337 819 pio
1362 775 1611 819 praemissoium
1631 775 1773 807 omnium
1791 780 1821 807 et
1850 788 1869 807 ις.
1902 794 1980 808 pamm
1969 793 2019 813 ,ιο-

1081 830 1279 873 singulmum
1294 828 1511 862 obseuatione
1529 833 1559 860 et
1575 828 1821 868 manutentiom,
1836 818 1866 833 ¹
1839 816 1926 861 i.
1926 821 2020 865 llll&

1081 895 1117 916 ac
1141 894 1341 927 quacumque
1371 882 1445 915 dicti
1477 882 1592 914 montis
1617 881 1661 914 sic
1684 891 1740 924 per
1765 892 1822 914 nos

1081 937 1178 970 erecti
1211 942 1240 970 et
1270 937 1353 969 illius
1382 937 1525 969 locorum
1549 945 1822 978 quorumcumque

1082 991 1235 1025 evictione
1260 995 1289 1023 et
1313 990 1493 1023 defensione
1514 989 1653 1032 generali
1675 993 1704 1021 et
1727 989 1823 1032 parti-

1082 1045 1191 1086 culari,
1216 1045 1331 1077 dictam
1356 1054 1512 1076 cameram
1537 1048 1677 1076 nostram
1697 1048 1823 1087 aposto-

1083 1099 1184 1139 licam,
1197 1098 1343 1141 illiusque
1358 1098 1513 1139 introitus,
1527 1096 1668 1129 redditus
1686 1101 1715 1129 et.
1732 1097 1824 1136 bona,

1082 1164 1117 1185 ac
1142 1152 1211 1185 iura
1235 1151 1341 1184 omnia
1365 1150 1563 1193 generaliter,
1593 1149 1770 1193 specialiter
1796 1155 1825 1182 et

1082 1215 1239 1249 expresse,
1265 1205 1306 1237 ita
1330 1209 1435 1236 tamen
1459 1203 1543 1247 quod
1568 1202 1746 1246 specialitas
1770 1213 1824 1245 ge-

1082 1259 1237 1293 neralitati
1262 1269 1325 1291 non
1349 1258 1489 1300 deroget,
1515 1267 1571 1290 nec
1596 1267 1612 1289 e
1637 1262 1767 1296 contra,
1793 1256 1823 1288 in

1082 1313 1228 1357 ampliori
1253 1312 1393 1345 eiusdem
1418 1321 1563 1344 camerae
1588 1312 1690 1343 fornia
1707 1310 1825 1355 obliga-

1083 1378 1152 1400 mus
1177 1372 1206 1399 et
1231 1366 1489 1410 liypotliesamus

1128 1422 1142 1465 g
1164 1420 1192 1452 7
1212 1421 1258 1457 Et,
1275 1425 1309 1452 ut
1328 1429 1418 1452 mons
1434 1418 1614 1462 praedictus
1630 1418 1674 1451 sic
1693 1428 1750 1462 pei
1766 1428 1823 1451 nos
1853 1430 1901 1475 ΙΙΙ’11
1905 1436 1953 1449 ι«ιι»
1955 1436 1985 1449 ,ιι
1990 1436 2022 1449 um

1083 1479 1204 1507 erectus
1221 1478 1305 1506 lecte
1330 1473 1525 1516 ⁰ubeinetur
1541 1477 1571 1505 et
1587 1476 1724 1515 regatur
1739 1463 2022 1505 euni-i.'.1.„u⁰¹⁴'³

1952 1464 2023 1502 [11301115

1082 1528 1153 1560 dem
1178 1527 1406 1571 Hieion3mum
1435 1530 1465 1558 et
1495 1525 1573 1558 alios
1596 1536 1656 1568 pro
1682 1529 1823 1569 tempole
1839 1511 1979 1561 {¹112sz
1976 1510 2023 1529 'Q'

1083 1581 1251 1613 existentes
1265 1580 1393 1612 thesaui
1396 1590 1430 1611 ai
1433 1579 1480 1612 ios
1493 1588 1590 1621 gener
1592 1579 1656 1611 ales
1671 1589 1709 1622 pr
1712 1582 1825 1612 otecto-

1083 1645 1132 1667 res
1157 1633 1231 1667 dicti
1252 1633 1378 1673 montis,
1392 1642 1464 1665 cum
1489 1632 1634 1665 facultate
1655 1632 1824 1675 deputandi

1083 1687 1121 1720 ad
1146 1687 1240 1720 vitam
1258 1687 1305 1719 vel
1326 1686 1364 1718 ad
1381 1690 1517 1729 tempus,
1534 1689 1630 1729 prout
1647 1684 1706 1717 sibi
1726 1686 1825 1728 magis

1083 1740 1266 1774 benevisum
1291 1739 1395 1779 suerit,
1412 1739 1444 1771 in
1469 1738 1676 1771 secretarium
1692 1743 1720 1770 et
1742 1748 1826 1770 eom-

1084 1794 1233 1838 putistam
1258 1793 1333 1826 dicti
1358 1792 1473 1825 montis
1490 1801 1642 1836 personas
1659 1791 1717 1824 sibi
1737 1791 1828 1824 bene·
1849 1814 1873 1825 -

1084 1849 1175 1890 visas,
1200 1859 1272 1881 cum
1297 1847 1519 1881 emolumentis
1543 1856 1600 1890 per
1621 1845 1826 1879 secretarium

1083 1907 1112 1937 et
1138 1902 1359 1946 computistam
1391 1900 1463 1933 dieti
1496 1900 1611 1933 montis
1635 1899 1826 1942 religionum

1083 1956 1204 2000 percipi
1234 1955 1332 1989 solitis
1347 1982 1354 1995 ,
1379 1959 1409 1987 et
1433 1964 1504 1987 cuin
1529 1953 1598 1986 aliis
1627 1953 1826 1986 facultatibus

1084 2010 1182 2043 solitis
1207 2014 1237 2043 et
1261 2008 1436 2045 consuetis,
1461 2007 1688 2051 depositarium
1705 2017 1779 2040 xero
1798 2018 1826 2040 e-

1083 2062 1205 2095 iusdem
1220 2061 1335 2095 montis
1349 2060 1545 2105 praedictum
1560 2060 1740 2093 Marcellum
1758 2060 1826 2093 Sae-

1083 2118 1244 2157 ehettum,
1274 2116 1328 2159 qui
1359 2116 1396 2147 de
1427 2115 1576 2148 solvendo
1606 2115 1727 2147 fructus
1751 2114 1824 2147 dicti

1083 2171 1198 2204 montis
1223 2170 1353 2203 cuilibet
1370 2168 1536 2202 montistae
1554 2168 1693 2201 eiusdem
1710 2168 1825 2201 montis

1083 2225 1165 2265 salis,
1186 2224 1280 2257 modo
1295 2228 1325 2256 et
1347 2224 1460 2263 forma,
1478 2225 1507 2255 et
1522 2227 1616 2265 prout
1634 2221 1735 2254 eidem
1753 2221 1825 2254 Ilie-

1083 2288 1215 2323 ronymo
1240 2277 1438 2311 thesaurario
1458 2276 1559 2308 visum
1580 2274 1684 2314 suerit,
1703 2285 1734 2307 se
1752 2275 1827 2308 obli-

1084 2343 1159 2375 gare
1184 2331 1305 2368 debeat,
1323 2330 1361 2363 ad
1380 2334 1524 2363 nostrum
1547 2334 1575 2361 et
1607 2338 1825 2361 successorum

1084 2391 1265 2420 nostrorum
1291 2385 1505 2417 Romanorum
1524 2382 1711 2415 Pontificum
1735 2381 1827 2415 bene-

1085 2439 1245 2484 placitum,
1262 2437 1444 2471 earumdem
1468 2441 1577 2469 tenore
1601 2436 1825 2479 praesentium,

1086 2492 1305 2528 constituimus
1329 2496 1359 2523 et
1378 2490 1573 2534 deputamus.

1131 2548 1145 2590 g*
1177 2548 1206 2579 ὃ.
1240 2546 1468 2585 Decernentes,
1498 2548 1697 2588 praesentem
1726 2544 1825 2578 nostri
1869 2551 1979 2571 censui-ae

1087 2606 1190 2634 motus
1215 2599 1337 2644 proprii
1355 2598 1508 2639 cedulam,
1531 2598 1698 2642 omniaque
1718 2603 1748 2631 et
1768 2598 1827 2631 sin-

1087 2654 1160 2698 gula
1178 2653 1360 2697 praemissa,
1375 2651 1605 2695 inviolabiliter,
1620 2651 1719 2686 donec
1736 2662 1826 2686 mons
