2269 3235
108 255 155 282 An.
173 254 200 281 C.
224 253 292 281 1626

913 253 1054 276 URBANUS
1080 252 1135 275 VIII
1160 252 1208 275 PP.

305 300 343 333 de
360 310 495 344 quorum
519 310 653 335 numero
671 305 744 335 tunc
768 310 904 341 eramus,
929 300 1044 333 delibe-

306 353 425 387 ratione
442 355 575 395 matura‚
590 354 628 388 de
644 365 755 388 eorum
773 353 913 393 consilio,
928 358 958 386 et
973 363 1045 396 apo-

306 407 432 441 stolicae
446 408 607 451 potestatis
622 407 826 452 plenitudine,
844 407 1041 441 Cameracen-

306 471 381 502 sem,
399 462 644 502 Traiectensem,
664 462 902 495 Atrebatensem
917 465 947 493 et
967 460 1044 493 Tor-

306 525 470 548 nacensem
496 515 657 557 ecclesias,
684 514 823 547 civitates
841 518 870 546 et
887 513 1045 546 dioeceses

305 578 322 599 a
336 569 481 602 Remensi
499 574 528 602 et
545 568 720 602 Coloniensi
734 567 913 611 provinciis,
931 566 1046 610 quibus

306 626 379 655 tunc
399 627 488 655 erant
508 621 738 665 metropolitico
763 621 831 653 iure
858 618 1045 660 subiectae¹,

305 685 341 708 ac
365 675 603 715 Meehliniense,
629 675 776 718 lp1·ense‚
811 673 1046 706 Audomarense

305 738 341 760 ac
366 727 488 761 diversa
512 728 572 760 alia
596 731 669 761 tunc
694 737 841 770 expressa
865 725 979 770 oppida
1004 726 1048 758 in-

306 780 405 823 signia
422 781 521 815 dictae
538 780 677 823 regionis
694 791 711 813 a
728 782 784 814 sua
798 780 946 824 quodque
963 778 1047 812 dioe-

305 834 368 867 cesi
393 839 421 867 et
445 834 618 878 provincia,
639 844 761 867 necnon
779 834 817 866 ab
840 833 971 866 ecclesia
988 832 1048 865 Μο-

304 887 422 920 rinensi
440 898 508 920 earn
528 893 648 931 partem
668 887 820 920 dioecesis
850 886 1046 926 Morinensis,

305 951 383 984 quae
407 941 439 973 in
463 941 626 974 Arthesiae
653 946 682 974 et
707 940 870 974 Flandriae
896 939 1048 973 comitati-

304 993 362 1027 bus
386 994 513 1027 ditionis
537 994 667 1038 praefati
698 993 833 1037 Philippi
859 993 942 1036 regis
968 998 1045 1034 erat,

305 1058 376 1080 eum
408 1047 555 1081 omnibus
580 1052 610 1080 et
634 1047 765 1090 singulis
794 1046 859 1080 suis
885 1046 1046 1086 terminis,

305 1101 483 1142 territoriis,
508 1101 615 1142 cleris,
640 1100 776 1145 populis,
801 1100 954 1144 personis,
979 1110 1046 1132 mo-

305 1154 450 1187 nasteriis
466 1159 497 1188 et
513 1154 573 1198 piis
590 1154 677 1196 locis,
703 1165 737 1187 ac
763 1153 925 1186 beneficiis
950 1154 1048 1186 eccle-

305 1208 447 1249 siasticis,
457 1219 528 1241 cum
538 1209 614 1242 cura
626 1213 656 1241 et
669 1208 734 1241 sine
745 1210 831 1248 cura,
843 1207 1045 1249 secularibus,

305 1267 335 1294 et
358 1262 543 1305 quorumvis
567 1261 720 1295 Ordinum
746 1261 955 1304 regularibus,
976 1271 1047 1304 per-

304 1321 398 1358 petuo
423 1321 667 1359 segregaverat,
690 1315 839 1348 diviserat
865 1321 894 1348 et
918 1325 1046 1359 separa-

305 1373 411 1409 verat;
437 1379 559 1402 necnon
575 1369 814 1410 Mechliniense,
832 1369 969 1412 Iprense,
987 1369 1047 1401 Au-

305 1422 491 1456 domarense
512 1428 542 1455 et
562 1423 683 1466 reliqua
696 1422 812 1466 oppida
828 1422 982 1466 praefata,
1003 1421 1046 1454 sic

304 1476 411 1518 divisa,
436 1477 467 1509 in
492 1476 641 1518 civitates,
655 1476 912 1510 Cameracensem
930 1486 1004 1508 vero
1018 1480 1048 1508 et

303 1530 550 1570 Traiectensem,
572 1534 646 1562 tunc
669 1529 865 1573 episcopales
889 1528 988 1569 sedes,
1012 1538 1047 1560 ac

304 1582 379 1615 olim
404 1582 602 1625 collegiatam
628 1582 725 1615 saneti
751 1581 897 1615 Rumoldi
922 1580 1047 1614 Mechli-

304 1635 423 1668 niensis
436 1635 592 1676 ecelesias,
603 1635 634 1667 in
648 1635 914 1678 metropolitanas,
925 1644 960 1666 ac
971 1634 1045 1666 olim

304 1689 487 1722 monasterii
512 1688 610 1721 sancti
630 1688 752 1721 Martini
770 1687 906 1731 Iprensis
923 1686 1047 1720 Ordinis

304 1742 333 1775 S.
365 1742 531 1785 Augustini
567 1742 792 1775 canonicorum
828 1741 1046 1784 regularium,

304 1805 425 1829 necnon
455 1796 483 1829 S.
517 1795 687 1829 Audomari
720 1795 988 1835 Audomarensis,
1018 1799 1047 1827 et

306 1855 406 1882 certas
430 1850 505 1883 alias
530 1851 665 1884 aliorum
689 1849 881 1894 oppidorum
900 1849 945 1893 (in
971 1848 1047 1882 civi-

307 1906 383 1936 tates
399 1904 591 1947 erectorum)
608 1904 821 1947 praefatorum
840 1903 997 1943 ecelesias,
1015 1902 1047 1934 in

306 1957 499 1991 cathedrales
511 1969 569 2002 pro
584 1958 711 1992 totidem
729 1958 883 2002 episcopis
893 1957 1046 1997 creandis,

305 2010 357 2054 qui
373 2021 446 2044 suae
463 2012 596 2055 quisque
613 2012 762 2045 ecclesiae
779 2016 971 2055 praeessent,
982 2021 1048 2044 ere-

305 2064 419 2105 xerat²;
433 2075 467 2097 ac
478 2065 598 2108 Iprensi
617 2069 646 2098 et
660 2064 887 2098 Audomarensi
906 2064 1047 2098 ecclesiis

305 2123 334 2150 et
347 2118 523 2151 civitatibus
535 2118 683 2162 praefatis
695 2124 796 2152 certos
809 2118 977 2160 districtus,
989 2129 1046 2162 per

304 2171 452 2204 nuncium
478 2182 569 2204 suum
600 2172 802 2216 postmodum
836 2172 874 2204 ab
905 2182 942 2205 eo
972 2171 1046 2204 illuc

306 2224 491 2258 mittendum
522 2225 718 2267 limitandos‚
743 2236 803 2270 pro
828 2226 884 2258 sua
908 2225 1044 2259 dioecesi

306 2283 460 2321 perpetuo
493 2283 709 2320 concesseram
733 2289 855 2312 necnon
872 2279 1044 2322 Iprensem,

306 2329 569 2373 Mechliniensem‚
580 2332 847 2366 Audomarensem
861 2342 935 2365 vero
950 2332 1046 2365 eccle-

306 2383 377 2425 sias,
391 2384 530 2417 civitates
543 2390 572 2418 et
585 2385 744 2419 dioeceses
760 2385 942 2426 antedictas,
956 2386 1044 2418 Atre-

306 2433 426 2468 batensi
464 2436 613 2469 ecclesiae
631 2437 642 2454 ³
672 2437 853 2470 huiusmodi
887 2447 945 2480 pro
988 2438 1043 2469 sua

306 2488 469 2531 provincia
492 2489 676 2531 subiecerat;
701 2491 895 2534 singulisque
923 2490 1042 2534 Iprensi

342 2570 353 2596 1
372 2569 441 2597 Edit.
457 2569 535 2597 Main.
551 2569 615 2605 legit
628 2571 753 2600 subiecta
772 2572 810 2607 (a.
827 2572 876 2605 T.).

339 2614 355 2641 2
375 2614 450 2642 Hanc
465 2623 558 2643 vocem
572 2619 703 2644 ereaeerat
718 2624 768 2644 nos
787 2616 911 2644 addimus
930 2616 970 2650 (R.
990 2616 1039 2651 T.).

340 2660 355 2688 3
374 2659 423 2688 Ed.
439 2659 518 2689 Μαίη.
535 2660 599 2696 legit
613 2660 778 2690 Atrebatem.
799 2661 922 2690 ecclesiis
937 2661 975 2697 (n.
991 2661 1040 2695 T.).

1077 305 1107 332 et
1126 298 1353 333 Audomarensi
1377 297 1493 331 mensis
1519 294 1751 341 episcopalibus
1768 305 1821 327 an-

1076 363 1173 386 nuurn
1192 353 1349 387 redditum
1368 352 1461 385 trium
1480 350 1613 384 millium
1632 349 1817 382 ducatorum

1077 407 1145 439 auri
1163 407 1201 439 de
1221 409 1346 439 camera
1364 416 1397 438 ex
1420 405 1512 438 certis
1529 403 1658 437 decimis
1687 406 1716 436 et
1731 401 1821 436 bonis

1078 470 1114 492 ae
1138 459 1302 499 fructibus,
1320 458 1493 491 redditibus
1507 462 1536 491 et
1552 455 1757 501 proventibus
1775 465 1822 488 ec-

1079 511 1275 552 clesiasticis,
1301 522 1358 554 per
1383 511 1500 544 dietum
1524 510 1674 544 nuncium
1701 509 1820 553 specifi-

1079 565 1185 598 eandis
1210 570 1241 598 et
1264 565 1481 608 repartiendis,
1499 576 1534 598 ex
1560 570 1643 605 tunc,
1666 568 1760 608 prout
1783 573 1819 595 ex

1079 617 1109 650 a¹
1128 618 1188 659 die,
1207 623 1237 651 et
1254 629 1270 651 e
1283 621 1400 659 contra,
1419 623 1586 662 postquam
1605 616 1774 661 specificati
1793 621 1821 648 et

1079 672 1231 716 reparfiti,
1248 682 1284 704 ac
1304 671 1439 714 interim,
1454 671 1554 704 donec
1579 671 1769 714 specificatio
1793 673 1823 703 et

1079 725 1241 769 repartitio
1266 724 1446 758 huiusmodi
1478 725 1575 757 sactae
1612 729 1642 756 et
1677 724 1821 756 effectum

1080 779 1207 812 sortitae
1232 779 1343 821 forent,
1370 783 1399 811 et
1422 788 1486 812 non
1510 778 1603 818 ultra,
1633 777 1761 810 cuilibet
1786 787 1821 809 ex

1080 831 1250 875 praedictis
1275 831 1392 864 mensis
1416 841 1475 875 pro
1500 841 1609 864 earum
1635 830 1706 863 dote
1726 829 1821 862 alium

1079 884 1237 917 redditum
1261 895 1401 917 annuum
1426 884 1511 917 mille
1532 888 1562 916 et
1578 883 1821 927 quingentorum

1080 938 1266 971 ducatorum
1284 937 1435 971 similium
1453 937 1625 981 peripsum
1644 936 1821 979 Philippum

1080 1002 1187 1034 regem
1208 1002 1246 1024 ex
1270 991 1446 1024 redditibus
1464 996 1494 1024 et
1509 990 1724 1034 proventibus,
1742 999 1820 1033 quos

1081 1055 1118 1077 ex
1142 1044 1224 1078 dicta
1252 1045 1383 1088 regione
1413 1043 1619 1088 percipiebat,
1645 1042 1762 1086 iprensi
1791 1047 1821 1075 et

1081 1099 1308 1132 Audomarensi
1334 1098 1490 1142 episcopis
1514 1108 1572 1141 pro
1598 1102 1741 1140 tempore
1758 1096 1823 1129 exi-

1081 1153 1234 1186 stentibus
1258 1152 1389 1195 singulis
1416 1151 1505 1195 annis
1535 1152 1727 1194 <quousque
1756 1160 1824 1194 spe-

1080 1206 1213 1239 cificatio
1241 1211 1271 1238 et
1295 1205 1457 1250 repartitio
1488 1205 1645 1249 praefatae
1676 1204 1823 1237 effectum

1080 1259 1208 1293 sortitae
1239 1269 1303 1292 non
1333 1259 1466 1300 foi-ent2,
1484 1270 1519 1292 ac
1550 1269 1608 1302 pro
1635 1259 1671 1291 ea
1702 1263 1822 1291 tantum

1080 1318 1189 1357 parte,
1222 1323 1301 1357 quae
1336 1313 1512 1356 plenarium
1548 1323 1639 1345 suum
1677 1311 1822 1344 effectum

1080 1366 1184 1399 minus
1209 1367 1319 1399 sortita
1346 1367 1435 1407 soret,
1453 1377 1511 1399 nec
1539 1366 1634 1410 ultra)
1650 1366 1771 1408 integre
1793 1371 1822 1398 et

1080 1420 1359 1463 proportionaliter
1383 1420 1645 1464 persolvendum,
1670 1423 1822 1463 perpetuo

1080 1473 1291 1516 applicaverat
1312 1479 1341 1506 et
1361 1473 1639 1517 appropriaverat;
1657 1472 1820 1516 eidemque

1082 1526 1226 1570 Philippo
1251 1526 1329 1569 regi,
1351 1527 1479 1570 suisque
1507 1525 1752 1566 suecessoribus,
1769 1525 1822 1569 qui

1081 1590 1139 1622 pro
1165 1583 1304 1623 tempore
1330 1579 1469 1612 eiusdem
1493 1580 1632 1622 regionis
1655 1579 1687 1611 in
1708 1583 1823 1622 tempo-

1081 1632 1199 1665 ralibus
1223 1633 1342 1665 domini
1359 1636 1472 1673 essent,
1490 1633 1538 1665 ius
1558 1632 1741 1665 nominandi
1766 1633 1823 1664 Ro-

1081 1697 1174 1720 mano
1199 1686 1340 1721 Pontifici
1365 1696 1516 1730 personas
1540 1686 1678 1726 idoneas,
1696 1696 1731 1718 ac
1747 1685 1822 1718 alias

1082 1741 1174 1774 certis
1192 1745 1266 1774 tunc
1290 1740 1446 1784 expressis
1464 1740 1558 1773 modo
1578 1744 1608 1772 et
1632 1740 1734 1772 forma
1751 1749 1824 1782 qua-

1080 1794 1222 1835 lificatas,
1235 1794 1274 1827 ad
1287 1794 1384 1827 dictas
1398 1794 1556 1838 Iprensem
1570 1798 1600 1826 et
1611 1793 1823 1827 Audomaren-

1081 1858 1145 1881 sem
1164 1858 1200 1881 ac
1217 1848 1293 1880 alias
1310 1847 1505 1881 cathedrales
1523 1847 1671 1880 ecclesias
1692 1847 1736 1880 sic
1753 1857 1822 1879 ere-

1081 1906 1155 1943 ctas,
1170 1905 1233 1935 tam
1250 1912 1266 1934 a
1283 1901 1445 1945 primaeva
1455 1901 1613 1934 erectione
1630 1900 1819 1943 huiusmodi,

1081 1965 1175 1998 quam
1200 1954 1463 1998 quotiescumque
1495 1955 1562 1987 illas
1594 1965 1652 1999 pro
1677 1959 1821 1998 tempore

1081 2018 1191 2041 vacare
1205 2008 1410 2051 contingeret,
1424 2007 1524 2041 eidem
1539 2007 1774 2052 praedecessori
1792 2011 1822 2039 et

1081 2062 1222 2095 Romano
1246 2062 1398 2102 Pontifici,
1419 2061 1471 2105 qui
1489 2072 1546 2105 pro
1572 2066 1714 2105 tempore
1731 2061 1820 2101 soret,

1080 2126 1136 2159 per
1160 2126 1233 2148 eum
1266 2116 1299 2148 in
1323 2115 1578 2159 archiepiscopos
1603 2120 1633 2148 et
1657 2115 1821 2158 episcopos

1079 2169 1118 2202 ad
1142 2169 1387 2202 nominationem
1414 2168 1595 2202 huiusmodi
1620 2167 1819 2209 ordinandas,

1079 2223 1111 2256 in
1134 2227 1323 2267 perpetuum
1348 2228 1563 2256 reservaverat
1586 2232 1643 2266 per
1668 2221 1819 2265 quasdam

1079 2276 1136 2309 sub
1162 2277 1304 2320 plumbo;
1323 2282 1353 2309 et
1377 2276 1489 2309 deinde
1514 2287 1571 2320 per
1595 2275 1671 2308 alias
1697 2286 1767 2308 suas
1788 2275 1819 2307 in

1078 2330 1179 2363 forma
1204 2330 1311 2363 Brevis
1335 2331 1453 2363 litteras
1474 2329 1643 2362 venerabili
1661 2329 1748 2362 fratri
1766 2339 1821 2361 no-

1078 2389 1153 2426 stro,
1179 2388 1253 2417 tunc
1277 2394 1343 2426 suo,
1370 2383 1522 2417 Salvatori
1547 2383 1697 2427 episcopo
1722 2383 1816 2416 Clusi-

1076 2438 1175 2480 nensi,
1201 2448 1258 2471 suo
1283 2441 1313 2471 et
1336 2437 1533 2481 Apostolicae
1550 2437 1638 2470 Sedis
1654 2436 1769 2470 nuncio
1788 2436 1820 2470 in

1113 2527 1122 2553 1
1142 2524 1188 2552 Vel
1207 2525 1350 2560 legendum
1366 2533 1402 2552 ex
1416 2526 1460 2559 ec‘z,
1477 2525 1516 2552 vel
1537 2525 1697 2561 simpliciter
1711 2532 1756 2559 ex,
1773 2528 1820 2552 aut

1075 2570 1233 2606 simpliciter
1247 2579 1265 2596 α
1284 2570 1321 2605 (a.
1338 2572 1388 2603 T.).

1110 2615 1126 2642 2
1146 2615 1199 2643 Ista
1213 2615 1295 2642 verba
1309 2615 1440 2650 effectum
1453 2615 1572 2645 sortitae
1587 2624 1644 2644 non
1659 2616 1752 2650 forent
1771 2615 1819 2642 ad-

1074 2660 1163 2689 denda
1182 2660 1340 2689 censuimus
1361 2662 1397 2696 (n.
1415 2663 1464 2695 r.).

1725 238 1788 271 4337
1837 247 1885 273 An,
1901 246 1928 273 c.
1952 245 2019 273 1626
