2269 3235
246 309 332 336 Aac.
357 309 423 337 1624

253 2083 345 2109 Elissatur
354 2086 424 2104 rii-tos

242 2116 261 2130 in
296 2116 424 2136 unaquaque

241 2137 346 2157 cuswdta.

471 301 533 335 152

440 359 625 393 auctoritate
648 360 868 405 praecepimus
892 365 918 393 et
947 362 1181 403 mandavimus,

440 412 525 456 quod
551 413 580 445 in
605 414 748 457 proxima
776 418 849 446 tunc
877 414 982 446 futura
1007 425 1180 458 congreg-a-

442 465 524 498 tione
558 466 688 498 fratrum
720 466 972 500 Reformatorum
1002 467 1181 512 provinciae

440 518 630 557 huiusmodi,
648 530 705 564 per
725 520 871 553 eumdem
897 525 971 554 tunc
995 521 1179 554 existentem

440 571 601 604 custodem
627 571 792 613 habenda,
817 573 925 606 eadem
957 574 1117 618 provincia
1149 575 1179 607 in

440 630 502 657 tres
526 624 715 668 provincias,
741 625 825 660 iuxta
850 633 913 659 tres
938 628 1043 669 valles,
1067 638 1180 672 nempe

439 677 477 709 ‹le
501 678 632 718 Mazara,
648 678 786 712 Demona
805 685 834 712 et
857 681 948 721 Noto,
970 681 1010 714 ita
1036 687 1068 714 ut
1085 692 1180 714 unus-

438 730 572 775 quisque
589 731 745 765 dictorum
765 733 896 767 fratrum
927 735 1179 768 Reformatorum

438 784 534 828 ipsius
558 785 739 829 provinciae
756 786 786 819 iu
808 787 945 831 propriis
970 787 1115 821 domibus
1136 799 1181 821 re-

438 837 601 879 gularibus
626 839 778 884 cuiusque
802 850 838 873 ex
859 841 960 873 tribus
977 841 1110 874 vallibus
1128 842 1181 875 liu-

438 891 590 933 iusmodi,
615 903 651 925 ex
676 904 738 937 qua
762 893 915 926 oriundus
940 899 1039 935 esset,
1065 894 1180 937 degere

438 945 579 987 deberet,
603 952 698 990 prout
721 947 855 991 desuper
880 947 919 979 ab
945 948 1086 980 eiusdem
1111 958 1180 992 pro-

438 998 557 1032 vinciae
590 999 750 1033 visitatore
788 1005 818 1033 et
855 1000 984 1034 custode
1016 1001 1178 1035 decretum

438 1051 565 1092 fuisset,
591 1052 776 1086 auctoritate
800 1054 961 1097 praedicta
987 1054 1181 1088 divideretur

437 1115 473 1137 ac
493 1110 703 1149 separaretur,
717 1105 876 1150 dividique
903 1118 939 1139 ac
960 1108 1099 1151 separari
1117 1119 1181 1141 om-

438 1158 512 1191 nino
537 1158 684 1200 deberet,
709 1165 804 1203 prout
834 1160 865 1193 in
889 1162 1006 1194 nostris
1030 1161 1061 1194 in
1086 1162 1179 1195 simili

437 1212 538 1245 forma
563 1212 670 1245 Brevis
695 1213 753 1246 sub
777 1214 827 1247 die
851 1225 905 1248 x1v
932 1215 1081 1248 februarii
1106 1227 1179 1259 pro-

437 1264 521 1298 xime
546 1266 708 1310 praeteriti
726 1267 862 1312 desuper
881 1268 1034 1313 expeditis
1057 1269 1179 1310 litteris,

437 1329 571 1361 quarum
596 1325 722 1353 tenores
746 1321 964 1364 praesentibus
980 1333 1039 1366 pro
1056 1333 1181 1366 expres-

438 1371 479 1404 sis
497 1372 607 1406 haberi
625 1373 781 1415 volunum,
795 1374 919 1418 plenius
936 1375 1122 1409 continetur.

482 1426 497 1469 g
522 1425 551 1459 ⁶2.
570 1427 657 1460 Nunc
679 1433 795 1469 autem,
820 1429 900 1461 felici
918 1429 1104 1463 eorumdem
1121 1431 1180 1462 fra-

439 1485 522 1512 trum
562 1481 719 1523 gubernio
751 1493 786 1515 ac
817 1482 1002 1524 directioni,
1027 1489 1179 1527 quantum

437 1533 528 1567 nobis
552 1544 588 1566 ex
607 1535 670 1568 alto
688 1536 881 1577 conceditur,
898 1538 1093 1581 peramplius
1111 1548 1181 1571 con·
1196 1546 1198 1555 ¹

439 1587 541 1619 sulere
566 1588 716 1629 volentes,
739 1590 1019 1633 supplicationibus
1044 1591 1116 1623 dieti
1136 1591 1181 1624 In-

439 1641 574 1675 nocentii
591 1642 718 1675 nomine
731 1642 822 1675 nobis
838 1654 933 1687 super
946 1644 1005 1676 hoc
1019 1644 1181 1677 humiliter

438 1695 593 1738 porrectis
618 1696 774 1737 inclinati,
799 1696 913 1730 dilecto
937 1697 1003 1730 filio
1028 1698 1179 1730 visitatori

439 1749 622 1781 eorumdem
636 1749 770 1782 fratrum
784 1750 846 1782 iam
859 1750 1014 1784 destinato
1027 1761 1084 1794 per
1095 1762 1181 1795 prae-

439 1806 542 1834 sentes
559 1802 786 1836 committimus
810 1808 840 1836 et
864 1804 1060 1845 mandamus,
1078 1810 1111 1837 ut
1131 1815 1181 1838 ca-

439 1854 574 1898 pitulum
599 1856 836 1900 quamprimum
857 1856 1004 1899 celebret,
1026 1857 1058 1889 in
1081 1868 1181 1901 eoque

439 1908 634 1952 provinciam
659 1909 870 1953 praedictam,
892 1910 977 1943 iuxta
1002 1911 1180 1944 litterarum

440 1962 622 1996 huiusmodi
646 1963 781 1996 formam
812 1969 842 1996 et
870 1969 1033 2006 tenorem,
1058 1971 1181 2009 separet

441 2020 471 2048 et
495 2015 620 2049 dividat.

484 2069 499 2114 5
522 2068 551 2103 3.
578 2070 719 2114 Insuper,
743 2071 826 2115 quod
852 2070 883 2103 in
908 2071 1018 2104 eodem
1043 2072 1198 2115 capitulo*

440 2128 504 2157 tres
520 2124 666 2157 custodes
683 2124 778 2158 modo
796 2125 998 2169 infrascripto
1014 2126 1180 2169 eligantur,

440 2176 583 2210 videlieet
599 2183 630 2210 ut
650 2189 667 2210 a
691 2178 852 2211 vocalibus
872 2178 1040 2212 domorum
1059 2180 1182 2222 regula-

440 2230 522 2263 rium
547 2231 712 2264 cuiuslibet
736 2232 825 2264 vallis
855 2235 885 2266 et
915 2232 1075 2266 custodiae
1100 2244 1181 2266 unus

440 2283 512 2318 dicti
538 2284 663 2318 Ordinis
687 2286 848 2329 professor
865 2285 896 2318 in
922 2285 1031 2319 eadem
1055 2286 1134 2320 valle
1152 2292 1199 2320 et?

440 2338 581 2370 custodia
607 2338 759 2372 oriundus
784 2339 814 2371 in
839 2339 1012 2380 custodem,
1036 2350 1095 2373 nec
1118 2350 1199 2373 nont

1197 2391 1245 2438 let
1274 2391 1407 2435 singulis
1438 2402 1500 2425 non
1531 2397 1694 2436 parentes,
1720 2403 1775 2426 seu
1805 2392 1958 2434 rebelles,

442 2396 504 2423 tres
536 2392 663 2425 discreti
696 2392 885 2426 custodiales
921 2393 1061 2426 eiusdem
1093 2394 1182 2427 vallis

442 2446 613 2488 eligantur,
638 2456 654 2478 a
680 2445 794 2489 quibus
822 2456 857 2479 ea
882 2447 1024 2480 custodia
1054 2453 1183 2491 regatur

441 2504 467 2531 «t
496 2499 701 2541 gubernetur,
726 2505 821 2544 prout
845 2511 861 2533 a
886 2500 1036 2534 fratribus
1053 2501 1200 2538 Minori-,¹

443 2553 499 2584 bus
524 2552 597 2585 dicti
615 2553 750 2594 Ordinis,
764 2554 968 2599 Cappuccinis
985 2555 1182 2600 nuncupatis,
1199 2575 1200 2583 κ

443 2606 473 2637 in
498 2605 610 2639 eodem
635 2617 733 2650 regno
753 2607 968 2649 existentibus,
986 2608 1053 2641 fieri
1075 2608 1184 2641 asseri-

445 2664 505 2701 tur,
522 2669 558 2691 ac
582 2659 691 2693 iisdem
717 2660 811 2694 modo
825 2665 855 2695 et
874 2661 987 2701 forma,
1004 2666 1031 2694 et
1052 2671 1116 2695 non
1132 2662 1184 2695 ali-

444 2718 501 2753 ter,
526 2712 694 2747 divisiones
718 2718 747 2746 et
772 2714 939 2748 electiones
962 2714 1046 2748 stant.

1024 314 1202 339 mikilamma
1226 313 1381 340 ROMANUM

1198 2442 1200 2452 t

1198 2453 1200 2466 l

1970 317 2019 345 Αη,
2032 318 2060 345 C.
2083 319 2151 347 ¹624

1259 363 1274 405 ,ξ
1298 364 1327 397 4.
1354 364 1390 396 Et
1413 362 1486 408 quia
1508 363 1538 396 in
1561 362 1671 397 eodem
1691 374 1790 408 regno
1809 366 1953 400 nonnulli
1969 406 1972 409 Δ
1991 379 2150 402 *anemonen

1215 415 1288 449 dicti
1306 416 1430 449 Ordinis
1446 416 1641 461 professores
1661 417 1758 451 exteri
1772 424 1802 451 et
1818 419 1954 453 diversa·
1968 407 2150 462 ἱῗῗῗιιῖξῗηῖᾚῖ

1216 480 1284 502 rum
1305 470 1466 503 nationum
1492 469 1705 514 reperiuntur,
1721 470 1760 503 ad
1784 472 1953 505 tollendam
1968 460 2092 481 ‘'¹¹⁵i⁰‘¹'“¹¹¹'

1215 533 1339 556 omnem
1357 523 1583 565 difficultatem,
1600 523 1638 556 iis
1655 528 1778 568 tempus
1798 535 1850 558 sex
1871 536 1955 559 men-

1215 576 1295 609 sium
1310 577 1500 610 concedatur
1509 577 1546 609 ad
1558 577 1805 619 deliberandum,
1817 578 1848 610 in
1860 589 1954 622 quam

1215 632 1388 665 custodiam
1407 637 1437 665 et
1454 632 1565 665 vallem
1591 643 1623 665 se
1641 632 1736 665 velint
1758 633 1911 677 recipere,
1925 638 1956 666 et

1214 685 1295 717 facta
1312 685 1536 719 deliberatione
1554 685 1746 726 huiusmodi,
1759 695 1816 718 nec
1834 685 1878 719 illi
1897 696 1956 719 nec

1214 748 1248 770 ex
1267 738 1378 771 eodem
1396 749 1495 781 regno
1509 738 1632 771 oriundi
1650 739 1761 771 fratres
1774 738 1954 772 huiusmodi

1213 791 1252 823 de
1276 793 1337 824 una
1362 791 1400 824 ad
1425 792 1517 825 aliam
1543 792 1667 833 vallem,
1687 792 1804 836 absque
1828 785 1962 825 licentia‘

1214 843 1320 876 vicarii
1351 845 1506 886 generalis
1536 845 1667 879 fratrum
1700 845 1954 878 Reformatorum

1213 895 1287 928 dieti
1312 896 1437 930 Ordinis
1457 907 1492 930 ac
1516 898 1655 930 unanimi
1674 908 1828 931 consensu
1848 903 1953 932 custo-

1214 949 1289 981 dum
1310 953 1340 983 et
1363 950 1572 984 discretorum
1597 951 1816 984 custodialiurn
1836 951 1952 985 utrius

1213 1011 1274 1044 que
1291 1002 1380 1034 vallis
1397 1007 1427 1034 et
1444 1003 1613 1044 custodiae,
1630 1003 1765 1038 transire
1780 1004 1910 1048 possint,
1924 1010 1955 1037 et

1214 1053 1239 1085 si
1253 1064 1307 1087 eos
1321 1054 1359 1087 ad
1373 1054 1466 1086 aliam
1480 1055 1654 1088 custodiam
1671 1056 1805 1090 transire
1818 1057 1955 1101 contige-

1214 1106 1264 1147 rit,
1282 1107 1314 1140 in
1331 1107 1383 1140 illa
1399 1118 1456 1151 per
1472 1107 1660 1141 decennium
1674 1113 1781 1142 votum
1795 1110 1953 1154 passivum

1215 1161 1332 1194 habere
1352 1166 1518 1205 nequeant.

1258 1214 1273 1257 ξ
1289 1214 1318 1247 5.
1333 1215 1508 1255 Praeterea,
1524 1214 1563 1248 ad
1580 1214 1770 1249 obviandum
1786 1216 1954 1260 perturba·
1984 1228 2153 1260 ,nesignamru-

1214 1267 1362 1309 tionibus,
1387 1279 1467 1312 quae
1492 1279 1528 1301 ex
1554 1269 1770 1302 controversia
1783 1270 1861 1303 oriri
1885 1281 1956 1314 pos·
1969 1256 2152 1308 ffl2¹¹2³„5223}{2}'

1214 1326 1295 1362 sent,
1319 1321 1389 1365 quis
1419 1322 1522 1365 sigilla
1546 1322 1662 1356 habere
1687 1323 1817 1364 debeat,
1842 1323 1953 1357 iisdem

1214 1375 1334 1418 sigillis,
1345 1375 1438 1419 quae*
1449 1387 1520 1409 cum
1535 1376 1672 1420 imagine
1686 1377 1782 1410 sancti
1794 1377 1954 1411 Michaelis

1213 1428 1394 1472 archangeli
1420 1429 1457 1461 ad
1482 1440 1631 1473 praesens
1649 1430 1864 1473 reperiuntur,
1882 1441 1953 1464 cum

1214 1481 1307 1515 etiam
1329 1482 1368 1514 ab
1385 1482 1453 1515 aliis
1477 1483 1627 1515 fratribus
1644 1483 1832 1516 Reformatis
1849 1484 1953 1517 Italiae

1214 1535 1398 1577 habeantur,
1415 1536 1551 1579 amplius
1564 1536 1709 1569 custodes
1725 1536 1878 1580 praedicti
1892 1547 1954 1570 non

1214 1593 1356 1628 utentur,
1374 1588 1427 1621 sed
1448 1599 1507 1632 pro
1532 1589 1612 1622 valle
1630 1594 1661 1622 et
1676 1589 1819 1623 custodia
1839 1590 1877 1622 de
1896 1590 1957 1623 Ma-

1214 1652 1283 1675 zara
1300 1653 1371 1675 cum
1389 1642 1470 1675 beati
1487 1643 1631 1676 Matthaei
1656 1642 1694 1675 de
1711 1643 1900 1686 Agrigen103
1925 1649 1955 1677 et

1213 1706 1271 1739 pro
1288 1696 1368 1729 valle
1385 1701 1414 1728 et
1431 1696 1572 1730 custodia
1588 1696 1626 1728 de
1643 1697 1724 1730 Noto
1741 1707 1812 1729 cum
1831 1702 1955 1730 sanctae

1214 1749 1336 1791 Luciae,
1361 1760 1397 1782 ac
1421 1760 1479 1793 pro
1504 1750 1585 1782 valle
1607 1754 1637 1782 et
1658 1750 1800 1783 custodia
1818 1750 1956 1784 Demona

1214 1814 1286 1836 cum
1311 1809 1493 1836 sanctorum
1509 1803 1644 1844 Martini,
1661 1803 1777 1836 Placidi
1802 1808 1832 1836 et
1856 1804 1956 1837 socio-

1214 1867 1285 1889 rum
1298 1856 1488 1900 imaginibus
1503 1856 1605 1899 sigilla
1617 1856 1792 1900 respective
1806 1857 1890 1890 fiant.
1902 1857 1957 1891 Cu-

1214 1910 1318 1944 stodes
1330 1916 1446 1952 autem,
1456 1920 1516 1954 pro
1530 1909 1665 1953 negotiis
1679 1910 1711 1942 in
1724 1909 1815 1944 dictis
1824 1910 1958 1944 vallibus

1214 1968 1244 1998 et
1268 1963 1418 1997 custodiis
1440 1974 1499 2008 pro
1522 1969 1666 2008 tempore
1694 1964 1935 1998 occurrentibus
1949 1992 1957 2006 ,

1215 2017 1352 2058 socium,
1378 2017 1430 2061 qui
1455 2027 1509 2051 eos
1534 2017 1566 2050 in
1590 2017 1757 2051 scribendo
1782 2017 1957 2060 coadiuvet,

1214 2071 1332 2104 habere
1346 2071 1478 2115 possint,
1492 2082 1564 2104 cum
1581 2071 1673 2104 titulo
1690 2076 1720 2105 et
1735 2071 1863 2105 nomine
1879 2071 1957 2105 scri-

1214 2124 1395 2168 ptoris,non
1412 2128 1516 2157 autem
1538 2124 1710 2165 secretarii,
1723 2124 1775 2168 qui
1785 2129 1956 2169 propterea

1215 2178 1300 2210 nullo
1313 2177 1489 2221 privilegio,
1507 2178 1655 2222 nullaque
1671 2178 1871 2222 exemptione
1883 2188 1957 2221 gau-

1215 2231 1294 2272 deat,
1320 2231 1374 2264 sed
1398 2231 1652 2276 praecedentiam
1677 2232 1738 2264 sibi
1762 2232 1882 2266 ratione
1907 2242 1958 2265 an-

1214 2284 1364 2318 tianitatis
1389 2285 1420 2318 in
1440 2285 1569 2328 regione
1590 2290 1822 2330 competentem
1839 2286 1958 2319 dumta-

1215 2344 1266 2370 xat
1290 2338 1412 2371 habeat.
1437 2338 1587 2382 Quodque
1612 2339 1795 2383 praemissis
1812 2339 1959 2373 omnibus

1991 1706 2067 1727 emtas
2076 1708 2154 1728 habeat

1970 1737 2102 1761 scriptorem.

1198 2445 1551 2479 excommunicationis
1586 2456 1622 2479 ac
1658 2446 1842 2490 privationis
1873 2446 1958 2480 vocis

1217 2498 1336 2531 activae
1357 2503 1386 2531 et
1410 2498 1552 2542 passivae
1574 2509 1692 2543 poenas
1717 2499 1786 2543 ipso
1810 2499 1892 2532 sacto
1917 2499 1959 2532 in-

1216 2557 1355 2593 currant,
1380 2552 1552 2596 apostolica
1577 2553 1763 2586 auctoritate
1787 2552 1958 2597 praedicta,

1216 2611 1326 2639 tenore
1349 2605 1574 2650 praesentium,
1593 2605 1758 2639 statuimus
1783 2609 1813 2640 et
1835 2605 1958 2639 ordina-

1252 2724 1264 2750 1
1283 2722 1353 2751 Edit.
1369 2722 1452 2751 Maia.
1467 2722 1532 2759 legit
1547 2722 1598 2758 qui
1613 2724 1652 2758 (rt.
1670 2723 1718 2757 τ,).
