2269 3235
97 246 146 276 An.
166 246 197 276 G.
217 246 285 276 ¹625

134 2009 164 2030 De
179 2010 279 2031 tectorum

93 2036 208 2062 stipendio.

910 248 1053 273 URBANUS
1072 248 1128 272 vlu
1148 249 1197 273 1'1‘.

293 294 429 338 giorum,
449 294 527 329 adeo
550 300 584 329 ut
608 301 777 340 propterea
793 306 855 330 non
875 301 1032 340 appareat,

294 346 422 392 quinam
438 347 520 381 intra
532 358 700 382 numerum
713 353 899 382 censeantur
913 349 1033 389 inclusi,

294 411 331 433 ex
355 399 404 433 his
429 400 519 433 electi
544 401 773 444 intelligantur,
798 401 851 444 qui
876 401 979 444 primo
1005 401 1034 433 in

294 453 366 486 albo
390 454 629 496 collegiatorum
653 453 855 498 reperiuntur
876 453 1033 497 descripti.

338 507 396 546 Qui
420 506 547 551 quidem
571 507 616 540 sic
640 507 731 540 electi
755 506 899 539 similiter
928 517 1034 540 coram

295 560 453 604 episcopo,
473 570 528 593 seu
552 560 618 593 eius
643 559 782 602 generali
807 559 934 599 vicario,
956 559 1035 592 infra

295 612 434 646 triduum
448 613 561 646 iterum
580 617 823 655 congregentur,
838 623 873 645 ac
886 612 1035 656 praestito

294 666 383 710 prius
399 666 576 699 iuramento
598 665 631 698 in
647 666 793 699 manibus
817 666 955 709 episcopi
982 676 1036 699 seu

295 718 403 752 vicarii
427 719 465 752 de
489 719 640 762 eligendis
665 719 847 760 lectoribus,
872 730 951 763 quos
975 730 1037 752 ma-

295 772 343 816 gis
360 772 481 816 dignos,
498 777 591 816 atque
607 772 728 805 habiles
745 772 960 814 iudicaverint,
979 784 1036 817 per

295 831 415 859 secreta
438 825 588 868 suffragia
611 826 675 858 una
700 836 771 858 cum
797 826 960 870 episcopo,
981 837 1036 859 seu

295 878 362 911 eius
385 878 514 919 vicario,
531 884 566 911 ut
589 889 694 922 supra,
715 884 745 911 et
768 879 875 922 priore
900 879 1035 922 collegii,

294 932 348 977 qui
372 932 468 966 suerit
490 943 548 976 pro
573 937 716 976 tempore
731 960 738 973 ,
763 933 880 976 eligant
903 933 1037 965 lectores

294 986 420 1019 iuristas
432 996 492 1030 pro
505 985 648 1029 sequenti
662 995 760 1018 anno:
775 986 870 1029 etqui
884 986 1034 1018 maiorem

293 1043 417 1083 partem
444 1039 613 1073 habuerint
643 1039 890 1082 suffragiorum,
918 1039 950 1071 hi
978 1049 1036 1082 pro

295 1092 405 1126 eodem
425 1102 506 1125 anno
522 1097 654 1133 tantum,
673 1103 744 1125 cum
762 1092 886 1132 salario,
905 1092 1036 1125 materia

295 1150 326 1178 et
348 1145 429 1178 hora
458 1145 568 1178 eodem
593 1150 741 1178 contextu
765 1145 1036 1189 praescribendis,

294 1198 355 1233 sint
378 1203 408 1231 et
428 1203 614 1232 censeantur
631 1198 785 1231 conducti.
805 1198 893 1237 Quod
918 1198 943 1231 si
967 1198 1037 1242 quis

295 1263 332 1285 ex
357 1252 547 1286 electoribus
567 1251 790 1295 suprascriptis
814 1252 961 1292 noluerit,
985 1257 1037 1285 aut

294 1315 357 1338 non
380 1304 519 1349 potuerit
543 1304 688 1338 electioni
714 1305 884 1345 interesse,
909 1305 956 1337 ius
981 1305 1036 1338 eli-

294 1358 388 1401 gendi
412 1363 573 1391 remaneat
597 1368 694 1402 penes
719 1358 796 1391 alios
820 1364 1011 1402 praesentes.

337 1411 394 1445 Die
428 1417 533 1445 autem
568 1411 747 1444 immediate
780 1412 943 1455 sequenti,
968 1418 1038 1456 post

294 1465 473 1508 collegium,
487 1470 521 1498 ut
538 1475 642 1509 supra,
659 1465 801 1497 habitum
819 1466 857 1498 ab
873 1466 1037 1510 utriusque

295 1519 373 1552 iuris
398 1518 589 1559 doctoribus,
605 1524 816 1561 congregetur
840 1519 956 1552 ibidem
975 1520 1037 1552 eol-

295 1572 413 1615 legium
437 1572 658 1616 philosophiae
677 1576 708 1605 et
732 1571 906 1605 medicinae
932 1573 1037 1606 docto-

294 1638 366 1660 rum
391 1637 497 1660 coram
518 1627 679 1671 episcopo,
697 1636 752 1659 seu
777 1627 844 1659 cius
862 1627 989 1667 vicario,
1008 1632 1037 1659 et

294 1680 379 1713 iuxta
402 1680 536 1713 sormam
562 1679 706 1723 superius
730 1679 957 1723 praescriptam
986 1679 1038 1712 eli-

294 1738 408 1776 gantur
424 1743 478 1766 sex
494 1732 640 1765 doctores
656 1742 693 1765 ex
712 1743 846 1776 corpore
859 1733 959 1776 ipsius
973 1734 1036 1766 eol-

294 1785 449 1830 1egii‚qui
473 1785 600 1829 quidem
625 1785 725 1826 electi,
750 1786 911 1829 praestito,
933 1790 966 1818 ut
990 1797 1038 1819 su-

293 1851 367 1885 pra,
386 1839 581 1880 iuramento,
605 1841 666 1872 una
690 1850 762 1873 cum
787 1840 957 1884 episcopo,
982 1851 1036 1873 seu

294 1892 428 1933 vicario,
453 1896 483 1926 et
505 1892 612 1937 priore
637 1893 782 1936 collegii,
808 1893 918 1926 eodem
943 1894 1036 1927 modo

294 1947 411 1990 eligant
430 1950 460 1981 et
476 1947 651 1980 conducant
675 1947 808 1981 lectores
829 1959 887 1991 pro
908 1948 1035 1982 artibus.

338 2000 385 2033 IV.
411 2001 445 2033 In
468 2000 588 2033 salariis
613 2010 687 2034 vero
711 2000 906 2044 assignandis
922 2011 957 2034 ac
977 2001 1037 2034 dis-

294 2053 469 2087 tribuendis
496 2053 557 2087 hoc
585 2064 688 2094 anno,
715 2053 798 2086 idern
831 2055 974 2095 rotulus,
1004 2059 1037 2087 ut

295 2117 390 2152 supra
409 2107 579 2148 confectus,
597 2112 750 2148 servetur,
768 2107 859 2141 etiarn
881 2118 981 2151 usque
998 2108 1036 2141 ad

295 2160 559 2204 complementum
576 2160 796 2204 assignationis
813 2161 845 2193 in
861 2161 972 2194 eodem
986 2172 1036 2194 ex-

295 2223 441 2256 pressae:
467 2213 579 2247 salaria
609 2225 645 2247 ex
676 2215 789 2248 suturis
819 2215 1035 2248 vacationibus

297 2265 522 2300 distribuantur
544 2268 717 2312 aequaliter
748 2268 829 2301 inter
858 2279 966 2302 omnes
990 2269 1034 2301 le-

298 2323 400 2352 ctores
423 2320 456 2352 in
478 2321 582 2354 rotulo
607 2321 794 2366 descriptos,
815 2322 840 2355 si
864 2327 938 2355 tunc
955 2327 1034 2355 tem-

297 2372 385 2416 poris
409 2373 580 2407 secundum
610 2375 745 2408 sormam
778 2375 924 2419 superius
948 2386 1036 2419 prae-

297 2425 447 2470 scriptam
477 2427 621 2461 conducti
645 2429 867 2472 reperiantur,
896 2429 1035 2464 detracta

296 2484 401 2512 tamen
434 2479 523 2523 prius
558 2481 705 2524 portione
739 2482 910 2516 lectoribus
952 2483 1031 2516 assi-

296 2532 430 2576 gnanda,
448 2532 473 2565 si
490 2533 543 2576 qui
567 2533 605 2566 de
620 2544 701 2568 novo
721 2540 813 2568 erunt
829 2535 1034 2576 conducendi,

296 2585 344 2618 vel
367 2585 399 2618 in
416 2585 545 2619 alterius
568 2586 673 2620 locum
697 2588 909 2631 subrogandi,
927 2593 957 2621 et
981 2589 1034 2633 qui

293 2637 398 2683 primo
421 2638 461 2672 ad
484 2638 602 2673 dictum
634 2641 901 2685 complementum
924 2652 1034 2685 perve-

1066 297 1179 337 nerint,
1197 306 1320 330 cessare
1337 295 1470 328 debeant
1488 294 1518 327 in
1539 294 1714 335 augmentis
1734 304 1805 336 per-

1067 350 1241 393 cipiendis,
1268 359 1429 393 usquequo
1453 348 1586 381 aliorum
1612 346 1751 379 omnium
1777 352 1807 378 et

1068 403 1264 445 singulorum
1296 402 1465 445 assignatio
1502 402 1532 434 in
1565 401 1674 434 eodem
1703 400 1806 433 rotulo

1068 466 1215 499 expressa
1240 455 1347 487 itidem
1373 456 1529 499 completa
1553 454 1655 487 suerit.

1113 508 1223 540 Postea
1233 518 1306 540 vero
1319 507 1347 539 in
1360 514 1546 551 perpetuum
1557 512 1698 541 servetur
1708 507 1808 540 forma

1068 560 1275 604 infrascripta.
1290 560 1320 592 Si
1335 570 1397 603 qua
1410 572 1482 603 pars
1499 562 1648 604 pecuniae
1664 566 1733 604 post
1746 571 1809 593 om-

1068 613 1156 646 nium
1174 614 1326 646 lectorum
1345 614 1568 646 conductiones
1593 614 1809 646 distribuenda

1069 667 1234 710 supererit,
1260 677 1366 699 eoram
1391 666 1552 710 episcopo,
1570 677 1624 699 seu
1649 666 1715 699 eius
1732 667 1809 700 rica-

1068 720 1126 759 rio,
1142 720 1173 752 in
1187 719 1296 752 eadem
1313 720 1385 752 aula
1405 719 1574 763 episcopali
1599 725 1810 762 congregetur

1069 773 1238 815 collegium
1257 772 1345 813 iuris,
1363 773 1410 805 vel
1427 772 1645 815 philosophiae
1663 782 1697 804 ac
1715 773 1810 805 medi-

1070 826 1159 859 cinae
1183 826 1360 866 doctorum‚
1381 831 1476 870 prout
1496 826 1614 859 vacatio
1634 825 1809 868 contigerit,

1070 880 1119 912 die
1145 879 1249 923 prima
1274 879 1461 923 septembris
1476 906 1483 919 ,
1508 879 1556 911 vel
1580 878 1641 911 alia
1666 890 1805 913 commo-

1069 932 1151 965 diori
1172 931 1378 975 praesidentis
1398 931 1528 964 arbitrio
1548 931 1810 975 praescribenda,

1069 986 1101 1018 in
1125 996 1225 1030 eoque
1250 986 1406 1028 eligantur
1441 991 1576 1029 quatuor
1607 996 1644 1018 ex
1676 996 1811 1030 corpore

1070 1040 1168 1083 ipsius
1193 1039 1329 1082 collegii,
1350 1041 1471 1072 servata
1488 1039 1519 1071 in
1535 1039 1681 1072 omnibus
1697 1040 1810 1079 forma,

1070 1103 1149 1137 quae
1174 1093 1205 1125 in
1226 1093 1378 1126 electione
1398 1102 1604 1136 personarum
1621 1103 1680 1136 pro
1697 1093 1812 1126 condu-

1071 1146 1177 1180 cendis
1193 1146 1364 1179 lectoribus
1384 1145 1529 1189 superius
1545 1146 1739 1189 praescripta
1755 1151 1810 1179 est.

1070 1201 1107 1233 Et.
1131 1200 1162 1232 hi
1187 1205 1332 1243 quatuor,
1358 1199 1438 1232 infra
1465 1199 1602 1232 triduum
1617 1227 1624 1240 ,
1648 1206 1681 1233 ut
1707 1211 1811 1244 supra,

1070 1253 1185 1287 iterum
1211 1252 1409 1296 congregati,
1441 1253 1591 1296 praestito
1616 1253 1647 1286 in
1668 1254 1812 1287 manibus

1071 1306 1221 1349 episcopi,
1248 1316 1302 1338 seu
1328 1305 1447 1346 vicarii,
1473 1306 1650 1340 iuramento
1675 1307 1712 1340 de
1732 1307 1811 1340 iuste

1070 1371 1106 1393 ae
1130 1360 1264 1392 fideliter
1288 1359 1516 1400 distribuendo,
1534 1362 1595 1392 una
1613 1371 1683 1393 cum
1702 1361 1812 1394 eodem

1071 1415 1228 1458 episcopo,
1244 1425 1299 1447 seu
1313 1414 1439 1455 vicario,
1453 1420 1483 1447 et
1494 1414 1601 1458 priore
1618 1415 1740 1457 collegii
1754 1426 1813 1459 pro

1070 1473 1223 1511 tempore,
1241 1468 1428 1509 decernant,
1450 1478 1529 1510 quae
1554 1478 1627 1511 pars
1652 1468 1755 1501 salarii
1775 1479 1812 1501 ex

1071 1521 1285 1554 vacationibus
1310 1521 1393 1553 illius
1421 1521 1504 1561 anni,
1530 1526 1559 1554 et
1583 1521 1696 1564 quibus
1720 1522 1815 1555 lecto-

1071 1573 1159 1606 ribus
1183 1584 1242 1617 pro
1268 1584 1304 1607 eo
1329 1583 1411 1606 anno
1437 1574 1531 1606 suerit
1554 1574 1757 1617 assignanda:
1784 1580 1814 1607 et

1071 1627 1155 1670 quod
1187 1632 1323 1670 quatuor
1359 1627 1468 1659 saltem
1501 1638 1537 1659 ex
1568 1627 1737 1670 praedictis
1761 1638 1814 1661 sex

1071 1680 1235 1724 placuerit,
1261 1679 1291 1712 id
1315 1684 1418 1712 ratum
1449 1680 1603 1712 habeatur
1627 1684 1657 1714 et
1681 1691 1815 1724 exequu-

1070 1733 1147 1766 tioni
1167 1732 1389 1766 demandetur:
1408 1744 1453 1774 ae,
1471 1733 1496 1765 si
1515 1733 1567 1776 qui
1587 1733 1746 1766 noluerint
1762 1738 1814 1766 aut

1070 1787 1270 1831 nequiverint
1295 1787 1456 1828 interesse,
1473 1788 1521 1820 ius
1538 1787 1746 1821 distribuendi
1764 1799 1815 1832 pe-

1070 1851 1125 1874 nes
1149 1841 1226 1874 alios
1263 1846 1433 1874 remaneat.
1471 1842 1504 1874 In
1539 1841 1814 1875 distributionibus

1070 1905 1145 1927 vero
1170 1895 1373 1939 praeeipuam
1404 1895 1558 1928 rationem
1582 1895 1718 1928 habeant
1741 1906 1814 1939 qua-

1070 1948 1175 1988 litatis,
1206 1959 1241 1981 ac
1273 1949 1461 1982 meritorum
1486 1948 1658 1992 cuiusque,
1688 1949 1813 1982 numeri

1070 2002 1178 2035 itidem
1208 2002 1380 2036 lectionum
1407 2003 1489 2035 illius
1513 2002 1595 2044 anni,
1621 2002 1813 2035 scholarium

1070 2055 1282 2099 frequentiae,
1303 2055 1460 2088 tenuitatis
1485 2055 1600 2096 salarii,
1625 2059 1716 2099 atque
1740 2056 1813 2089 alio-

1069 2119 1150 2150 rum,
1169 2119 1249 2153 quae
1267 2120 1326 2153 pro
1347 2119 1456 2142 eorum
1478 2109 1645 2153 prudentia
1665 2109 1813 2142 duxerint

1069 2162 1267 2196 advertenda.
1293 2163 1446 2207 Hospitali
1470 2169 1584 2203 autem,
1602 2163 1739 2207 syndico,
1759 2174 1812 2196 no-

1069 2216 1157 2258 tario,
1179 2217 1396 2260 computistae,
1421 2227 1457 2250 ac
1481 2216 1610 2260 reliquis
1634 2216 1727 2249 studii
1752 2217 1810 2249 mi-

1068 2269 1174 2303 nistris
1197 2270 1373 2312 assignetur
1389 2270 1493 2313 portio
1517 2275 1675 2303 consueta.

1113 2323 1145 2355 V.
1162 2323 1339 2356 Conduetae
1355 2324 1519 2364 lectorum,
1536 2328 1570 2356 ut
1587 2323 1810 2357 constitutione

1068 2377 1168 2409 honae
1193 2377 1347 2410 memorie
1371 2376 1496 2410 Antonii
1521 2376 1558 2409 de
1586 2378 1688 2410 Monte
1712 2377 1811 2410 cardi—

1068 2430 1147 2463 nalis
1171 2430 1330 2474 Papiensis
1354 2435 1429 2463 tunc
1452 2431 1605 2472 temporis
1626 2431 1656 2462 in
1681 2431 1810 2464 Umbria

1068 2484 1105 2517 de
1130 2484 1228 2517 latere
1252 2484 1346 2527 legati
1370 2484 1499 2528 provide
1524 2484 1677 2518 sancitum
1695 2485 1762 2526 suit,
1780 2490 1810 2519 et

1068 2537 1100 2570 in
1124 2538 1205 2570 hanc
1229 2548 1328 2581 usque
1353 2537 1436 2570 diem
1462 2536 1672 2579 observatum,
1697 2538 1811 2572 durent

1069 2602 1128 2634 pro
1145 2601 1208 2624 uno
1226 2595 1345 2623 tantum
1364 2600 1455 2630 anno,
1473 2594 1503 2623 et
1518 2600 1580 2624 non
1595 2591 1692 2624 ultra:
1718 2591 1760 2624 ita
1776 2597 1810 2625 ut

1068 2644 1239 2678 lectoribus
1263 2653 1325 2677 non
1350 2642 1441 2677 liceat
1461 2644 1621 2686 materiae,
1642 2645 1713 2686 loci,
1734 2649 1808 2678 tem-

1703 236 1768 269 375
1815 246 1863 272 An.
1884 245 1912 272 c.
1936 245 2003 273 ¹625

1867 2333 1898 2354 De
1913 2335 2008 2360 tempore

1824 2360 1951 2381 conductae.
