2269 3235
239 272 287 298 Λη.
305 271 334 298 C.
358 271 423 298 1027

252 2133 380 2156 Commissi-i,
389 2133 414 2153 de

233 2161 305 2186 quain
320 2160 414 2181 rubrica.

471 262 533 295 572

437 321 542 352 llrexis
566 319 722 362 expeditas
754 319 872 349 litteras
899 316 1117 348 commisimus
1142 321 1168 347 et

436 379 462 406 et
490 373 715 409 mandarimus,
742 375 774 404 ut
799 370 1028 414 praesidentem
1054 372 1083 402 et
1103 369 1171 401 offi-

436 428 528 459 ciales
553 426 728 470 praedictos
751 430 780 457 et
804 433 1020 467 quoscumque
1041 422 1128 463 alios,
1146 423 1171 454 si

436 480 493 512 lior
525 490 541 511 a
575 484 602 510 te
636 477 796 510 humiliter
819 476 1002 519 petiissent,
1026 474 1171 518 imposita

434 533 494 564 illis
518 537 548 563 et
569 542 677 563 eorum
703 530 830 562 cuilibet
862 528 993 561 arbitrio
1018 533 1071 560 tuo
1096 538 1170 571 poe-

434 584 561 616 nitentia
587 582 713 615 salutari
738 587 768 614 et
797 581 865 613 aliis
898 580 1042 614 iniunctis
1068 580 1170 613 iniun-

434 637 553 679 geiulis,
572 640 600 669 et
617 635 787 668 dummodo
802 645 818 666 a
834 634 990 666 similibus
1007 633 1044 666 de
1065 639 1170 667 cetero

432 689 633 727 abstinerent,
651 699 668 720 a
685 687 845 731 quibusvis
870 686 1169 720 excommunicatio-

431 742 489 781 nis,
515 741 727 785 suspensionis
745 746 774 773 et
792 739 958 780 interdicti,
977 739 1107 782 aliisque
1125 750 1171 772 ee-

432 795 613 827 clesiastieis
628 794 802 836 sententiis,
829 792 970 826 censuris
995 797 1024 825 et
1048 792 1167 836 poeniS,

430 858 487 892 per
511 859 564 881 eos
589 852 618 882 et
646 858 755 881 eorum
781 846 953 889 quemlibet
983 846 1170 889 praemisso-

430 912 501 934 rum
526 901 689 934 occasione
709 910 807 943 usque
827 899 865 931 ad
882 899 964 931 diem
980 899 1167 942 publicatio-

430 955 477 987 nis
490 955 664 987 litterarum
680 954 913 998 praedictarum
931 953 1169 997 quomodolibet

430 1007 574 1047 incursis,
599 1007 783 1040 auctoritate
808 1008 915 1040 nostra
940 1007 1118 1040 absolveres
1139 1012 1169 1040 et

430 1053 565 1093 totaliter
589 1061 754 1101 liberares,
781 1060 905 1103 illisque
933 1060 1031 1093 dictas
1050 1070 1168 1104 poenas

429 1124 463 1146 ac
495 1114 642 1157 pecunias
676 1113 714 1146 ad
744 1124 979 1157 quamcumque
1010 1124 1167 1146 summam

429 1167 640 1207 ascendentes,
658 1167 696 1199 ab
717 1167 936 1200 ecclesiasticis
953 1177 990 1199 ex
1015 1167 1097 1200 dicta
1117 1177 1167 1209 ga-

428 1220 509 1252 bella
539 1232 595 1264 per
624 1220 750 1253 eosdem
782 1220 1014 1264 praesidentem
1040 1226 1069 1253 et
1093 1220 1164 1253 offi-

429 1274 535 1315 ciales,
561 1274 700 1317 aliosque
724 1273 901 1317 praedictos
929 1273 1168 1317 quomodolibet

429 1333 560 1367 exactas,
575 1327 710 1369 gratiose
724 1326 902 1360 remitteres
914 1331 945 1359 et
960 1327 1166 1368 condonares,

429 1390 543 1423 eosque
565 1380 595 1411 in
620 1379 788 1423 pristinum
814 1383 843 1413 et
867 1390 949 1420 eum,
974 1380 1006 1412 in
1030 1391 1103 1423 quo,
1118 1390 1168 1412 an-

429 1438 553 1476 tequam
578 1433 751 1477 praemissa
775 1434 1018 1474 committerent,
1036 1444 1168 1477 quomo-

428 1486 544 1519 dolibet
558 1491 655 1528 erant,
670 1490 783 1521 statum
796 1487 1168 1531 restitueres,reponeres

428 1544 457 1573 et
480 1540 619 1583 plenarie
636 1541 858 1583 reintegrares,
884 1540 947 1573 sive
968 1540 1006 1573 ad
1027 1541 1166 1574 eiusdem

426 1594 632 1637 praesidentis
656 1594 930 1638 supplicationem,
956 1594 1084 1628 nomine
1105 1595 1168 1628 ossi-

428 1647 553 1679 cialium
578 1651 607 1679 et
631 1647 766 1680 aliorum
792 1647 1028 1691 praedictorum
1053 1647 1109 1680 tibi
1129 1648 1168 1680 fa-

428 1700 580 1741 ciendam,
604 1701 781 1734 facultatem
804 1702 996 1743 huiusmodi,
1020 1702 1167 1746 vicesque

428 1759 496 1787 tuas
521 1754 552 1787 in
576 1755 756 1798 praemissis
781 1755 944 1799 quibusvis
969 1755 1167 1789 confessariis

428 1807 548 1840 idoneis
569 1808 698 1841 ubilibet
721 1809 925 1842 existentibus
942 1815 971 1842 et
991 1809 1029 1841 ab
1043 1809 1169 1842 Ordina-

428 1859 483 1892 riis
508 1860 650 1893 locorum
675 1861 867 1905 approbatis,
892 1862 986 1895 modo
1011 1868 1041 1895 et
1066 1863 1167 1895 forma

428 1913 591 1955 similibus,
610 1915 859 1948 communicares
877 1921 907 1949 et
931 1916 1166 1959 sub'delegai‘es,

429 1972 459 2000 et
482 1967 566 2008 alias,
592 1973 684 2011 prout
711 1968 742 2000 in
767 1968 858 2001 dictis
881 1969 1005 2010 litteris,
1031 1980 1166 2012 quarum

428 2025 552 2054 tenores
569 2022 788 2064 praesentibus
808 2033 865 2066 pro
886 2023 1041 2067 expressis
1059 2022 1167 2056 haberi

429 2075 582 2115 volumus,
607 2075 728 2118 plenius
754 2076 940 2109 continetur.

474 2128 488 2171 g
512 2128 541 2160 2.
566 2128 641 2161 Cum
667 2134 791 2170 autem,
817 2129 895 2163 sieut
925 2130 1106 2173 praesidens
1139 2135 1169 2163 et

431 2181 576 2214 officiales
609 2182 761 2225 praedicti
793 2183 882 2216 nobis
917 2183 1020 2217 denuo
1057 2184 1167 2228 exponi

430 2234 578 2276 fecerunt,
605 2246 684 2279 aqua
706 2236 736 2268 in
762 2236 904 2269 eamdem
929 2237 1086 2269 civitatem
1111 2237 1169 2269 liu-

431 2298 547 2331 cusque
571 2288 710 2321 derivata
734 2300 796 2322 non
818 2290 884 2322 eius
903 2294 949 2322 est
976 2290 1167 2333 quantitatis,

430 2352 509 2384 quae
535 2342 731 2375 sublevandis
756 2343 991 2377 communitatis
1016 2348 1046 2376 et
1066 2343 1168 2377 homi-

430 2404 504 2425 num
522 2395 754 2437 praedictorum
771 2396 1008 2429 necessitatibus
1025 2397 1167 2439 sufficiat,

430 2446 525 2489 ipsuis
561 2458 632 2481 vero
665 2459 764 2491 aquae
795 2449 947 2482 derivatio
977 2459 1041 2482 non
1074 2449 1168 2482 modo

433 2502 583 2533 laieorum
608 2502 771 2535 sedetiam
797 2502 1080 2536 ecclesiastieorum
1108 2503 1169 2536 usi-

432 2555 487 2583 bus·
509 2554 663 2595 mser-viat,
678 2560 707 2587 et
730 2560 907 2599 propterea,
924 2555 1025 2599 quod¹
1043 2566 1106 2589 non
1124 2567 1169 2589 so—

434 2607 498 2638 {11121
528 2617 637 2639 census
668 2608 845 2651 praedictos
878 2609 1082 2652 extinguere,
1115 2609 1169 2643 sed

469 2670 480 2695 1
500 2668 590 2697 Potius
605 2670 723 2705 legerem
741 2674 770 2700 ut
784 2672 842 2700 loco
858 2673 934 2707 quod
949 2675 986 2708 (n.
1002 2673 1048 2708 1.).

520 263 534 283 ³
1027 266 1205 291 utrumnum
1229 266 1383 290 nouitium

1206 316 1297 347 etiam
1314 314 1471 347 residuam
1486 323 1584 357 aquae
1597 313 1801 357 quantitatem
1821 314 1859 347 ad
1873 314 1945 348 sub-

1206 368 1351 401 levandas
1375 367 1574 401 necessitates
1604 367 1783 400 huiusmodi
1815 368 1945 412 requisi-

1206 427 1250 454 tas
1269 422 1297 454 in
1315 422 1457 454 eamdem
1476 421 1631 454 civitatem
1653 421 1796 453 derivare
1813 422 1943 463 valeant,

1205 475 1358 517 gabellum
1375 474 1565 517 praedictam
1581 473 1674 506 niodo
1693 478 1722 506 et
1738 473 1839 507 forma
1859 485 1946 518 prae-

1206 528 1308 560 missis
1333 527 1370 560 de
1394 538 1476 560 novo
1502 527 1674 570 imponere,
1700 537 1831 570 eamque
1851 527 1890 559 ad
1906 528 1945 561 es-

1205 581 1303 613 seetus
1319 580 1497 624 praedictos
1515 580 1640 623 exigere
1652 590 1743 623 posse
1756 580 1944 622 desiderent,

1204 635 1229 667 si
1254 640 1360 667 nostra
1377 634 1415 666 ad
1433 634 1463 666 id
1483 633 1541 666 sibi
1559 634 1683 667 lieentia
1708 634 1898 676 suffragetur
1915 640 1945 668 et

1204 687 1354 720 facultas:
1379 698 1454 728 nos,
1479 687 1710 731 praesidentem
1736 692 1766 719 et
1795 687 1944 720 officiales

1204 741 1380 785 praedictos
1394 741 1603 785 amplioribus
1616 740 1775 774 favoribus
1789 745 1818 773 et
1835 740 1944 783 gratiis

1204 795 1351 838 prosequi
1377 785 1536 836 volentes,
1566 799 1595 827 et
1626 805 1737 828 eorum
1770 794 1945 837 singulares

1203 858 1354 892 personas
1379 858 1396 880 a
1420 848 1581 891 quibusvis
1599 847 1943 890 excommunicationis,

1204 901 1416 945 suspensionis
1438 904 1467 934 et
1487 900 1660 942 interdicti,
1693 901 1825 945 aliisque
1845 901 1944 934 eccle-

1203 954 1336 987 siasticis
1361 954 1538 994 sententiis,
1563 953 1704 987 censuris
1729 959 1759 987 et
1782 954 1902 998 poenis,
1928 964 1944 987 a

1203 1009 1271 1041 iure
1289 1009 1337 1042 vel
1359 1008 1397 1040 ab
1414 1008 1554 1048 homine,
1574 1007 1683 1051 quavis
1708 1008 1873 1041 occasione
1896 1007 1944 1040 vel

1204 1062 1300 1094 causa
1325 1061 1416 1101 latis,
1443 1060 1468 1093 si
1492 1060 1605 1104 quibus
1629 1060 1867 1104 quomodolibet
1900 1060 1946 1093 in-

1202 1114 1334 1147 nodatae
1351 1113 1497 1153 existunt,
1518 1113 1557 1145 ad
1573 1113 1718 1146 effectum
1732 1113 1944 1158 praesentium

1202 1167 1363 1199 dumtaxat
1377 1166 1644 1210 consequendum,
1661 1166 1775 1199 harum
1793 1166 1873 1200 serie
1889 1167 1945 1200 ab·

1203 1221 1358 1253 solventes
1376 1224 1405 1252 et
1425 1219 1584 1252 absolutas
1602 1220 1668 1252 sore
1684 1216 1858 1261 censentes,
1875 1230 1946 1265 sup-

1202 1273 1424 1317 plicationibus
1448 1272 1543 1305 etiam
1568 1283 1679 1306 eorum
1704 1273 1832 1306 nomine
1854 1273 1945 1306 nobis

1202 1336 1298 1369 super
1329 1326 1389 1358 lioc
1413 1325 1576 1358 humiliter
1604 1326 1761 1370 porrectis
1785 1326 1944 1367 inclinati,

1203 1379 1258 1411 tibi
1284 1389 1341 1423 per
1360 1383 1542 1423 praesentes
1563 1379 1789 1412 committimus
1806 1384 1837 1412 et
1861 1390 1946 1412 man-

1203 1432 1322 1473 damus,
1347 1437 1381 1465 ut
1406 1432 1444 1465 de
1467 1432 1648 1476 praemissis
1666 1436 1694 1466 te
1719 1433 1886 1476 diligenter
1903 1433 1946 1466 in-

1202 1487 1329 1527 formes,
1347 1491 1377 1519 et
1402 1486 1427 1519 si
1451 1497 1508 1530 per
1525 1486 1781 1520 informationem
1802 1486 1944 1519 eamdem

1201 1550 1312 1584 preces
1336 1540 1465 1573 veritate
1490 1539 1546 1572 niti
1571 1539 1739 1583 repereris,
1768 1550 1863 1584 super
1881 1550 1945 1583 quo

1202 1593 1427 1627 conscientiam
1446 1598 1531 1626 tuam
1549 1603 1727 1636 oneramus,
1753 1593 1945 1638 praesidenti

1202 1653 1232 1680 et
1256 1647 1442 1681 officialibus
1473 1647 1663 1691 praedictis,
1688 1652 1723 1680 ut
1745 1657 1804 1691 pro
1839 1647 1943 1679 extin-

1202 1701 1334 1744 guendis
1358 1701 1504 1734 censibus
1529 1700 1721 1741 huiusmodi,
1742 1711 1777 1733 ac
1801 1700 1945 1733 residuae

1201 1765 1301 1798 aquae
1324 1754 1503 1798 praedictae
1528 1754 1700 1799 quantitate
1717 1754 1749 1787 in
1774 1754 1888 1787 dictam
1906 1749 1946 1788 ci-

1202 1809 1327 1842 vitatem
1353 1808 1540 1849 derivanda,
1565 1808 1720 1851 gabellam
1752 1807 1946 1851 praedictam

1202 1862 1240 1895 de
1257 1872 1338 1895 novo
1363 1862 1540 1905 imponere,
1565 1862 1714 1904 illamque
1732 1861 1826 1894 etiam
1844 1872 1861 1894 a
1877 1872 1947 1905 per-

1202 1916 1286 1949 sonis
1311 1916 1530 1950 ecelesiasticis
1550 1922 1613 1949 tam
1634 1916 1835 1959 regularibus
1851 1927 1946 1960 quam

1203 1970 1417 2012 secularibus,
1443 1970 1671 2014 cuiuscumque
1695 1975 1802 2013 status,
1828 1970 1946 2013 gradus

1202 2028 1232 2056 et
1256 2023 1445 2057 conditionis
1469 2024 1612 2065 existant,
1638 2024 1757 2067 absque
1781 2024 1846 2056 ullo
1871 2033 1946 2057 con-

1203 2077 1349 2111 scientiae
1363 2077 1522 2120 scrupulo,
1536 2082 1589 2109 aut
1602 2087 1808 2109 censurarum
1830 2081 1860 2109 et
1875 2087 1947 2121 poe-

1202 2141 1314 2163 narum
1339 2130 1624 2164 ecclesiasticarum
1648 2131 1788 2173 incursu,
1805 2134 1840 2163 ut
1858 2141 1946 2174 prae-

1202 2186 1316 2226 fertur,
1342 2185 1489 2228 exigere,
1519 2184 1748 2228 pecuniasque,
1774 2195 1810 2217 ex
1834 2184 1945 2217 eadem

1203 2238 1325 2281 gabella
1341 2243 1572 2281 proventuras,
1597 2237 1629 2270 in
1658 2237 1841 2270 eorumdem
1866 2247 1942 2270 cen-

1203 2302 1294 2324 suum
1320 2291 1542 2325 extinctionem
1560 2291 1591 2324 in
1616 2291 1728 2335 primis
1748 2297 1778 2324 et
1794 2295 1865 2324 ante
1882 2301 1946 2324 om-

1203 2346 1263 2385 nia,
1279 2356 1314 2378 ac
1331 2345 1453 2389 deinde,
1471 2357 1528 2390 per
1549 2351 1673 2390 tempus
1689 2345 1745 2378 tibi
1761 2345 1945 2379 benevisum

1203 2399 1372 2440 dumtaxat,
1398 2399 1544 2432 residuae
1568 2409 1666 2443 aquae
1690 2399 1882 2440 huiusmodi,
1906 2399 1944 2432 ad

1203 2452 1409 2485 sublevandas
1432 2452 1636 2486 necessitates
1650 2480 1657 2493 ,
1689 2457 1724 2485 ut
1746 2453 1944 2497 praefertur,

1203 2505 1382 2548 requisitae,
1395 2506 1635 2547 derivationem,
1649 2512 1680 2540 et
1691 2517 1755 2540 non
1769 2506 1846 2539 alios
1858 2516 1944 2546 usus,

1203 2564 1386 2592 convertere
1411 2565 1440 2592 et
1464 2570 1596 2602 erogare
1621 2560 1719 2593 libere
1743 2564 1773 2593 et
1796 2559 1880 2593 licite
1898 2569 1946 2592 va-

1203 2612 1293 2655 leant,
1319 2613 1477 2646 licentiam
1502 2618 1530 2646 et
1556 2614 1735 2647 facultatem
1759 2613 1944 2647 auctoritate

1202 2668 1310 2699 nostra
1327 2666 1489 2700 concedas.

1963 265 2011 292 An.
2027 265 2057 292 C.
2079 265 2145 294 1627

2102 378 2117 389 n
