2269 3235
114 272 162 302 An.
179 273 206 300 C.
229 272 296 300 1623

137 337 252 357 naturane
271 342 293 356 u-

109 363 184 384 utonis.

141 2520 256 2541 Revocalio
273 2521 301 2540 fa-

119 2549 219 2568 rnltatnni
257 2547 302 2573 qni-

120 2574 191 2594 nusi-is
217 2581 301 2596 concus-

119 2607 197 2622 sarum.

916 273 1057 297 nnnanns
1076 273 1131 297 vin
1152 274 1198 298 rr.

354 320 405 354 113.
442 321 539 363 Item,
571 321 809 356 rationabilibus
844 318 1067 354 suadentibns²

308 375 420 417 causis,
446 376 512 420 ipse
535 375 568 409 D.
594 377 628 411 N.
654 386 764 410 omnes
788 375 929 416 uniones,
954 385 1048 408 anne-

308 429 430 471 xiones,
446 429 725 474 incorporationes,
735 429 982 473 suppressiones,
1000 440 1048 462 ex—

309 481 474 516 tinctiones
491 488 522 516 et
537 482 840 522 dismembrafiones,
857 482 951 515 etiam
975 493 1048 526 per-

309 540 429 579 petuas,
446 536 484 569 de
497 535 660 580 quibusvis
674 535 1047 576 cathedralibus,necnon

310 589 379 621 aliis
395 589 544 630 ecclesiis,
561 599 711 622 eorumve
735 588 890 630 domibus,
910 588 1047 633 praediis

310 648 340 676 et
364 643 458 684 locis,
478 654 534 687 per
558 652 680 676 cessum
713 643 761 675 vel
785 642 948 676 decessum
963 669 970 683 ,
996 648 1049 675 aut

310 697 453 740 quamvis
475 696 569 730 aliam
592 695 808 729 dimissionem
839 696 887 728 vel
911 695 1049 729 amissio-

310 760 393 792 nem,
417 749 656 794 qualiacumque
679 749 805 790 fuerint,
830 749 975 790 invicem,
1000 750 1047 782 vel

310 804 385 837 alias
409 803 559 845 ecelesiis,
584 803 784 837 monasteriis
809 807 838 838 et
862 804 990 845 mensis,
1016 814 1049 836 e-

310 858 385 890 tiam
409 856 642 902 capitularibus,
659 857 873 901 dignitatibus,
898 867 1049 901 persona-

310 911 404 954 tibus,
429 910 551 955 officiis,
575 910 753 952 beneficiis,
779 922 815 945 ac
843 911 902 955 piis
927 916 958 944 et
981 911 1049 944 aliis

310 964 406 1007 locis,
437 964 714 1005 universitatibus,
746 965 839 997 etiam
871 964 1049 998 studiorum

311 1018 516 1060 generalium,
534 1024 565 1051 et
581 1018 733 1060 collegiis,
751 1018 845 1051 etiam
862 1018 894 1050 in
911 1018 1050 1051 savorem

312 1076 435 1104 sanctae
460 1072 620 1105 Romanae
645 1071 802 1104 Ecclesiae
826 1071 1049 1112 cardinalium,

313 1135 367 1158 seu
384 1125 534 1166 ecclesiis,
552 1125 751 1159 monasteriis
771 1130 801 1157 et
816 1125 978 1158 beneficiis
994 1135 1051 1169 per

313 1189 367 1212 eos
384 1178 527 1219 obtentis,
539 1178 786 1222 quomodolibet,
802 1178 984 1222 apostolica,
1002 1179 1048 1211 vel

314 1232 374 1266 alia
398 1232 507 1276 quavis
534 1233 610 1275 (non
635 1237 738 1264 tamen
762 1231 892 1265 Concilii
918 1231 1046 1264 Triden-

315 1285 384 1329 tini)
409 1285 602 1326 auctoritate‚
627 1295 748 1318 necnon
772 1296 830 1329 pro
856 1285 1049 1326 fundatione,

313 1350 368 1373 seu
392 1339 578 1380 donatione,
603 1345 790 1382 augmento,
815 1340 863 1372 vel
889 1350 1050 1373 conserva-

314 1393 396 1426 tione
420 1392 625 1435 collegiorum
655 1397 685 1425 et
709 1393 844 1426 aliorum
868 1393 995 1437 piorum
1020 1399 1050 1426 et

313 1445 533 1488 religiosorum
554 1446 699 1479 locorum
717 1446 756 1478 ad
780 1446 853 1479 fidei
878 1446 1050 1479 catholicae

312 1498 524 1532 defensionem
544 1505 574 1533 et
589 1500 862 1544 propagationem,
883 1500 1050 1534 honarum-

312 1563 372 1596 que
397 1553 511 1587 artium
536 1554 672 1594 cultum,
697 1553 912 1587 institutorum
937 1554 1049 1595 factas,

312 1616 392 1650 quae
416 1617 507 1640 suum
524 1617 587 1640 non
608 1602 669 1640 sint
684 1607 812 1640 sortitae
837 1606 994 1647 effectum,
1015 1618 1049 1640 ac

312 1670 530 1705 quaecumque
546 1661 765 1694 concessiones
782 1666 812 1694 et
835 1660 983 1694 mandata
1003 1671 1051 1693 su-

312 1724 369 1758 per
393 1713 573 1755 unionibus,
599 1714 844 1755 annexionibus,
869 1714 1051 1758 incorpora-

312 1767 450 1800 tionibus
475 1772 505 1801 et
528 1767 596 1801 aliis
620 1768 803 1812 praemissis
827 1767 986 1809 faciendis,
1000 1779 1050 1801 re-

312 1820 449 1862 vocavit,
474 1821 605 1854 cassavit
636 1826 666 1854 et
689 1821 844 1862 irritavit,
867 1822 1050 1866 nulliusque

312 1873 451 1908 decrevit
487 1874 620 1908 existere
657 1874 823 1908 firmitatis.
856 1875 919 1908 Nec
957 1875 1050 1909 alicui

313 1937 527 1971 quascumque
559 1928 730 1969 clausulas,
761 1929 808 1961 vel
841 1928 1050 1969 adiectiones,

313 1986 365 2015 aut
388 1981 522 2022 decreta,
546 1992 625 2026 quae
649 1982 800 2016 Sanctitas
824 1982 885 2015 Sua
909 1992 967 2026 pro
992 1993 1048 2015 ex-

312 2034 429 2078 pressis
449 2035 559 2068 haberi
574 2035 682 2076 voluit,
702 2035 734 2068 in
750 2035 912 2080 quibusvis
929 2039 1053 2079 aposto-

314 2088 382 2121 licis
406 2088 513 2132 (etiam
536 2099 616 2132 quae
646 2094 734 2123 motu
763 2089 913 2133 proprio,
937 2094 991 2122 aut
1015 2099 1051 2122 ex

314 2141 565 2185 certassscientia,
582 2146 613 2175 et
636 2141 897 2176 consistorialiter
922 2153 1051 2186 proces-

314 2201 423 2229 serunt
443 2201 473 2229 et
496 2198 695 2241 emanarunt)
718 2196 847 2238 litteris,
872 2197 994 2231 etiamsi
1019 2196 1050 2229 in

315 2248 359 2281 eis
377 2249 537 2283 decretum
555 2255 646 2291 esset,
666 2251 734 2283 illas
752 2261 788 2283 ex
809 2255 883 2284 tunc
903 2250 1049 2284 effectum

317 2302 440 2335 sortitas
459 2313 537 2344 esse,
550 2308 603 2337 aut
619 2304 667 2337 ius
683 2304 861 2348 quaesitum
880 2304 958 2345 fore,
976 2315 1051 2348 quo-

318 2353 487 2389 modolibet
509 2361 674 2398 contenta,
703 2357 853 2391 adversus
877 2358 1050 2391 revocatio-

317 2418 390 2441 nem
407 2413 436 2441 et
459 2409 664 2444 irritationem
681 2411 862 2444 huiusmodi
883 2411 981 2445 voluit
999 2411 1052 2444 ali-

317 2462 660 2506 quatenussssutfragari.

359 2514 412 2548 14.
437 2515 514 2548 Item
538 2517 694 2551 revocavit
722 2528 936 2562 quascumque
960 2517 1053 2551 facul-

316 2573 395 2602 tates
418 2579 581 2603 concessas
603 2571 766 2614 quibusvis
786 2571 985 2615 patriarchis,
1002 2582 1052 2605 ar-

317 2622 541 2667 chiepiscopis,
566 2623 719 2668 episcopis
752 2628 782 2658 et
810 2625 879 2658 aliis
903 2625 1051 2668 praelatis

318 2683 343 2710 ct
362 2678 514 2720 personis,
528 2687 649 2710 necnon
666 2678 859 2721 ,apostolicae
873 2678 960 2712 Sedis
976 2688 1052 2711 nun-
1068 2703 1070 2716 ζ

1748 263 1783 295 til

1085 322 1144 362 tiis,
1170 334 1205 354 ac
1222 324 1381 354 fructnui'n
1401 326 1430 354 ct
1447 325 1656 365 proventuum
1678 332 1822 353 camerae

1082 375 1271 418 apostolicae
1301 375 1479 408 debitorum
1508 374 1730 407 collectoribus
1748 401 1755 414 ‚
1784 374 1822 407 de

1082 428 1292 472 dispensando
1306 440 1376 462 cum
1394 429 1556 472 quibusvis
1570 428 1712 472 personis
1727 438 1823 471 super

1083 481 1283 514 matrimonio
1302 486 1463 514 contracto
1492 482 1538 513 vel
1559 481 1774 514 contrahendo
1794 481 1822 513 in

1082 534 1181 577 gradu
1206 534 1385 577 prohibito,
1411 545 1446 567 ac
1478 534 1628 567 natalium
1660 540 1690 567 ct
1715 534 1823 567 aetatis

1082 587 1265 627 defectibus,
1284 593 1314 620 et
1334 588 1371 620 de
1397 588 1687 631 incompatibilibus
1704 588 1821 621 beneti-

1083 641 1139 674 ciis
1164 641 1382 674 ecclesiasticis
1407 640 1531 673 insimul
1551 641 1731 682 retinendis,
1749 652 1822 673 nec-

1082 705 1145 727 non
1165 694 1203 727 de
1228 694 1358 728 notariis
1378 693 1513 737 publicis
1536 694 1679 726 creandis
1693 721 1701 734 ,
1725 705 1761 727 ac
1785 695 1823 727 dc

1082 746 1279 791 disponendo
1292 746 1533 790 quomodolibet
1546 746 1584 779 de
1600 746 1762 790 quibusvis
1775 747 1825 780 be-

1082 800 1203 833 neficiis
1221 800 1449 841 ecclesiasticis,
1467 805 1497 833 et
1516 799 1592 832 alias
1604 798 1613 816 ¹
1638 810 1656 832 a
1676 799 1826 843 praemis-

1083 854 1126 887 sis
1146 854 1248 887 officia
1272 854 1414 898 ipsorum
1431 853 1614 886 nuntiorum
1632 857 1662 885 et
1682 853 1826 886 collecto-

1083 918 1155 940 rum
1179 907 1297 941 directe
1321 917 1383 941 non
1415 911 1656 947 concernentes,
1681 906 1775 939 ctiam
1799 906 1824 939 si

1084 961 1115 993 in
1140 961 1251 994 litteris
1270 961 1405 1004 desuper
1425 960 1573 993 confectis
1590 959 1651 993 sint
1667 959 1824 992 clausulae

1084 1014 1307 1054 restitutoriae,
1325 1019 1355 1046 et
1372 1013 1646 1056 derogatoriarum
1663 1012 1826 1056 derogato-

1085 1068 1160 1109 riae,
1173 1073 1203 1101 et
1219 1068 1298 1101 aliae
1311 1067 1514 1108 efficaciores
1531 1077 1608 1110 quas
1625 1078 1683 1110 pro
1701 1077 1826 1111 expres-

1085 1121 1127 1155 sis
1147 1122 1257 1155 haberi
1275 1121 1383 1162 voluit,
1401 1120 1505 1164 quoad
1524 1120 1641 1160 omnia,
1658 1120 1690 1152 in
1709 1120 1825 1164 quibus

1085 1175 1246 1208 facultates
1265 1175 1351 1218 ipsae
1364 1184 1426 1207 non
1440 1179 1512 1207 sunt
1527 1174 1656 1206 sortitae
1669 1173 1825 1213 effectum,

1085 1228 1206 1260 etiamsi
1237 1227 1354 1260 nuntiis
1387 1227 1505 1259 eisdem
1543 1233 1573 1259 et
1607 1226 1707 1259 dietae
1739 1227 1826 1260 Sedis

1084 1280 1195 1323 legatis
1219 1280 1257 1313 de
1288 1281 1386 1313 latere
1410 1285 1591 1323 competens
1616 1279 1656 1312 sit
1680 1289 1825 1313 concessa

1084 1339 1230 1378 potestas.
1252 1333 1428 1366 Decernens
1445 1333 1580 1373 irritum,
1597 1338 1655 1366 etc.

1130 1388 1180 1421 15.
1206 1387 1284 1421 Item
1309 1387 1467 1421 revocavit
1491 1396 1706 1431 quascumque
1730 1385 1827 1419 facul-

1085 1446 1162 1474 tates
1176 1446 1205 1474 et
1221 1441 1341 1475 litteras
1354 1441 1489 1484 desuper
1503 1440 1670 1481 confectas,
1680 1450 1736 1484 per
1749 1450 1826 1483 quas

1083 1495 1274 1539 quicumque
1309 1495 1356 1528 sui
1397 1494 1657 1539 praedecessores
1693 1493 1824 1527 Romani
1866 1496 1871 1499 *

1085 1548 1250 1583 Pontifices
1274 1548 1436 1592 quibusvis
1460 1547 1614 1592 personis,
1632 1547 1824 1581 ordinariam

1084 1602 1283 1636 collationem
1308 1612 1363 1634 seu
1387 1601 1480 1633 aliam
1504 1600 1743 1644 dispositionem
1776 1600 1825 1633 be-

1084 1656 1270 1689 neficiorum
1295 1655 1582 1688 ecclesiasticorum
1606 1654 1644 1687 de
1680 1655 1748 1688 iure
1777 1655 1824 1687 vel

1085 1709 1309 1744 consuetudine
1322 1709 1520 1749 habentibus,
1540 1709 1649 1753 quavis
1664 1709 1757 1741 etiam
1775 1719 1826 1753 pa-

1084 1764 1256 1806 triarchali,
1281 1762 1554 1807 archiepiscopali,
1575 1762 1756 1806 episcopali,
1777 1763 1824 1795 vel

1084 1817 1145 1850 alia
1170 1816 1332 1860 dignitate,
1350 1817 1398 1850 vel
1424 1816 1495 1857 alio,
1512 1826 1576 1849 non
1600 1821 1705 1849 tamen
1729 1816 1827 1849 cardi-

1084 1872 1206 1904 nalatus
1222 1871 1354 1912 honore,
1375 1870 1578 1914 fulgentibus,
1595 1870 1704 1915 quavis
1728 1870 1827 1904 consi-

1085 1925 1247 1959 deratione
1263 1925 1311 1958 vel
1329 1925 1453 1965 intuitu,
1471 1925 1564 1958 etiam
1592 1928 1679 1959 motu
1696 1925 1826 1969 proprio

1085 1984 1114 2014 et
1131 1990 1168 2012 ex
1193 1981 1279 2013 certa
1307 1978 1437 2012 scientia
1454 1989 1490 2012 ac
1509 1978 1547 2012 de
1566 1978 1756 2023 apostolicae
1773 1989 1827 2022 po-

1085 2032 1204 2065 testatis
1228 2031 1433 2076 plenitudine,
1458 2042 1531 2064 cum
1555 2031 1720 2075 quibusvis
1744 2031 1827 2064 clau-

1085 2086 1172 2127 sulis,
1189 2086 1283 2119 etiam
1307 2085 1581 2128 derogatoriarum
1605 2084 1825 2127 derogatoriis,

1085 2151 1120 2173 ac
1145 2139 1340 2173 irritantibus
1365 2144 1395 2172 et
1419 2139 1487 2171 aliis
1511 2138 1664 2179 decretis,
1689 2149 1826 2182 quorum

1085 2198 1210 2228 tenores
1234 2193 1344 2226 haberi
1369 2193 1467 2226 voluit
1486 2203 1544 2237 pro
1569 2192 1738 2236 expressis,
1756 2203 1827 2226 con-

1085 2253 1253 2288 cesserant,
1277 2252 1311 2279 ut
1335 2246 1486 2291 quamdiu
1509 2246 1668 2287 viverent,
1693 2247 1740 2279 vel
1762 2247 1826 2279 suis

1085 2301 1226 2335 ecclesiis
1250 2311 1304 2333 seu
1329 2300 1528 2334 monasteriis
1553 2305 1745 2344 praeessent,
1773 2305 1827 2332 aut

1084 2354 1123 2387 ad
1139 2354 1225 2387 aliud
1244 2359 1378 2397 tempus,
1399 2353 1437 2385 de
1456 2352 1618 2386 beneficiis
1642 2351 1827 2385 ecclesiasti-

1085 2408 1129 2441 cis
1153 2407 1345 2450 generaliter
1369 2406 1537 2439 reservatis
1562 2416 1617 2438 seu
1641 2404 1771 2446 affectis,
1787 2405 1825 2437 atl

1085 2472 1196 2494 eorum
1210 2461 1421 2500 collationem,
1440 2459 1666 2503 provisionem,
1683 2468 1826 2502 praesen-

1085 2515 1253 2555 tationem,
1277 2513 1462 2547 electionem
1493 2518 1524 2546 et
1555 2512 1698 2556 quamvis
1730 2512 1825 2545 aliam

1085 2568 1325 2613 dispositionem
1361 2567 1573 2601 communiter
1616 2566 1664 2599 vel
1701 2566 1825 2599 divisim

1087 2621 1317 2667 spectantibus,
1348 2621 1516 2665 disponere
1546 2619 1646 2653 libere
1681 2624 1711 2652 et
1742 2619 1825 2652 licite

1124 2689 1135 2713 1
1155 2686 1230 2719 Male,
1249 2688 1365 2720 utputo,
1381 2684 1424 2711 (3¹¹,
1442 2684 1523 2711 Main.
1540 2683 1603 2719 legit
1618 2683 1694 2710 alins
1708 2683 1747 2717 (a.
1765 2683 1814 2716 τ.).

1836 273 1885 299 Αιι4
1903 273 1929 298 (Σ.
1954 272 2020 300 16⁵2ss

1864 1399 1979 1420 liciorum]
1996 1401 2026 1420 tu-

1842 1427 1940 1446 vulturnu
1954 1428 2024 1446 runt-⁴-

1843 1453 1900 1473 rendi
1923 1453 2026 1473 beneficia

1843 1483 1958 1500 ruit-stald-
