2269 3235
101 255 152 282 An.
169 255 187 281 C
197 275 203 282 .
225 255 294 282 1624

112 2280 181 2300 Causa
193 2280 280 2301 decreti.

917 256 1059 282 vitamus
1084 258 1140 282 vni
1163 259 1212 282 rr.

299 303 440 345 blicatae,
465 313 567 348 neque
591 305 691 345 aliter,
708 314 765 338 nec
790 305 851 337 alio
876 305 969 337 inodo
986 306 1056 337 ali-'

299 367 391 401 quem
409 357 448 391 ad
462 358 602 391 habitum
621 359 718 403 recipi
742 359 933 403 permittant.
951 359 1040 392 Ordi-

298 410 461 444 nariorum
476 411 618 455 ipsorum
633 412 854 445 conscientiam
868 412 1037 453 onerando,

299 463 325 496 si
354 464 534 508 quempiam
567 464 809 508 approbaverint
839 464 887 496 vel
918 464 1038 496 admitti

299 516 511 559 permiserint,
535 517 587 561 qui
612 527 675 549 non
699 516 739 549 sit
762 516 893 549 idoneus
908 522 939 550 et
955 517 1038 550 iuxta

300 569 538 603 constitutiones
561 569 737 613 praedictas
761 570 984 613 approbandus
1009 576 1039 603 et

301 622 522 655 admittendus.
537 621 651 654 Firmis
664 621 1040 656 nihilominusremanen-

301 677 384 710 tibus
416 676 524 720 poenis
555 675 701 708 omnibus
725 681 834 709 contra
858 677 1039 720 superiores

300 738 570 773 quorumcumque
583 727 745 769 ordinum,
755 729 818 773 qui,
833 729 863 762 in
877 729 1040 763 admitten-

300 782 347 814 dis
370 781 408 814 ad
433 781 573 814 habitum
598 786 628 814 et
650 782 877 825 professionem
902 783 1037 825 novitiis,

299 835 430 868 formam
462 834 720 868 constitutionum
750 840 781 868 et
809 836 1037 870 institutionum

298 887 531 931 praedictarum
555 898 618 921 non
642 889 845 930 servaverint,
870 895 923 922 aut
950 890 1038 924 novi-

298 940 376 974 tium
407 941 543 984 aliquem
561 968 569 982 ,
601 942 801 985 quantumvis
832 942 980 976 idoneum
1010 948 1040 976 et

298 994 526 1039 approbatum,
552 995 583 1027 in
608 995 719 1039 quovis
742 996 804 1029 alio
829 1002 983 1030 conventu
1009 1002 1039 1029 et

297 1048 368 1081 loco
388 1058 443 1081 seu
468 1048 667 1090 monasterio,
686 1054 908 1093 praeterquam
934 1050 965 1083 in
989 1051 1040 1083 ba-

299 1106 408 1135 ctenus
431 1112 449 1135 a
471 1102 532 1136 Sua
553 1103 720 1135 Sanctitate
744 1103 792 1135 vel
817 1114 834 1135 a
858 1103 940 1136 dicta
965 1104 1040 1137 Con-

299 1155 482 1199 gregatione
506 1156 677 1198 designatis
701 1161 731 1189 et
761 1157 958 1200 approbatis,
985 1167 1039 1189 scu

299 1210 506 1254 imposterum
531 1209 732 1252 designandis
756 1213 786 1243 et
809 1210 1038 1253 approbandis,

299 1263 347 1295 vel
379 1263 461 1295 ultra
492 1272 660 1294 numerum
693 1263 725 1294 in
761 1273 871 1295 eorum
907 1263 1039 1306 singulis

298 1315 527 1359 praescriptum
553 1326 608 1348 seu
631 1316 926 1359 praescribendum,
951 1327 1039 1349 rece-

297 1370 403 1412 perint
426 1370 474 1402 vel
499 1369 693 1410 admiserint,
718 1380 773 1402 seu
797 1370 872 1402 alias
890 1370 1040 1413 praemis-

298 1423 340 1455 sis
364 1422 475 1468 quovis
507 1422 602 1456 modo
635 1423 886 1457 contrafecerint.
912 1423 1039 1456 Irritum

298 1486 333 1508 ex
358 1486 441 1509 nunc
465 1481 495 1508 et
520 1476 611 1515 inane
627 1476 799 1509 decernens
819 1477 969 1521 quicquid
995 1488 1039 1510 sc-

298 1540 363 1570 cus,
381 1530 429 1563 vel
449 1529 534 1571 alias,
553 1530 662 1573 quavis
675 1530 870 1572 auctoritate,
883 1541 899 1562 a
917 1531 1037 1574 quovis,

298 1588 421 1626 gestum
439 1584 487 1616 vel
501 1587 684 1617 attentatum
701 1584 803 1617 fuerit.
821 1585 890 1618 Non
907 1584 1035 1617 obstan-

299 1636 381 1669 tibus
398 1636 661 1680 quibuscumque,
682 1641 738 1671 etc.

342 1690 453 1722 Datum
479 1690 606 1730 Romae,
624 1690 706 1734 apud
730 1691 759 1724 S.
779 1690 916 1732 Petrum,
937 1690 987 1723 die
1003 1689 1038 1724 x¹

298 1743 372 1776 maii
388 1753 485 1785 nmen,
504 1743 704 1787 pontificatus
725 1744 865 1777 eiusdem
883 1744 933 1778 SS.
952 1744 985 1777 D.
1004 1746 1037 1777 N.

298 1807 379 1831 anno
403 1807 444 1832 xi.

515 1899 694 1930 Decretum
718 1900 818 1930 aliud.

297 1977 343 2010 De
374 1977 639 2010 institutionibus
675 1987 770 2020 super
803 1978 982 2020 *receptione
1012 1982 1039 2011 et

342 2030 528 2063 educatione
548 2030 747 2063 novitiorum
762 2029 989 2073 reliqiowmrm
1004 2031 1038 2064 in

343 2084 549 2117 monasteriis
574 2087 603 2116 et
628 2083 835 2116 conventibus
859 2083 1039 2127 desiynatz's

341 2137 390 2170 vel
420 2136 653 2180 desiqnandis,
691 2137 864 2171 Clementis
896 2137 1039 2171 eiusdem

343 2191 435 2223 iussu
459 2190 612 2223 editum?

341 2279 418 2312 Cum
442 2279 481 2311 ad
504 2280 683 2322 regularem
701 2279 897 2324 disciplinam
924 2281 954 2313 in
980 2281 1039 2314 sin-

298 2332 379 2375 gulis
402 2332 624 2375 religiosorum
641 2333 838 2366 monasteriis
863 2345 1039 2378 propagan-

298 2386 379 2427 dam,
404 2386 594 2419 novitiorum
620 2386 773 2420 institutio
798 2388 934 2421 maxime
954 2389 1037 2421 utilis

297 2439 337 2472 sit
359 2450 395 2473 ac
414 2440 600 2481 necessaria,
615 2444 644 2474 et
655 2440 734 2474 nihil
751 2441 789 2474 ad
804 2452 933 2485 gravem
952 2442 1036 2474 illam

296 2504 331 2526 ac
355 2493 602 2527 laudatissimam
632 2495 811 2538 priscorum
840 2501 967 2540 patrum
992 2496 1036 2529 vi-

336 2576 344 2600 t
363 2573 393 2600 ln
409 2574 468 2601 loco
479 2573 620 2608 parallelo,
633 2574 712 2602 ethic
723 2575 749 2602 in
761 2575 816 2603 edit
826 2575 944 2603 Cherub.
958 2576 1035 2604 Rom.

296 2619 330 2646 ad
345 2619 506 2654 marginem,
522 2618 619 2654 legitur
633 2625 679 2646 xtx
693 2620 766 2647 maii
778 2622 814 2654 (R.
832 2622 880 2656 T.).

331 2663 348 2690 ἃ
358 2663 431 2691 istud
442 2663 494 2691 iam
505 2663 646 2699 legebatur
658 2664 684 2691 in
696 2668 760 2692 tom.
773 2671 799 2698 x,
811 2673 871 2700 pag.
886 2665 937 2692 772
950 2666 1005 2701 (ηπ
1015 2666 1035 2699 ).

1075 306 1165 338 tendi
1191 306 1343 340 rationem
1362 307 1562 340 relaxandam
1580 308 1732 341 maiorem
1751 307 1813 341 vini

1074 358 1220 392 habuisse
1231 364 1426 404 compertum
1445 361 1493 402 sit,
1511 371 1604 405 quam
1623 361 1670 394 vel
1684 361 1813 394 nimiam

1074 412 1104 443 in
1136 413 1325 457 recipiendis
1356 414 1480 447 novitiis
1509 415 1688 449 facilitatem
1719 425 1815 459 supra

1073 474 1254 506 numerum,
1271 477 1363 509 quem
1390 478 1502 511 capere
1526 473 1619 511 atque
1644 469 1728 501 alere
1752 479 1815 502 mo-

1074 519 1210 551 nasteria
1229 519 1295 563 ipsa
1313 526 1450 563 possent,
1472 522 1518 554 vel
1543 522 1765 565 negligentiam
1783 523 1814 555 in

1073 571 1237 613 probando
1262 576 1291 604 et
1316 573 1524 607 examinando
1549 585 1659 608 eorum
1685 575 1814 619 spiritu,

1074 633 1111 655 an
1133 634 1206 657 vere
1230 629 1310 657 esset
1326 636 1363 658 ex
1378 625 1442 658 Deo
1467 631 1560 670 atque
1584 637 1620 660 ex
1646 629 1815 672 praecipuo

1073 676 1230 711 desiderio
1254 678 1298 710 illi
1324 678 1523 721 inserviendi,
1544 681 1591 712 vel
1616 680 1750 726 denique
1774 682 1816 715 in-

1075 731 1195 763 curiam
1221 731 1252 764 in
1276 731 1321 765 eis
1346 732 1515 766 educandis
1539 739 1632 777 atque
1656 735 1818 769 instituen-

1073 783 1137 824 dis,
1167 785 1303 826 idcirco,
1337 791 1370 818 ut
1403 786 1583 820 huiusmodi
1615 787 1816 821 incommodo

1072 836 1219 881 deinceps
1243 843 1438 881 occurratur,
1455 840 1647 884 praecipitur
1670 841 1817 874 omnibus

1073 895 1103 923 et
1127 891 1268 934 singulis,
1293 892 1331 925 ad
1355 904 1435 937 quos
1460 898 1588 937 spectat,
1613 898 1647 928 ut
1673 894 1704 927 in
1729 896 1811 929 reci-

1072 944 1194 988 piendis
1218 945 1353 987 novitiis,
1374 951 1405 979 et
1429 946 1459 979 in
1485 957 1596 980 eorum
1621 947 1816 982 institutione

1072 1002 1166 1040 atque
1191 997 1390 1039 educatione,
1415 1010 1538 1033 necnon
1562 1000 1594 1033 in
1619 1001 1762 1044 magistri
1787 1008 1818 1035 et

1073 1050 1207 1083 aliorum
1233 1051 1451 1085 ministrorum
1483 1054 1636 1087 electione
1669 1055 1816 1098 (praeter

1073 1104 1133 1136 alia
1156 1114 1235 1148 quac
1254 1105 1285 1137 in
1305 1106 1402 1139 sacris
1426 1107 1599 1140 canonibus
1623 1118 1658 1142 ac
1682 1108 1816 1142 decretis

1073 1158 1259 1201 praesertim
1284 1159 1412 1192 Concilii
1432 1160 1616 1202 Tridentini,
1634 1162 1816 1203 Pontificiis,

1074 1214 1103 1243 et
1127 1211 1353 1256 cuiuscumque
1370 1213 1494 1246 Ordinis
1519 1219 1571 1247 aut
1595 1215 1728 1248 instituti
1746 1226 1817 1248 con-

1073 1264 1289 1299 stitutionibus
1314 1266 1551 1311 continentur¹)
1576 1273 1639 1300 tam
1668 1269 1718 1301 in'
1741 1269 1816 1302 alias

1073 1318 1253 1360 designatis,
1274 1330 1367 1362 quam
1393 1330 1476 1353 nunc
1493 1325 1523 1352 et
1547 1321 1752 1364 imposterum
1778 1323 1817 1355 ad

1073 1370 1133 1403 boc
1158 1370 1359 1414 designandis
1383 1373 1582 1406 monasteriis
1606 1379 1636 1406 et
1661 1375 1817 1408 conventi-

1074 1424 1143 1464 bus,
1169 1424 1256 1465 haec,
1281 1436 1361 1468 quae
1386 1431 1570 1469 sequuntur,
1588 1427 1736 1460 inviolate
1759 1428 1815 1461 ob-

1074 1478 1192 1509 servari
1217 1483 1247 1510 et
1271 1479 1383 1522 exequi
1407 1485 1561 1523 perpetuo
1585 1486 1711 1514 curent:

1118 1531 1278 1572 Primum,
1303 1532 1387 1575 quod
1419 1533 1529 1565 attinet
1557 1533 1595 1566 ad
1624 1534 1816 1568 novitiorum

1074 1584 1329 1628 recipiendorum
1354 1586 1487 1618 formam
1514 1587 1609 1629 (ultra
1633 1587 1816 1631 diligentem

1074 1637 1348 1681 perquisitionem‚
1366 1648 1446 1681 quae
1470 1639 1615 1672 habenda
1639 1640 1699 1672 erit
1723 1641 1761 1673 de
1786 1653 1818 1674 u-

1073 1689 1297 1733 niuscuiusque
1321 1691 1494 1732 natalibus,
1519 1693 1662 1736 corporis
1686 1693 1817 1726 habitu-

1075 1743 1156 1784 dine,
1178 1743 1320 1777 moribus
1338 1748 1367 1779 et
1390 1746 1451 1778 vita
1470 1749 1621 1787 anteacta,
1640 1757 1676 1780 ac
1701 1748 1819 1791 praeci-

1074 1806 1135 1839 pue
1159 1806 1281 1838 eorum,
1299 1798 1352 1840 qui
1377 1804 1498 1831 sextum
1524 1800 1682 1833 decimum
1707 1802 1817 1834 aetatis

1075 1859 1148 1882 suae
1172 1860 1289 1883 annum
1314 1852 1473 1894 excedent,
1499 1853 1558 1885 an³
1583 1853 1755 1895 criminosi,
1779 1865 1818 1887 an

1074 1913 1146 1936 aere
1170 1904 1272 1937 alieno
1297 1905 1428 1947 gravati,
1446 1906 1493 1938 vel
1519 1906 1696 1940 reddendae
1720 1908 1818 1941 alicu-

1074 1957 1122 1989 ius
1148 1958 1427 1992 administrationis
1453 1960 1567 1993 rationi
1587 1961 1720 1994 obnoxii
1746 1962 1817 2002 sint,

1074 2010 1158 2043 iuxta
1182 2012 1317 2044 formam
1341 2012 1572 2046 constitutionis
1593 2014 1691 2047 felicis
1715 2025 1818 2049 recor-

1073 2065 1206 2099 dationis
1231 2065 1306 2099 Sixti
1335 2067 1355 2099 V
1375 2072 1405 2099 et
1428 2067 1681 2101 moderationum
1707 2069 1815 2102 subsc-

1073 2120 1268 2164 quutarum),
1279 2120 1356 2153 illud
1370 2121 1463 2154 etiam
1476 2121 1669 2165 superiores,
1680 2123 1719 2156 ad
1736 2134 1816 2168 quos

1073 2173 1234 2218 spectabit,
1252 2174 1361 2207 sedulo
1379 2175 1584 2219 perquirant,
1602 2181 1636 2209 ut
1652 2177 1767 2221 quibus
1784 2178 1816 2211 in

1074 2227 1271 2261 monasteriis
1297 2231 1326 2261 et
1350 2228 1564 2270 conventibus,
1582 2239 1619 2262 ex
1643 2231 1816 2274 apostolica

1072 2281 1216 2314 facultate
1240 2281 1409 2315 novitiatus
1434 2283 1549 2316 fuerint
1570 2283 1711 2325 instituti,
1730 2285 1760 2317 in
1778 2285 1815 2318 iis

1073 2335 1110 2367 ad
1134 2335 1321 2379 religionem
1345 2336 1450 2369 nullus
1475 2337 1681 2381 imposterum
1707 2338 1815 2372 admit-

1073 2392 1164 2429 tatur,
1181 2389 1234 2433 qui
1259 2395 1289 2422 et
1313 2399 1350 2422 ex
1368 2390 1508 2424 honestis
1524 2391 1707 2434 parentibus
1725 2397 1816 2426 natus

1108 2488 1118 2514 1
1137 2486 1178 2513 Sic
1196 2486 1311 2522 legimus
1331 2495 1361 2514 ex
1380 2487 1440 2514 loco
1461 2487 1598 2523 parallelo:
1621 2496 1735 2516 erronee
1755 2489 1814 2517 edi-

1072 2530 1157 2558 tiones
1174 2531 1216 2558 liic
1232 2532 1327 2566 legunt
1342 2532 1505 2559 continetur
1519 2533 1561 2567 (n.
1578 2534 1625 2565 τ.).

1106 2576 1121 2602 ⁵2
1138 2576 1185 2603 Ille
1200 2576 1322 2603 delemus
1337 2584 1430 2603 vocem
1444 2577 1494 2607 eis,
1511 2585 1580 2612 quae
1596 2578 1623 2604 in
1642 2577 1701 2605 aliis
1722 2578 1815 2606 editio-

1072 2621 1151 2648 nibus
1168 2629 1223 2648 non
1234 2621 1342 2656 legitur,
1356 2629 1445 2656 neque
1460 2621 1487 2648 in
1502 2621 1561 2649 loco
1573 2622 1704 2657 parallelo
1720 2625 1811 2657 (nnn).

1106 2665 1122 2692 3
1138 2665 1282 2701 perperam
1298 2665 1362 2693 edit.
1380 2666 1463 2694 Main.
1481 2675 1514 2694 αο
1529 2675 1577 2702 pro
1590 2676 1627 2694 ανι
1640 2667 1704 2704 legit
1714 2669 1751 2703 (R.
1764 2670 1813 2704 T.).

1717 250 1782 283 ⁶215
1827 260 1876 287 An.
1893 260 1921 287 c.
1945 260 2011 287 1624

1887 1544 2014 1564 Notitioruiu

1833 1576 1929 1592 examen,
