2269 3235
76 243 125 270 Λη.
141 240 170 269 C.
191 240 258 268 1627

319 287 334 330 ἓ
351 286 381 319 4.
397 287 464 320 Non
477 286 670 321 obstantibus
684 287 831 320 omnibus
846 286 915 327 illis,
932 298 1012 330 quae

274 339 306 372 in
318 339 430 373 litteris
446 340 613 384 praedietis
628 341 783 373 voluimus
801 350 862 372 non
877 340 1012 380 obstare,

275 393 450 436 ceterisque
474 394 640 428 contrariis
664 394 928 437 quibuscumque.

318 447 429 479 Datum
453 448 579 489 Romae,
598 447 679 491 apud
708 448 735 479 S.
762 447 890 480 Mariam
919 446 1013 478 Maio-

273 510 355 542 rem,
381 501 439 533 sub
466 502 581 534 annulo
609 500 790 540 l'iscatoris,
811 499 861 532 die
889 509 923 531 111
948 498 1013 531 iulii

275 564 439 595 mnexxvn,
460 555 660 599 pontificatus
681 554 779 587 nostri
804 563 885 586 anno
910 563 951 586 1v.

311 616 369 643 Dat.
390 616 433 643 die
453 616 468 643 3
488 616 543 643 iulii
562 616 638 650 1627,
655 615 750 651 pontif,
768 621 839 642 anno
855 623 890 642 iv.

123 302 260 323 obstantibus

76 330 170 356 derogat.

605 731 681 765 CCL.

278 802 488 845 Confirmatio
514 801 750 834 nonnullorum
773 801 1012 844 capitulorum,

318 866 401 898 quae
424 856 511 888 inita
535 860 610 888 sunl
637 856 723 888 inter
745 855 863 898 fratres
883 854 1016 888 Ordinis

318 908 426 941 beatae
449 909 576 941 Mariae
593 908 630 941 dc
652 908 794 941 Mercede
818 907 1017 951 Redemptio-

319 963 371 995 πίε
388 963 599 1006 captivorum,
618 962 780 994 occasione
800 961 1017 1006 separationis

321 1015 599 1049 Discalcealorum
623 1026 643 1048 α
669 1015 836 1050 Calceatis.

486 1088 621 1115 Urbanus
640 1088 715 1121 Papa
733 1087 812 1120 VIII,

399 1132 435 1158 ad
455 1135 630 1166 perpetuam
650 1132 694 1159 rei
715 1131 894 1159 memoriam.

106 1205 245 1226 Prooemium.
322 1193 355 1225 In
382 1193 460 1226 Sede
492 1193 647 1237 Principis
671 1193 897 1237 apostolorum7
923 1193 1017 1226 nullis

277 1247 350 1280 licet
369 1247 484 1279 nostris
504 1246 748 1289 suffragantibus
769 1246 898 1287 meritis,
913 1246 1017 1280 divina

277 1300 477 1344 providentia
502 1299 671 1340 constituti,
692 1299 915 1342 religiosorum
932 1300 1018 1333 Ordi-

276 1364 351 1386 num
377 1354 408 1386 in
433 1353 572 1386 Ecclesia
592 1352 646 1385 Dei
664 1353 865 1386 militantium
891 1365 1018 1398 prospe-

277 1419 348 1440 rum
374 1411 488 1441 statum
518 1407 704 1451 felicemque
734 1408 938 1456 directionem
961 1409 1019 1441 sin-

278 1461 358 1494 ceris
372 1461 584 1494 desiderantes
601 1460 775 1501 affectibus,
790 1472 834 1502 ea,
852 1472 932 1505 quae
949 1473 1019 1506 pro-

277 1520 385 1559 pterea
409 1515 608 1548 concorditer
631 1515 712 1547 sacta
736 1515 830 1548 fuisse
854 1515 1016 1557 dicuntur,

278 1574 311 1601 ut
335 1569 426 1601 firma
450 1573 602 1612 perpetuo
627 1572 656 1602 et
683 1568 800 1600 illibata
824 1574 1017 1609 remaneant,

278 1623 466 1667 apostolicae
484 1622 733 1655 confirmationis
750 1623 865 1656 robore
884 1623 1018 1656 libenter

278 1675 522 1715 communimus,
546 1680 641 1719 prout
665 1675 877 1719 conspicimus
902 1675 933 1708 in
957 1676 1018 1709 Do-

279 1729 365 1762 mino
389 1729 557 1762 salubriter
581 1729 739 1772 expedire.

82 1788 214 1836 smgg'ifflxla
227 1787 264 1840 ἓξ
324 1783 339 1825 ξ
363 1782 392 1814 1.
418 1782 493 1816 Cum
509 1782 624 1825 itaque,
643 1782 721 1816 sieut
736 1783 925 1826 accepimus
943 1784 1018 1816 alias

83 1842 266 1871 nwfivasepam-
280 1835 361 1867 inter
380 1834 510 1868 dilectos
530 1835 611 1868 filios
631 1836 744 1869 fratres
768 1835 892 1869 Ordinis
908 1837 1018 1870 beatae

83 1872 148 1890 ΗΜ
281 1888 395 1921 Mariae
411 1888 449 1921 de
466 1889 606 1922 Mercede
630 1888 854 1932 redemptionis
879 1891 1018 1934 captivo-

281 1952 352 1974 rum
370 1942 527 1975 Calceatos
545 1952 580 1975 ex
597 1944 670 1985 una,
688 1953 723 1975 ac
744 1943 857 1976 fratres
878 1944 1018 1977 eiusdem

281 1995 404 2029 Ordinis
412 1996 664 2039 congregationis
670 1996 934 2031 Discalceatorum
945 2009 1021 2031 nun-

281 2054 469 2093 cupatorum
488 2060 524 2082 ex
540 2050 638 2083 altera
654 2050 805 2094 partibus,
820 2051 1020 2096 infrascripta

281 2103 416 2146 capitula
436 2103 601 2136 occasione
626 2104 832 2147 separationis
856 2115 892 2137 ac
918 2106 1020 2139 totalis

281 2155 569 2195 dimiembrationis
605 2157 870 2191 Discalceatorum
906 2159 1017 2192 liuius-

282 2210 367 2243 modi
395 2220 412 2242 a
435 2210 587 2243 fratribus
612 2210 761 2244 Calceatis
791 2212 959 2255 praedictis
983 2213 1021 2246 de

282 2263 429 2296 mandato
447 2263 551 2297 dilecti
568 2264 623 2296 filii
641 2265 741 2298 nostri
766 2265 913 2309 Gasparis
931 2266 1020 2300 titulo

283 2316 311 2349 S.
337 2316 444 2350 Crucis
468 2317 499 2349 in
524 2318 719 2351 Hierusalem
752 2318 926 2363 presbyteri
958 2331 1022 2353 car-

283 2370 395 2402 dinalis
415 2370 547 2413 Borgiae
571 2372 751 2415 nuncupati,
774 2372 914 2405 eiusdem
936 2373 1022 2406 Ordi-

282 2424 331 2456 nis
351 2423 432 2467 apud
456 2434 513 2457 nos
537 2429 567 2457 et
585 2425 796 2468 Apostolicarn
821 2426 932 2459 Sedem
953 2437 1024 2470 pro-

283 2477 424 2518 tectoris,
451 2476 728 2511 intervenientibus
754 2484 783 2511 et
807 2478 1023 2512 assistentibus

284 2530 404 2563 dilectis
429 2530 572 2564 similiter
596 2531 668 2564 filiis
693 2532 807 2565 Ioanne
831 2532 869 2565 de
886 2532 1023 2566 Antillon

284 2589 358 2617 tunc
386 2584 430 2616 uti
463 2583 580 2617 vicario
604 2586 743 2628 generali
776 2591 806 2619 et
838 2585 1023 2630 provinciali

285 2648 320 2672 ac
335 2643 541 2682 procuratore
557 2639 696 2682 generali
712 2638 744 2672 in
759 2640 899 2674 Romana
919 2639 1023 2682 Curia,

887 237 1029 262 URBANUS
1052 237 1109 262 VIII
1132 238 1180 262 Pr.

1692 227 1756 259 565
1802 235 1851 262 An.
1872 235 1899 262 c.
1919 235 1984 262 1627

1046 298 1081 319 ac
1107 287 1197 318 l’etro
1222 286 1260 318 ‹le
1284 286 1421 319 Gusman
1448 285 1538 318 etiarn
1573 289 1644 317 tunc
1670 295 1785 327 procu-

1048 344 1150 372 ratore
1172 339 1351 382 provinciae
1373 339 1521 371 (lasti-llari
1543 338 1681 371 eiusdem
1703 337 1788 369 Ordi-

1047 391 1104 433 nis,
1130 403 1251 425 necnon
1273 392 1387 424 ltidaco
1404 392 1441 423 de
1459 396 1566 424 sancto
1592 391 1696 431 l‘aulo,
1715 396 1787 423 tunc

1048 445 1191 478 similiter
1205 445 1350 477 'eiusdem
1370 446 1494 477 Ordinis
1512 450 1718 489 procuratore
1739 455 1789 487 ge-

1047 498 1156 538 nerali,
1182 498 1255 530 inita
1277 498 1393 531 suerint
1414 499 1531 531 tenoris
1557 498 1785 542 subsequentis,

1049 549 1205 583 videlicet:

1093 603 1107 645 ἓ
1131 603 1160 635 2.
1186 603 1219 635 ln
1244 603 1355 646 primis
1380 604 1537 645 statuitur,
1564 605 1646 648 quod
1673 605 1789 649 suppli-

1049 661 1137 689 cetur
1154 656 1233 689 Suae
1250 657 1410 690 Sanctitati
1431 658 1557 690 nomine
1578 659 1713 701 partium
1732 670 1780 691 su-

1050 709 1281 753 pradictarum,
1305 716 1339 743 ut
1362 722 1420 754 pro
1445 711 1503 744 liac
1535 711 1603 744 viee
1631 712 1790 746 ‹lurntaxat

1049 762 1196 805 dignetur
1220 764 1385 797 nominare
1410 775 1507 797 unum
1526 764 1676 797 vicarium
1696 776 1790 807 gene-

1050 816 1148 849 ralem
1180 817 1404 857 recollectum,
1429 817 1481 860 qui
1508 818 1621 850 habeat
1649 819 1789 851 eamdem

1049 870 1279 911 auctoritatem,
1299 871 1559 912 iurisdictionem,
1579 872 1792 915 praeeminen-

1050 924 1122 957 tiam
1149 928 1179 958 ct
1207 925 1461 968 superioritatem
1492 935 1586 968 super
1611 935 1720 958 omnes
1745 936 1792 958 rc-

1050 978 1215 1020 colleetos,
1241 978 1387 1021 illiusque
1412 978 1602 1011 monasteria
1626 978 1790 1022 utriusque

1051 1042 1152 1072 sexus,
1170 1042 1265 1075 quam
1287 1032 1381 1064 habet
1405 1032 1685 1065 reverendissimus
1702 1043 1792 1075 gene-

1050 1085 1124 1118 ralis
1142 1096 1237 1129 super
1253 1090 1347 1118 totam
1365 1085 1551 1128 religionem
1566 1086 1791 1127 Calceatorum,

1050 1143 1080 1171 et
1104 1138 1157 1182 qui
1183 1138 1329 1171 similiter
1352 1140 1450 1182 possit
1480 1140 1643 1173 nominare
1668 1132 1792 1183 provin—

1051 1192 1161 1233 ciales,
1187 1192 1389 1234 diffinitores,
1416 1193 1568 1226 electores
1593 1198 1622 1228 et
1645 1204 1793 1237 procura-

1051 1251 1135 1279 tores
1166 1247 1330 1289 generales
1366 1246 1600 1290 provinciarum
1631 1247 1791 1289 Castellae‚

1051 1299 1190 1332 Baeticae
1204 1309 1240 1332 ac
1254 1299 1376 1332 Siciliae
1392 1310 1450 1343 pro
1464 1300 1522 1333 hac
1537 1300 1602 1333 vice
1623 1300 1792 1341 dumtaxat,

1051 1356 1081 1385 et
1105 1352 1265 1395 assignare
1290 1353 1394 1386 locum
1423 1353 1454 1385 in
1479 1364 1541 1397 quo
1566 1353 1606 1386 sit
1635 1346 1793 1387 celebran-

1051 1406 1126 1438 dum
1151 1406 1322 1449 capitulum
1347 1406 1493 1449 generale
1518 1406 1669 1447 futurum,
1690 1417 1725 1440 ac
1749 1407 1792 1439 di-

1052 1459 1157 1493 videre
1179 1465 1209 1492 et
1233 1460 1397 1492 nominare
1422 1460 1613 1504 provincias:

1097 1514 1111 1557 ξ
1134 1513 1164 1546 3.
1186 1514 1273 1554 Item,
1294 1514 1378 1557 quod
1395 1514 1530 1547 vicarius
1547 1514 1703 1557 generalis
1722 1525 1793 1558 apo·
1809 1557 1834 1569 m
1849 1551 1943 1570 mmm
1957 1550 1992 1569 du.

1053 1567 1181 1600 stolicus
1206 1567 1361 1610 gubernet
1385 1568 1640 1600 recollectionem
1665 1568 1709 1600 uti
1734 1579 1789 1601 su-
1808 1568 1864 1602 ssu-¹
1879 1583 1908 1596 111>-

1052 1630 1197 1663 premum
1222 1624 1316 1664 eaput
1332 1631 1349 1652 a
1366 1620 1416 1653 die
1435 1621 1657 1654 notificationis
1677 1622 1792 1663 Bullae‚

1053 1684 1109 1706 seu
1133 1674 1358 1718 illotusproprii
1383 1674 1548 1706 emanaudi
1574 1675 1606 1707 in
1630 1675 1794 1708 confirma-

1054 1726 1169 1760 tionem
1190 1727 1305 1760 horum
1330 1727 1539 1770 capitulorum
1556 1738 1655 1771 usque
1676 1728 1714 1760 ad
1731 1729 1795 1771 pri-

1053 1790 1139 1812 mum
1175 1780 1348 1823 capitulum
1384 1781 1531 1823 generale
1569 1781 1793 1814 celebrandum

1053 1833 1084 1865 in
1108 1833 1158 1866 die
1183 1833 1381 1867 Pentecostes
1406 1834 1478 1866 anni
1507 1834 1643 1878 proximi
1671 1835 1794 1867 venturi

1053 1897 1191 1929 iuncxxn,
1210 1887 1241 1919 in
1258 1898 1320 1931 quo
1340 1888 1455 1931 poterit
1472 1888 1592 1930 reeligi⁷
1612 1888 1636 1920 si
1655 1888 1698 1921 sic
1715 1889 1793 1922 bene

1055 1941 1154 1974 visum
1178 1941 1273 1975 suerit
1296 1942 1464 1974 convenire
1488 1942 1720 1975 recollectioni:

1099 1995 1113 2038 g
1138 1994 1168 2027 4.
1193 1995 1270 2027 Item
1296 1995 1379 2038 quod
1396 2006 1414 2027 a
1430 1995 1480 2028 dic
1505 1996 1703 2028 Pentecostes
1723 1996 1994 2051 ³n¹¹i110rffi=³i⁵¹¹i1¹ss¹i.i¹»ffi

1054 2058 1186 2081 itincxxu
1201 2048 1231 2080 in
1244 2054 1405 2091 posterum
1421 2049 1533 2081 suturis
1551 2054 1704 2092 perpetuo
1722 2054 1796 2082 tem-
1810 2036 1912 2105 ῑῖἰιᾶξιιῑῧ
1930 2040 1995 2077 ‘ceie-

1054 2103 1184 2146 poribus
1195 2103 1335 2146 quolibet
1349 2103 1498 2136 sexennio
1513 2103 1624 2135 debeat
1641 2103 1795 2136 celebrari
1879 2099 1898 2105 “’

1055 2157 1225 2200 capitulum
1256 2157 1402 2199 generale
1435 2157 1665 2189 recollectionis
1691 2157 1721 2189 in
1746 2157 1795 2190 die

1056 2210 1274 2252 Pentecostes,
1301 2210 1455 2243 servando
1480 2211 1511 2242 in
1537 2211 1683 2243 omnibus
1711 2211 1795 2243 ordi—

1054 2275 1149 2305 nem,
1181 2264 1233 2308 qui
1264 2268 1406 2298 servatur
1430 2275 1447 2296 a
1471 2264 1612 2308 patribus
1637 2264 1795 2306 Calceatis,

1055 2317 1180 2350 interim
1214 2318 1299 2361 quod
1322 2328 1384 2351 non
1409 2318 1485 2350 fiant
1513 2317 1752 2351 constitutiones
1779 2328 1796 2350 a

1055 2372 1270 2404 Discalceatis:

1101 2426 1115 2468 g
1140 2425 1168 2458 5,
1195 2426 1281 2466 Item⁷
1300 2425 1384 2468 quod
1410 2435 1469 2457 vox
1492 2430 1555 2457 tam
1581 2425 1680 2458 activa
1701 2436 1795 2468 quam
1811 2459 1851 2479 mm
1867 2464 1939 2478 wem
1959 2459 1995 2478 ha-

1056 2478 1178 2522 passiva
1204 2489 1262 2522 pro
1287 2479 1438 2511 electione
1474 2478 1653 2512 huiusmodi
1687 2479 1795 2512 vicarii
1811 2485 1897 2532 heptnffn
1911 2485 1944 2506 his
1960 2490 1995 2506 ω·

1057 2532 1212 2575 generalis
1230 2532 1331 2565 solum
1351 2537 1508 2576 competat
1525 2533 1680 2575 religiosis
1696 2534 1797 2566 recol-
1811 2519 1831 2539 μ
1845 2519 1856 2533 u
1875 2520 1891 2533 δ’

1057 2586 1153 2628 lectis,
1175 2586 1292 2630 absque
1317 2596 1354 2619 eo
1379 2586 1463 2629 quod
1488 2591 1593 2630 patres
1616 2587 1749 2620 Calceati
1766 2592 1795 2621 et

1057 2650 1167 2673 eorum
1193 2639 1474 2674 reverendissimus
1497 2640 1654 2683 generalis
1675 2641 1796 2684 possint

1846 616 1875 636 De
1892 616 1988 639 eitun-mlo

1805 643 1883 662 vivario
1893 644 1987 666 guin-»rati

1805 671 1971 691 pemittant-turum.

1839 1524 1929 1549 Tempus
1945 1525 1991 1543 otti-

1839 2431 1931 2452 catceati
1951 2431 1995 2452 nut-
