2269 3235
103 261 153 289 An.
173 260 202 289 C.
220 259 287 287 1627

169 694 224 716 Alias
252 693 291 714 iste

111 722 204 743 Pontifex
226 720 293 741 beati·

111 749 182 770 fucavit
206 748 293 768 Mariam

110 774 256 799 Magdatenam
268 774 293 793 de

112 802 195 824 Panis.
211 803 231 821 et
246 801 293 820 mis-

112 833 156 848 sam
168 833 193 848 ac
204 827 294 847 officium

111 854 138 875 do
151 859 173 874 ea
191 853 293 874 celebrari

110 885 173 906 posse
210 879 294 899 indulsit

112 907 131 927 in
147 905 242 926 omnibus
259 910 293 924 ec-

111 932 180 952 clesiis
202 931 294 951 civitatis

112 957 258 981 florentinae,
273 960 294 977 et

111 984 191 1005 nomae
215 984 236 1004 in
260 989 293 1004 ee·

111 1011 177 1031 etesia
184 1011 250 1037 ipsius
258 1016 294 1031 na-

111 1038 181 1059 tionis.

916 257 1058 282 URBANUS
1079 257 1136 282 VIII
1155 258 1203 282 1⁵1⁷.

302 305 485 340 ancillarum
510 305 623 340 Christi
649 305 752 340 honor
776 309 805 340 et
830 306 989 338 veneratio
1010 306 1040 337 in

302 360 395 393 terris
418 365 652 404 promoveatur,
670 361 752 394 iuxta
774 359 927 393 creditum
949 358 1041 392 nobis

303 413 438 457 desuper
463 414 653 458 apostolicae
679 413 837 447 servitutis
854 411 991 445 officium
1010 411 1043 443 li-

303 467 414 500 benter
426 467 625 509 intendimus,
637 467 779 510 votisque
791 464 1041 498 christifidelium

304 520 458 554 honorem
483 524 513 559 et
537 520 767 554 venerationem
792 517 972 550 huiusmodi
996 528 1044 551 rc-

306 573 508 617 spicientihus
525 573 658 606 libenter
673 571 850 611 annuimus,
864 575 958 615 prout
973 581 1044 604 con-

306 627 457 671 spicimus
481 627 513 660 in
537 626 669 660 Domino
693 625 863 658 salubriter
887 623 1043 668 expedire.

352 682 367 724 §
391 681 420 714 1.
445 681 527 714 Alias
549 679 712 724 siquidem,
741 690 800 723 pro
824 683 915 723 parte
939 678 1044 713 dilecti

308 734 365 767 filii
388 734 502 768 nobilis
534 732 739 766 adolescentis
763 732 953 766 Ferdinandi
978 733 1042 765 He-

309 788 426 821 truriae
449 787 508 820 sibi
529 786 686 820 subiectae
703 786 809 829 magni
829 786 929 825 ducis,
949 796 984 819 ac
1003 786 1047 819 di-

308 841 459 873 lectarum
477 839 509 871 in
525 839 648 873 Christo
664 839 802 872 filiarum
815 839 969 874 nobilium
983 850 1048 872 mu—

308 893 419 925 lierum
444 892 559 925 Mariae
583 893 783 936 Magdalenae
815 892 1048 926 archiducissae

307 945 451 978 Austriae
467 951 497 978 et
520 946 729 980 Christiernae
745 957 762 979 a
775 946 976 989 Lotharingia
994 947 1050 979 He-

309 998 428 1032 truriae
452 999 512 1032 sibi
538 999 695 1032 subiectae
711 1009 898 1042 magnarum
916 999 1051 1032 ducissa-

310 1063 381 1086 rum
406 1052 582 1094 viduarum,
607 1063 731 1087 necnon
754 1053 908 1097 piorissae
933 1058 964 1086 et
987 1064 1052 1087 rno-

310 1107 439 1140 nialium
464 1107 646 1140 monasterii
670 1108 699 1141 S.
720 1108 834 1141 Mariae
857 1108 1050 1151 Angelorum

311 1167 508 1205 nuncupatae
532 1161 563 1194 in
587 1161 690 1205 burgo
714 1161 743 1195 S.
764 1161 903 1194 Fridiani
920 1161 1053 1195 civitatis

312 1215 527 1256 Florentinae,
551 1215 643 1248 nobis
667 1215 826 1259 exposito,
851 1215 935 1258 quod
953 1215 1054 1248 bonae

313 1269 485 1302 memoriae
505 1268 617 1302 ancilla
633 1269 687 1301 Dei
705 1268 800 1301 Maria
817 1268 997 1311 Magdalena
1016 1269 1054 1301 de

314 1322 418 1355 Pazzis
442 1322 621 1355 Florentina
645 1322 800 1363 monialis,
823 1322 929 1355 multis
949 1328 979 1356 et
995 1322 1057 1355 exi-

314 1375 386 1408 miis
409 1376 560 1408 virtutum
585 1380 615 1409 et
635 1376 819 1419 gratiarum,
836 1386 872 1410 ac
889 1376 1057 1410 miraculo-

314 1439 387 1462 rum
417 1429 507 1462 donis
538 1440 556 1462 a
585 1430 718 1463 Domino
751 1430 905 1463 illustrata
936 1430 1056 1470 suerat;

315 1483 468 1526 nobisque
491 1489 659 1527 propterea
683 1495 741 1528 pro
765 1489 854 1528 parte
871 1484 1056 1517 eorumdem

316 1537 504 1570 Ferdinandi
520 1538 626 1580 magni
650 1537 738 1570 ducis
757 1543 788 1570 et
804 1537 918 1571 Mariae
935 1537 1059 1580 Magda-

316 1589 404 1623 lenae
427 1590 677 1631 archiducissae,
700 1600 823 1623 necnon
847 1590 1058 1624 Christiernae

318 1653 503 1686 magnarum
517 1643 713 1676 ducissarum
731 1643 906 1684 viduarum,
925 1654 959 1677 ac
973 1644 1059 1687 prio-

318 1697 415 1730 rissae
440 1702 469 1729 et
489 1696 673 1730 monialium
691 1697 852 1729 humiliter
872 1697 1059 1740 supplicato,

318 1755 362 1790 ut,
380 1750 479 1784 donec
497 1750 741 1784 canonizationis
757 1751 860 1784 honor
884 1750 985 1784 dictae
1006 1761 1060 1783 an-

321 1804 409 1837 cillae
428 1805 483 1838 Dei
506 1805 620 1838 Mariae
643 1805 843 1848 Magdalenae
868 1805 908 1838 ob
926 1806 993 1838 eius
1013 1815 1062 1837 ex-

322 1858 465 1891 cellentia
488 1858 608 1899 merita,
633 1858 738 1891 divina
762 1859 920 1902 aspirante
945 1858 1061 1901 gratia,

322 1911 361 1944 ab
378 1912 547 1955 apostolica
567 1911 644 1945 Sede
662 1912 860 1953 decernatur,
881 1912 990 1945 eadem
1008 1922 1062 1944 an-

263 1988 271 1997 .
323 1965 394 1997 cilla
417 1965 471 1998 Dei
496 1965 590 1998 Maria
614 1965 794 2008 Magdalena
825 1966 918 1998 Beata
942 1976 1063 1998 nuncu-

323 2017 412 2061 pari,
438 2022 530 2061 atque
555 2018 694 2051 officium
719 2024 749 2051 et
772 2018 867 2051 missa
891 2018 929 2051 de
952 2020 1006 2059 ea,
1031 2023 1065 2051 ut

324 2071 414 2111 infra,
434 2071 559 2105 recitari
579 2077 610 2104 ct
629 2072 781 2105 celebrari
799 2078 922 2116 posset:
942 2082 1010 2112 nos,
1030 2082 1065 2104 re

324 2125 413 2168 prius
437 2136 495 2169 per
516 2125 709 2158 venerabiles
725 2126 838 2158 fratres
857 2130 983 2159 nostros
1000 2135 1066 2158 san-

326 2183 393 2211 ctae
416 2178 574 2212 Romanae
599 2179 754 2212 Ecclesiae
775 2179 949 2212 cardinales
969 2179 1066 2212 sacris

327 2230 438 2264 ritihus
462 2233 679 2276 praepositos,
711 2233 824 2276 quibus
849 2243 917 2266 eam
943 2233 1063 2265 exami-

328 2286 462 2318 nandam
487 2287 757 2328 mandaveramus,
777 2292 898 2320 mature
916 2287 1066 2328 discussa,

330 2339 368 2371 de
392 2340 576 2373 eorumdem
599 2341 806 2373 cardinalium
832 2340 962 2374 consilio
977 2367 984 2380 ,
1009 2340 1068 2372 hu-

331 2393 465 2426 iusmodi
489 2394 768 2437 supplicationibus
784 2394 933 2436 inclinati,
950 2398 984 2428 ut
1002 2394 1068 2437 ipsa

332 2446 444 2479 ancilla
466 2447 520 2479 Dei
544 2447 639 2480 Maria
668 2448 850 2491 Magdalena
874 2448 966 2480 Beata
993 2457 1071 2480 nun-

333 2500 450 2544 cupari,
476 2500 678 2545 officiumque
701 2507 731 2534 et
756 2502 851 2534 missa
874 2501 911 2533 de
937 2502 972 2533 ea
997 2504 1071 2534 tam—

333 2565 427 2597 quam
453 2554 490 2588 de
510 2556 669 2588 communi
685 2556 820 2598 Yirginis
837 2566 901 2588 non
917 2555 1070 2598 Martyris,

334 2607 419 2640 iuxta
443 2608 586 2641 rubricas
620 2608 755 2641 missalis
787 2613 816 2641 et
846 2607 995 2640 breviarii
1020 2618 1072 2641 ro-

335 2662 428 2703 mani,
448 2662 480 2696 in
500 2662 646 2696 omnibus
659 2667 687 2696 et
705 2662 836 2705 singulis
852 2661 984 2695 civitatis
1004 2661 1072 2694 Flo-

1717 245 1779 279 5:39
1826 254 1875 281 Λη.
1893 254 1920 281 c.
1944 255 2009 281 1627

1075 305 1215 338 rentinac
1233 303 1382 346 eeclesiis,
1401 308 1431 337 et
1449 303 1500 337 liic
1518 303 1644 343 Romae,
1662 312 1721 345 pro
1742 308 1813 334 tune

1075 363 1237 401 praesente
1261 368 1342 391 anno
1367 357 1535 398 dumtaxat,
1554 356 1583 389 in
1601 355 1733 389 ecclesia
1749 366 1815 387 san-

1075 410 1115 444 cti
1148 411 1271 443 loannis
1302 411 1456 454 Baptistae
1491 409 1625 442 nationis
1657 409 1812 442 Florenti-

1076 474 1208 505 norum,
1235 464 1267 496 in
1287 474 1348 507 qua
1368 463 1607 497 beatificationis
1636 462 1815 495 huiusmodi

1077 517 1260 550 solemnitas
1285 517 1473 549 celebranda
1499 522 1582 558 erat,
1617 517 1645 548 in
1676 516 1815 548 eiusdem

1077 570 1207 603 ancillae
1224 569 1277 602 Dei
1294 570 1409 603 Mariae
1426 570 1624 612 lllagdalenae
1640 569 1743 602 obitus
1764 579 1817 601 seu

1078 623 1138 655 alia
1164 623 1366 666 subsequenti
1391 633 1453 655 non
1479 622 1626 665 impedita
1648 623 1697 654 die
1718 634 1735 654 a
1754 622 1819 665 qui-

1079 677 1186 710 busvis
1203 676 1325 723 clericis
1341 680 1371 710 et
1384 676 1576 720 presbyteris
1593 681 1654 708 tarn
1673 675 1818 707 seculari-

1079 730 1138 763 bus
1155 740 1248 774 quam
1267 729 1468 772 regularibus
1486 728 1610 761 recitari
1625 734 1652 759 et
1667 729 1818 761 celebrari

1080 783 1256 827 respective
1280 788 1409 826 possent
1429 787 1458 815 et
1478 782 1628 822 valerent,
1648 781 1819 824 apostolica

1081 837 1267 871 auctoritate
1290 835 1504 870 concessimus
1526 840 1555 867 ct
1575 834 1771 874 indulsimus,
1793 838 1821 864 et

1082 890 1174 933 alias,
1200 895 1295 934 prout
1323 890 1354 922 in
1386 889 1454 922 aliis
1484 888 1599 921 nostris
1631 887 1767 930 desuper
1792 886 1821 918 in

1083 944 1177 978 simili
1193 945 1295 978 forma
1312 944 1420 977 Brevis
1441 942 1592 987 expeditis
1613 941 1736 983 litteris,
1752 951 1824 984 qua-

1084 1009 1154 1031 rum
1184 1003 1309 1031 tenores
1337 996 1555 1041 praesentibus
1580 1005 1639 1039 pro
1668 993 1824 1038 expressis

1084 1051 1194 1085 haberi
1219 1052 1375 1091 volumus,
1399 1050 1523 1094 plenius
1547 1048 1754 1083 continetur¹.

1130 1106 1145 1149 §
1164 1106 1193 1138 ⁶2.
1214 1106 1303 1139 Nunc
1319 1109 1435 1144 autem,
1453 1102 1734 1147 supplicationibus
1754 1101 1827 1134 dile-

1087 1164 1210 1192 ctorum
1244 1158 1382 1191 filiorum
1420 1156 1575 1200 generalis
1590 1183 1597 1197 ‚
1630 1156 1827 1198 aliorumque

1087 1212 1288 1257 superiorum
1313 1216 1343 1245 et
1366 1212 1498 1244 fratrum
1520 1210 1644 1244 Ordinis
1665 1210 1696 1242 B.
1715 1209 1827 1242 Mariae
1845 1224 1888 1253 [με
1909 1222 1935 1241 a„
1957 1221 2028 1241 uanis

1088 1267 1126 1300 de
1149 1267 1252 1300 Monte
1276 1266 1419 1299 Carmelo
1438 1264 1530 1297 nobis
1547 1263 1708 1296 humiliter
1724 1273 1830 1306 porre-
1845 1250 2029 1296 lss'il‘'¹si¹1'3sli‘'”¹²¹'

1089 1321 1147 1354 ctis
1172 1319 1322 1361 inclinati,
1343 1319 1381 1352 de
1398 1317 1583 1352 eorumdem
1608 1317 1741 1349 fratrum
1759 1326 1830 1349 con-

1090 1374 1170 1415 silio,
1196 1374 1311 1407 dictam
1341 1373 1373 1406 B.
1402 1373 1530 1406 Mariam
1555 1371 1768 1414 Magdalenam
1794 1371 1831 1403 de

1090 1428 1195 1461 Pazzis
1219 1427 1293 1460 dicti
1319 1426 1444 1460 Ordinis
1469 1426 1502 1458 B.
1530 1425 1643 1458 Mariae
1669 1425 1707 1457 de
1731 1425 1832 1458 Monte

1090 1481 1232 1515 Carmelo
1250 1481 1430 1520 monialem,
1448 1479 1521 1512 dum
1542 1479 1611 1522 ipsa
1627 1478 1712 1519 vixit,
1728 1479 1832 1519 fuisse,

1091 1539 1200 1569 tenore
1223 1534 1436 1579 praesentium
1461 1533 1667 1566 declaramus.

1137 1590 1152 1632 ξ
1176 1588 1205 1622 3.
1230 1588 1383 1631 Quodque
1402 1588 1433 1620 in
1454 1587 1601 1620 omnibus
1626 1585 1834 1625 monasteriis,

1864 1115 1920 1135 Nunc
1933 1114 2025 1134 neelami

1843 1142 1919 1161 dictam
1939 1142 2026 1161 Beatam

1843 1170 1891 1188 ‹lnin
1904 1168 1951 1187 »ixit
1966 1168 2026 1187 Ordi-

1843 1202 1874 1215 ins
1891 1195 1970 1215 licata*
1984 1195 2027 1214 xla-

1884 1597 1906 1617 ΕΙ
1933 1596 2034 1617 indultum

1850 1624 1954 1644 recitandi
1991 1624 2035 1643 osi·-

1092 1642 1170 1676 locis
1195 1647 1224 1675 et
1249 1642 1389 1675 ecclesiis
1414 1641 1487 1674 dicti
1511 1640 1654 1681 Ordinis,
1682 1640 1713 1672 in
1739 1639 1835 1683 ipsius
1852 1650 2035 1696 2¹¹¹F¹<5³³s3l³⁰¹2³

1852 1684 1902 1697 utel
1930 1684 1958 1697 s·l
1985 1683 2011 1696 31·
2030 1687 2036 1689 ·

1093 1696 1125 1729 B.
1158 1696 1273 1729 Mariae
1309 1695 1509 1738 ‘Magdalenae
1546 1694 1650 1727 obitus
1686 1705 1741 1726 scu
1775 1693 1834 1725 alia

1095 1749 1299 1793 subsequenti
1331 1759 1394 1782 non
1426 1748 1577 1792 impedita
1610 1747 1680 1788 die,
1706 1747 1836 1790 singulis

1095 1803 1193 1845 annis,
1218 1803 1256 1835 ab
1281 1803 1429 1836 omnibus
1452 1802 1618 1844 utriusque
1643 1812 1735 1834 sexus
1760 1801 1838 1833 eius-

1095 1858 1165 1890 dem
1191 1856 1315 1890 Ordinis
1340 1856 1496 1899 religiosis
1520 1855 1658 1888 ossicium
1680 1861 1709 1887 et
1734 1854 1836 1893 missa,

1096 1916 1126 1944 et
1150 1921 1167 1943 a
1192 1909 1423 1944 confluentibus
1448 1909 1486 1941 ad
1510 1908 1659 1941 ecelesias
1688 1908 1761 1940 dicti
1785 1908 1838 1941 Or-

1097 1964 1187 2003 dinis,
1210 1963 1241 1996 in
1266 1964 1349 1995 alma
1370 1963 1453 1995 l'rbc
1478 1964 1586 1995 nostra
1612 1967 1641 1994 et
1665 1962 1697 1993 in
1717 1960 1837 1994 civitate

1098 2018 1279 2051 Florentina
1304 2018 1482 2057 existentes,
1504 2017 1597 2049 missa
1623 2016 1781 2049 dumtaxat
1801 2015 1839 2046 de

1099 2072 1208 2105 eadem
1233 2071 1265 2104 B.
1292 2071 1387 2104 Maria
1411 2070 1592 2113 Magdalena
1617 2074 1777 2112 tamquam
1802 2067 1840 2099 de

1099 2125 1261 2159 communi
1283 2124 1418 2167 Virginis
1443 2134 1506 2156 non
1524 2123 1676 2166 Martyris,
1696 2122 1780 2154 iuxta
1797 2121 1841 2164 ip-

1100 2179 1163 2212 sius
1187 2178 1312 2211 Ordinis
1341 2177 1530 2211 breviarium
1561 2187 1578 2208 a
1606 2175 1685 2209 Sede
1709 2177 1841 2218 Aposto-

1101 2233 1161 2265 lica
1184 2232 1403 2276 approbatum,
1423 2236 1451 2263 et
1472 2230 1614 2263 rubricas
1634 2228 1782 2261 breviarii
1808 2238 1843 2259 ac

1102 2286 1236 2318 missalis
1268 2285 1407 2327 romani,
1434 2285 1464 2317 in
1490 2285 1630 2317 futurum
1663 2282 1789 2315 recitari
1814 2287 1841 2314 et

1103 2339 1256 2372 celebrari
1273 2338 1371 2371 libere
1386 2338 1505 2381 pariter
1522 2343 1550 2370 et
1568 2337 1654 2369 licite
1670 2335 1844 2379 respective

1103 2392 1223 2436 possint
1248 2396 1278 2424 et
1302 2392 1439 2433 valeant,
1473 2391 1657 2423 auctoritate
1682 2394 1709 2421 et
1736 2394 1844 2421 tenore

1104 2445 1273 2490 praedictis
1297 2445 1498 2477 concedimus
1525 2449 1554 2476 et
1579 2443 1788 2485 indulgemus.

1149 2502 1165 2542 ἓ
1183 2500 1212 2531 4,
1231 2500 1299 2532 Non
1316 2498 1514 2532 obstantibus
1531 2497 1678 2530 omnibus
1695 2500 1725 2528 et
1743 2496 1847 2538 singu-

1105 2554 1152 2594 lis,
1167 2564 1246 2596 quae
1265 2554 1295 2585 in
1312 2552 1403 2585 dictis
1419 2552 1531 2584 litteris
1544 2551 1701 2584 voluimus
1717 2560 1780 2582 non
1796 2549 1848 2582 ob-

1106 2612 1198 2647 stare,
1215 2607 1388 2650 ceterisque
1407 2605 1572 2639 contrariis
1586 2604 1846 2648 quibuscumque.

1852 1704 1924 1724 tenuit.

1896 2508 1933 2528 tia·
1940 2509 1985 2533 agal
1996 2513 2046 2526 con-

1862 2537 1940 2555 trarns.

1144 2672 1155 2696 1
1178 2669 1243 2697 Vide
1263 2678 1344 2706 supra
1362 2678 1422 2706 pag.
1444 2669 1495 2697 456
1514 2670 1552 2704 (a.
1567 2669 1616 2704 τ.).
