2269 3235
117 285 167 312 An.
184 283 213 312 C.
235 283 304 311 1624

150 1466 256 1491 Extensio,
272 1467 297 1489 de

114 1498 157 1520 qua
171 1494 192 1515 in
207 1494 298 1516 rubrica.

923 280 1064 304 unnANUS

316 331 502 375 nuncupari,
519 335 612 375 atque
636 329 775 364 officium
793 328 832 361 de
849 337 896 368 eo,
914 330 947 360 ut
965 327 1056 367 intra,

317 384 442 418 recitari
465 389 586 428 posset;
617 394 694 424 nos,
718 392 753 415 re
777 381 865 425 prius
887 390 944 423 per
969 389 1058 412 vene-

317 437 431 471 rabiles
461 438 574 471 fratres
598 440 722 470 nostros
747 439 871 467 sanctae
896 433 1056 466 Romanae

317 491 474 525 Ecclesiae
491 490 664 524 cardinales
680 487 778 522 sacris
794 486 907 520 ritibus
927 496 1057 530 praepo-

317 545 404 586 sitos,
429 545 543 590 quibus
567 554 635 577 eam
659 540 897 575 examinandam
927 540 1056 573 manda-

318 610 472 641 veramus,
498 603 618 632 mature
642 596 793 636 discussa,
809 594 848 628 de
868 594 1054 628 eorumdem

318 652 523 685 cardinalium
540 649 682 690 consilio,
699 648 881 682 huiusmodi
899 647 1057 692 supplica-

318 705 454 739 tionibus
470 702 619 744 inclinati,
633 707 667 736 ut
680 702 746 746 ipse
765 701 867 736 bonae
884 701 1056 735 memoriae

317 759 447 792 lacobus
463 757 502 791 de
520 756 658 790 Marchia
678 755 790 790 Beatus
809 755 997 799 nuncupari,
1015 760 1058 788 at-

316 822 376 856 que
399 810 538 845 officium
561 815 593 844 et
615 809 711 843 missa
730 809 769 843 de
785 820 823 843 eo
841 815 1001 853 tamquam
1018 808 1057 842 de

315 865 497 900 Confessore
520 875 585 898 non
606 864 757 898 Pontifice
781 864 813 897 in
837 864 971 898 ecclesia
993 868 1058 896 tan-

314 918 476 952 tummodo
489 918 519 952 S.
532 918 647 952 Mariae
655 918 743 952 della
755 918 846 953 Nova
858 923 1056 962 nuncupatae

314 971 446 1006 civitatis
463 972 695 1016 Neapolitanae,
712 972 767 1005 ubi
783 982 899 1016 corpus
915 971 1056 1005 eiusdem

313 1026 515 1070 requiescere
539 1026 748 1067 asserebatur,
773 1025 900 1059 recitari
925 1031 954 1059 et
979 1025 1058 1058 cele-

313 1078 400 1112 brari
424 1080 598 1124 respective
622 1079 721 1113 libere
740 1085 772 1113 et
796 1079 879 1113 licite
904 1083 1010 1123 posset
1027 1084 1058 1112 et

315 1132 442 1174 valeret,
459 1134 632 1178 apostolica
649 1134 834 1168 auctoritate
850 1133 1009 1167 licentiam
1027 1138 1057 1166 et

314 1187 493 1220 facultatem
518 1187 748 1221 concessimus:
774 1192 869 1231 prout
888 1187 920 1219 in
940 1186 1056 1220 nostris

315 1241 346 1273 in
366 1240 461 1274 simili
485 1241 589 1274 forma
613 1241 720 1274 Brevis
745 1241 880 1285 desuper
904 1240 1057 1285 expeditis

314 1294 443 1336 litteris,
462 1305 597 1338 quarum
618 1299 744 1328 tenores
762 1294 981 1339 praesentibus
998 1306 1056 1338 pro

313 1347 470 1392 expressis
494 1347 605 1382 haberi
629 1348 787 1391 volumus,
811 1348 934 1392 plenius
959 1348 1057 1382 conti-

313 1407 415 1435 netur.

357 1455 373 1499 ἓ
396 1455 426 1488 ’1.
452 1456 529 1490 Cum
553 1460 673 1498 autem,
698 1457 779 1490 sicut
803 1456 966 1500 Philippus
991 1466 1056 1496 rex,

313 1519 349 1542 ac
373 1509 476 1542 clerus
500 1515 530 1543 et
548 1511 701 1554 populus,
726 1510 874 1554 Ordoque
903 1509 1055 1554 praedicti

313 1562 405 1596 nobis
418 1573 521 1607 nuper
533 1564 649 1608 exponi
662 1564 813 1604 fecerunt,
827 1574 886 1608 pro
900 1574 947 1606 eo,
961 1574 1055 1607 quem

313 1627 390 1660 erga
405 1616 524 1650 dictum
547 1617 675 1650 beatum
692 1617 841 1651 Iacobum
857 1617 896 1650 de
917 1616 1056 1650 Marchia

313 1675 439 1712 gerunt,
459 1670 634 1705 devotionis
657 1670 782 1712 affectu,
806 1671 980 1715 plurimum
1005 1682 1057 1703 eu-

312 1723 408 1768 piant,
421 1724 656 1758 concessionem
674 1725 856 1758 huiusmodi
877 1724 915 1758 ad
934 1724 1056 1757 univer-

313 1788 383 1811 sum
396 1777 546 1812 Ordinem
558 1779 754 1823 praedictum
766 1779 900 1812 extendi:
914 1789 981 1821 nos,
995 1779 1055 1822 piis

313 1830 451 1876 Philippi
470 1832 564 1876 regis,
588 1844 624 1866 ac
648 1833 725 1866 cleri
744 1836 774 1867 et
793 1833 914 1877 populi,
932 1843 1055 1866 necnon

313 1884 439 1919 Ordinis
456 1886 642 1919 eorumdem
658 1886 738 1920 votis
755 1886 787 1919 in
800 1886 981 1931 praemissis
998 1896 1055 1930 per

314 1939 448 1983 amplius
471 1949 610 1973 annuere
633 1940 790 1980 volentes,
815 1940 1055 1983 singularesque

314 1992 390 2026 cleri
407 1999 438 2027 et
456 1993 574 2038 populi⁷
592 2004 715 2028 necnon
732 1993 857 2028 Ordinis
882 1993 1056 2038 praedicto-

313 2057 385 2080 rum
409 2058 562 2092 personas
579 2059 597 2081 a
620 2048 782 2093 quibusvis
807 2048 1056 2082 excommunica-

314 2101 417 2142 tionis,
442 2102 657 2146 suspensionis
682 2107 712 2135 et
735 2101 903 2143 interdicti,
924 2101 1056 2145 aliisque

314 2154 534 2188 ecclesiasticis
558 2155 728 2199 sententiis,
747 2156 888 2189 censuris
901 2161 931 2189 et
946 2155 1055 2200 poenis

314 2217 332 2239 a
355 2207 424 2241 iure
454 2209 502 2242 vel
526 2208 565 2242 ab
590 2209 718 2242 homine
748 2209 859 2253 quavis
891 2208 1055 2243 occasione

316 2261 362 2293 vel
380 2264 474 2295 causa
487 2263 568 2304 latis,
582 2263 607 2296 si
624 2263 740 2307 quibus
757 2263 996 2307 quomodolibet
1013 2263 1057 2296 in-

316 2313 446 2348 nodatae
463 2316 609 2357 existunt,
623 2316 661 2349 ad
678 2316 823 2350 effectum
841 2317 1055 2360 praesentium

316 2366 478 2401 dumtaxat
494 2370 760 2414 consequendum,
776 2371 891 2404 harum
908 2371 989 2404 serie
1006 2371 1057 2404 ab·

316 2421 472 2455 solventes
488 2426 517 2456 et
532 2423 690 2457 absolutas
706 2425 772 2458 sore
790 2430 963 2465 censentes,
981 2436 1056 2469 sup-

316 2475 538 2518 plicationibus
562 2487 672 2510 eorum
696 2478 823 2511 nomine
840 2478 932 2511 nobis
951 2478 1055 2524 denuo

315 2538 410 2572 super
423 2529 483 2562 hoe
498 2529 660 2563 humiliter
676 2531 830 2574 porrectis
854 2532 1004 2573 inclinati,
1018 2532 1056 2566 de

315 2581 520 2616 cardinalium
531 2584 764 2627 praedictorum
778 2586 920 2626 consilio,
931 2596 1057 2619 conces-

315 2635 436 2669 sionem
456 2636 638 2670 huiusmodi
655 2638 693 2670 ad
710 2639 892 2672 universum
906 2638 1056 2672 Ordinem

314 2688 447 2723 fratrum
465 2691 620 2724 Minorum
637 2692 734 2726 sancti
757 2692 916 2725 Francisci
940 2693 978 2725 de
995 2692 1056 2726 Ob-

1091 279 1146 303 vm
1170 279 1216 302 ΡΡ.

1092 326 1248 359 servantia
1261 329 1515 369 nuncupatorum
1527 322 1734 369 praedictum,
1749 323 1790 356 ita
1800 327 1834 358 ut

1091 380 1129 413 ab
1144 380 1290 414 omnibus
1305 379 1388 413 illius
1404 379 1549 424 personis
1563 378 1701 412 officium
1715 383 1746 411 et
1762 378 1833 411 mis-

1091 433 1171 466 sade
1186 434 1278 467 beato
1291 433 1405 467 Iacobo
1419 438 1576 477 tamquam
1594 432 1632 465 de
1648 431 1833 466 Confessore

1090 496 1153 519 non
1179 487 1339 527 pontifice,
1365 487 1450 519 iuxta
1474 490 1576 520 tamen
1597 485 1741 519 rubricas
1756 484 1832 517 mis-

1091 540 1166 573 salis
1189 545 1220 573 et
1243 539 1392 573 breviarii
1417 540 1551 580 romani,
1576 538 1703 573 recitari
1727 543 1757 571 et
1782 548 1832 571 ce-

1090 594 1207 627 lebrari
1224 594 1397 638 respective
1414 594 1557 627 similiter
1569 593 1668 638 possit
1681 598 1711 626 et
1723 592 1833 634 valeat,

1090 647 1200 681 eadem
1231 647 1434 688 auctoritate,
1458 652 1568 680 tenore
1599 646 1812 692 praesentium
1824 673 1833 687 ,

1091 700 1288 734 extendimus
1313 706 1344 734 et
1367 700 1564 745 ampliamus.

1134 755 1149 799 g
1169 754 1198 787 9.
1213 755 1282 789 Non
1294 755 1494 789 obstantibus
1507 753 1655 788 omnibus
1669 753 1740 794 illis,
1753 763 1833 797 quae
1847 765 1976 815 2333&
1985 771 2034 788 eon-

1091 808 1122 841 in
1138 808 1230 842 dictis
1247 808 1361 842 litteris
1376 808 1535 842 voluimus
1554 818 1618 841 non
1637 806 1773 848 obstare,
1786 816 1833 840 ce-

1091 862 1230 906 terisque
1253 862 1422 896 contrariis
1446 861 1707 906 quibuscumque.

1135 917 1151 961 §
1173 916 1203 950 3.
1229 917 1380 950 Volumus
1410 921 1537 957 autem,
1562 920 1595 949 ut
1619 914 1834 960 praesentium
1849 927 2034 981 2125‘31223}”‘¹²

1897 962 1905 975 S
1987 970 1992 976 ι

1091 971 1307 1015 transumptis,
1324 971 1417 1004 etiam
1435 969 1606 1014 impressis,
1624 979 1718 1002 manu
1737 969 1835 1002 alicu-

1091 1024 1139 1057 ius
1162 1024 1277 1058 notarii
1301 1024 1418 1068 publici
1450 1023 1652 1068 subscriptis,
1677 1028 1708 1056 et
1731 1022 1834 1066 sigillo

1091 1078 1223 1111 alicuius
1240 1088 1395 1122 personae
1412 1078 1444 1110 in
1457 1077 1609 1121 dignitate
1623 1076 1835 1111 ecclesiastica

1091 1132 1278 1167 constitutae
1302 1132 1442 1173 munitis,
1467 1131 1577 1165 eadem
1600 1142 1733 1176 prorsus
1757 1130 1835 1164 fides

1091 1186 1286 1227 adhibeatur,
1298 1196 1377 1230 quae
1390 1185 1610 1230 praesentibus
1621 1185 1834 1226 adhiberetur,

1091 1240 1116 1273 si
1143 1240 1245 1273 forent
1269 1240 1427 1273 exhibitae
1451 1240 1499 1272 vel
1524 1245 1678 1273 ostensae.

1134 1295 1247 1328 Datum
1271 1293 1407 1335 Tusculi,
1432 1294 1490 1327 sub
1515 1294 1632 1327 annulo
1656 1292 1834 1334 piscatoris,

1091 1348 1140 1381 die
1155 1359 1233 1381 xxm
1251 1348 1389 1383 octobris
1406 1358 1545 1383 Mocxxiv
1562 1348 1764 1393 pontificatus
1780 1357 1836 1382 no-

1091 1402 1147 1435 stri
1172 1412 1254 1435 anno
1278 1412 1310 1436 11.

1126 1465 1185 1492 Dat.
1203 1465 1245 1493 die
1265 1465 1299 1493 23
1319 1465 1439 1493 octobris
1455 1464 1533 1498 1624,
1555 1464 1650 1501 pontif.
1673 1472 1743 1493 anno
1763 1471 1791 1492 11.

1418 1591 1504 1625 XCII.

1090 1662 1288 1704 Dalmatio,
1316 1662 1403 1707 quod
1426 1673 1599 1695 consensus
1622 1662 1831 1703 monialium,

1134 1717 1204 1750 sine
1227 1728 1291 1761 qao
1316 1717 1471 1750 mulieres
1501 1716 1660 1749 seculares
1692 1716 1833 1749 licentiis

1133 1771 1334 1804 monasteria
1357 1770 1569 1814 inqrediencli
1592 1770 1644 1803 uti
1667 1780 1733 1803 non
1754 1780 1831 1814 pos-

1134 1829 1224 1865 sunt,
1249 1835 1405 1868 expresse,
1433 1824 1666 1868 capitulariter
1678 1827 1707 1857 et
1718 1834 1776 1867 per
1788 1833 1834 1858 se-

1134 1883 1221 1911 creta
1250 1878 1411 1922 suffragia
1442 1876 1480 1910 de
1507 1881 1607 1910 cetero
1633 1877 1747 1910 haberi
1773 1876 1831 1910 de-

1134 1931 1232 1965 beat&

1294 1994 1433 2023 Urbanus
1451 1995 1531 2029 Papa
1544 1994 1622 2028 vm,

1214 2041 1250 2067 ad
1265 2043 1444 2074 perpetuam
1463 2040 1509 2067 rei
1529 2038 1711 2066 memoriam.

1134 2102 1375 2136 Sacrosanctum
1400 2102 1594 2145 apostolatus
1611 2100 1832 2141 ministerium,

1090 2156 1174 2200 quod
1199 2155 1365 2189 ineffabilis
1389 2155 1511 2188 divinae
1536 2154 1706 2198 sapientiae
1730 2154 1835 2198 provi-

1090 2209 1194 2242 dentia
1218 2208 1387 2242 humilitati
1412 2212 1548 2249 nostrae,
1573 2208 1660 2241 nullo
1684 2207 1757 2241 licet
1773 2217 1836 2241 me—

1090 2263 1226 2297 ritorum
1251 2262 1413 2306 suffragio,
1438 2261 1581 2303 credidit,
1599 2261 1715 2305 iugiter
1731 2265 1836 2305 postu-

1125 2345 1137 2371 1
1157 2344 1317 2371 Huiusmodi
1339 2343 1511 2370 licentiarum
1532 2342 1734 2370 revocationem
1750 2341 1835 2370 hahes

1090 2391 1117 2416 in
1132 2389 1212 2424 Greg.
1228 2388 1287 2415 XllI
1303 2388 1394 2415 Const.
1410 2394 1470 2414 κων
1489 2388 1542 2416 Ubi
1555 2387 1679 2422 gratiae,
1695 2390 1760 2414 tom.
1776 2392 1833 2419 vm,

1092 2443 1152 2470 pag.
1172 2434 1232 2467 1¹33
1252 2437 1279 2459 et
1294 2436 1387 2467 postea
1403 2435 1495 2459 contra
1512 2431 1655 2458 abutentes
1680 2430 1834 2458 huiusmodi

1090 2479 1206 2507 licentiis
1226 2482 1253 2505 et
1275 2478 1345 2504 circa
1368 2477 1475 2504 illarum
1492 2485 1570 2504 usum
1590 2477 1683 2503 statuit
1704 2476 1834 2503 nonnulla

1092 2524 1188 2551 Paulus
1203 2524 1226 2549 V
1245 2523 1271 2549 in
1293 2523 1383 2549 Const.
1400 2529 1451 2549 cxx
1471 2522 1658 2549 Facultatum
1672 2542 1679 2555 ,
1706 2525 1773 2548 tom.
1794 2529 1833 2555 xi,

1090 2578 1151 2605 pag.
1168 2568 1229 2602 5283
1251 2567 1298 2595 sed
1313 2567 1413 2594 deinde
1432 2567 1563 2594 idemmet
1579 2566 1676 2594 Paulus
1696 2566 1835 2594 revocavit

1090 2622 1186 2641 omnes
1201 2613 1323 2640 licentias
1335 2611 1495 2639 mulieribus
1506 2619 1648 2638 concessas
1662 2610 1833 2645 ingrediendi

1090 2657 1256 2686 monasteria
1280 2656 1453 2690 monialium,
1479 2659 1508 2683 ut
1526 2657 1554 2683 in
1574 2656 1698 2684 eiusdem
1719 2656 1831 2683 Constit.

1090 2709 1200 2738 ccxviii,
1220 2702 1397 2730 Monialiam
1417 2702 1519 2738 quieti,
1535 2705 1601 2730 tom.
1617 2708 1666 2737 xit,
1682 2710 1744 2737 pag.
1771 2700 1831 2728 184.

1739 265 1804 300 235
1853 275 1902 304 An.
1919 276 1947 304 C.
1966 277 2032 305 1624

1874 2106 1995 2128 Exordium.
