2269 3235
229 255 278 282 An.
296 254 326 281 C.
345 254 412 283 ¹⁶24

229 320 258 340 uis
273 318 368 340 adscribi
380 323 415 339 eu-

229 346 299 373 pium.

260 1111 291 1135 De
305 1111 370 1135 libris.

273 1961 304 1983 De
319 1961 424 1987 *ussi-agiis

240 1994 279 2015 pro
303 1988 424 2010 benefactu-

241 2015 307 2037 ribos.

457 245 523 280 250

430 309 507 344 tum,
524 308 554 336 et
570 303 696 347 aliquod
716 302 883 345 religiosae
900 303 980 335 vitae
1002 312 1102 345 genus
1117 303 1168 335 ad-

429 357 536 401 spiret,
560 362 631 401 post
650 362 812 399 susceptos
829 355 955 399 quidem
972 355 1033 388 ritu
1054 366 1168 399 graeco

429 420 536 444 sacros
561 411 696 449 ordines,
717 410 839 442 nonnisi
859 409 896 442 de
915 411 1061 453 expressa
1081 409 1168 442 Sedis

429 464 625 507 Apostolicac
657 463 782 496 licentia
811 463 909 495 ullum
936 474 970 495 ex
997 463 1169 496 maioribus

430 515 600 549 Ordinibus
618 515 702 549 latini
722 515 800 548 ritus
818 516 939 557 ingredi
966 516 1073 560 possit.
1092 517 1169 549 Ante

430 580 506 603 vcro
530 580 622 613 quam
648 569 808 613 suscipiat,
826 570 916 603 liceat
932 570 959 603 ei
981 570 1019 603 de
1043 570 1169 603 licentia

431 623 622 667 protectoris
634 633 745 656 eorum
760 622 911 657 Ordinum
929 624 1103 656 institutum
1119 624 1171 656 ali—

431 675 517 720 quod
533 675 692 719 amplecti,
708 676 738 708 in
756 687 818 719 quo
837 676 866 709 in
881 676 1055 709 animarum
1072 677 1170 709 salute

431 738 468 762 ac
484 728 667 762 reductione
690 729 809 762 utiliter
824 730 855 762 in
875 729 1006 763 Graecia
1026 730 1171 763 laborare

430 781 538 826 possit.

475 835 655 869 Doctrinam
681 836 884 870 christianam
906 836 1089 869 memoriter
1106 846 1173 869 om-

430 898 487 922 nes
499 888 669 930 addiscant,
680 894 720 931 et,
732 889 783 932 qui
798 889 938 922 nondum
953 889 1172 932 philosophiae

432 940 506 976 dant
529 931 680 985 operam,
705 941 815 974 diebus
839 941 1006 974 dominicis
1029 941 1171 982 recitent,

432 994 563 1038 eiusque
586 995 823 1038 explicationem
853 994 981 1027 audiant
1004 994 1043 1037 ab
1066 995 1172 1038 aliquo

431 1057 490 1091 per
513 1052 677 1080 rectorem¹
694 1047 866 1090 designato.

476 1100 662 1140 Librorum,
687 1101 740 1144 qui
765 1106 832 1133 tum
857 1101 887 1133 in
913 1101 1030 1134 scholis
1054 1103 1173 1146 praele-

432 1154 548 1197 gendi,
577 1159 644 1186 tum
674 1154 820 1197 privatim
853 1155 1054 1198 permittendi
1080 1161 1172 1196 sunt,

432 1216 565 1249 magnus
596 1206 736 1240 delectus
770 1207 945 1248 habeatur,
977 1218 1016 1241 ne
1046 1219 1171 1242 morum

431 1259 559 1304 puritati
585 1270 620 1292 ac
645 1259 753 1303 pietati
778 1271 834 1304 per
859 1260 985 1303 linguae
1009 1261 1171 1294 addiscen-

433 1312 490 1346 dae
507 1318 704 1357 praetextum
731 1314 878 1346 officiant.
895 1314 941 1347 Ob
960 1325 1092 1358 eamque
1106 1325 1172 1348 rem

432 1367 632 1399 alumnorum
661 1377 770 1410 capsas
795 1373 825 1399 et
849 1368 963 1400 scrinia
988 1374 1093 1401 rector
1117 1379 1174 1412 per

432 1430 466 1453 se
483 1420 530 1453 vel
551 1431 609 1464 per
632 1421 728 1454 alium
754 1421 855 1454 virum
882 1422 1006 1455 fidelem
1028 1423 1174 1466 frequens

433 1473 554 1507 invisat.
565 1473 653 1513 Quod
667 1475 691 1507 si
706 1475 776 1518 quis
791 1475 887 1508 libros
901 1475 1079 1509 huiusmodi
1091 1477 1173 1520 apud

434 1537 467 1560 se
492 1527 611 1560 habere
640 1528 910 1571 deprehendatur,
936 1540 1044 1561 severe
1068 1529 1174 1572 punia—

434 1585 496 1620 tur,
510 1586 541 1613 et
561 1585 631 1625 post
648 1582 769 1615 tertiam
784 1582 836 1614 an'
851 1588 993 1625 quartam
1009 1584 1175 1616 correctio-

435 1644 519 1670 nem.
535 1634 594 1666 nisi
613 1635 700 1667 valde
717 1634 844 1667 evidens
861 1636 1088 1669 emendationis
1105 1648 1175 1680 spes

436 1687 641 1728 ostendatur,
665 1698 682 1720 e
707 1688 841 1731 collegio
873 1689 1058 1721 dimittatur.
1087 1690 1174 1729 Quod

437 1741 463 1774 si
480 1741 605 1784 quando
624 1742 716 1774 alicui
735 1752 771 1774 ex
790 1743 948 1785 magistris
968 1743 1048 1775 liber
1064 1744 1176 1787 aliquis

438 1794 592 1826 eiusmodi
617 1795 846 1838 permittendus
872 1795 1175 1835 videatu1·‚'nonnisi

437 1852 508 1891 post
521 1853 673 1880 maturam
688 1848 1021 1889 considerationemsst
1034 1851 1176 1883 consulto

438 1900 528 1944 prius
551 1902 733 1944 praeposito
757 1903 896 1944 generali
922 1903 984 1935 liat.

483 1954 656 1997 Insignium
688 1955 812 1997 collegii
847 1955 1105 1995 benefactorum,
1134 1956 1178 1988 in-

440 2007 615 2051 primisque
631 2008 814 2049 fundatoris,
840 2009 869 2041 in
894 2009 958 2041 suis
982 2010 1178 2043 orationibus

440 2060 578 2104 quotidie
604 2071 759 2094 memores
779 2062 850 2099 sint,
867 2073 903 2095 ac
921 2062 1095 2095 fundatoris
1113 2064 1178 2106 qui-

440 2114 523 2154 dem,
544 2115 590 2148 vel
616 2116 727 2148 similis
750 2117 878 2149 alterius
903 2117 1120 2156 benefactoris,
1146 2118 1177 2151 in

441 2169 654 2202 anniversario
675 2169 724 2202 die
741 2170 945 2214 depositionis
965 2182 1086 2213 eorum,
1107 2172 1179 2204 osse-

440 2222 540 2255 rendo
553 2233 610 2266 pro
623 2223 787 2256 animabus
805 2224 944 2267 ipsorum
961 2225 1092 2257 solemni
1111 2226 1180 2257 mis-

441 2286 493 2309 sae
506 2276 671 2317 sacrificio,
691 2278 842 2310 memoria
864 2283 1041 2321 peragatur.
1057 2279 1116 2312 Pro
1134 2290 1180 2311 ce—

442 2329 517 2362 teris
548 2340 633 2370 vero,
659 2330 688 2362 in
720 2331 769 2363 die
800 2331 1004 2375 depositionis
1038 2332 1177 2376 ipsorum

442 2383 619 2416 sacerdotes
632 2395 752 2424 omnes,
767 2385 818 2429 qui
834 2385 917 2417 domi
933 2391 1014 2425 sunt,
1031 2396 1089 2430 pro
1105 2386 1180 2430 ipsis

443 2437 629 2469 sacrificium
646 2437 789 2477 offerant,
801 2449 863 2481 quo
878 2438 949 2472 item
964 2439 1014 2472 die
1032 2450 1090 2483 pro
1104 2440 1180 2483 ipsis

443 2488 580 2522 omnium
616 2490 835 2524 defunctorum
872 2492 990 2524 alumni
1027 2493 1179 2525 recitent:

1011 254 1190 279 BULLARIUM
1216 254 1370 278 ROMANUM

1245 302 1322 337 Cum
1346 302 1415 346 quis
1439 302 1640 336 alumnorum
1665 308 1811 339 mortuus
1834 305 1939 347 suerit,

1201 357 1351 398 officium,
1367 357 1460 389 missa
1474 363 1504 390 et
1521 357 1643 401 reliqua
1658 358 1696 390 ad
1714 359 1861 403 exequias
1873 370 1940 404 per-

1202 410 1331 443 tinentia
1355 420 1469 453 graeco
1494 410 1556 443 ritu
1581 410 1608 443 ei
1633 411 1869 454 persolvantur;
1895 423 1941 447 ce-

1203 464 1261 496 teri
1284 474 1357 497 vcro
1382 463 1559 497 sacerdotes
1578 473 1637 507 pro
1653 474 1690 497 eo
1707 464 1894 507 sacrificent,
1912 471 1942 499 et

1203 517 1319 550 alumni
1344 517 1490 561 privatim
1510 528 1569 561 pro
1594 528 1631 550 eo
1655 517 1875 552 defunctorum
1900 519 1942 553 of·

1204 572 1309 604 ficium
1335 571 1480 615 privatim
1506 571 1646 604 recitent.

1248 624 1363 657 Cui-ent
1385 623 1566 667 superiores
1583 629 1616 657 ut
1631 624 1832 658 alumnorum
1849 635 1942 660 nemo

1205 676 1244 709 ad
1268 687 1374 710 saeros
1406 676 1531 710 ordines
1562 682 1804 721 promoveatur,
1828 677 1888 711 nisi
1912 678 1944 712 in

1206 730 1381 762 litterarum
1406 735 1436 763 et
1459 730 1584 774 pietatis
1607 730 1711 764 studio
1735 731 1815 764 hene
1832 731 1943 776 proba-

1206 788 1264 823 tus,
1281 787 1314 817 ut
1330 793 1366 816 ex
1384 783 1450 816 eius
1470 784 1666 818 ordinatione
1686 785 1806 818 fructus
1831 785 1944 819 merito

1206 836 1326 880 sperari
1358 837 1466 880 possit.
1491 837 1548 877 Qui
1573 841 1677 871 autem
1708 838 1786 872 tales
1810 839 1944 882 suerint,

1206 889 1273 921 sine
1297 889 1408 922 litteris
1432 890 1692 924 dimissorialihus
1709 902 1840 925 suorum
1858 891 1945 926 Ordi-

1206 942 1380 982 nai-iorum,
1398 942 1452 975 sed
1469 943 1507 976 ad
1528 944 1653 977 titulum
1678 945 1802 989 collegii
1819 956 1855 979 ac
1874 946 1945 980 mis-

1207 995 1304 1028 sionis
1328 995 1468 1028 ordinari
1492 997 1613 1040 possint
1635 1002 1666 1030 et
1690 998 1833 1041 debeant,
1857 999 1946 1034 dum-

1167 1065 1172 1067 -
1207 1049 1301 1082 modo
1326 1060 1440 1092 graeco
1464 1050 1527 1083 ritu
1543 1050 1582 1083 ab
1603 1051 1752 1096 episcopo
1776 1062 1890 1095 graeco
1908 1053 1946 1086 ad

1208 1102 1238 1135 id
1255 1113 1272 1134 a
1288 1102 1367 1136 Sede
1386 1104 1564 1147 Apostolica
1580 1103 1730 1148 deputato
1749 1105 1945 1139 ordinentur.

1207 1156 1382 1201 Antequam
1407 1157 1504 1190 sacris
1528 1157 1693 1191 ordinibus
1718 1157 1891 1201 initientur,
1915 1158 1947 1192 in

1207 1210 1425 1254 spiritualibus
1457 1211 1614 1244 exercitiis
1642 1221 1700 1255 per
1731 1211 1798 1245 dies
1821 1211 1948 1246 circiter

1207 1264 1315 1296 decem
1342 1264 1572 1305 contineantur,
1594 1274 1786 1308 unoquoque
1805 1265 1844 1298 ad
1862 1265 1949 1299 mini-

1209 1327 1294 1348 mum
1311 1326 1403 1356 anno,
1417 1321 1470 1350 aut
1482 1317 1576 1349 etiam
1593 1317 1727 1357 duobus,
1741 1318 1766 1351 si
1783 1318 1949 1352 commode

1208 1370 1276 1402 lieri
1298 1370 1410 1413 possit,
1438 1370 1628 1414 priusquam
1650 1381 1668 1403 e
1695 1371 1830 1412 collegio
1854 1371 1950 1415 profi-

1208 1424 1385 1464 ciscantur,
1417 1424 1596 1458 sacerdotes
1626 1425 1829 1468 ordinentur,
1856 1430 1950 1470 atque

1210 1477 1334 1511 interim
1360 1477 1606 1511 sacerdotalibus
1632 1478 1754 1519 officiis,
1775 1489 1951 1512 sacramen-

1211 1537 1314 1564 torum
1335 1531 1605 1565 administratione
1622 1537 1650 1564 et
1671 1532 1876 1566 concionibus
1899 1533 1950 1566 ha·

1210 1585 1318 1617 bondis
1335 1590 1550 1617 exerceantur.
1564 1585 1646 1625 Quas
1661 1586 1829 1619 conciones
1847 1587 1950 1631 prius-

1210 1648 1304 1681 quam
1337 1638 1367 1670 in
1400 1639 1589 1679 refectorio,
1620 1639 1667 1672 vel
1701 1640 1847 1683 publice,
1877 1650 1950 1673 cum

1210 1692 1324 1724 rectori
1353 1692 1526 1732 videbitur,
1553 1693 1746 1734 habeantur,
1773 1693 1950 1727 studiorum

1211 1746 1397 1788 praesectus,
1421 1750 1474 1777 aut
1498 1745 1578 1778 alius
1597 1756 1614 1778 a
1638 1751 1761 1779 rectore
1786 1746 1952 1790 deputatus

1212 1804 1333 1831 mature
1358 1803 1563 1841 recognoscat
1586 1803 1617 1831 et
1640 1799 1788 1842 corrigat.
1812 1799 1901 1839 Quod
1926 1800 1951 1833 si

1211 1852 1281 1894 quis
1301 1852 1361 1884 alia
1382 1852 1474 1892 dicat,
1495 1863 1589 1896 quam
1607 1863 1687 1896 quae
1707 1858 1831 1886 ostensa
1858 1859 1951 1897 atque

1212 1910 1353 1937 correcta
1364 1905 1490 1945 suerint,
1500 1916 1609 1938 severe
1618 1906 1776 1949 puniatur,
1786 1906 1951 1948 autetiam,

1212 1958 1237 1989 si
1255 1968 1401 1990 excessus
1425 1959 1572 1992 notabilis
1595 1959 1813 2003 superioribus
1839 1959 1952 1994 videbi-

1213 2017 1279 2050 tur,
1297 2022 1313 2044 e
1330 2012 1464 2054 collegio
1480 2023 1550 2045 cum
1576 2012 1750 2055 ignominia
1767 2013 1950 2046 dimittatur.

1257 2063 1453 2096 Meminerint
1477 2063 1564 2096 Sedis
1588 2065 1785 2107 Apostolicae
1802 2065 1952 2109 impensis

1214 2128 1245 2149 se
1264 2117 1293 2149 in
1310 2118 1412 2151 alieno
1431 2118 1498 2151 solo
1519 2117 1696 2151 studiorum
1715 2120 1809 2151 causa
1834 2125 1952 2153 susten—

1215 2171 1282 2212 tari,
1300 2182 1401 2215 neque
1418 2172 1514 2204 ullam
1535 2177 1652 2211 rerum,
1670 2182 1750 2214 quae
1767 2171 1852 2205 domi
1869 2177 1951 2214 sunt,

1215 2225 1261 2258 vel
1295 2235 1373 2267 quas
1404 2224 1534 2257 utendas
1565 2225 1723 2268 accipiunt
1757 2236 1774 2258 a
1806 2226 1952 2269 collegio,

1214 2278 1449 2322 dispositionem
1473 2284 1526 2311 aut
1550 2279 1726 2312 dominium
1751 2280 1885 2313 habere:
1911 2280 1953 2315 ita

1214 2333 1345 2376 proinde
1370 2333 1474 2366 vivere
1499 2333 1652 2373 studeant,
1677 2339 1711 2366 ut
1735 2339 1876 2378 optatum
1895 2345 1953 2379 per

1214 2397 1267 2419 eos
1281 2386 1414 2420 fructum
1433 2396 1562 2430 sperare
1578 2387 1677 2430 possit
1694 2387 1841 2428 Ecclesia,
1855 2391 1954 2432 eaque

1216 2440 1323 2480 victus,
1349 2440 1477 2473 vestitus
1501 2445 1531 2472 et
1555 2445 1731 2474 ceterarum
1757 2451 1864 2475 rerum
1890 2452 1954 2476 mo-

1215 2493 1376 2526 deratione
1400 2493 1538 2526 contenti
1563 2494 1633 2534 sint,
1651 2504 1731 2537 quae
1751 2505 1809 2539 pro
1829 2495 1953 2539 collegii

444 2543 527 2585 quod
562 2543 663 2586 ipsum
701 2545 885 2579 observetur
920 2545 1179 2590 quotiescumque
1216 2546 1367 2589 angustiis
1391 2547 1547 2591 superiori
1573 2548 1740 2582 convenire
1766 2549 1797 2582 in
1821 2549 1954 2584 Domino

444 2600 660 2638 protectorum
686 2597 798 2641 aliquis
822 2599 882 2631 vita
907 2600 1082 2632 excesserit.

482 2658 491 2684 1
511 2658 604 2685 Potius
619 2659 762 2695 legendum
778 2669 810 2688 ac
826 2661 866 2689 rel
882 2665 932 2690 aut
947 2662 986 2697 (a.
1003 2663 1050 2696 τ.).

1218 2600 1381 2633 videbitur.

1255 2666 1261 2690 1
1284 2662 1350 2690 Edit.
1368 2662 1445 2690 Maia.
1464 2663 1524 2698 legit
1542 2664 1617 2699 quod
1631 2665 1669 2699 (a.
1686 2668 1734 2698 τ.).

1955 260 2002 286 An.
2019 259 2049 287 C.
2069 259 2136 288 1624

2010 641 2042 662 De
2056 645 2142 667 promo-

1958 667 2032 688 vendis
2055 666 2082 687 ad
2107 673 2141 687 sa·

1959 699 2006 715 cros
2021 694 2112 714 ordines,
