2269 3235
91 238 140 268 Αἰι,
160 234 188 266 C'.
205 237 273 266 1623

127 2320 250 2341 Eximuntur
270 2327 282 2341 a

101 2349 204 2368 solutione
234 2353 284 2374 quo-

101 2379 238 2400 rumcumque
263 2379 284 2394 ο·
299 2377 316 2400 a
345 2368 498 2402 solutione
528 2375 558 2402 et
588 2370 749 2404 exactione
779 2369 974 2402 decimarum
1008 2374 1037 2402 et

101 2407 173 2421 nerum
181 2401 208 2421 ad
220 2402 285 2421 instar

101 2427 246 2448 cardinalium.

904 235 1045 258 UIlBANUS
1071 234 1127 257 VIII
1151 234 1198 257 PP.
1748 239 1768 255 ι)

288 284 376 317 Sedis
399 284 513 317 notarii
538 284 631 316 etiam
656 283 694 316 de
717 292 849 315 numero
873 282 1028 326 pai-[ipan-

288 338 364 372 tium
390 338 566 378 existentes,
591 336 712 370 etiamsi
736 336 877 368 habitum
903 340 933 368 et
957 346 1028 368 roe-

288 391 427 424 chettum
452 391 646 424 notariorum
671 388 771 433 ipsius
787 388 875 421 Sedis
898 398 962 421 non
979 388 1028 420 de-

288 444 409 484 serant,
433 443 601 488 palatiique
632 445 662 475 et
692 442 781 474 aulae
813 442 1026 485 praefatorum

289 497 429 536 comites,
453 496 576 536 milites,
601 495 720 528 nobiles
746 495 840 527 etiam
865 494 1028 536 originarii

289 560 325 583 ac
349 549 556 593 antiquissimi
586 548 668 581 cives
701 548 838 580 eiusdem
866 547 956 580 Urbis
981 547 1027 579 vel

291 604 432 643 civitatis,
457 613 561 647 quam,
586 607 619 635 ut
642 602 828 645 praefertur,
854 600 1027 643 elegerint,

290 658 406 701 quique
430 668 467 690 ex
492 662 626 700 utroque
647 660 776 699 parente
794 666 866 687 vere
884 654 982 687 nobili
1000 659 1029 686 et

290 712 357 744 cive
381 710 553 753 originario
570 715 599 742 et
617 709 836 752 antiquissimo
861 708 1029 752 procreati,

290 764 328 798 de
353 765 437 805 iure,
462 769 593 805 statuto,
618 763 857 803 consuetudine,
884 763 929 795 vel
954 762 1048 795 alias

290 830 327 852 ex
358 819 462 862 aliquo
495 818 620 862 speciali
653 818 839 862 privilegio,
870 828 924 850 seu
955 818 1030 849 alias

291 872 541 916 quomodolibet,
555 872 647 905 etiam
662 872 764 915 quoad
778 871 1030 915 assequutionem

290 937 563 970 quorumcumque
587 926 813 958 beneficiorum
839 925 1028 958 ecelesiasti-

291 991 424 1021 corum,
452 980 544 1013 etiam
578 990 636 1023 per
668 990 881 1022 quascumque
913 978 1032 1011 litteras

292 1044 346 1066 seu
379 1032 616 1066 constitutiones
646 1032 834 1075 apostolicas
865 1042 922 1076 pro
949 1035 1032 1065 tem-

292 1097 369 1130 pore
394 1086 500 1125 editas,
526 1089 667 1124 utuntur,
692 1085 849 1123 fruuntur,
870 1084 1033 1128 potiuntur

294 1144 323 1172 et
348 1139 493 1183 gaudent,
518 1150 552 1171 ac
578 1139 632 1177 uti,
649 1138 720 1178 srui,
739 1138 832 1181 potiri
850 1143 879 1169 et
896 1138 1033 1180 gaudere

293 1196 439 1236 poterunt
451 1190 687 1235 quomodolibet
704 1190 733 1222 in
751 1191 902 1230 futurum,
916 1190 1040 1233 ubique,

294 1246 435 1278 locorum
461 1246 491 1277 in
517 1244 631 1277 iudicio
655 1249 685 1276 ct.
709 1249 814 1283 extra,
840 1243 905 1275 siue
931 1248 1033 1275 tamen

294 1298 476 1331 eorumdem
502 1297 697 1330 notariorum
723 1297 761 1328 de
786 1307 919 1328 numero
940 1296 1033 1339 parti—

294 1351 463 1394 cipantium
490 1350 691 1394 praeiudicio,
718 1350 771 1387 uti,
797 1350 869 1389 frui,
892 1350 984 1393 potiri
1004 1355 1051 1381 et*

293 1405 428 1447 gaudere
453 1403 551 1437 libere
575 1409 605 1436 et
637 1403 718 1436 licite
744 1404 881 1442 valeant,
907 1403 1033 1435 reatini·

293 1463 323 1490 et
345 1458 483 1500 integre,
515 1457 546 1489 in
581 1457 728 1490 omnibus
753 1462 783 1488 et
818 1467 874 1500 per
907 1456 1032 1494 omnia,

293 1511 414 1544 etiamsi
434 1511 465 1543 in
484 1511 564 1544 Urbe
582 1516 611 1543 et
631 1510 754 1543 civitate
773 1509 952 1542 huiusmodi
971 1519 1032 1542 non

293 1565 517 1606 habitaverint,
535 1565 665 1609 perinde
683 1576 717 1598 ac
738 1565 762 1597 si
784 1565 821 1598 de
843 1576 914 1598 vere
934 1565 1032 1597 nobili

293 1629 407 1662 genere
431 1624 461 1652 et
485 1630 521 1652 ex
545 1624 679 1662 utroque
704 1624 833 1662 parente
858 1619 953 1651 nobili
975 1619 1034 1651 ori-

293 1672 416 1714 ginario
450 1683 486 1705 ae
523 1672 740 1716 antiquissimo
773 1672 839 1705 cive
876 1672 1032 1716 procreati

293 1726 404 1767 forent,
428 1732 458 1759 et
482 1726 661 1759 huiusmodi
685 1726 938 1770 praerogativae,
963 1727 1030 1770 pri-

293 1781 415 1823 vilegia,
433 1781 656 1824 exemptiones
675 1781 803 1823 gratiae,
817 1781 948 1819 t'avores,
964 1790 1035 1813 con-

294 1834 461 1874 cessiones,
487 1834 605 1866 indulta
629 1839 658 1866 et
683 1834 760 1873 iura,
778 1845 858 1877 quae
883 1845 941 1877 pro
966 1834 1034 1866 aliis

293 1887 450 1920 nobilibus
464 1893 494 1919 et
507 1887 626 1920 civibus
640 1887 820 1929 originariis
837 1892 1033 1925 emanarunt,

294 1946 322 1973 et
354 1951 433 1984 quae
466 1941 585 1973 ratione
617 1941 787 1973 nobilitatis
819 1946 844 1973 et
880 1940 1052 1974 civilitatis

292 1995 444 2031 naturalis
469 1999 499 2027 et
523 1994 712 2036 originariae
736 1994 805 2026 aliis
829 1999 1033 2038 con‘ipetunt,

293 2059 351 2091 pro
375 2048 493 2080 eisdem
513 2048 709 2081 conclavistis
728 2049 757 2081 in
775 2048 879 2092 specie
899 2059 1036 2081 emanas-

295 2107 362 2134 sent
386 2112 440 2134 seu
464 2107 655 2142 emanarent,
672 2107 702 2134 et
726 2102 770 2134 eis
794 2102 980 2134 naturaliter
997 2102 1034 2135 de

295 2155 379 2196 iure,
405 2160 536 2196 statuto,
562 2155 805 2195 consuetudine,
830 2155 1034 2196 fundatione,

297 2209 343 2241 vel
368 2209 453 2249 alias,
478 2214 709 2253 competerent,
734 2209 918 2243 auctoritate
943 2214 972 2242 ct
997 2215 1036 2242 te-

297 2271 373 2295 nore
397 2262 550 2295 similibus
575 2262 784 2306 indulgemus.

343 2314 398 2358 §4
414 2315 621 2359 Singulosque
639 2316 843 2349 conclavistas
859 2315 1036 2360 piaedietos

299 2420 523 2465 cuiuscumque
546 2423 686 2466 pedagii,
710 2423 854 2464 subsidii,
878 2423 1036 2466 gabellae,

298 2479 329 2506 et
342 2474 566 2519 cuiuscumque
579 2476 683 2509 oneris
698 2480 758 2510 tam
774 2477 925 2510 ordinarii
943 2487 1037 2520 quam

299 2528 547 2570 extlaordinarii,
566 2530 681 2574 ubique
704 2531 848 2564 locorum
866 2536 896 2564 et
913 2542 949 2564 ex
967 2541 1040 2574 qua

299 2593 434 2626 cumque
451 2583 649 2626 quantumvis
666 2584 889 2627 urgentissima
905 2588 935 2618 et
952 2584 1038 2617 inex-

1748 223 1766 236 (Λ

1814 232 1862 257 Λιι.
1885 231 1913 257 C,
1934 230 2000 257 1623

1061 281 1237 315 instantiam
1263 279 1471 324 imperatoi·iS‚
1492 289 1604 322 regum
1629 284 1659 311 et
1683 289 1803 311 rerum-

1061 334 1269 378 publicarum,
1284 334 1376 367 etiam
1392 333 1601 372 Venetiarunn
1615 344 1650 365 ac
1667 333 1801 365 aliorum

1061 398 1334 432 quorumcumque
1366 387 1545 431 principum
1584 386 1802 430 impositarum

1062 447 1091 473 et
1122 442 1344 485 impositorum
1375 453 1433 485 pro
1463 447 1621 485 tempore,
1643 452 1677 473 ex
1704 451 1803 481 nunc,

1044 500 1153 539 gprout
1180 506 1216 527 ex
1242 500 1326 535 tune,
1348 500 1377 527 et
1401 507 1417 527 e
1443 501 1561 535 contra,
1583 500 1613 527 et
1638 500 1803 538 postquam

1062 559 1151 581 casus
1169 548 1349 581 huiusmodi
1368 549 1576 592 impositionis
1593 554 1620 581 et
1640 548 1804 581 solutionis

1063 602 1221 641 evenerit,
1247 602 1417 634 liberamus
1451 607 1480 633 et
1511 602 1698 641 eximimus,
1728 601 1805 633 libe-

1063 665 1177 698 rosque
1194 660 1223 687 et
1243 660 1404 698 exemptos
1430 656 1494 689 sore
1516 659 1545 688 et
1566 666 1632 687 esse
1652 655 1690 687 ad
1709 655 1805 687 instar

1064 714 1186 741 sanetae
1220 710 1377 742 Romanae
1410 709 1566 741 Ecclesiae
1599 709 1805 741 cardinalium

1064 762 1273 795 decernimus.

1109 817 1123 859 g
1144 816 1172 849 5.
1190 817 1232 849 Ac
1250 827 1266 848 a
1283 817 1445 859 quibusvis
1462 815 1806 855 excommunicationis,
1845 829 1858 849 ι
1875 833 1898 847 c
1902 827 1975 849 muriz,
1988 826 2005 846 si

1065 870 1278 914 suspensionis
1303 875 1333 902 et
1357 870 1525 910 interdicti,
1550 870 1680 913 aliisque.
1709 870 1807 902 eecle-
1823 862 1874 902 ἰ,“,,,ἰ“
1893 860 2007 900 .,““Ῑ’,Ἲ.Γ,,ἰ-Ϊ

1066 923 1197 956 siasticis
1222 923 1393 963 sententiis,
1419 934 1452 956 ci
1456 934 1559 955 usmis
1584 928 1614 956 et
1638 909 1944 967 poeiiis‚si'.13¹1¹‚''²³'1'utf'
1969 908 2006 927 ³¹³*

1066 987 1142 1020 quas
1165 976 1402 1020 quomodolibet
1427 983 1558 1020 propter
1582 977 1809 1010 contraventio-

1066 1041 1122 1063 nes
1137 1034 1356 1064 contentorum
1375 1030 1404 1062 in
1423 1030 1700 1063 constitutionibus
1715 1041 1809 1074 super

1067 1084 1226 1117 creatione
1247 1083 1378 1116 Romani
1410 1084 1568 1116 Pontiticis
1589 1093 1646 1127 pro
1667 1089 1810 1127 tempore

1067 1137 1167 1177 editis,
1185 1137 1231 1169 vel
1249 1137 1324 1169 alias
1341 1137 1580 1180 quomodolibet
1597 1137 1809 1177 incurrerunt,

1068 1191 1099 1222 in
1128 1192 1197 1223 foro
1227 1191 1436 1224 conscientiae
1470 1196 1589 1223 tantum
1619 1191 1811 1223 absolvimus

1067 1249 1094 1276 et
1122 1244 1302 1276 liberamus.

1111 1298 1126 1341 ξ
1142 1298 1171 1331 6.
1193 1299 1235 1330 Ac
1252 1308 1362 1330 omnes
1379 1303 1408 1330 et
1425 1309 1641 1342 quoscumque
1659 1299 1696 1330 de
1701 1299 1808 1333 sectus
1852 1309 1872 1328 ιι
1878 1311 1911 1328 ιιιι
1909 1309 1928 1327 ιι
1929 1315 1946 1328 x
1962 1314 2009 1333 ιιιι-

1067 1353 1090 1383 si
1124 1351 1175 1394 qui
1207 1352 1285 1384 foite
1316 1352 1393 1391 siut,
1419 1352 1559 1384 onmium
1594 1352 1829 1395 provisionum
1827 1337 1866 1386 '.i..'-
1899 1341 2009 1374 *usum*

1066 1404 1315 1445 beneticioiiun,
1340 1405 1526 1447 diminitum
1560 1416 1594 1438 ac.
1627 1405 1843 1448 ρειι5ἰοιιιιιιιιι
1840 1398 1877 1454 ¹13'11·

1067 1458 1251 1491 eorumdem
1277 1458 1557 1497 conclavium-,um
1583 1464 1643 1490 tam
1669 1470 1704 1490 «x
1732 1450 1844 1490 mul-w
1849 1475 1858 1484 ι

1068 1511 1227 1554 tiplicittte
1256 1512 1437 1551 titulor,um
1466 1517 1496 1544 et
1526 1511 1566 1544 ob
1597 1511 1810 1544 incursionem

1067 1576 1339 1608 (piarumeumaeple
1369 1576 1574 1597 censurarum
1607 1570 1635 1597 et
1662 1564 1811 1606 irregula-

1068 1619 1178 1659 ritatis,
1195 1630 1288 1662 quam
1310 1619 1384 1650 alifis
1405 1630 1441 1650 ex
1466 1618 1574 1661 quavis
1591 1621 1684 1650 causa
1704 1628 1812 1661 prove-

1068 1673 1197 1711 mentes,
1212 1683 1368 1712 sanamus,
1389 1682 1424 1704 at:
1452 1671 1631 1704 huiusmodi
1657 1671 1811 1714 provisio-

1068 1737 1132 1766 nes,
1151 1726 1258 1768 vigore
1276 1736 1386 1758 eorum
1416 1725 1665 1768 privilegiorum,
1688 1725 1718 1756 in
1744 1725 1811 1757 soro

1068 1779 1276 1812 conscientiae
1294 1784 1425 1817 tantum,
1454 1779 1585 1822 perinde
1610 1789 1645 1811 ac
1671 1779 1694 1811 si
1717 1789 1812 1810 novas

1068 1833 1264 1877 provisiones
1289 1832 1508 1871 obtinuissent,
1534 1832 1811 1871 1·evatidaun1s,et,

1068 1892 1221 1930 quatenus
1250 1898 1329 1930 opus
1361 1887 1416 1927 sit,
1442 1886 1588 1919 omnibus
1619 1890 1649 1919 et
1681 1885 1812 1927 singulis

1069 1951 1178 1973 eorum
1210 1941 1248 1973 de
1273 1940 1420 1973 omnibus
1445 1945 1475 1972 et
1500 1939 1632 1982 singulis
1657 1939 1813 1981 diguitati-

1068 1994 1127 2026 bus
1144 1999 1174 2026 et.
1191 1994 1259 2026 aliis
1284 2004 1354 2025 cum
1377 1995 1452 2026 eura
1476 1998 1505 2025 et
1530 1992 1596 2025 stne
1622 1995 1698 2025 cura
1723 1993 1815 2024 bene-

1069 2047 1148 2079 ficiis
1165 2047 1385 2079 ecclesiasticis
1403 2046 1640 2091 quomodolibet
1657 2046 1815 2088 qualifica-

1070 2101 1107 2133 tis
1132 2106 1162 2133 et
1189 2101 1387 2145 nuncupatis,
1413 2101 1505 2134 etiam
1532 2100 1669 2133 cuiusvis
1690 2100 1814 2133 Ordinis

1070 2155 1285 2197 regularibus,
1311 2166 1368 2198 per
1393 2165 1445 2187 eos
1471 2154 1644 2198 respective
1669 2154 1814 2191 obtentis,

1070 2209 1107 2241 de
1132 2219 1213 2241 novo
1237 2209 1330 2242 etiam
1357 2208 1529 2252 respective
1555 2207 1767 2251 providemus,
1786 2212 1816 2238 et

1070 2272 1179 2294 omnes
1200 2267 1230 2294 et
1255 2261 1393 2303 singulas
1411 2261 1576 2304 pensiones
1593 2261 1637 2293 eis
1654 2265 1683 2293 et
1704 2270 1813 2292 eorum

1070 2315 1201 2358 singulis
1225 2326 1320 2359 super
1344 2315 1507 2358 quibusvis
1533 2314 1695 2346 beneficiis
1720 2314 1816 2346 eccle-

1070 2368 1203 2401 siasticis
1227 2367 1464 2412 quomodolibet
1479 2367 1666 2411 qualificatis
1691 2371 1720 2399 et
1740 2377 1818 2399 nuu-

1071 2422 1200 2466 cupatis‚
1214 2422 1307 2454 etiam
1320 2421 1452 2454 alicuius
1465 2420 1589 2453 Ordinis
1606 2420 1816 2463 regularibus,

1072 2476 1244 2520 respective
1268 2478 1442 2508 reservatas
1453 2474 1472 2515 ¹,
1498 2473 1643 2507 similiter
1672 2474 1709 2507 de
1734 2484 1816 2507 novo

1071 2539 1279 2562 reservamus.

1861 1448 1891 1461 1
1894 1444 1929 1460 Ι
1936 1423 2010 1463 iiirun.

299 2635 457 2680 cogitabili
483 2638 577 2670 causa
607 2642 636 2669 et
667 2639 852 2680 occasione,
877 2638 969 2671 etiam
1002 2626 1058 2677 adl
1107 2646 1120 2672 1
1139 2645 1258 2673 Ει-ιοιιοο
1275 2645 1340 2673 edit
1356 2645 1436 2673 Malu.
1452 2644 1740 2681 tegitiesematisoz.
1757 2644 1806 2676 r.)
