2269 3235
236 266 282 294 An.
302 266 329 294 c.
355 265 420 294 1025
465 257 529 291 370

268 1388 387 1408 Exordium.

278 2190 391 2205 celtlrt'uttt,

1008 263 1185 288 uolitantum

432 315 479 348 vel
505 313 767 347 excommunicari
793 323 855 345 non
878 312 999 356 possint
1022 322 1079 355 per
1096 312 1173 345 litte-

433 379 483 400 ras
507 367 694 410 apostolicas
726 375 789 397 non
821 365 968 397 facientes
999 365 1123 408 plenam
1143 370 1173 397 et

433 430 610 463 expressam
644 430 679 451 ac.
713 418 751 449 de
783 417 878 450 verbo
909 418 948 450 ab
979 418 1109 450 verbum
1134 417 1172 450 de

434 473 553 504 indulto
579 471 757 504 huiusmodi
782 470 984 503 mentionem.

477 526 588 558 Datum
611 525 742 563 Romae,
778 524 860 567 apud
890 523 920 556 S.
954 523 1082 557 Mariam
1110 525 1173 557 Ma-

435 579 556 617 iorem,
582 577 639 609 sub
659 577 775 610 annulo
802 577 980 617 piscatoris,
1008 577 1059 610 die
1088 588 1108 611 x
1129 588 1174 610 se-

436 630 589 673 ptembris
612 640 752 669 mcxxv,
779 630 978 673 pontificatus
1002 630 1101 663 nostri
1118 640 1172 663 an-

436 694 476 716 no
494 693 537 716 nt.

472 746 528 772 Dat.
547 745 589 772 die
608 745 638 772 10
652 745 815 781 septembris
834 745 909 779 1625,
931 745 1025 781 pontif.
1047 753 1116 773 anno
1132 752 1172 772 111.

764 861 844 893 CLX.

437 934 611 968 Incluteum
630 943 687 976 pro
709 931 830 965 Ordine
849 932 992 973 fratrum
1009 930 1175 962 Minorum

480 987 619 1029 officium
642 985 679 1017 de
702 988 811 1016 sancto
836 983 993 1022 Conrado,
1009 983 1097 1015 tertii
1118 981 1177 1015 Or-

481 1040 536 1071 din
543 1040 569 1071 is
582 1038 687 1070 sancti
700 1038 730 1070 F
731 1037 871 1069 runcisci
883 1036 1067 1080 professore,
1079 1036 1114 1067 in
1126 1035 1177 1068 die

480 1102 558 1124 suae
577 1091 763 1134 festivitatis
781 1089 941 1122 recitandi
957 1089 1016 1121 sub
1041 1089 1110 1121 ritu
1129 1099 1176 1120 se-

481 1143 667 1187 miduplici,
688 1148 716 1176 ct
736 1143 774 1175 de
794 1142 960 1175 commum*
979 1142 1080 1174 >zozius
1101 1142 1178 1175 Con-

481 1197 608 1240 sessoris
634 1207 696 1229 non
722 1195 893 1237 Pontificis
907 1193 925 1226 ¹.

632 1268 769 1295 Urbanus
798 1267 879 1300 Papa
906 1266 981 1297 vm,

556 1313 591 1339 ad
612 1315 788 1346 perpetuam
806 1311 850 1338 rei
870 1310 1052 1338 memoriam.

483 1374 605 1407 Domini
631 1373 729 1406 nostri
755 1374 824 1405 Iesu
849 1372 977 1411 Christi,
998 1372 1051 1415 qui
1072 1382 1179 1404 servos

439 1439 512 1461 suos
537 1434 682 1461 aeternae
715 1426 834 1469 gloriae
864 1425 1006 1469 praemio
1031 1424 1125 1458 donat
1149 1425 1179 1457 in

441 1481 547 1521 caelis,
573 1480 656 1512 vices
681 1489 872 1522 quamquam
897 1477 1046 1510 immeriti
1071 1488 1180 1520 geren-

439 1541 507 1575 tes,
533 1545 570 1567 ex
595 1534 734 1566 iniuncto
763 1532 853 1565 uobis
887 1531 1053 1576 pastoralis
1085 1531 1180 1564 oflicii

441 1588 546 1620 debito
570 1597 743 1630 procurare
769 1591 924 1626 tenemur,
943 1588 976 1618 ut
995 1584 1179 1617 eorumdem

444 1651 609 1673 servorum
633 1639 746 1672 Christi
768 1638 871 1670 debita
888 1637 1047 1670 veneratio
1065 1637 1096 1669 in
1116 1637 1182 1670 dies

442 1694 542 1736 magis
567 1698 800 1737 promoveatur,
818 1697 848 1724 et
864 1691 1009 1724 laudetur
1033 1691 1183 1724 Dominus

443 1746 475 1779 in
492 1746 606 1779 sanctis
624 1745 701 1779 suis:
727 1744 933 1789 quamobrem
948 1743 1088 1776 fidelium
1106 1754 1182 1786 quo-

443 1799 615 1838 rumlibet,·
629 1798 815 1841 praesertim
832 1808 907 1830 vero
928 1797 984 1829 sub
1005 1797 1091 1829 suavi
1109 1797 1182 1829 reli-

445 1853 546 1896 gionis
563 1852 637 1894 iugo
658 1851 816 1884 Altissimo
840 1850 1068 1891 famulantium,
1094 1850 1182 1891 votis,

445 1916 525 1950 quae
556 1905 749 1949 peculiarem
785 1910 967 1937 sanctorum
1002 1903 1184 1936 huiusmodi

445 1960 564 1994 cultum
579 1959 762 2003 respiciunt,
773 1958 906 1990 libenter
923 1957 1101 1998 annuimus,
1115 1969 1185 2002 pro-

446 2018 477 2046 ut
499 2012 713 2056 conspicimus
738 2012 769 2044 in
793 2011 926 2044 Domino
951 2011 1118 2044 salubriter
1135 2022 1185 2044 ex-

445 2067 562 2111 pedire.

491 2122 506 2164 g
530 2121 558 2153 ’1.
585 2121 663 2153 Sane
682 2120 809 2153 nomine
833 2118 1020 2152 dilectorum
1046 2119 1201 2152 filiorunr

446 2174 580 2208 ministri
599 2173 755 2216 generalis
779 2183 815 2205 ac
831 2173 965 2204 fratrum
990 2172 1115 2205 Ordinis
1135 2171 1202 2207 itti-l

446 2237 560 2260 norum
590 2226 687 2259 sancti
722 2225 880 2258 Francisci
912 2224 1184 2268 Cappuccinorurn

446 2285 700 2324 nuncupatorum
713 2279 803 2312 nobis
818 2289 918 2322 nuper
931 2278 1107 2322 expositum
1118 2278 1185 2319 fuit,

447 2334 532 2377 quod
556 2334 624 2377 ipsi,
644 2344 680 2366 ex
701 2332 870 2376 peculiari,
896 2342 990 2375 quem
1015 2342 1090 2374 erga
1114 2342 1185 2364 san-

448 2392 532 2419 ctum
563 2386 740 2420 Conradum
776 2385 859 2419 tertii
891 2384 1015 2419 Ordinis
1047 2384 1186 2417 eiusdem

484 2486 492 2510 1
514 2485 581 2511 Tres
604 2483 718 2511 Ordines
743 2483 859 2510 instituit
882 2482 907 2509 S.
926 2482 1096 2516 franciscus,
1118 2490 1187 2517 quo-

448 2537 507 2555 rum
533 2529 642 2555 tertium
662 2537 710 2563 pro
731 2527 899 2554 secularibus
918 2527 1058 2554 Tertiariis
1082 2534 1186 2553 nuncu-

449 2574 516 2607 patis
529 2573 656 2606 instituit,
672 2576 699 2600 et
713 2573 786 2599 illius
801 2573 938 2607 professor
953 2572 1003 2599 suit
1015 2572 1066 2599 iste
1086 2571 1187 2599 Conra-

448 2618 508 2649 dus,
524 2625 576 2644 non
593 2621 684 2643 autem
706 2616 920 2652 congregationis
944 2616 1059 2643 fratrum
1078 2615 1187 2651 reguta-

449 2662 529 2694 rium,
543 2661 589 2696 qui
605 2660 685 2687 etiam
701 2660 824 2688 Tertiarii
839 2664 978 2688 vocantur.

1209 262 1362 288 ROMANUM

1205 311 1302 345 sancti
1327 310 1495 352 Francisci,
1523 311 1597 343 dum
1621 311 1707 352 vixit,
1731 311 1942 355 professorem

1205 368 1327 407 gerunt,
1345 363 1519 397 devotionis
1533 362 1656 403 affectu,
1674 367 1704 395 et
1721 368 1755 396 ut
1770 363 1847 397 alios
1864 363 1943 397 chri-

1206 417 1354 449 stifideles
1378 416 1415 449 ad
1440 415 1581 448 eiusdem
1606 415 1780 449 devotionis
1805 416 1944 449 studium

1207 470 1386 509 accendant,
1404 469 1541 503 officium
1560 468 1598 501 de
1617 468 1727 501 eodem
1750 468 1779 501 S.
1799 468 1943 502 Conrado

1206 524 1256 557 die
1280 524 1347 557 eius
1371 524 1449 556 sesto
1477 522 1534 555 sub
1560 522 1622 555 ritu
1647 521 1843 565 semiduplici
1867 522 1946 554 reci-

1207 581 1273 609 tare
1297 587 1389 620 posse
1414 585 1615 618 summopere
1640 573 1828 607 desiderant.
1849 574 1946 607 Nobis

1208 635 1376 674 propterea
1400 629 1561 662 humiliter
1592 627 1763 672 supplicari
1787 627 1946 668 fecerunt,

1208 688 1242 716 ut
1259 683 1297 716 de
1313 684 1492 727 opportuna
1512 682 1544 715 in
1560 680 1740 726 praemissis
1759 680 1885 713 licentia
1902 680 1947 713 eis

1208 736 1374 780 providere
1389 736 1427 770 de
1444 735 1638 779 benignitate
1654 734 1826 779 apostolica
1843 733 1948 777 digna-

1207 800 1324 823 remur.

1253 844 1268 886 ἓ
1291 843 1321 875 2.
1347 843 1409 876 Nos
1433 843 1540 885 igitur,
1561 842 1696 874 ministri
1717 841 1872 884 generalis
1889 839 1946 873 ac*

1209 895 1342 928 fratrum
1366 896 1601 939 praedictorum
1618 895 1774 928 laudabile
1793 894 1948 928 eiusmodi

1210 948 1402 981 desiderium
1415 948 1589 992 plurimum
1603 949 1634 980 in
1647 949 1781 983 Domino
1792 958 1949 981 commen-

1210 1001 1340 1041 dantes,
1365 1001 1498 1044 illosque
1523 1001 1711 1044 specialibus
1735 1000 1895 1033 favoribus
1919 1006 1949 1033 et

1210 1053 1320 1097 gratiis
1344 1053 1493 1097 prosequi
1518 1053 1673 1092 volentes,
1698 1057 1729 1084 et
1752 1063 1862 1085 eorum
1886 1052 1949 1085 sin-

1211 1107 1337 1150 gulares
1352 1117 1504 1151 personas
1521 1116 1538 1138 a
1555 1105 1715 1150 quibusvis
1740 1105 1952 1138 excommuni-

1211 1160 1357 1200 cationis,
1382 1159 1596 1203 suspensionis
1620 1164 1650 1192 et
1673 1159 1846 1199 interdicti,
1867 1158 1950 1191 aliis-

1212 1226 1273 1259 que
1297 1214 1516 1247 ecclesiasticis
1547 1213 1724 1252 sententiis,
1750 1212 1892 1246 censuris
1922 1217 1952 1245 et

1212 1267 1330 1311 poenis,
1347 1278 1365 1299 a
1385 1267 1453 1299 iure
1478 1267 1526 1299 rel
1550 1267 1589 1299 ab
1614 1265 1752 1306 homine,
1777 1264 1886 1309 quavis
1903 1275 1954 1298 oc-

1212 1321 1338 1353 casione
1358 1321 1405 1353 vel
1423 1322 1516 1353 causa
1535 1319 1616 1360 latis,
1645 1319 1670 1352 si
1689 1319 1805 1362 quihus
1824 1328 1954 1362 quomo-

1213 1373 1330 1406 dolibet
1365 1373 1532 1406 innodatae
1556 1372 1710 1412 existunt,
1736 1372 1774 1405 ad
1806 1371 1953 1404 effectum

1195 1453 1197 1460 ,
1213 1426 1423 1470 praesentium
1441 1426 1603 1458 dumtaxat
1619 1425 1884 1468 consequendum,
1898 1424 1954 1457 ha-

1214 1490 1283 1511 rum
1298 1479 1378 1512 serie
1392 1479 1588 1512 absolventes
1599 1484 1629 1511 et.
1641 1478 1798 1511 absolutas
1807 1478 1873 1510 sore
1885 1487 1955 1510 cen-

1214 1538 1327 1573 sentes,
1352 1532 1533 1565 huiusmodi
1557 1531 1840 1576 supplicationibus
1868 1531 1955 1563 incli-

1215 1586 1289 1626 nati,
1314 1585 1351 1618 de
1371 1585 1600 1619 venerabilium
1617 1585 1751 1618 fratrum
1771 1589 1955 1617 nostrorum

1215 1639 1244 1671 S.
1262 1638 1296 1671 R.
1317 1638 1350 1671 E.
1376 1638 1582 1671 cardinalium
1608 1637 1705 1671 sacris
1729 1637 1843 1670 ritibus
1866 1647 1956 1680 prae-

1215 1691 1390 1736 positorum
1415 1691 1557 1731 consilio,
1577 1696 1611 1724 ut
1635 1691 1673 1723 de
1697 1691 1808 1724 eodem
1830 1691 1858 1724 S.
1880 1690 1957 1723 Con-

1217 1745 1293 1778 rado
1306 1745 1356 1778 die
1373 1745 1439 1777 eius
1460 1745 1538 1777 sesto
1555 1744 1593 1777 ab
1610 1744 1755 1777 omnibus
1772 1748 1802 1776 et
1824 1742 1956 1785 singulis

1217 1798 1341 1832 Ordinis
1373 1799 1528 1831 Minorum
1553 1798 1582 1831 S.
1607 1797 1765 1830 Francisci
1800 1796 1957 1839 religiosis

1217 1852 1334 1897 ubique
1357 1852 1562 1895 existentibus
1585 1850 1725 1884 officium
1749 1849 1807 1883 sub
1832 1849 1894 1882 ritu
1913 1860 1958 1882 se-

1218 1905 1380 1949 miduplici
1404 1905 1442 1937 de
1463 1904 1623 1938 communi
1647 1903 1740 1936 unius
1763 1902 1957 1937 Consessoris

1218 1969 1281 1992 non
1312 1958 1492 2000 Pontificis,
1518 1958 1604 1990 iuxta
1634 1956 1778 1990 rubricas
1809 1955 1958 1988 breviarii

1219 2013 1351 2054 romani,
1376 2012 1503 2045 recitari
1527 2011 1626 2044 libere
1651 2016 1681 2043 et
1704 2010 1788 2043 licite
1811 2009 1910 2053 possit
1929 2014 1959 2042 et

1219 2065 1326 2106 valeat,
1344 2063 1516 2107 apostolica
1533 2062 1728 2101 auctoritate,
1744 2066 1853 2093 tenore
1869 2069 1960 2103 prae-

1219 2117 1362 2158 sentium,
1376 2115 1534 2149 licentiam
1558 2120 1588 2148 et
1607 2115 1785 2147 facultatem
1805 2117 1958 2156 perpetuo

1219 2169 1420 2202 concedimus
1444 2173 1474 2201 et
1497 2168 1706 2209 indulgemus.

1263 2224 1278 2267 ξ,
1301 2222 1331 2256 3.
1356 2224 1425 2256 Non
1460 2221 1655 2255 obstantibus
1684 2218 1958 2254 constitutionibus
1986 2226 2157 2256 nerogztiocon-

1948 263 1998 290 An.
2019 262 2048 290 C.
2071 260 2139 290 ¹625

2002 851 2104 873 Concedit
2126 857 2139 871 u

1963 879 1984 899 iu
1999 879 2092 900 rubrica.

1934 2271 1940 2277 ,
1972 2255 2093 2274 tranei-um.

1219 2282 1249 2309 et
1269 2275 1519 2309 ordinationibus
1538 2274 1728 2318 apostolicis,
1745 2284 1780 2306 ac
1797 2273 1959 2317 quibusws

1220 2330 1327 2373 (etiam
1357 2329 1544 2368 iuramento,
1568 2327 1809 2361 confirmatione
1836 2331 1960 2370 aposto-

1220 2383 1289 2425 lica,
1314 2383 1362 2415 rel
1386 2381 1495 2425 quavis
1524 2381 1673 2414 firmitate
1701 2379 1760 2414 alia
1788 2378 1959 2421 roboratis)

1221 2435 1344 2470 statutis
1357 2439 1387 2469 et
1399 2433 1688 2474 consuetudinibus,
1702 2432 1878 2476 ceterisque
1890 2442 1960 2465 con-

1222 2489 1326 2523 trariis
1343 2488 1604 2532 quibuscumque.

1265 2543 1281 2586 g
1305 2542 1335 2574 4.
1356 2541 1507 2574 Volumus
1523 2545 1628 2573 autem
1646 2540 1731 2584 quod
1747 2539 1959 2584 praesentium
1974 2573 1980 2592 ι

1258 2660 1269 2686 1
1287 2658 1357 2686 Edit.
1374 2657 1453 2686 main.
1469 2656 1534 2693 legit
1547 2666 1565 2684 α
1579 2658 1618 2692 (n.
1634 2657 1682 2690 12).

2010 2544 2073 2566 Fides
2088 2544 2158 2574 danda

1983 2574 2117 2599 tansumptis.

2261 2717 2264 2749 l

2262 2755 2263 2771 l

2262 2791 2263 2810 i

2262 2815 2263 2822 i
