<?xml version="1.0" encoding="UTF-8"?>
<!DOCTYPE html PUBLIC "-//W3C//DTD XHTML 1.0 Transitional//EN"
    "http://www.w3.org/TR/xhtml1/DTD/xhtml1-transitional.dtd">
<html xmlns="http://www.w3.org/1999/xhtml" xml:lang="en" lang="en">
 <head>
  <title>
</title>
<meta http-equiv="Content-Type" content="text/html;charset=utf-8" />
  <meta name='ocr-system' content='tesseract 3.04.00' />
  <meta name='ocr-capabilities' content='ocr_page ocr_carea ocr_par ocr_line ocrx_word'/>
</head>
<body>
  <div class='ocr_page' id='page_1' title='image "./bullarumdiplomat13cath_0431.png"; bbox 0 0 2269 3235; ppageno 0'>
   <div class='ocr_carea' id='block_1_1' title="bbox 76 257 257 288">
    <p class='ocr_par' dir='ltr' id='par_1_1' title="bbox 76 257 257 288">
     <span class='ocr_line' id='line_1_1' title="bbox 76 257 257 288; baseline -0.017 0"><span class='ocrx_word' id='word_1_1' title='bbox 76 259 131 288; x_wconf 66' lang='grc' dir='ltr'>ΑΒ.</span> <span class='ocrx_word' id='word_1_2' title='bbox 143 257 171 288; x_wconf 84' lang='lat' dir='ltr'>G.</span> <span class='ocrx_word' id='word_1_3' title='bbox 188 257 257 286; x_wconf 80' lang='lat'>1625</span> 
     </span>
    </p>
   </div>
   <div class='ocr_carea' id='block_1_2' title="bbox 92 481 232 504">
    <p class='ocr_par' dir='ltr' id='par_1_2' title="bbox 92 481 232 504">
     <span class='ocr_line' id='line_1_2' title="bbox 92 481 232 504; baseline -0.014 0"><span class='ocrx_word' id='word_1_4' title='bbox 92 481 232 504; x_wconf 80' lang='lat' dir='ltr'>Prooemium.</span> 
     </span>
    </p>
   </div>
   <div class='ocr_carea' id='block_1_3' title="bbox 64 1012 249 1087">
    <p class='ocr_par' dir='ltr' id='par_1_3' title="bbox 64 1012 249 1087">
     <span class='ocr_line' id='line_1_3' title="bbox 104 1012 248 1033; baseline -0.007 0"><span class='ocrx_word' id='word_1_5' title='bbox 104 1012 248 1033; x_wconf 67' lang='lat' dir='ltr'>accensentur</span> 
     </span>
     <span class='ocr_line' id='line_1_4' title="bbox 64 1039 249 1065; baseline 0 -5"><span class='ocrx_word' id='word_1_6' title='bbox 64 1039 96 1060; x_wconf 87' lang='lat' dir='ltr'>Pii</span> <span class='ocrx_word' id='word_1_7' title='bbox 104 1039 176 1065; x_wconf 80' lang='lat' dir='ltr'><strong>Papae</strong></span> <span class='ocrx_word' id='word_1_8' title='bbox 188 1039 204 1060; x_wconf 95' lang='lat' dir='ltr'>V</span> <span class='ocrx_word' id='word_1_9' title='bbox 215 1039 249 1060; x_wconf 86' lang='lat' dir='ltr'>lit-</span> 
     </span>
     <span class='ocr_line' id='line_1_5' title="bbox 65 1068 131 1087; baseline 0 0"><span class='ocrx_word' id='word_1_10' title='bbox 65 1068 131 1087; x_wconf 72' lang='lat' dir='ltr'>torae.</span> 
     </span>
    </p>
   </div>
   <div class='ocr_carea' id='block_1_4' title="bbox 64 1331 249 1380">
    <p class='ocr_par' dir='ltr' id='par_1_4' title="bbox 64 1331 249 1380">
     <span class='ocr_line' id='line_1_6' title="bbox 79 1331 248 1358; baseline -0.006 -5"><span class='ocrx_word' id='word_1_11' title='bbox 79 1332 164 1358; x_wconf 77' lang='lat' dir='ltr'>Easque</span> <span class='ocrx_word' id='word_1_12' title='bbox 174 1331 248 1352; x_wconf 81' lang='lat' dir='ltr'>contir-</span> 
     </span>
     <span class='ocr_line' id='line_1_7' title="bbox 64 1357 249 1380; baseline 0 -1"><span class='ocrx_word' id='word_1_13' title='bbox 64 1359 129 1379; x_wconf 61' lang='lat' dir='ltr'>mavit</span> <span class='ocrx_word' id='word_1_14' title='bbox 154 1357 249 1380; x_wconf 77' lang='lat' dir='ltr'><strong>Clemens</strong></span> 
     </span>
    </p>
   </div>
   <div class='ocr_carea' id='block_1_5' title="bbox 64 1385 194 1412">
    <p class='ocr_par' dir='ltr' id='par_1_5' title="bbox 64 1385 194 1412">
     <span class='ocr_line' id='line_1_8' title="bbox 64 1385 194 1412; baseline 0 -6"><span class='ocrx_word' id='word_1_15' title='bbox 64 1385 123 1412; x_wconf 80' lang='lat' dir='ltr'>Papa</span> <span class='ocrx_word' id='word_1_16' title='bbox 140 1385 194 1406; x_wconf 84' lang='lat' dir='ltr'>VIII.</span> 
     </span>
    </p>
   </div>
   <div class='ocr_carea' id='block_1_6' title="bbox 62 1705 248 1754">
    <p class='ocr_par' dir='ltr' id='par_1_6' title="bbox 62 1705 248 1754">
     <span class='ocr_line' id='line_1_9' title="bbox 86 1705 248 1731; baseline 0 -5"><span class='ocrx_word' id='word_1_17' title='bbox 86 1705 162 1726; x_wconf 76' lang='lat' dir='ltr'>Iterum</span> <span class='ocrx_word' id='word_1_18' title='bbox 172 1709 248 1731; x_wconf 82' lang='lat' dir='ltr'>appro-</span> 
     </span>
     <span class='ocr_line' id='line_1_10' title="bbox 62 1731 220 1754; baseline -0.006 0"><span class='ocrx_word' id='word_1_19' title='bbox 62 1732 102 1754; x_wconf 81' lang='lat' dir='ltr'>bat</span> <span class='ocrx_word' id='word_1_20' title='bbox 116 1731 220 1753; x_wconf 86' lang='lat' dir='ltr'>Urbanus.</span> 
     </span>
    </p>
   </div>
   <div class='ocr_carea' id='block_1_7' title="bbox 877 253 1171 280">
    <p class='ocr_par' dir='ltr' id='par_1_7' title="bbox 877 253 1171 280">
     <span class='ocr_line' id='line_1_11' title="bbox 877 253 1171 280; baseline -0.007 0"><span class='ocrx_word' id='word_1_21' title='bbox 877 254 1019 280; x_wconf 79' lang='lat' dir='ltr'><strong>URBANUS</strong></span> <span class='ocrx_word' id='word_1_22' title='bbox 1044 253 1100 279; x_wconf 84' lang='lat' dir='ltr'>VIII</span> <span class='ocrx_word' id='word_1_23' title='bbox 1123 254 1171 279; x_wconf 68' lang='lat'>1³1³.</span> 
     </span>
    </p>
   </div>
   <div class='ocr_carea' id='block_1_8' title="bbox 397 303 886 401">
    <p class='ocr_par' dir='ltr' id='par_1_8' title="bbox 397 303 886 401">
     <span class='ocr_line' id='line_1_12' title="bbox 470 303 801 339; baseline 0 -7"><span class='ocrx_word' id='word_1_24' title='bbox 470 303 604 333; x_wconf 81' lang='lat' dir='ltr'>Urbanus</span> <span class='ocrx_word' id='word_1_25' title='bbox 624 303 703 339; x_wconf 80' lang='lat' dir='ltr'>Papa</span> <span class='ocrx_word' id='word_1_26' title='bbox 720 303 801 338; x_wconf 83' lang='lat' dir='ltr'>vm,</span> 
     </span>
     <span class='ocr_line' id='line_1_13' title="bbox 397 363 886 401; baseline -0.006 -7"><span class='ocrx_word' id='word_1_27' title='bbox 397 366 433 394; x_wconf 84' lang='lat' dir='ltr'>ad</span> <span class='ocrx_word' id='word_1_28' title='bbox 449 368 624 401; x_wconf 81' lang='lat' dir='ltr'>perpetuam</span> <span class='ocrx_word' id='word_1_29' title='bbox 642 365 686 394; x_wconf 80' lang='lat' dir='ltr'>rei</span> <span class='ocrx_word' id='word_1_30' title='bbox 706 363 886 394; x_wconf 81' lang='lat' dir='ltr'><strong>memoriam.</strong></span> 
     </span>
    </p>
   </div>
   <div class='ocr_carea' id='block_1_9' title="bbox 262 516 1008 2437">
    <p class='ocr_par' dir='ltr' id='par_1_9' title="bbox 263 516 1008 988">
     <span class='ocr_line' id='line_1_14' title="bbox 265 516 1005 552; baseline -0.007 0"><span class='ocrx_word' id='word_1_31' title='bbox 265 518 349 552; x_wconf 85' lang='lat' dir='ltr'>neris</span> <span class='ocrx_word' id='word_1_32' title='bbox 374 518 478 551; x_wconf 84' lang='lat' dir='ltr'>debito</span> <span class='ocrx_word' id='word_1_33' title='bbox 509 518 626 551; x_wconf 88' lang='lat' dir='ltr'>iurium</span> <span class='ocrx_word' id='word_1_34' title='bbox 660 517 759 550; x_wconf 89' lang='lat' dir='ltr'>almae</span> <span class='ocrx_word' id='word_1_35' title='bbox 784 516 902 549; x_wconf 89' lang='lat' dir='ltr'>Domus</span> <span class='ocrx_word' id='word_1_36' title='bbox 925 516 1005 548; x_wconf 88' lang='lat' dir='ltr'>Lau-</span> 
     </span>
     <span class='ocr_line' id='line_1_15' title="bbox 265 569 1007 607; baseline -0.005 -1"><span class='ocrx_word' id='word_1_37' title='bbox 265 576 391 607; x_wconf 88' lang='lat' dir='ltr'>retanae</span> <span class='ocrx_word' id='word_1_38' title='bbox 424 570 654 605; x_wconf 76' lang='lat' dir='ltr'>conservationi</span> <span class='ocrx_word' id='word_1_39' title='bbox 687 569 794 603; x_wconf 85' lang='lat' dir='ltr'>sedulo</span> <span class='ocrx_word' id='word_1_40' title='bbox 826 569 1007 603; x_wconf 88' lang='lat' dir='ltr'>incumben-</span> 
     </span>
     <span class='ocr_line' id='line_1_16' title="bbox 265 622 1006 668; baseline -0.003 -11"><span class='ocrx_word' id='word_1_41' title='bbox 265 629 320 665; x_wconf 97' lang='lat' dir='ltr'>tes,</span> <span class='ocrx_word' id='word_1_42' title='bbox 345 635 391 665; x_wconf 89' lang='lat' dir='ltr'>ea,</span> <span class='ocrx_word' id='word_1_43' title='bbox 416 634 496 668; x_wconf 89' lang='lat' dir='ltr'>quae</span> <span class='ocrx_word' id='word_1_44' title='bbox 519 628 688 668; x_wconf 87' lang='lat' dir='ltr'>propterea</span> <span class='ocrx_word' id='word_1_45' title='bbox 712 633 729 655; x_wconf 89' lang='lat' dir='ltr'>a</span> <span class='ocrx_word' id='word_1_46' title='bbox 753 622 902 656; x_wconf 86' lang='lat' dir='ltr'>Romanis</span> <span class='ocrx_word' id='word_1_47' title='bbox 927 622 1006 655; x_wconf 84' lang='lat' dir='ltr'>Pon-</span> 
     </span>
     <span class='ocr_line' id='line_1_17' title="bbox 265 676 1006 722; baseline -0.003 -11"><span class='ocrx_word' id='word_1_48' title='bbox 265 678 400 711; x_wconf 87' lang='lat' dir='ltr'>tificibus</span> <span class='ocrx_word' id='word_1_49' title='bbox 416 677 713 722; x_wconf 80' lang='lat' dir='ltr'>praedecessoribus</span> <span class='ocrx_word' id='word_1_50' title='bbox 736 677 853 710; x_wconf 90' lang='lat' dir='ltr'>nostris</span> <span class='ocrx_word' id='word_1_51' title='bbox 877 676 1006 720; x_wconf 76' lang='lat' dir='ltr'>provide</span> 
     </span>
     <span class='ocr_line' id='line_1_18' title="bbox 264 730 1008 775; baseline -0.001 -11"><span class='ocrx_word' id='word_1_52' title='bbox 264 732 344 766; x_wconf 84' lang='lat' dir='ltr'>sacta</span> <span class='ocrx_word' id='word_1_53' title='bbox 366 732 461 765; x_wconf 87' lang='lat' dir='ltr'>fuisse</span> <span class='ocrx_word' id='word_1_54' title='bbox 485 730 710 775; x_wconf 80' lang='lat' dir='ltr'>comperimus,</span> <span class='ocrx_word' id='word_1_55' title='bbox 735 741 797 774; x_wconf 86' lang='lat' dir='ltr'>quo</span> <span class='ocrx_word' id='word_1_56' title='bbox 822 730 914 763; x_wconf 85' lang='lat' dir='ltr'>firma</span> <span class='ocrx_word' id='word_1_57' title='bbox 937 740 1008 774; x_wconf 92' lang='lat' dir='ltr'>per-</span> 
     </span>
     <span class='ocr_line' id='line_1_19' title="bbox 264 783 1006 829; baseline -0.004 -10"><span class='ocrx_word' id='word_1_58' title='bbox 264 790 359 829; x_wconf 87' lang='lat' dir='ltr'>petuo</span> <span class='ocrx_word' id='word_1_59' title='bbox 385 789 414 818; x_wconf 93' lang='lat' dir='ltr'>et</span> <span class='ocrx_word' id='word_1_60' title='bbox 438 784 556 817; x_wconf 88' lang='lat' dir='ltr'>illibata</span> <span class='ocrx_word' id='word_1_61' title='bbox 580 788 773 824; x_wconf 81' lang='lat' dir='ltr'>remaneant,</span> <span class='ocrx_word' id='word_1_62' title='bbox 798 783 1006 827; x_wconf 78' lang='lat' dir='ltr'>inviolateque</span> 
     </span>
     <span class='ocr_line' id='line_1_20' title="bbox 264 837 1006 882; baseline -0.003 -10"><span class='ocrx_word' id='word_1_63' title='bbox 264 838 481 878; x_wconf 73' lang='lat' dir='ltr'>observentur,</span> <span class='ocrx_word' id='word_1_64' title='bbox 506 837 696 882; x_wconf 87' lang='lat' dir='ltr'>apostolieae</span> <span class='ocrx_word' id='word_1_65' title='bbox 720 837 878 870; x_wconf 88' lang='lat' dir='ltr'>firmitatis</span> <span class='ocrx_word' id='word_1_66' title='bbox 902 837 1006 870; x_wconf 90' lang='lat' dir='ltr'>muni-</span> 
     </span>
     <span class='ocr_line' id='line_1_21' title="bbox 264 890 1006 935; baseline -0.001 -10"><span class='ocrx_word' id='word_1_67' title='bbox 264 892 348 925; x_wconf 90' lang='lat' dir='ltr'>mine</span> <span class='ocrx_word' id='word_1_68' title='bbox 381 891 590 933; x_wconf 83' lang='lat' dir='ltr'>roboramus,</span> <span class='ocrx_word' id='word_1_69' title='bbox 615 896 710 935; x_wconf 90' lang='lat' dir='ltr'>prout</span> <span class='ocrx_word' id='word_1_70' title='bbox 741 890 952 935; x_wconf 78' lang='lat' dir='ltr'>conspicimus</span> <span class='ocrx_word' id='word_1_71' title='bbox 974 891 1006 924; x_wconf 92' lang='lat' dir='ltr'>in</span> 
     </span>
     <span class='ocr_line' id='line_1_22' title="bbox 263 944 770 988; baseline -0.002 -10"><span class='ocrx_word' id='word_1_72' title='bbox 263 944 396 979; x_wconf 90' lang='lat' dir='ltr'>Domino</span> <span class='ocrx_word' id='word_1_73' title='bbox 422 944 590 978; x_wconf 80' lang='lat' dir='ltr'>salubriter</span> <span class='ocrx_word' id='word_1_74' title='bbox 614 944 770 988; x_wconf 85' lang='lat' dir='ltr'>expedire.</span> 
     </span>
    </p>

    <p class='ocr_par' dir='ltr' id='par_1_10' title="bbox 264 998 1006 1194">
     <span class='ocr_line' id='line_1_23' title="bbox 308 998 1006 1042; baseline 0.001 -11"><span class='ocrx_word' id='word_1_75' title='bbox 308 999 323 1042; x_wconf 64' lang='grc' dir='ltr'>ξ</span> <span class='ocrx_word' id='word_1_76' title='bbox 346 999 376 1031; x_wconf 78' lang='grc'>1.</span> <span class='ocrx_word' id='word_1_77' title='bbox 402 998 525 1032; x_wconf 88' lang='lat' dir='ltr'>Dudum</span> <span class='ocrx_word' id='word_1_78' title='bbox 557 998 711 1042; x_wconf 87' lang='lat' dir='ltr'>siquidem</span> <span class='ocrx_word' id='word_1_79' title='bbox 736 1009 754 1031; x_wconf 90' lang='lat' dir='ltr'>a</span> <span class='ocrx_word' id='word_1_80' title='bbox 778 998 875 1031; x_wconf 85' lang='lat' dir='ltr'>felicis</span> <span class='ocrx_word' id='word_1_81' title='bbox 898 1009 1006 1032; x_wconf 86' lang='lat' dir='ltr'>recor-</span> 
     </span>
     <span class='ocr_line' id='line_1_24' title="bbox 265 1051 1006 1096; baseline 0.003 -11"><span class='ocrx_word' id='word_1_82' title='bbox 265 1052 399 1086; x_wconf 84' lang='lat' dir='ltr'>dationis</span> <span class='ocrx_word' id='word_1_83' title='bbox 417 1052 471 1085; x_wconf 90' lang='lat' dir='ltr'>Pio</span> <span class='ocrx_word' id='word_1_84' title='bbox 491 1052 575 1096; x_wconf 85' lang='lat' dir='ltr'>Papa</span> <span class='ocrx_word' id='word_1_85' title='bbox 592 1052 615 1085; x_wconf 86' lang='lat' dir='ltr'>V</span> <span class='ocrx_word' id='word_1_86' title='bbox 631 1051 874 1096; x_wconf 77' lang='lat' dir='ltr'>praedecessore</span> <span class='ocrx_word' id='word_1_87' title='bbox 897 1057 1006 1087; x_wconf 89' lang='lat' dir='ltr'>nostro</span> 
     </span>
     <span class='ocr_line' id='line_1_25' title="bbox 264 1105 1005 1150; baseline 0 -11"><span class='ocrx_word' id='word_1_88' title='bbox 264 1110 450 1139; x_wconf 88' lang='lat' dir='ltr'>emanarunt</span> <span class='ocrx_word' id='word_1_89' title='bbox 473 1106 595 1139; x_wconf 85' lang='lat' dir='ltr'>litterae</span> <span class='ocrx_word' id='word_1_90' title='bbox 625 1105 743 1139; x_wconf 91' lang='lat' dir='ltr'>tenoris</span> <span class='ocrx_word' id='word_1_91' title='bbox 768 1106 1005 1150; x_wconf 86' lang='lat' dir='ltr'>subsequentis,</span> 
     </span>
     <span class='ocr_line' id='line_1_26' title="bbox 264 1159 423 1194; baseline 0 -2"><span class='ocrx_word' id='word_1_92' title='bbox 264 1159 423 1194; x_wconf 89' lang='lat' dir='ltr'>videlicet:</span> 
     </span>
    </p>

    <p class='ocr_par' dir='ltr' id='par_1_11' title="bbox 263 1213 1006 1311">
     <span class='ocr_line' id='line_1_27' title="bbox 306 1213 1006 1257; baseline 0.001 -10"><span class='ocrx_word' id='word_1_93' title='bbox 306 1213 361 1247; x_wconf 74' lang='lat' dir='ltr'>Ad</span> <span class='ocrx_word' id='word_1_94' title='bbox 382 1217 573 1257; x_wconf 78' lang='lat' dir='ltr'>perpetuam</span> <span class='ocrx_word' id='word_1_95' title='bbox 588 1213 638 1246; x_wconf 76' lang='lat' dir='ltr'>rei</span> <span class='ocrx_word' id='word_1_96' title='bbox 654 1213 855 1247; x_wconf 75' lang='lat' dir='ltr'>memoriam.</span> <span class='ocrx_word' id='word_1_97' title='bbox 880 1213 927 1247; x_wconf 81' lang='lat' dir='ltr'>Ad</span> <span class='ocrx_word' id='word_1_98' title='bbox 945 1215 1006 1248; x_wconf 82' lang='lat' dir='ltr'>Ro-</span> 
     </span>
     <span class='ocr_line' id='line_1_28' title="bbox 263 1267 964 1311; baseline 0.001 -11"><span class='ocrx_word' id='word_1_99' title='bbox 263 1267 348 1300; x_wconf 89' lang='lat' dir='ltr'>mani</span> <span class='ocrx_word' id='word_1_100' title='bbox 371 1267 530 1300; x_wconf 86' lang='lat' dir='ltr'>Pontificis</span> <span class='ocrx_word' id='word_1_101' title='bbox 554 1271 671 1311; x_wconf 90' lang='lat' dir='ltr'>spectat</span> <span class='ocrx_word' id='word_1_102' title='bbox 695 1268 849 1309; x_wconf 82' lang='lat' dir='ltr'>officium,</span> <span class='ocrx_word' id='word_1_103' title='bbox 875 1272 932 1301; x_wconf 87' lang='lat' dir='ltr'>etc.</span> <span class='ocrx_word' id='word_1_104' title='bbox 946 1267 964 1300; x_wconf 86' lang='lat'>¹.</span> 
     </span>
    </p>

    <p class='ocr_par' dir='ltr' id='par_1_12' title="bbox 262 1321 1007 1685">
     <span class='ocr_line' id='line_1_29' title="bbox 309 1321 1006 1365; baseline 0.003 -12"><span class='ocrx_word' id='word_1_105' title='bbox 309 1322 324 1364; x_wconf 76' lang='lat'>§</span> <span class='ocrx_word' id='word_1_106' title='bbox 347 1321 377 1354; x_wconf 62' lang='grc' dir='ltr'>ΞΣ.</span> <span class='ocrx_word' id='word_1_107' title='bbox 406 1321 543 1354; x_wconf 88' lang='lat' dir='ltr'>Subinde</span> <span class='ocrx_word' id='word_1_108' title='bbox 568 1332 642 1355; x_wconf 90' lang='lat' dir='ltr'>vero</span> <span class='ocrx_word' id='word_1_109' title='bbox 666 1321 737 1365; x_wconf 87' lang='lat' dir='ltr'>piae</span> <span class='ocrx_word' id='word_1_110' title='bbox 754 1322 927 1355; x_wconf 81' lang='lat' dir='ltr'>memoriae</span> <span class='ocrx_word' id='word_1_111' title='bbox 944 1322 1006 1356; x_wconf 87' lang='lat' dir='ltr'>Cle-</span> 
     </span>
     <span class='ocr_line' id='line_1_30' title="bbox 264 1374 1005 1418; baseline 0.001 -11"><span class='ocrx_word' id='word_1_112' title='bbox 264 1384 353 1407; x_wconf 87' lang='lat' dir='ltr'>mens</span> <span class='ocrx_word' id='word_1_113' title='bbox 364 1374 448 1418; x_wconf 91' lang='lat' dir='ltr'>Papa</span> <span class='ocrx_word' id='word_1_114' title='bbox 456 1374 534 1415; x_wconf 76' lang='lat' dir='ltr'>VIII,</span> <span class='ocrx_word' id='word_1_115' title='bbox 543 1374 637 1407; x_wconf 86' lang='lat' dir='ltr'>etiam</span> <span class='ocrx_word' id='word_1_116' title='bbox 650 1375 875 1418; x_wconf 82' lang='lat' dir='ltr'>praedecessor</span> <span class='ocrx_word' id='word_1_117' title='bbox 888 1380 1005 1416; x_wconf 89' lang='lat' dir='ltr'>noster,</span> 
     </span>
     <span class='ocr_line' id='line_1_31' title="bbox 262 1427 1007 1472; baseline 0.001 -12"><span class='ocrx_word' id='word_1_118' title='bbox 262 1427 473 1472; x_wconf 85' lang='lat' dir='ltr'>praeinsertas</span> <span class='ocrx_word' id='word_1_119' title='bbox 486 1427 605 1461; x_wconf 85' lang='lat' dir='ltr'>litteras</span> <span class='ocrx_word' id='word_1_120' title='bbox 622 1428 803 1461; x_wconf 84' lang='lat' dir='ltr'>huiusmodi</span> <span class='ocrx_word' id='word_1_121' title='bbox 820 1428 1007 1472; x_wconf 82' lang='lat' dir='ltr'>approbavit</span> 
     </span>
     <span class='ocr_line' id='line_1_32' title="bbox 263 1480 1006 1524; baseline 0.001 -11"><span class='ocrx_word' id='word_1_122' title='bbox 263 1485 293 1513; x_wconf 89' lang='lat' dir='ltr'>et</span> <span class='ocrx_word' id='word_1_123' title='bbox 310 1480 517 1521; x_wconf 84' lang='lat' dir='ltr'>confirmavit,</span> <span class='ocrx_word' id='word_1_124' title='bbox 538 1485 633 1524; x_wconf 88' lang='lat' dir='ltr'>prout</span> <span class='ocrx_word' id='word_1_125' title='bbox 652 1481 683 1513; x_wconf 92' lang='lat' dir='ltr'>in</span> <span class='ocrx_word' id='word_1_126' title='bbox 708 1481 791 1514; x_wconf 90' lang='lat' dir='ltr'>illius</span> <span class='ocrx_word' id='word_1_127' title='bbox 816 1481 928 1514; x_wconf 84' lang='lat' dir='ltr'>litteris</span> <span class='ocrx_word' id='word_1_128' title='bbox 953 1481 1006 1514; x_wconf 87' lang='lat' dir='ltr'>de-</span> 
     </span>
     <span class='ocr_line' id='line_1_33' title="bbox 262 1534 1005 1578; baseline 0 -11"><span class='ocrx_word' id='word_1_129' title='bbox 262 1544 357 1578; x_wconf 87' lang='lat' dir='ltr'>super</span> <span class='ocrx_word' id='word_1_130' title='bbox 380 1535 413 1567; x_wconf 90' lang='lat' dir='ltr'>in</span> <span class='ocrx_word' id='word_1_131' title='bbox 437 1534 531 1567; x_wconf 90' lang='lat' dir='ltr'>simili</span> <span class='ocrx_word' id='word_1_132' title='bbox 559 1535 661 1568; x_wconf 76' lang='lat' dir='ltr'>forma</span> <span class='ocrx_word' id='word_1_133' title='bbox 690 1535 796 1568; x_wconf 87' lang='lat' dir='ltr'>Brevis</span> <span class='ocrx_word' id='word_1_134' title='bbox 822 1534 973 1578; x_wconf 75' lang='lat' dir='ltr'>expeditis</span> <span class='ocrx_word' id='word_1_135' title='bbox 986 1536 1005 1576; x_wconf 81' lang='lat'>²,</span> 
     </span>
     <span class='ocr_line' id='line_1_34' title="bbox 263 1588 1006 1632; baseline 0 -11"><span class='ocrx_word' id='word_1_136' title='bbox 263 1598 396 1632; x_wconf 89' lang='lat' dir='ltr'>quarum</span> <span class='ocrx_word' id='word_1_137' title='bbox 422 1593 547 1621; x_wconf 90' lang='lat' dir='ltr'>tenores</span> <span class='ocrx_word' id='word_1_138' title='bbox 570 1588 789 1632; x_wconf 88' lang='lat' dir='ltr'>praesentibus</span> <span class='ocrx_word' id='word_1_139' title='bbox 806 1599 864 1632; x_wconf 90' lang='lat' dir='ltr'>pro</span> <span class='ocrx_word' id='word_1_140' title='bbox 882 1599 1006 1632; x_wconf 83' lang='lat' dir='ltr'>expres-</span> 
     </span>
     <span class='ocr_line' id='line_1_35' title="bbox 263 1641 945 1685; baseline 0 -11"><span class='ocrx_word' id='word_1_141' title='bbox 263 1641 305 1675; x_wconf 92' lang='lat' dir='ltr'>sis</span> <span class='ocrx_word' id='word_1_142' title='bbox 320 1641 430 1674; x_wconf 88' lang='lat' dir='ltr'>haberi</span> <span class='ocrx_word' id='word_1_143' title='bbox 448 1642 601 1683; x_wconf 90' lang='lat' dir='ltr'>volumus,</span> <span class='ocrx_word' id='word_1_144' title='bbox 618 1642 740 1685; x_wconf 86' lang='lat' dir='ltr'>plenius</span> <span class='ocrx_word' id='word_1_145' title='bbox 758 1641 945 1676; x_wconf 86' lang='lat' dir='ltr'>continetur.</span> 
     </span>
    </p>

    <p class='ocr_par' dir='ltr' id='par_1_13' title="bbox 262 1694 1007 2437">
     <span class='ocr_line' id='line_1_36' title="bbox 307 1694 1005 1740; baseline 0 -12"><span class='ocrx_word' id='word_1_146' title='bbox 307 1695 322 1739; x_wconf 66' lang='grc' dir='ltr'>ἓ</span> <span class='ocrx_word' id='word_1_147' title='bbox 346 1694 376 1728; x_wconf 81' lang='lat'>3.</span> <span class='ocrx_word' id='word_1_148' title='bbox 402 1695 478 1729; x_wconf 90' lang='lat' dir='ltr'>Cum</span> <span class='ocrx_word' id='word_1_149' title='bbox 497 1698 601 1730; x_wconf 86' lang='lat' dir='ltr'>autem</span> <span class='ocrx_word' id='word_1_150' title='bbox 620 1695 763 1728; x_wconf 84' lang='lat' dir='ltr'>firmiora</span> <span class='ocrx_word' id='word_1_151' title='bbox 781 1695 842 1730; x_wconf 88' lang='lat' dir='ltr'>sint</span> <span class='ocrx_word' id='word_1_152' title='bbox 859 1706 905 1737; x_wconf 85' lang='lat' dir='ltr'>ea,</span> <span class='ocrx_word' id='word_1_153' title='bbox 926 1706 1005 1740; x_wconf 88' lang='lat' dir='ltr'>quae</span> 
     </span>
     <span class='ocr_line' id='line_1_37' title="bbox 264 1748 1005 1793; baseline 0.001 -11"><span class='ocrx_word' id='word_1_154' title='bbox 264 1748 389 1793; x_wconf 87' lang='lat' dir='ltr'>saepius</span> <span class='ocrx_word' id='word_1_155' title='bbox 424 1748 542 1782; x_wconf 84' lang='lat' dir='ltr'>fuerint</span> <span class='ocrx_word' id='word_1_156' title='bbox 581 1749 771 1793; x_wconf 86' lang='lat' dir='ltr'>apostolicae</span> <span class='ocrx_word' id='word_1_157' title='bbox 810 1749 1005 1783; x_wconf 85' lang='lat' dir='ltr'>auctoritatis</span> 
     </span>
     <span class='ocr_line' id='line_1_38' title="bbox 263 1802 1007 1848; baseline -0.001 -12"><span class='ocrx_word' id='word_1_158' title='bbox 263 1802 422 1848; x_wconf 88' lang='lat' dir='ltr'>praesidio</span> <span class='ocrx_word' id='word_1_159' title='bbox 439 1803 649 1836; x_wconf 90' lang='lat' dir='ltr'>communita:</span> <span class='ocrx_word' id='word_1_160' title='bbox 666 1813 734 1844; x_wconf 87' lang='lat' dir='ltr'>nos,</span> <span class='ocrx_word' id='word_1_161' title='bbox 748 1802 865 1836; x_wconf 90' lang='lat' dir='ltr'>iurium</span> <span class='ocrx_word' id='word_1_162' title='bbox 883 1813 1007 1836; x_wconf 87' lang='lat' dir='ltr'>eorum-</span> 
     </span>
     <span class='ocr_line' id='line_1_39' title="bbox 263 1856 1005 1900; baseline 0.001 -11"><span class='ocrx_word' id='word_1_163' title='bbox 263 1856 334 1890; x_wconf 89' lang='lat' dir='ltr'>dem</span> <span class='ocrx_word' id='word_1_164' title='bbox 353 1856 592 1897; x_wconf 78' lang='lat' dir='ltr'>conservationi,</span> <span class='ocrx_word' id='word_1_165' title='bbox 612 1861 763 1900; x_wconf 84' lang='lat' dir='ltr'>quantum</span> <span class='ocrx_word' id='word_1_166' title='bbox 780 1867 851 1889; x_wconf 91' lang='lat' dir='ltr'>cum</span> <span class='ocrx_word' id='word_1_167' title='bbox 871 1856 1005 1890; x_wconf 90' lang='lat' dir='ltr'>Domino</span> 
     </span>
     <span class='ocr_line' id='line_1_40' title="bbox 262 1910 1007 1954; baseline 0.001 -11"><span class='ocrx_word' id='word_1_168' title='bbox 262 1920 440 1954; x_wconf 87' lang='lat' dir='ltr'>possumus,</span> <span class='ocrx_word' id='word_1_169' title='bbox 452 1910 616 1943; x_wconf 89' lang='lat' dir='ltr'>consulere</span> <span class='ocrx_word' id='word_1_170' title='bbox 626 1910 774 1951; x_wconf 88' lang='lat' dir='ltr'>volentes,</span> <span class='ocrx_word' id='word_1_171' title='bbox 785 1910 910 1943; x_wconf 85' lang='lat' dir='ltr'>easdem</span> <span class='ocrx_word' id='word_1_172' title='bbox 919 1921 1007 1954; x_wconf 87' lang='lat' dir='ltr'>prae-</span> 
     </span>
     <span class='ocr_line' id='line_1_41' title="bbox 263 1964 1005 2008; baseline 0 -11"><span class='ocrx_word' id='word_1_173' title='bbox 263 1964 396 1997; x_wconf 85' lang='lat' dir='ltr'>insertas</span> <span class='ocrx_word' id='word_1_174' title='bbox 421 1964 551 2004; x_wconf 87' lang='lat' dir='ltr'>litteras,</span> <span class='ocrx_word' id='word_1_175' title='bbox 569 1969 599 1997; x_wconf 93' lang='lat' dir='ltr'>et</span> <span class='ocrx_word' id='word_1_176' title='bbox 618 1964 650 1996; x_wconf 93' lang='lat' dir='ltr'>in</span> <span class='ocrx_word' id='word_1_177' title='bbox 675 1964 719 1996; x_wconf 88' lang='lat' dir='ltr'>eis</span> <span class='ocrx_word' id='word_1_178' title='bbox 740 1968 886 1997; x_wconf 87' lang='lat' dir='ltr'>contenta</span> <span class='ocrx_word' id='word_1_179' title='bbox 910 1975 1005 2008; x_wconf 86' lang='lat' dir='ltr'>quae-</span> 
     </span>
     <span class='ocr_line' id='line_1_42' title="bbox 264 2017 1004 2061; baseline -0.001 -10"><span class='ocrx_word' id='word_1_180' title='bbox 264 2027 420 2061; x_wconf 87' lang='lat' dir='ltr'>cumque,</span> <span class='ocrx_word' id='word_1_181' title='bbox 448 2018 619 2061; x_wconf 81' lang='lat' dir='ltr'>apostolica</span> <span class='ocrx_word' id='word_1_182' title='bbox 659 2017 866 2060; x_wconf 85' lang='lat' dir='ltr'>auctoritate,</span> <span class='ocrx_word' id='word_1_183' title='bbox 896 2022 1004 2050; x_wconf 84' lang='lat' dir='ltr'>tenore</span> 
     </span>
     <span class='ocr_line' id='line_1_43' title="bbox 262 2071 1006 2115; baseline 0 -11"><span class='ocrx_word' id='word_1_184' title='bbox 262 2071 486 2115; x_wconf 88' lang='lat' dir='ltr'>praesentium,</span> <span class='ocrx_word' id='word_1_185' title='bbox 497 2075 652 2115; x_wconf 88' lang='lat' dir='ltr'>perpetuo</span> <span class='ocrx_word' id='word_1_186' title='bbox 665 2071 878 2115; x_wconf 87' lang='lat' dir='ltr'>approbamus</span> <span class='ocrx_word' id='word_1_187' title='bbox 893 2076 922 2104; x_wconf 92' lang='lat' dir='ltr'>et</span> <span class='ocrx_word' id='word_1_188' title='bbox 936 2081 1006 2105; x_wconf 91' lang='lat' dir='ltr'>con-</span> 
     </span>
     <span class='ocr_line' id='line_1_44' title="bbox 262 2124 1006 2168; baseline 0 -11"><span class='ocrx_word' id='word_1_189' title='bbox 262 2124 436 2166; x_wconf 84' lang='lat' dir='ltr'>firmamus,</span> <span class='ocrx_word' id='word_1_190' title='bbox 450 2134 486 2157; x_wconf 86' lang='lat' dir='ltr'>ac</span> <span class='ocrx_word' id='word_1_191' title='bbox 499 2124 592 2157; x_wconf 87' lang='lat' dir='ltr'>ctiam</span> <span class='ocrx_word' id='word_1_192' title='bbox 606 2124 809 2165; x_wconf 75' lang='lat' dir='ltr'>innovamus3</span> <span class='ocrx_word' id='word_1_193' title='bbox 826 2134 925 2168; x_wconf 86' lang='lat' dir='ltr'>eaque</span> <span class='ocrx_word' id='word_1_194' title='bbox 942 2135 1006 2158; x_wconf 93' lang='lat' dir='ltr'>om-</span> 
     </span>
     <span class='ocr_line' id='line_1_45' title="bbox 263 2177 1006 2222; baseline 0.001 -12"><span class='ocrx_word' id='word_1_195' title='bbox 263 2177 315 2210; x_wconf 86' lang='lat' dir='ltr'>nia</span> <span class='ocrx_word' id='word_1_196' title='bbox 338 2182 368 2210; x_wconf 87' lang='lat' dir='ltr'>et</span> <span class='ocrx_word' id='word_1_197' title='bbox 391 2177 513 2220; x_wconf 81' lang='lat' dir='ltr'>singula</span> <span class='ocrx_word' id='word_1_198' title='bbox 537 2188 596 2222; x_wconf 91' lang='lat' dir='ltr'>per</span> <span class='ocrx_word' id='word_1_199' title='bbox 621 2188 695 2218; x_wconf 85' lang='lat' dir='ltr'>eos,</span> <span class='ocrx_word' id='word_1_200' title='bbox 720 2178 758 2210; x_wconf 91' lang='lat' dir='ltr'>ad</span> <span class='ocrx_word' id='word_1_201' title='bbox 783 2188 861 2222; x_wconf 86' lang='lat' dir='ltr'>quos</span> <span class='ocrx_word' id='word_1_202' title='bbox 888 2182 1006 2222; x_wconf 90' lang='lat' dir='ltr'>spectat</span> 
     </span>
     <span class='ocr_line' id='line_1_46' title="bbox 266 2229 1004 2275; baseline 0.003 -13"><span class='ocrx_word' id='word_1_203' title='bbox 266 2235 295 2262; x_wconf 89' lang='lat' dir='ltr'>et</span> <span class='ocrx_word' id='word_1_204' title='bbox 310 2229 342 2262; x_wconf 91' lang='lat' dir='ltr'>in</span> <span class='ocrx_word' id='word_1_205' title='bbox 357 2230 497 2263; x_wconf 88' lang='lat' dir='ltr'>futurum</span> <span class='ocrx_word' id='word_1_206' title='bbox 514 2231 751 2275; x_wconf 83' lang='lat' dir='ltr'>quomodolibet</span> <span class='ocrx_word' id='word_1_207' title='bbox 765 2231 928 2275; x_wconf 85' lang='lat' dir='ltr'>spectabit,</span> <span class='ocrx_word' id='word_1_208' title='bbox 946 2232 1004 2265; x_wconf 90' lang='lat' dir='ltr'>sub</span> 
     </span>
     <span class='ocr_line' id='line_1_47' title="bbox 265 2282 1007 2328; baseline 0.005 -14"><span class='ocrx_word' id='word_1_209' title='bbox 265 2282 375 2326; x_wconf 89' lang='lat' dir='ltr'>poenis</span> <span class='ocrx_word' id='word_1_210' title='bbox 394 2283 425 2315; x_wconf 95' lang='lat' dir='ltr'>in</span> <span class='ocrx_word' id='word_1_211' title='bbox 441 2283 515 2327; x_wconf 91' lang='lat' dir='ltr'>ipsis</span> <span class='ocrx_word' id='word_1_212' title='bbox 533 2284 736 2328; x_wconf 87' lang='lat' dir='ltr'>praeinsertis</span> <span class='ocrx_word' id='word_1_213' title='bbox 751 2285 863 2318; x_wconf 86' lang='lat' dir='ltr'>litteris</span> <span class='ocrx_word' id='word_1_214' title='bbox 881 2288 1007 2319; x_wconf 90' lang='lat' dir='ltr'>conten-</span> 
     </span>
     <span class='ocr_line' id='line_1_48' title="bbox 267 2335 1005 2381; baseline 0.007 -14"><span class='ocrx_word' id='word_1_215' title='bbox 267 2335 315 2376; x_wconf 88' lang='lat' dir='ltr'>tis,</span> <span class='ocrx_word' id='word_1_216' title='bbox 336 2335 480 2369; x_wconf 88' lang='lat' dir='ltr'>inviolate</span> <span class='ocrx_word' id='word_1_217' title='bbox 501 2337 663 2371; x_wconf 91' lang='lat' dir='ltr'>observari</span> <span class='ocrx_word' id='word_1_218' title='bbox 683 2338 807 2381; x_wconf 81' lang='lat' dir='ltr'>debere,</span> <span class='ocrx_word' id='word_1_219' title='bbox 826 2349 861 2372; x_wconf 90' lang='lat' dir='ltr'>ac</span> <span class='ocrx_word' id='word_1_220' title='bbox 879 2339 1005 2372; x_wconf 87' lang='lat' dir='ltr'>irritum</span> 
     </span>
     <span class='ocr_line' id='line_1_49' title="bbox 267 2389 1004 2437; baseline 0.005 -15"><span class='ocrx_word' id='word_1_221' title='bbox 267 2393 297 2423; x_wconf 86' lang='lat' dir='ltr'>et</span> <span class='ocrx_word' id='word_1_222' title='bbox 320 2389 421 2430; x_wconf 87' lang='lat' dir='ltr'>inane,</span> <span class='ocrx_word' id='word_1_223' title='bbox 446 2390 471 2423; x_wconf 91' lang='lat' dir='ltr'>si</span> <span class='ocrx_word' id='word_1_224' title='bbox 496 2401 585 2424; x_wconf 89' lang='lat' dir='ltr'>secus</span> <span class='ocrx_word' id='word_1_225' title='bbox 610 2402 705 2436; x_wconf 89' lang='lat' dir='ltr'>super</span> <span class='ocrx_word' id='word_1_226' title='bbox 729 2392 778 2425; x_wconf 89' lang='lat' dir='ltr'>his</span> <span class='ocrx_word' id='word_1_227' title='bbox 803 2403 820 2425; x_wconf 90' lang='lat' dir='ltr'>a</span> <span class='ocrx_word' id='word_1_228' title='bbox 836 2403 1004 2437; x_wconf 85' lang='lat' dir='ltr'>quoquam,</span> 
     </span>
    </p>
   </div>
   <div class='ocr_carea' id='block_1_10' title="bbox 267 2488 1006 2704">
    <p class='ocr_par' dir='ltr' id='par_1_14' title="bbox 267 2488 1006 2660">
     <span class='ocr_line' id='line_1_50' title="bbox 304 2488 1006 2526; baseline 0.004 -11"><span class='ocrx_word' id='word_1_229' title='bbox 304 2490 315 2515; x_wconf 88' lang='lat'>1</span> <span class='ocrx_word' id='word_1_230' title='bbox 333 2488 477 2524; x_wconf 87' lang='lat' dir='ltr'>Reliquum</span> <span class='ocrx_word' id='word_1_231' title='bbox 487 2488 637 2516; x_wconf 89' lang='lat' dir='ltr'>omittimus</span> <span class='ocrx_word' id='word_1_232' title='bbox 648 2491 710 2526; x_wconf 86' lang='lat' dir='ltr'>quia</span> <span class='ocrx_word' id='word_1_233' title='bbox 724 2491 779 2518; x_wconf 83' lang='lat' dir='ltr'>iam</span> <span class='ocrx_word' id='word_1_234' title='bbox 794 2491 892 2526; x_wconf 81' lang='lat' dir='ltr'>legitur</span> <span class='ocrx_word' id='word_1_235' title='bbox 902 2491 930 2518; x_wconf 88' lang='lat' dir='ltr'>in</span> <span class='ocrx_word' id='word_1_236' title='bbox 941 2492 1006 2520; x_wconf 90' lang='lat' dir='ltr'>Con-</span> 
     </span>
     <span class='ocr_line' id='line_1_51' title="bbox 267 2532 1005 2572; baseline 0.003 -11"><span class='ocrx_word' id='word_1_237' title='bbox 267 2533 322 2561; x_wconf 88' lang='lat' dir='ltr'>stit.</span> <span class='ocrx_word' id='word_1_238' title='bbox 338 2539 434 2560; x_wconf 78' lang='lat' dir='ltr'>Lxxxlx</span> <span class='ocrx_word' id='word_1_239' title='bbox 450 2532 492 2560; x_wconf 89' lang='lat' dir='ltr'>Pii</span> <span class='ocrx_word' id='word_1_240' title='bbox 515 2532 545 2564; x_wconf 85' lang='lat' dir='ltr'>V,</span> <span class='ocrx_word' id='word_1_241' title='bbox 569 2537 635 2560; x_wconf 86' lang='lat' dir='ltr'>tom.</span> <span class='ocrx_word' id='word_1_242' title='bbox 658 2541 703 2569; x_wconf 85' lang='lat' dir='ltr'>vu,</span> <span class='ocrx_word' id='word_1_243' title='bbox 729 2544 790 2571; x_wconf 84' lang='lat' dir='ltr'>pag.</span> <span class='ocrx_word' id='word_1_244' title='bbox 807 2536 858 2564; x_wconf 83' lang='lat'>659</span> <span class='ocrx_word' id='word_1_245' title='bbox 873 2544 931 2572; x_wconf 84' lang='lat' dir='ltr'>seq.</span> <span class='ocrx_word' id='word_1_246' title='bbox 951 2536 1005 2563; x_wconf 88' lang='lat' dir='ltr'>Nisi</span> 
     </span>
     <span class='ocr_line' id='line_1_52' title="bbox 267 2576 1006 2616; baseline 0.004 -11"><span class='ocrx_word' id='word_1_247' title='bbox 267 2577 339 2614; x_wconf 89' lang='lat' dir='ltr'>quod</span> <span class='ocrx_word' id='word_1_248' title='bbox 353 2577 419 2604; x_wconf 88' lang='lat' dir='ltr'>ibid.</span> <span class='ocrx_word' id='word_1_249' title='bbox 435 2585 497 2612; x_wconf 82' lang='lat' dir='ltr'>pag.</span> <span class='ocrx_word' id='word_1_250' title='bbox 510 2576 561 2604; x_wconf 89' lang='grc'>660</span> <span class='ocrx_word' id='word_1_251' title='bbox 573 2586 600 2612; x_wconf 86' lang='lat' dir='ltr'>a,</span> <span class='ocrx_word' id='word_1_252' title='bbox 611 2578 684 2606; x_wconf 84' lang='lat' dir='ltr'>linea</span> <span class='ocrx_word' id='word_1_253' title='bbox 694 2579 720 2613; x_wconf 88' lang='lat'>7,</span> <span class='ocrx_word' id='word_1_254' title='bbox 731 2580 829 2616; x_wconf 82' lang='lat' dir='ltr'>legitur</span> <span class='ocrx_word' id='word_1_255' title='bbox 840 2580 921 2608; x_wconf 68' lang='lat' dir='ltr'>itlius</span> <span class='ocrx_word' id='word_1_256' title='bbox 932 2581 1006 2608; x_wconf 80' lang='lat' dir='ltr'>dioe-</span> 
     </span>
     <span class='ocr_line' id='line_1_53' title="bbox 267 2621 934 2660; baseline 0.004 -11"><span class='ocrx_word' id='word_1_257' title='bbox 267 2622 346 2655; x_wconf 82' lang='lat' dir='ltr'>cesis,</span> <span class='ocrx_word' id='word_1_258' title='bbox 361 2625 388 2648; x_wconf 81' lang='lat' dir='ltr'>et</span> <span class='ocrx_word' id='word_1_259' title='bbox 400 2621 543 2657; x_wconf 84' lang='lat' dir='ltr'>legendum</span> <span class='ocrx_word' id='word_1_260' title='bbox 558 2623 667 2650; x_wconf 71' lang='lat' dir='ltr'>nullius</span> <span class='ocrx_word' id='word_1_261' title='bbox 681 2624 817 2652; x_wconf 76' lang='lat' dir='ltr'>dioecesis</span> <span class='ocrx_word' id='word_1_262' title='bbox 831 2627 868 2659; x_wconf 77' lang='lat' dir='ltr'>(R.</span> <span class='ocrx_word' id='word_1_263' title='bbox 885 2625 934 2660; x_wconf 85' lang='grc' dir='ltr'><strong>τ,).</strong></span> 
     </span>
    </p>

    <p class='ocr_par' dir='ltr' id='par_1_15' title="bbox 302 2666 930 2704">
     <span class='ocr_line' id='line_1_54' title="bbox 302 2666 930 2704; baseline 0.008 -11"><span class='ocrx_word' id='word_1_264' title='bbox 302 2667 318 2694; x_wconf 77' lang='grc'>2</span> <span class='ocrx_word' id='word_1_265' title='bbox 332 2666 404 2698; x_wconf 88' lang='lat' dir='ltr'>Quas</span> <span class='ocrx_word' id='word_1_266' title='bbox 419 2674 471 2693; x_wconf 92' lang='lat' dir='ltr'>non</span> <span class='ocrx_word' id='word_1_267' title='bbox 487 2669 551 2702; x_wconf 86' lang='lat' dir='ltr'>puto</span> <span class='ocrx_word' id='word_1_268' title='bbox 566 2674 624 2694; x_wconf 85' lang='lat' dir='ltr'>esse</span> <span class='ocrx_word' id='word_1_269' title='bbox 637 2667 665 2694; x_wconf 86' lang='lat' dir='ltr'>in</span> <span class='ocrx_word' id='word_1_270' title='bbox 678 2668 812 2697; x_wconf 74' lang='lat' dir='ltr'>Bullarz&#39;o</span> <span class='ocrx_word' id='word_1_271' title='bbox 828 2670 866 2704; x_wconf 80' lang='lat' dir='ltr'>(R.</span> <span class='ocrx_word' id='word_1_272' title='bbox 883 2669 930 2704; x_wconf 80' lang='lat' dir='ltr'>T.)-</span> 
     </span>
    </p>
   </div>
   <div class='ocr_carea' id='block_1_11' title="bbox 367 2719 956 2752">
    <p class='ocr_par' dir='ltr' id='par_1_16' title="bbox 367 2719 956 2752">
     <span class='ocr_line' id='line_1_55' title="bbox 367 2719 956 2752; baseline 0.008 -5"><span class='ocrx_word' id='word_1_273' title='bbox 367 2719 445 2748; x_wconf 82' lang='lat' dir='ltr'>Bull.</span> <span class='ocrx_word' id='word_1_274' title='bbox 464 2720 545 2749; x_wconf 87' lang='lat' dir='ltr'>Rom.</span> <span class='ocrx_word' id='word_1_275' title='bbox 561 2736 596 2742; x_wconf 88' lang='lat'>-</span> <span class='ocrx_word' id='word_1_276' title='bbox 614 2721 673 2748; x_wconf 85' lang='lat' dir='ltr'>Vol.</span> <span class='ocrx_word' id='word_1_277' title='bbox 693 2721 775 2750; x_wconf 89' lang='lat' dir='ltr'>XIII.</span> <span class='ocrx_word' id='word_1_278' title='bbox 919 2723 956 2752; x_wconf 84' lang='lat'>50</span> 
     </span>
    </p>
   </div>
   <div class='ocr_carea' id='block_1_12' title="bbox 1020 1381 1025 2326">
    <p class='ocr_par' dir='ltr' id='par_1_17' title="bbox 1020 1381 1025 2326">
     <span class='ocr_line' id='line_1_56' title="bbox 1020 1381 1025 2326; baseline 0 0"><span class='ocrx_word' id='word_1_279' title='bbox 1020 1381 1025 2326; x_wconf 95' lang='lat' dir='ltr'> </span> 
     </span>
    </p>
   </div>
   <div class='ocr_carea' id='block_1_13' title="bbox 1039 300 1780 453">
    <p class='ocr_par' dir='ltr' id='par_1_18' title="bbox 1039 300 1780 453">
     <span class='ocr_line' id='line_1_57' title="bbox 1039 300 1780 346; baseline -0.003 -10"><span class='ocrx_word' id='word_1_280' title='bbox 1039 302 1147 346; x_wconf 87' lang='lat' dir='ltr'>quavis</span> <span class='ocrx_word' id='word_1_281' title='bbox 1164 301 1358 343; x_wconf 84' lang='lat' dir='ltr'>auctoritate,</span> <span class='ocrx_word' id='word_1_282' title='bbox 1380 301 1515 335; x_wconf 84' lang='lat' dir='ltr'>scienter</span> <span class='ocrx_word' id='word_1_283' title='bbox 1526 300 1573 334; x_wconf 87' lang='lat' dir='ltr'>vel</span> <span class='ocrx_word' id='word_1_284' title='bbox 1588 301 1780 344; x_wconf 75' lang='lat' dir='ltr'>ignoranter,</span> 
     </span>
     <span class='ocr_line' id='line_1_58' title="bbox 1040 355 1610 399; baseline -0.004 -10"><span class='ocrx_word' id='word_1_285' title='bbox 1040 355 1206 399; x_wconf 74' lang='lat' dir='ltr'>contigerit</span> <span class='ocrx_word' id='word_1_286' title='bbox 1226 355 1381 398; x_wconf 89' lang='lat' dir='ltr'>attentari,</span> <span class='ocrx_word' id='word_1_287' title='bbox 1402 355 1610 388; x_wconf 89' lang='lat' dir='ltr'>decernimus.</span> 
     </span>
     <span class='ocr_line' id='line_1_59' title="bbox 1083 408 1779 453; baseline 0 -11"><span class='ocrx_word' id='word_1_288' title='bbox 1083 410 1098 453; x_wconf 64' lang='lat' dir='ltr'>g</span> <span class='ocrx_word' id='word_1_289' title='bbox 1113 409 1143 442; x_wconf 67' lang='lat' dir='ltr'>li.</span> <span class='ocrx_word' id='word_1_290' title='bbox 1158 410 1225 442; x_wconf 84' lang='lat' dir='ltr'>Non</span> <span class='ocrx_word' id='word_1_291' title='bbox 1242 409 1436 443; x_wconf 84' lang='lat' dir='ltr'>obstantibus</span> <span class='ocrx_word' id='word_1_292' title='bbox 1453 409 1599 442; x_wconf 89' lang='lat' dir='ltr'>omnibus</span> <span class='ocrx_word' id='word_1_293' title='bbox 1618 408 1686 449; x_wconf 81' lang='lat' dir='ltr'>illis,</span> <span class='ocrx_word' id='word_1_294' title='bbox 1701 418 1779 453; x_wconf 83' lang='lat' dir='ltr'>quae</span> 
     </span>
    </p>
   </div>
   <div class='ocr_carea' id='block_1_14' title="bbox 1038 515 1781 830">
    <p class='ocr_par' dir='ltr' id='par_1_19' title="bbox 1039 515 1780 612">
     <span class='ocr_line' id='line_1_60' title="bbox 1039 515 1780 561; baseline 0.003 -13"><span class='ocrx_word' id='word_1_295' title='bbox 1039 525 1101 548; x_wconf 93' lang='lat' dir='ltr'>non</span> <span class='ocrx_word' id='word_1_296' title='bbox 1121 515 1257 558; x_wconf 77' lang='lat' dir='ltr'>obstare,</span> <span class='ocrx_word' id='word_1_297' title='bbox 1275 516 1449 560; x_wconf 82' lang='lat' dir='ltr'>ceterisque</span> <span class='ocrx_word' id='word_1_298' title='bbox 1467 516 1633 550; x_wconf 82' lang='lat' dir='ltr'>contrariis</span> <span class='ocrx_word' id='word_1_299' title='bbox 1649 516 1780 561; x_wconf 84' lang='lat' dir='ltr'>quibus-</span> 
     </span>
     <span class='ocr_line' id='line_1_61' title="bbox 1039 578 1184 612; baseline -0.007 -10"><span class='ocrx_word' id='word_1_300' title='bbox 1039 578 1184 612; x_wconf 85' lang='lat' dir='ltr'>cumque.</span> 
     </span>
    </p>

    <p class='ocr_par' dir='ltr' id='par_1_20' title="bbox 1038 621 1781 774">
     <span class='ocr_line' id='line_1_62' title="bbox 1083 621 1780 666; baseline 0.004 -11"><span class='ocrx_word' id='word_1_301' title='bbox 1083 622 1195 655; x_wconf 89' lang='lat' dir='ltr'>Datum</span> <span class='ocrx_word' id='word_1_302' title='bbox 1222 621 1357 662; x_wconf 85' lang='lat' dir='ltr'>Romae,</span> <span class='ocrx_word' id='word_1_303' title='bbox 1383 622 1465 666; x_wconf 86' lang='lat' dir='ltr'>apud</span> <span class='ocrx_word' id='word_1_304' title='bbox 1493 623 1522 656; x_wconf 85' lang='lat' dir='ltr'>S.</span> <span class='ocrx_word' id='word_1_305' title='bbox 1540 624 1668 656; x_wconf 83' lang='lat' dir='ltr'>Mariam</span> <span class='ocrx_word' id='word_1_306' title='bbox 1685 624 1780 659; x_wconf 82' lang='lat' dir='ltr'>Maio-</span> 
     </span>
     <span class='ocr_line' id='line_1_63' title="bbox 1038 675 1781 717; baseline 0.004 -9"><span class='ocrx_word' id='word_1_307' title='bbox 1038 686 1116 717; x_wconf 89' lang='lat' dir='ltr'>rem,</span> <span class='ocrx_word' id='word_1_308' title='bbox 1129 676 1186 708; x_wconf 82' lang='lat' dir='ltr'>sub</span> <span class='ocrx_word' id='word_1_309' title='bbox 1198 676 1314 709; x_wconf 90' lang='lat' dir='ltr'>annulo</span> <span class='ocrx_word' id='word_1_310' title='bbox 1328 675 1506 717; x_wconf 85' lang='lat' dir='ltr'>Piscatoris,</span> <span class='ocrx_word' id='word_1_311' title='bbox 1517 676 1567 709; x_wconf 74' lang='lat' dir='ltr'>(lic</span> <span class='ocrx_word' id='word_1_312' title='bbox 1576 687 1643 710; x_wconf 79' lang='lat' dir='ltr'>xvii</span> <span class='ocrx_word' id='word_1_313' title='bbox 1655 687 1781 711; x_wconf 88' lang='lat' dir='ltr'>novem-</span> 
     </span>
     <span class='ocr_line' id='line_1_64' title="bbox 1039 730 1779 774; baseline 0.003 -10"><span class='ocrx_word' id='word_1_314' title='bbox 1039 730 1106 764; x_wconf 90' lang='lat' dir='ltr'>bris</span> <span class='ocrx_word' id='word_1_315' title='bbox 1121 740 1263 772; x_wconf 81' lang='lat' dir='ltr'>Mncxxv,</span> <span class='ocrx_word' id='word_1_316' title='bbox 1280 730 1480 774; x_wconf 86' lang='lat' dir='ltr'>pontificatus</span> <span class='ocrx_word' id='word_1_317' title='bbox 1504 731 1604 765; x_wconf 84' lang='lat' dir='ltr'>nostri</span> <span class='ocrx_word' id='word_1_318' title='bbox 1629 742 1711 765; x_wconf 90' lang='lat' dir='ltr'>anno</span> <span class='ocrx_word' id='word_1_319' title='bbox 1735 743 1779 766; x_wconf 83' lang='lat'>111.</span> 
     </span>
    </p>

    <p class='ocr_par' dir='ltr' id='par_1_21' title="bbox 1075 792 1765 830">
     <span class='ocr_line' id='line_1_65' title="bbox 1075 792 1765 830; baseline 0.003 -10"><span class='ocrx_word' id='word_1_320' title='bbox 1075 792 1132 821; x_wconf 84' lang='lat' dir='ltr'>Dat.</span> <span class='ocrx_word' id='word_1_321' title='bbox 1150 793 1194 820; x_wconf 86' lang='lat' dir='ltr'>die</span> <span class='ocrx_word' id='word_1_322' title='bbox 1212 793 1242 822; x_wconf 88' lang='lat'>17</span> <span class='ocrx_word' id='word_1_323' title='bbox 1259 792 1414 820; x_wconf 86' lang='lat' dir='ltr'>novembris</span> <span class='ocrx_word' id='word_1_324' title='bbox 1432 792 1511 827; x_wconf 68' lang='lat'>1625,</span> <span class='ocrx_word' id='word_1_325' title='bbox 1526 793 1624 830; x_wconf 75' lang='lat' dir='ltr'>pontit.</span> <span class='ocrx_word' id='word_1_326' title='bbox 1641 801 1711 822; x_wconf 86' lang='lat' dir='ltr'>anno</span> <span class='ocrx_word' id='word_1_327' title='bbox 1726 801 1765 822; x_wconf 82' lang='lat'>111.</span> 
     </span>
    </p>
   </div>
   <div class='ocr_carea' id='block_1_15' title="bbox 1304 859 1515 865">
    <p class='ocr_par' dir='ltr' id='par_1_22' title="bbox 1304 859 1515 865">
     <span class='ocr_line' id='line_1_66' title="bbox 1304 859 1515 865; baseline 0 0"><span class='ocrx_word' id='word_1_328' title='bbox 1304 859 1515 865; x_wconf 95' lang='lat' dir='ltr'> </span> 
     </span>
    </p>
   </div>
   <div class='ocr_carea' id='block_1_16' title="bbox 1341 909 1478 944">
    <p class='ocr_par' dir='ltr' id='par_1_23' title="bbox 1341 909 1478 944">
     <span class='ocr_line' id='line_1_67' title="bbox 1341 909 1478 944; baseline -0.015 0"><span class='ocrx_word' id='word_1_329' title='bbox 1341 909 1478 944; x_wconf 85' lang='lat' dir='ltr'>CLXXII.</span> 
     </span>
    </p>
   </div>
   <div class='ocr_carea' id='block_1_17' title="bbox 1038 981 1782 1175">
    <p class='ocr_par' dir='ltr' id='par_1_24' title="bbox 1038 981 1782 1175">
     <span class='ocr_line' id='line_1_68' title="bbox 1038 981 1781 1026; baseline 0.001 -10"><span class='ocrx_word' id='word_1_330' title='bbox 1038 982 1240 1026; x_wconf 75' lang='lat' dir='ltr'>Approbaeio</span> <span class='ocrx_word' id='word_1_331' title='bbox 1264 985 1462 1015; x_wconf 68' lang='lat' dir='ltr'>statutorum</span> <span class='ocrx_word' id='word_1_332' title='bbox 1482 992 1543 1026; x_wconf 77' lang='lat' dir='ltr'>pro</span> <span class='ocrx_word' id='word_1_333' title='bbox 1570 981 1690 1016; x_wconf 78' lang='lat' dir='ltr'>Ordine</span> <span class='ocrx_word' id='word_1_334' title='bbox 1713 983 1781 1026; x_wconf 81' lang='lat' dir='ltr'>fra-</span> 
     </span>
     <span class='ocr_line' id='line_1_69' title="bbox 1085 1035 1781 1069; baseline 0.001 -1"><span class='ocrx_word' id='word_1_335' title='bbox 1085 1039 1172 1068; x_wconf 80' lang='lat' dir='ltr'>trum</span> <span class='ocrx_word' id='word_1_336' title='bbox 1191 1035 1356 1068; x_wconf 76' lang='lat' dir='ltr'>Minorum</span> <span class='ocrx_word' id='word_1_337' title='bbox 1383 1035 1421 1068; x_wconf 79' lang='lat' dir='ltr'>cle</span> <span class='ocrx_word' id='word_1_338' title='bbox 1448 1035 1661 1069; x_wconf 65' lang='lat' dir='ltr'>Obseruantia</span> <span class='ocrx_word' id='word_1_339' title='bbox 1684 1036 1781 1069; x_wconf 73' lang='lat' dir='ltr'>edito-</span> 
     </span>
     <span class='ocr_line' id='line_1_70' title="bbox 1082 1088 1782 1132; baseline 0.001 -11"><span class='ocrx_word' id='word_1_340' title='bbox 1082 1098 1158 1121; x_wconf 77' lang='lat' dir='ltr'>rum</span> <span class='ocrx_word' id='word_1_341' title='bbox 1182 1088 1219 1121; x_wconf 77' lang='lat' dir='ltr'>in</span> <span class='ocrx_word' id='word_1_342' title='bbox 1242 1088 1385 1132; x_wconf 76' lang='lat' dir='ltr'>capitulo</span> <span class='ocrx_word' id='word_1_343' title='bbox 1413 1089 1560 1132; x_wconf 70' lang='lat' dir='ltr'>gyenerali</span> <span class='ocrx_word' id='word_1_344' title='bbox 1583 1088 1703 1122; x_wconf 80' lang='lat' dir='ltr'>Romae</span> <span class='ocrx_word' id='word_1_345' title='bbox 1730 1089 1782 1122; x_wconf 80' lang='lat' dir='ltr'>die</span> 
     </span>
     <span class='ocr_line' id='line_1_71' title="bbox 1083 1141 1603 1175; baseline 0.002 -1"><span class='ocrx_word' id='word_1_346' title='bbox 1083 1150 1150 1174; x_wconf 82' lang='lat' dir='ltr'>xvn</span> <span class='ocrx_word' id='word_1_347' title='bbox 1168 1141 1253 1174; x_wconf 69' lang='lat' dir='ltr'>ninii</span> <span class='ocrx_word' id='word_1_348' title='bbox 1272 1151 1401 1175; x_wconf 82' lang='lat' dir='ltr'>Mnexxv</span> <span class='ocrx_word' id='word_1_349' title='bbox 1420 1141 1575 1175; x_wconf 75' lang='lat' dir='ltr'>celebrato</span> <span class='ocrx_word' id='word_1_350' title='bbox 1585 1141 1603 1175; x_wconf 88' lang='lat'>¹.</span> 
     </span>
    </p>
   </div>
   <div class='ocr_carea' id='block_1_18' title="bbox 1164 1213 1656 1291">
    <p class='ocr_par' dir='ltr' id='par_1_25' title="bbox 1164 1213 1656 1291">
     <span class='ocr_line' id='line_1_72' title="bbox 1243 1213 1575 1248; baseline 0.003 -8"><span class='ocrx_word' id='word_1_351' title='bbox 1243 1213 1380 1240; x_wconf 85' lang='lat' dir='ltr'>Urbanus</span> <span class='ocrx_word' id='word_1_352' title='bbox 1401 1213 1480 1247; x_wconf 82' lang='lat' dir='ltr'>Papa</span> <span class='ocrx_word' id='word_1_353' title='bbox 1499 1213 1575 1248; x_wconf 89' lang='lat' dir='ltr'>VIII,</span> 
     </span>
     <span class='ocr_line' id='line_1_73' title="bbox 1164 1257 1656 1291; baseline 0.004 -7"><span class='ocrx_word' id='word_1_354' title='bbox 1164 1257 1200 1285; x_wconf 83' lang='lat' dir='ltr'>ad</span> <span class='ocrx_word' id='word_1_355' title='bbox 1219 1259 1396 1291; x_wconf 80' lang='lat' dir='ltr'>perpetuam</span> <span class='ocrx_word' id='word_1_356' title='bbox 1415 1258 1460 1285; x_wconf 90' lang='lat' dir='ltr'>rei</span> <span class='ocrx_word' id='word_1_357' title='bbox 1475 1257 1656 1286; x_wconf 86' lang='lat' dir='ltr'>memoriam.</span> 
     </span>
    </p>
   </div>
   <div class='ocr_carea' id='block_1_19' title="bbox 1037 1319 1782 2059">
    <p class='ocr_par' dir='ltr' id='par_1_26' title="bbox 1037 1319 1782 2008">
     <span class='ocr_line' id='line_1_74' title="bbox 1083 1319 1779 1363; baseline 0.004 -11"><span class='ocrx_word' id='word_1_358' title='bbox 1083 1319 1117 1352; x_wconf 91' lang='lat' dir='ltr'>In</span> <span class='ocrx_word' id='word_1_359' title='bbox 1142 1329 1290 1363; x_wconf 88' lang='lat' dir='ltr'>supremo</span> <span class='ocrx_word' id='word_1_360' title='bbox 1315 1320 1507 1363; x_wconf 82' lang='lat' dir='ltr'>apostolatus</span> <span class='ocrx_word' id='word_1_361' title='bbox 1532 1321 1632 1361; x_wconf 89' lang='lat' dir='ltr'>solio,</span> <span class='ocrx_word' id='word_1_362' title='bbox 1658 1322 1779 1356; x_wconf 86' lang='lat' dir='ltr'>meritis</span> 
     </span>
     <span class='ocr_line' id='line_1_75' title="bbox 1038 1372 1782 1420; baseline 0.005 -15"><span class='ocrx_word' id='word_1_363' title='bbox 1038 1372 1111 1406; x_wconf 86' lang='lat' dir='ltr'>licet</span> <span class='ocrx_word' id='word_1_364' title='bbox 1124 1373 1308 1417; x_wconf 86' lang='lat' dir='ltr'>imparibus,</span> <span class='ocrx_word' id='word_1_365' title='bbox 1326 1373 1431 1406; x_wconf 79' lang='lat' dir='ltr'>divina</span> <span class='ocrx_word' id='word_1_366' title='bbox 1448 1373 1680 1418; x_wconf 86' lang='lat' dir='ltr'>dispensatione</span> <span class='ocrx_word' id='word_1_367' title='bbox 1693 1386 1782 1420; x_wconf 87' lang='lat' dir='ltr'>prae-</span> 
     </span>
     <span class='ocr_line' id='line_1_76' title="bbox 1040 1426 1781 1472; baseline 0.004 -13"><span class='ocrx_word' id='word_1_368' title='bbox 1040 1426 1190 1469; x_wconf 79' lang='lat' dir='ltr'>sidentes,</span> <span class='ocrx_word' id='word_1_369' title='bbox 1208 1437 1245 1459; x_wconf 80' lang='lat' dir='ltr'>ex</span> <span class='ocrx_word' id='word_1_370' title='bbox 1272 1426 1465 1460; x_wconf 88' lang='lat' dir='ltr'>incumbenti</span> <span class='ocrx_word' id='word_1_371' title='bbox 1495 1427 1586 1461; x_wconf 88' lang='lat' dir='ltr'>nobis</span> <span class='ocrx_word' id='word_1_372' title='bbox 1615 1429 1781 1472; x_wconf 86' lang='lat' dir='ltr'>pastoralis</span> 
     </span>
     <span class='ocr_line' id='line_1_77' title="bbox 1039 1480 1781 1523; baseline 0.001 -9"><span class='ocrx_word' id='word_1_373' title='bbox 1039 1480 1133 1514; x_wconf 84' lang='lat' dir='ltr'>officii</span> <span class='ocrx_word' id='word_1_374' title='bbox 1168 1480 1274 1514; x_wconf 86' lang='lat' dir='ltr'>debito</span> <span class='ocrx_word' id='word_1_375' title='bbox 1307 1480 1531 1523; x_wconf 79' lang='lat' dir='ltr'>religiosorum</span> <span class='ocrx_word' id='word_1_376' title='bbox 1564 1481 1716 1515; x_wconf 87' lang='lat' dir='ltr'>Ordinum</span> <span class='ocrx_word' id='word_1_377' title='bbox 1749 1483 1781 1515; x_wconf 90' lang='lat' dir='ltr'>in</span> 
     </span>
     <span class='ocr_line' id='line_1_78' title="bbox 1039 1533 1782 1578; baseline 0.004 -12"><span class='ocrx_word' id='word_1_378' title='bbox 1039 1533 1176 1566; x_wconf 73' lang='lat' dir='ltr'>Ecclesia</span> <span class='ocrx_word' id='word_1_379' title='bbox 1200 1533 1253 1566; x_wconf 90' lang='lat' dir='ltr'>Dei</span> <span class='ocrx_word' id='word_1_380' title='bbox 1278 1533 1480 1567; x_wconf 88' lang='lat' dir='ltr'>militantium</span> <span class='ocrx_word' id='word_1_381' title='bbox 1506 1544 1696 1578; x_wconf 87' lang='lat' dir='ltr'>prosperum</span> <span class='ocrx_word' id='word_1_382' title='bbox 1721 1540 1782 1569; x_wconf 82' lang='lat' dir='ltr'>sta-</span> 
     </span>
     <span class='ocr_line' id='line_1_79' title="bbox 1039 1587 1781 1630; baseline 0.005 -11"><span class='ocrx_word' id='word_1_383' title='bbox 1039 1592 1116 1628; x_wconf 80' lang='lat' dir='ltr'>tum,</span> <span class='ocrx_word' id='word_1_384' title='bbox 1140 1587 1326 1630; x_wconf 79' lang='lat' dir='ltr'>felicemque</span> <span class='ocrx_word' id='word_1_385' title='bbox 1351 1587 1557 1621; x_wconf 88' lang='lat' dir='ltr'>directionem</span> <span class='ocrx_word' id='word_1_386' title='bbox 1583 1588 1713 1622; x_wconf 87' lang='lat' dir='ltr'>sinceris</span> <span class='ocrx_word' id='word_1_387' title='bbox 1730 1589 1781 1623; x_wconf 88' lang='lat' dir='ltr'>de-</span> 
     </span>
     <span class='ocr_line' id='line_1_80' title="bbox 1039 1640 1781 1686; baseline 0.004 -13"><span class='ocrx_word' id='word_1_388' title='bbox 1039 1641 1211 1674; x_wconf 87' lang='lat' dir='ltr'>siderantes</span> <span class='ocrx_word' id='word_1_389' title='bbox 1236 1640 1409 1681; x_wconf 74' lang='lat' dir='ltr'>affectibus,</span> <span class='ocrx_word' id='word_1_390' title='bbox 1434 1640 1482 1681; x_wconf 90' lang='lat' dir='ltr'>iis,</span> <span class='ocrx_word' id='word_1_391' title='bbox 1507 1652 1586 1685; x_wconf 88' lang='lat' dir='ltr'>quae</span> <span class='ocrx_word' id='word_1_392' title='bbox 1610 1647 1781 1686; x_wconf 88' lang='lat' dir='ltr'>propterea</span> 
     </span>
     <span class='ocr_line' id='line_1_81' title="bbox 1037 1693 1782 1740; baseline 0.003 -13"><span class='ocrx_word' id='word_1_393' title='bbox 1037 1694 1088 1738; x_wconf 90' lang='lat' dir='ltr'>pie</span> <span class='ocrx_word' id='word_1_394' title='bbox 1113 1698 1143 1727; x_wconf 87' lang='lat' dir='ltr'>et</span> <span class='ocrx_word' id='word_1_395' title='bbox 1166 1693 1299 1737; x_wconf 76' lang='lat' dir='ltr'>provide</span> <span class='ocrx_word' id='word_1_396' title='bbox 1315 1694 1502 1738; x_wconf 88' lang='lat' dir='ltr'>praesertim</span> <span class='ocrx_word' id='word_1_397' title='bbox 1522 1694 1554 1727; x_wconf 92' lang='lat' dir='ltr'>in</span> <span class='ocrx_word' id='word_1_398' title='bbox 1569 1705 1681 1728; x_wconf 87' lang='lat' dir='ltr'>eorum</span> <span class='ocrx_word' id='word_1_399' title='bbox 1701 1697 1782 1740; x_wconf 90' lang='lat' dir='ltr'>capi-</span> 
     </span>
     <span class='ocr_line' id='line_1_82' title="bbox 1039 1747 1780 1793; baseline 0.004 -13"><span class='ocrx_word' id='word_1_400' title='bbox 1039 1748 1111 1781; x_wconf 91' lang='lat' dir='ltr'>tulis</span> <span class='ocrx_word' id='word_1_401' title='bbox 1129 1747 1329 1791; x_wconf 80' lang='lat' dir='ltr'>generalibus</span> <span class='ocrx_word' id='word_1_402' title='bbox 1345 1748 1426 1781; x_wconf 89' lang='lat' dir='ltr'>sacta</span> <span class='ocrx_word' id='word_1_403' title='bbox 1443 1748 1539 1781; x_wconf 82' lang='lat' dir='ltr'>fuisse</span> <span class='ocrx_word' id='word_1_404' title='bbox 1556 1750 1780 1793; x_wconf 87' lang='lat' dir='ltr'>comperimus,</span> 
     </span>
     <span class='ocr_line' id='line_1_83' title="bbox 1037 1801 1780 1845; baseline 0.003 -11"><span class='ocrx_word' id='word_1_405' title='bbox 1037 1806 1071 1834; x_wconf 91' lang='lat' dir='ltr'>ut</span> <span class='ocrx_word' id='word_1_406' title='bbox 1095 1801 1188 1834; x_wconf 87' lang='lat' dir='ltr'>firma</span> <span class='ocrx_word' id='word_1_407' title='bbox 1211 1804 1367 1845; x_wconf 88' lang='lat' dir='ltr'>perpetuo</span> <span class='ocrx_word' id='word_1_408' title='bbox 1393 1805 1423 1834; x_wconf 92' lang='lat' dir='ltr'>et</span> <span class='ocrx_word' id='word_1_409' title='bbox 1447 1802 1565 1835; x_wconf 88' lang='lat' dir='ltr'>illibata</span> <span class='ocrx_word' id='word_1_410' title='bbox 1588 1809 1780 1844; x_wconf 87' lang='lat' dir='ltr'>remaneant,</span> 
     </span>
     <span class='ocr_line' id='line_1_84' title="bbox 1038 1854 1780 1901; baseline 0.003 -13"><span class='ocrx_word' id='word_1_411' title='bbox 1038 1856 1189 1896; x_wconf 85' lang='lat' dir='ltr'>libenter,</span> <span class='ocrx_word' id='word_1_412' title='bbox 1214 1866 1286 1889; x_wconf 89' lang='lat' dir='ltr'>cum</span> <span class='ocrx_word' id='word_1_413' title='bbox 1308 1865 1326 1887; x_wconf 92' lang='lat' dir='ltr'>a</span> <span class='ocrx_word' id='word_1_414' title='bbox 1349 1854 1440 1888; x_wconf 88' lang='lat' dir='ltr'>nobis</span> <span class='ocrx_word' id='word_1_415' title='bbox 1464 1856 1591 1899; x_wconf 90' lang='lat' dir='ltr'>petitur,</span> <span class='ocrx_word' id='word_1_416' title='bbox 1616 1858 1780 1901; x_wconf 88' lang='lat' dir='ltr'>apostolici</span> 
     </span>
     <span class='ocr_line' id='line_1_85' title="bbox 1038 1908 1782 1954; baseline 0.003 -12"><span class='ocrx_word' id='word_1_417' title='bbox 1038 1909 1220 1942; x_wconf 88' lang='lat' dir='ltr'>muniminis</span> <span class='ocrx_word' id='word_1_418' title='bbox 1256 1908 1420 1942; x_wconf 90' lang='lat' dir='ltr'>adiicimus</span> <span class='ocrx_word' id='word_1_419' title='bbox 1454 1909 1656 1950; x_wconf 83' lang='lat' dir='ltr'>firmitatem,</span> <span class='ocrx_word' id='word_1_420' title='bbox 1687 1916 1782 1954; x_wconf 86' lang='lat' dir='ltr'>prout</span> 
     </span>
     <span class='ocr_line' id='line_1_86' title="bbox 1038 1962 1780 2008; baseline 0.001 -12"><span class='ocrx_word' id='word_1_421' title='bbox 1038 1962 1250 2007; x_wconf 86' lang='lat' dir='ltr'>conspicimus</span> <span class='ocrx_word' id='word_1_422' title='bbox 1259 1962 1290 1994; x_wconf 91' lang='lat' dir='ltr'>in</span> <span class='ocrx_word' id='word_1_423' title='bbox 1300 1962 1434 1996; x_wconf 87' lang='lat' dir='ltr'>Domino</span> <span class='ocrx_word' id='word_1_424' title='bbox 1444 1963 1610 1997; x_wconf 88' lang='lat' dir='ltr'>salubriter</span> <span class='ocrx_word' id='word_1_425' title='bbox 1623 1964 1780 2008; x_wconf 81' lang='lat' dir='ltr'>expedire.</span> 
     </span>
    </p>

    <p class='ocr_par' dir='ltr' id='par_1_27' title="bbox 1082 2015 1780 2059">
     <span class='ocr_line' id='line_1_87' title="bbox 1082 2015 1780 2059; baseline 0.003 -11"><span class='ocrx_word' id='word_1_426' title='bbox 1082 2016 1097 2059; x_wconf 65' lang='grc' dir='ltr'><strong>ἓ</strong></span> <span class='ocrx_word' id='word_1_427' title='bbox 1122 2016 1150 2048; x_wconf 73' lang='lat' dir='ltr'>‘l.</span> <span class='ocrx_word' id='word_1_428' title='bbox 1176 2015 1254 2049; x_wconf 85' lang='lat' dir='ltr'>Cum</span> <span class='ocrx_word' id='word_1_429' title='bbox 1279 2015 1401 2059; x_wconf 88' lang='lat' dir='ltr'>itaque,</span> <span class='ocrx_word' id='word_1_430' title='bbox 1430 2016 1509 2049; x_wconf 80' lang='lat' dir='ltr'>sicut</span> <span class='ocrx_word' id='word_1_431' title='bbox 1541 2016 1672 2050; x_wconf 86' lang='lat' dir='ltr'>dilectus</span> <span class='ocrx_word' id='word_1_432' title='bbox 1697 2018 1780 2051; x_wconf 84' lang='lat' dir='ltr'>filius</span> 
     </span>
    </p>
   </div>
   <div class='ocr_carea' id='block_1_20' title="bbox 1037 2123 1783 2381">
    <p class='ocr_par' dir='ltr' id='par_1_28' title="bbox 1037 2123 1783 2381">
     <span class='ocr_line' id='line_1_88' title="bbox 1037 2123 1782 2158; baseline 0.003 -2"><span class='ocrx_word' id='word_1_433' title='bbox 1037 2134 1151 2157; x_wconf 90' lang='lat' dir='ltr'>norum</span> <span class='ocrx_word' id='word_1_434' title='bbox 1177 2123 1205 2156; x_wconf 80' lang='lat' dir='ltr'>S.</span> <span class='ocrx_word' id='word_1_435' title='bbox 1232 2123 1390 2157; x_wconf 88' lang='lat' dir='ltr'>Francisci</span> <span class='ocrx_word' id='word_1_436' title='bbox 1415 2124 1453 2156; x_wconf 90' lang='lat' dir='ltr'>dc</span> <span class='ocrx_word' id='word_1_437' title='bbox 1477 2124 1681 2158; x_wconf 80' lang='lat' dir='ltr'>Observantia</span> <span class='ocrx_word' id='word_1_438' title='bbox 1705 2135 1782 2158; x_wconf 91' lang='lat' dir='ltr'>nun-</span> 
     </span>
     <span class='ocr_line' id='line_1_89' title="bbox 1038 2177 1782 2222; baseline 0.001 -12"><span class='ocrx_word' id='word_1_439' title='bbox 1038 2182 1226 2222; x_wconf 90' lang='lat' dir='ltr'>cupatorum</span> <span class='ocrx_word' id='word_1_440' title='bbox 1251 2177 1342 2210; x_wconf 88' lang='lat' dir='ltr'>nobis</span> <span class='ocrx_word' id='word_1_441' title='bbox 1367 2187 1469 2221; x_wconf 89' lang='lat' dir='ltr'>nuper</span> <span class='ocrx_word' id='word_1_442' title='bbox 1493 2178 1607 2221; x_wconf 83' lang='lat' dir='ltr'>exponi</span> <span class='ocrx_word' id='word_1_443' title='bbox 1632 2178 1723 2220; x_wconf 82' lang='lat' dir='ltr'>fecit,</span> <span class='ocrx_word' id='word_1_444' title='bbox 1750 2178 1782 2211; x_wconf 92' lang='lat' dir='ltr'>in</span> 
     </span>
     <span class='ocr_line' id='line_1_90' title="bbox 1039 2230 1783 2275; baseline 0.003 -12"><span class='ocrx_word' id='word_1_445' title='bbox 1039 2231 1175 2275; x_wconf 88' lang='lat' dir='ltr'>capitulo</span> <span class='ocrx_word' id='word_1_446' title='bbox 1201 2231 1341 2273; x_wconf 75' lang='lat' dir='ltr'>generali</span> <span class='ocrx_word' id='word_1_447' title='bbox 1366 2230 1507 2263; x_wconf 88' lang='lat' dir='ltr'>eiusdem</span> <span class='ocrx_word' id='word_1_448' title='bbox 1524 2230 1648 2264; x_wconf 89' lang='lat' dir='ltr'>Ordinis</span> <span class='ocrx_word' id='word_1_449' title='bbox 1673 2231 1704 2263; x_wconf 92' lang='lat' dir='ltr'>in</span> <span class='ocrx_word' id='word_1_450' title='bbox 1729 2231 1783 2265; x_wconf 87' lang='lat' dir='ltr'>do-</span> 
     </span>
     <span class='ocr_line' id='line_1_91' title="bbox 1038 2283 1782 2329; baseline 0.001 -12"><span class='ocrx_word' id='word_1_451' title='bbox 1038 2295 1090 2318; x_wconf 89' lang='lat' dir='ltr'>mo</span> <span class='ocrx_word' id='word_1_452' title='bbox 1110 2285 1142 2317; x_wconf 78' lang='lat' dir='ltr'>B.</span> <span class='ocrx_word' id='word_1_453' title='bbox 1160 2284 1273 2317; x_wconf 85' lang='lat' dir='ltr'>Mariae</span> <span class='ocrx_word' id='word_1_454' title='bbox 1297 2283 1336 2316; x_wconf 90' lang='lat' dir='ltr'>de</span> <span class='ocrx_word' id='word_1_455' title='bbox 1361 2285 1501 2317; x_wconf 88' lang='lat' dir='ltr'>Aracaeli</span> <span class='ocrx_word' id='word_1_456' title='bbox 1525 2290 1723 2329; x_wconf 87' lang='lat' dir='ltr'>nuncupatae</span> <span class='ocrx_word' id='word_1_457' title='bbox 1743 2285 1782 2318; x_wconf 83' lang='lat' dir='ltr'>de</span> 
     </span>
     <span class='ocr_line' id='line_1_92' title="bbox 1038 2337 1782 2381; baseline 0.001 -10"><span class='ocrx_word' id='word_1_458' title='bbox 1038 2338 1121 2372; x_wconf 88' lang='lat' dir='ltr'>Urbe</span> <span class='ocrx_word' id='word_1_459' title='bbox 1145 2337 1296 2381; x_wconf 84' lang='lat' dir='ltr'>praedicti</span> <span class='ocrx_word' id='word_1_460' title='bbox 1321 2337 1445 2371; x_wconf 89' lang='lat' dir='ltr'>Ordinis</span> <span class='ocrx_word' id='word_1_461' title='bbox 1467 2338 1579 2371; x_wconf 91' lang='lat' dir='ltr'>ultimo</span> <span class='ocrx_word' id='word_1_462' title='bbox 1605 2339 1674 2372; x_wconf 92' lang='lat' dir='ltr'>loco</span> <span class='ocrx_word' id='word_1_463' title='bbox 1700 2339 1782 2372; x_wconf 87' lang='lat' dir='ltr'>cele-</span> 
     </span>
    </p>
   </div>
   <div class='ocr_carea' id='block_1_21' title="bbox 1037 2400 1782 2706">
    <p class='ocr_par' dir='ltr' id='par_1_29' title="bbox 1037 2400 1782 2706">
     <span class='ocr_line' id='line_1_93' title="bbox 1075 2400 1782 2439; baseline 0.003 -12"><span class='ocrx_word' id='word_1_464' title='bbox 1075 2403 1087 2428; x_wconf 93' lang='lat'>1</span> <span class='ocrx_word' id='word_1_465' title='bbox 1105 2400 1263 2428; x_wconf 87' lang='lat' dir='ltr'>Huiusmodi</span> <span class='ocrx_word' id='word_1_466' title='bbox 1280 2404 1379 2428; x_wconf 88' lang='lat' dir='ltr'>statuta</span> <span class='ocrx_word' id='word_1_467' title='bbox 1394 2404 1457 2428; x_wconf 90' lang='lat' dir='ltr'>sunt</span> <span class='ocrx_word' id='word_1_468' title='bbox 1476 2401 1575 2428; x_wconf 88' lang='lat' dir='ltr'>inserta</span> <span class='ocrx_word' id='word_1_469' title='bbox 1590 2401 1616 2437; x_wconf 84' lang='lat' dir='ltr'>in</span> <span class='ocrx_word' id='word_1_470' title='bbox 1639 2402 1690 2439; x_wconf 66' lang='lat' dir='ltr'>ista</span> <span class='ocrx_word' id='word_1_471' title='bbox 1710 2403 1782 2430; x_wconf 88' lang='lat' dir='ltr'>Con-</span> 
     </span>
     <span class='ocr_line' id='line_1_94' title="bbox 1038 2445 1781 2482; baseline 0 -8"><span class='ocrx_word' id='word_1_472' title='bbox 1038 2446 1190 2478; x_wconf 87' lang='lat' dir='ltr'>stitutione,</span> <span class='ocrx_word' id='word_1_473' title='bbox 1206 2450 1235 2473; x_wconf 88' lang='lat' dir='ltr'>ut</span> <span class='ocrx_word' id='word_1_474' title='bbox 1250 2445 1342 2473; x_wconf 87' lang='lat' dir='ltr'>videre</span> <span class='ocrx_word' id='word_1_475' title='bbox 1358 2447 1473 2481; x_wconf 87' lang='lat' dir='ltr'>poteris,</span> <span class='ocrx_word' id='word_1_476' title='bbox 1490 2450 1516 2473; x_wconf 89' lang='lat' dir='ltr'>et</span> <span class='ocrx_word' id='word_1_477' title='bbox 1531 2447 1594 2482; x_wconf 87' lang='lat' dir='ltr'>quia</span> <span class='ocrx_word' id='word_1_478' title='bbox 1609 2447 1725 2474; x_wconf 79' lang='lat' dir='ltr'>inultum</span> <span class='ocrx_word' id='word_1_479' title='bbox 1741 2447 1781 2474; x_wconf 89' lang='lat' dir='ltr'>in-</span> 
     </span>
     <span class='ocr_line' id='line_1_95' title="bbox 1038 2490 1782 2528; baseline 0.003 -10"><span class='ocrx_word' id='word_1_480' title='bbox 1038 2495 1122 2519; x_wconf 83' lang='lat' dir='ltr'>terest</span> <span class='ocrx_word' id='word_1_481' title='bbox 1136 2494 1163 2518; x_wconf 91' lang='lat' dir='ltr'>et</span> <span class='ocrx_word' id='word_1_482' title='bbox 1178 2494 1241 2517; x_wconf 85' lang='lat' dir='ltr'>sunt</span> <span class='ocrx_word' id='word_1_483' title='bbox 1255 2490 1402 2524; x_wconf 82' lang='lat' dir='ltr'>generalia,</span> <span class='ocrx_word' id='word_1_484' title='bbox 1419 2498 1451 2518; x_wconf 89' lang='lat' dir='ltr'>ea</span> <span class='ocrx_word' id='word_1_485' title='bbox 1466 2491 1544 2526; x_wconf 88' lang='lat' dir='ltr'>posui</span> <span class='ocrx_word' id='word_1_486' title='bbox 1562 2492 1595 2518; x_wconf 89' lang='lat' dir='ltr'>ad</span> <span class='ocrx_word' id='word_1_487' title='bbox 1611 2492 1725 2519; x_wconf 88' lang='lat' dir='ltr'>verbum</span> <span class='ocrx_word' id='word_1_488' title='bbox 1739 2493 1782 2528; x_wconf 83' lang='lat' dir='ltr'>(ex</span> 
     </span>
     <span class='ocr_line' id='line_1_96' title="bbox 1038 2535 1782 2571; baseline 0.001 -8"><span class='ocrx_word' id='word_1_489' title='bbox 1038 2535 1180 2571; x_wconf 72' lang='lat' dir='ltr'>Cherub).</span> <span class='ocrx_word' id='word_1_490' title='bbox 1201 2535 1321 2562; x_wconf 87' lang='lat' dir='ltr'>Aliorum</span> <span class='ocrx_word' id='word_1_491' title='bbox 1346 2543 1428 2570; x_wconf 83' lang='lat' dir='ltr'>porro</span> <span class='ocrx_word' id='word_1_492' title='bbox 1452 2539 1615 2563; x_wconf 88' lang='lat' dir='ltr'>statutorum</span> <span class='ocrx_word' id='word_1_493' title='bbox 1634 2536 1782 2564; x_wconf 86' lang='lat' dir='ltr'>Barchino-</span> 
     </span>
     <span class='ocr_line' id='line_1_97' title="bbox 1038 2579 1782 2615; baseline 0.001 -7"><span class='ocrx_word' id='word_1_494' title='bbox 1038 2580 1165 2608; x_wconf 86' lang='lat' dir='ltr'>nensium</span> <span class='ocrx_word' id='word_1_495' title='bbox 1180 2586 1229 2615; x_wconf 90' lang='lat' dir='ltr'>pro</span> <span class='ocrx_word' id='word_1_496' title='bbox 1244 2579 1444 2607; x_wconf 79' lang='lat' dir='ltr'>ultramontana</span> <span class='ocrx_word' id='word_1_497' title='bbox 1458 2580 1557 2608; x_wconf 73' lang='lat' dir='ltr'>familia</span> <span class='ocrx_word' id='word_1_498' title='bbox 1571 2581 1694 2609; x_wconf 87' lang='lat' dir='ltr'>eiusdem</span> <span class='ocrx_word' id='word_1_499' title='bbox 1705 2583 1782 2609; x_wconf 91' lang='lat' dir='ltr'>Ordi-</span> 
     </span>
     <span class='ocr_line' id='line_1_98' title="bbox 1037 2624 1781 2655; baseline 0.003 -2"><span class='ocrx_word' id='word_1_500' title='bbox 1037 2626 1079 2653; x_wconf 89' lang='lat' dir='ltr'>nis</span> <span class='ocrx_word' id='word_1_501' title='bbox 1098 2624 1329 2653; x_wconf 85' lang='lat' dir='ltr'>confirmationem</span> <span class='ocrx_word' id='word_1_502' title='bbox 1348 2624 1418 2652; x_wconf 76' lang='lat' dir='ltr'>infra</span> <span class='ocrx_word' id='word_1_503' title='bbox 1440 2625 1564 2654; x_wconf 82' lang='lat' dir='ltr'>dabimus</span> <span class='ocrx_word' id='word_1_504' title='bbox 1586 2627 1637 2655; x_wconf 85' lang='lat' dir='ltr'>sub</span> <span class='ocrx_word' id='word_1_505' title='bbox 1654 2633 1719 2655; x_wconf 77' lang='lat' dir='ltr'>xvm</span> <span class='ocrx_word' id='word_1_506' title='bbox 1734 2627 1781 2655; x_wconf 87' lang='lat' dir='ltr'>de-</span> 
     </span>
     <span class='ocr_line' id='line_1_99' title="bbox 1038 2669 1452 2706; baseline -0.005 -7"><span class='ocrx_word' id='word_1_507' title='bbox 1038 2670 1155 2700; x_wconf 84' lang='lat' dir='ltr'>cembris</span> <span class='ocrx_word' id='word_1_508' title='bbox 1174 2669 1254 2698; x_wconf 89' lang='lat' dir='ltr'>huius</span> <span class='ocrx_word' id='word_1_509' title='bbox 1273 2669 1336 2698; x_wconf 83' lang='lat' dir='ltr'>anni</span> <span class='ocrx_word' id='word_1_510' title='bbox 1352 2670 1388 2706; x_wconf 76' lang='lat' dir='ltr'>(a.</span> <span class='ocrx_word' id='word_1_511' title='bbox 1405 2670 1452 2704; x_wconf 81' lang='grc' dir='ltr'>τ.).</span> 
     </span>
    </p>
   </div>
   <div class='ocr_carea' id='block_1_22' title="bbox 1687 242 1979 283">
    <p class='ocr_par' dir='ltr' id='par_1_30' title="bbox 1687 242 1979 283">
     <span class='ocr_line' id='line_1_100' title="bbox 1687 242 1979 283; baseline 0.017 -6"><span class='ocrx_word' id='word_1_512' title='bbox 1687 242 1752 277; x_wconf 78' lang='lat'>393</span> <span class='ocrx_word' id='word_1_513' title='bbox 1799 252 1850 282; x_wconf 72' lang='lat' dir='ltr'>An.</span> <span class='ocrx_word' id='word_1_514' title='bbox 1865 253 1893 282; x_wconf 88' lang='lat' dir='ltr'>c.</span> <span class='ocrx_word' id='word_1_515' title='bbox 1911 253 1979 283; x_wconf 76' lang='lat'>1625</span> 
     </span>
    </p>
   </div>
   <div class='ocr_carea' id='block_1_23' title="bbox 1795 422 1978 469">
    <p class='ocr_par' dir='ltr' id='par_1_31' title="bbox 1795 422 1978 469">
     <span class='ocr_line' id='line_1_101' title="bbox 1847 422 1978 443; baseline 0.015 -2"><span class='ocrx_word' id='word_1_516' title='bbox 1847 422 1978 443; x_wconf 57' lang='lat' dir='ltr'>(innantium</span> 
     </span>
     <span class='ocr_line' id='line_1_102' title="bbox 1795 448 1912 469; baseline 0 0"><span class='ocrx_word' id='word_1_517' title='bbox 1795 448 1912 469; x_wconf 58' lang='lat' dir='ltr'>Altffrw&#39;atti).</span> 
     </span>
    </p>
   </div>
   <div class='ocr_carea' id='block_1_24' title="bbox 309 461 1858 508">
    <p class='ocr_par' dir='ltr' id='par_1_32' title="bbox 309 461 1858 508">
     <span class='ocr_line' id='line_1_103' title="bbox 309 461 1858 508; baseline -0.002 -10"><span class='ocrx_word' id='word_1_518' title='bbox 309 465 352 498; x_wconf 78' lang='lat' dir='ltr'>Ex</span> <span class='ocrx_word' id='word_1_519' title='bbox 365 464 495 498; x_wconf 87' lang='lat' dir='ltr'>iniuncti</span> <span class='ocrx_word' id='word_1_520' title='bbox 508 464 598 498; x_wconf 90' lang='lat' dir='ltr'>nobis</span> <span class='ocrx_word' id='word_1_521' title='bbox 612 464 747 508; x_wconf 89' lang='lat' dir='ltr'>desuper</span> <span class='ocrx_word' id='word_1_522' title='bbox 763 461 926 507; x_wconf 88' lang='lat' dir='ltr'>apostolici</span> <span class='ocrx_word' id='word_1_523' title='bbox 941 471 1006 495; x_wconf 90' lang='lat' dir='ltr'>mu-</span> <span class='ocrx_word' id='word_1_524' title='bbox 1039 462 1069 495; x_wconf 90' lang='lat' dir='ltr'>in</span> <span class='ocrx_word' id='word_1_525' title='bbox 1079 462 1195 495; x_wconf 87' lang='lat' dir='ltr'>eisdem</span> <span class='ocrx_word' id='word_1_526' title='bbox 1206 462 1407 506; x_wconf 83' lang='lat' dir='ltr'>praeinsertis</span> <span class='ocrx_word' id='word_1_527' title='bbox 1424 463 1534 495; x_wconf 84' lang='lat' dir='ltr'>litteris</span> <span class='ocrx_word' id='word_1_528' title='bbox 1548 473 1694 496; x_wconf 86' lang='lat' dir='ltr'>concessa</span> <span class='ocrx_word' id='word_1_529' title='bbox 1709 468 1781 496; x_wconf 86' lang='lat' dir='ltr'>sunt</span> <span class='ocrx_word' id='word_1_530' title='bbox 1849 464 1858 475; x_wconf 43' lang='grc' dir='ltr'>ζ</span> 
     </span>
    </p>
   </div>
   <div class='ocr_carea' id='block_1_25' title="bbox 1821 1332 1941 1354">
    <p class='ocr_par' dir='ltr' id='par_1_33' title="bbox 1821 1332 1941 1354">
     <span class='ocr_line' id='line_1_104' title="bbox 1821 1332 1941 1354; baseline 0 0"><span class='ocrx_word' id='word_1_531' title='bbox 1821 1332 1941 1354; x_wconf 74' lang='lat' dir='ltr'>Exordium.</span> 
     </span>
    </p>
   </div>
   <div class='ocr_carea' id='block_1_26' title="bbox 1038 2029 1981 2130">
    <p class='ocr_par' dir='ltr' id='par_1_34' title="bbox 1038 2029 1981 2130">
     <span class='ocr_line' id='line_1_105' title="bbox 1853 2029 1981 2058; baseline 0 -9"><span class='ocrx_word' id='word_1_532' title='bbox 1853 2029 1981 2058; x_wconf 77' lang='lat' dir='ltr'>Procurator</span> 
     </span>
     <span class='ocr_line' id='line_1_106' title="bbox 1038 2057 1981 2114; baseline 0 -12"><span class='ocrx_word' id='word_1_533' title='bbox 1038 2074 1227 2114; x_wconf 88' lang='lat' dir='ltr'>procurator</span> <span class='ocrx_word' id='word_1_534' title='bbox 1246 2070 1402 2113; x_wconf 77' lang='lat' dir='ltr'>generalis</span> <span class='ocrx_word' id='word_1_535' title='bbox 1426 2069 1550 2103; x_wconf 88' lang='lat' dir='ltr'>Ordinis</span> <span class='ocrx_word' id='word_1_536' title='bbox 1574 2071 1709 2103; x_wconf 81' lang='lat' dir='ltr'>fratrum</span> <span class='ocrx_word' id='word_1_537' title='bbox 1725 2071 1780 2104; x_wconf 84' lang='lat' dir='ltr'>Mi-</span> <span class='ocrx_word' id='word_1_538' title='bbox 1796 2057 1981 2112; x_wconf 56' lang='lat' dir='ltr'>{Issii{1¹1{&#39;¹³00¹i1&#39;³fi¹ssf</span> 
     </span>
     <span class='ocr_line' id='line_1_107' title="bbox 1796 2115 1856 2130; baseline -0.017 0"><span class='ocrx_word' id='word_1_539' title='bbox 1796 2115 1856 2130; x_wconf 64' lang='lat' dir='ltr'>masl-</span> 
     </span>
    </p>
   </div>
  </div>
 </body>
</html>
