2269 3235
242 268 290 296 An.
311 267 340 294 c.
359 266 426 294 1⁶⁴2ss
472 257 536 291 470

297 1287 429 1308 titulandum

247 1316 363 1340 derogatio.

1017 262 1197 288 numanum

440 321 599 357 ventuum,
624 319 653 346 et
677 313 810 345 aliorum
831 321 1104 355 quorumcumque
1125 312 1177 345 bo-

439 377 571 409 norum,
595 376 717 400 necnon
742 365 779 398 de
803 364 994 408 quibuslibet
1011 364 1176 406 molestiis,

440 421 561 453 iniuriis
585 425 677 462 atque
697 418 829 458 damnis,
846 418 1065 461 praesentibus
1082 423 1112 451 et
1131 418 1177 451 su-

440 474 538 513 turis,
567 473 597 505 in
623 472 683 504 illis
712 471 855 503 videlicet
890 481 970 515 quac
1002 470 1178 504 iudicialem

440 525 604 568 requirunt
629 524 820 566 indaginem,
847 524 1033 565 summarie,
1060 523 1179 568 simpli-

440 578 516 612 citer
541 583 570 610 et
594 577 631 610 de
656 578 759 620 plano,
786 578 851 610 sine
877 577 1008 621 strepitu
1029 582 1060 610 et
1078 577 1199 620 figura*

441 632 558 674 iudicii⁷
576 633 607 664 in
625 632 693 664 aliis
707 642 791 673 vero,
810 637 903 675 prout
921 631 1054 674 qualitas
1071 641 1180 664 eorum

442 687 596 729 exegerit,
622 686 756 720 iustitiae
781 686 1062 729 complementum
1088 696 1181 718 oecu-

441 745 566 783 patores
591 750 645 773 seu
678 739 879 780 detentores,
909 743 1181 783 praesumptores,

442 793 659 826 molestatores
689 798 715 827 et
750 793 949 825 iniuriatores
979 792 1181 832 huiusmodi,

442 859 562 882 necnon
574 849 820 882 contradictores
833 848 991 891 quoslibet
1000 852 1030 880 et
1040 847 1181 887 rebelles,

441 902 666 946 cuiuscumque
690 902 868 945 dignitatis,
895 906 991 933 status
1006 927 1013 940 ,
1045 899 1160 943 gradus
1174 926 1181 940 ,
1199 902 1200 918 ¹

441 955 560 988 ordinis
581 956 628 988 vel
649 954 837 988 conditionis
862 954 1030 993 extiterint,
1046 952 1183 996 quando-

442 1019 576 1051 cumque
602 1012 630 1041 et
655 1007 915 1051 quotiescumque
932 1005 1115 1049 expedierit,
1133 1016 1184 1038 au-

442 1061 585 1093 ctoritate
602 1062 721 1101 nostra,
742 1071 799 1104 per
817 1070 964 1093 censuras
989 1059 1180 1093 ecclesiasti-

444 1115 725 1158 cas,'appellatione
742 1114 925 1158 postposita,
944 1113 1184 1157 compescendo,

445 1168 586 1201 invocato
613 1168 705 1200 etiam
730 1167 768 1200 ad
793 1167 874 1207 hoc,
904 1167 929 1200 si
959 1177 1038 1210 opus
1069 1166 1203 1211 suerit,}

445 1222 559 1255 auxilio
584 1222 705 1254 brachii
731 1221 889 1254 secularis.

489 1274 543 1318 53.
557 1276 625 1308 Non
639 1275 833 1308 obstantibus
846 1274 943 1307 felicis
959 1273 1186 1307 recordationis
1202 1277 1203 1296 ³

446 1328 593 1361 Bonisacii
619 1328 718 1371 Papae
731 1328 797 1361 VIII
812 1327 1063 1371 praedecessoris
1076 1326 1185 1366 nostri,
1202 1345 1204 1359 ι

447 1382 477 1413 in
501 1382 615 1425 quibus
640 1387 766 1415 cavetur
784 1392 943 1425 expresse,
956 1391 995 1414 ne
1012 1381 1082 1424 quis
1099 1384 1186 1413 extra
1202 1385 1204 1397 ¹

447 1446 534 1468 suam
552 1436 708 1468 civitatem
727 1440 756 1468 ct
774 1435 954 1475 dioecesim,
968 1434 1028 1467 nisi
1046 1434 1077 1466 in
1094 1434 1187 1468 certis

446 1490 582 1533 exceptis
607 1490 730 1522 casibus
745 1516 752 1530 ,
786 1494 815 1521 et
845 1489 875 1521 in
901 1488 962 1521 illis
986 1488 1068 1521 ultra
1093 1498 1186 1520 unam

446 1543 570 1585 dietam7
589 1553 606 1575 a
625 1543 687 1575 fine
713 1552 786 1575 suae
809 1541 960 1575 dioecesis
981 1541 1019 1574 ad
1036 1540 1186 1574 iudicium
1204 1545 1205 1568 i

447 1601 603 1637 evocetur,
621 1606 676 1629 seu
698 1606 737 1628 ne
758 1600 995 1628 conservatores
1013 1600 1043 1627 et.
1058 1594 1187 1633 iudices,
1204 1613 1205 1627 i

447 1660 464 1681 a
488 1649 570 1682 dicta
593 1649 672 1682 Sede
696 1648 846 1692 deputati,
872 1653 960 1681 extra
984 1648 1141 1680 civitatem
1159 1652 1189 1679 et

448 1703 627 1743 dioecesim,
641 1703 672 1735 in
689 1702 802 1745 quibus
818 1701 955 1745 deputati
973 1701 1097 1741 suerint,
1114 1711 1188 1734 con-
1204 1719 1206 1727 ‹

449 1762 495 1788 tra
519 1766 735 1799 quoscumque
760 1755 947 1798 procedere,
973 1765 1027 1787 seu
1048 1755 1116 1786 aliis
1141 1755 1188 1787 vel

449 1809 502 1842 alii
524 1810 608 1843 vices
633 1820 703 1842 suas
736 1809 956 1850 committere,
988 1814 1041 1841 aut
1069 1803 1207 1852 aliquos²

449 1863 532 1895 ultra
554 1872 648 1895 unam
674 1862 789 1894 dietam
815 1872 832 1894 a
856 1862 918 1894 fine
943 1872 1016 1894 suae
1038 1861 1190 1894 dioecesis

450 1916 618 1948 transferre
628 1920 828 1959 praesumant
839 1915 1023 1958 (dummodo
1032 1915 1115 1947 ultra
1128 1919 1191 1947 tres

451 1969 547 2003 dietas
571 1969 683 2012 aliquis
708 1969 891 2002 auctoritate
915 1968 1127 2012 praesentium
1153 1968 1208 2000 ad¹

451 2023 601 2056 iudicium
609 2034 672 2057 non
685 2024 840 2067 trahatur)
855 2034 908 2056 seu
922 2023 1006 2066 quod
1019 2023 1086 2055 aliis
1098 2033 1190 2066 quam
1207 2039 1209 2052 2

452 2077 622 2110 manifestis
654 2078 776 2110 iniuriis
801 2082 830 2110 et
856 2077 1031 2117 violentiis,
1057 2087 1092 2110 ac
1124 2077 1209 2109 aliisv

452 2130 544 2174 quae¹
554 2131 731 2164 iudicialem
741 2132 906 2175 requirunt
920 2131 1098 2174 indaginem
1109 2131 1192 2175 (poe-

452 2186 499 2217 nis
524 2185 556 2217 in
580 2196 644 2225 eos,
669 2185 693 2217 si
715 2196 804 2218 secus
830 2185 961 2228 egerint,
981 2185 1057 2217 etin
1074 2185 1105 2217 id
1122 2195 1193 2228 pro-

453 2244 598 2272 curantes
622 2239 763 2281 adiectis)
787 2243 1023 2272 conservatores
1041 2249 1072 2271 se
1092 2239 1193 2271 nulla-

454 2296 542 2326 tenus
559 2292 779 2331 intromittant,
799 2303 891 2335 quam
910 2292 978 2324 aliis
991 2291 1194 2335 quibuscum-

453 2356 513 2389 que
542 2345 814 2379 constitutionibus
846 2356 862 2377 a
896 2345 1211 2389 praedecessoribus*

454 2399 569 2433 nostris
594 2399 741 2432 Romanis
766 2398 979 2439 Pontificibus,
1004 2403 1068 2431 tam
1094 2398 1131 2431 de
1149 2398 1194 2431 iu-

456 2452 576 2485 dicibus
590 2452 739 2495 delegatis
757 2457 786 2484 et
803 2451 1087 2492 conservatoribus,
1099 2462 1193 2495 quam

457 2506 599 2549 personis
623 2506 705 2538 ultra
730 2510 849 2538 eertum
875 2516 1043 2538 numerum
1064 2505 1102 2537 ad
1118 2505 1196 2537 iudi-

458 2561 539 2591 tium
564 2569 627 2592 non
651 2559 807 2602 vocandis,
833 2565 885 2592 aut
909 2560 977 2592 aliis
997 2559 1097 2600 editis,
1115 2569 1212 2603 quae*

458 2612 601 2645 videlieet
614 2618 739 2657 possent
755 2614 786 2646 in
800 2613 858 2646 hac
874 2618 962 2657 parte
986 2611 1193 2645 iurisdictioni

496 2679 506 2703 1
525 2676 616 2705 Potius
629 2677 748 2713 legerem
764 2678 791 2706 in
809 2678 877 2705 aliis
892 2686 981 2712 quam
997 2684 1067 2711 quae
1083 2676 1122 2711 (n.
1134 2676 1182 2711 τ.).

1222 261 1376 287 ROMANUM

1209 317 1262 344 aut
1275 310 1420 355 potestati
1434 309 1564 353 eiusque
1577 308 1679 342 libero
1697 309 1862 344 exerciti0⁴
1875 319 1950 354 quo-

1211 364 1384 398 modolibet
1408 363 1546 403 obviare3
1565 372 1619 396 seu
1644 362 1669 396 si
1694 362 1850 406 aliquibus
1867 373 1950 397 com-

1212 418 1348 451 muniter
1373 417 1420 450 vel
1445 416 1569 450 divisim
1595 426 1612 449 a
1631 415 1794 461 praedicta
1815 415 1854 449 sit
1872 415 1951 450 Sede

1213 471 1378 511 indultum,
1403 470 1487 514 quod
1507 469 1784 511 excommunicari,
1804 469 1952 514 suspendi

1214 525 1260 557 rel
1286 523 1440 564 interdici,
1453 533 1508 556 seu
1519 528 1607 556 extra
1623 523 1671 556 vel
1688 523 1772 556 ultra
1788 527 1873 556 certa
1884 522 1953 556 loea

1214 578 1252 610 ad
1270 578 1419 611 iudicium
1437 577 1571 619 evocari,
1585 586 1648 610 non
1661 576 1782 621 possint
1797 586 1855 620 per
1870 575 1953 609 litte-

1198 641 1265 681 ,ras
1293 630 1479 675 apostolicas
1509 639 1573 663 non
1603 629 1751 662 facientes
1774 629 1899 673 plenam
1924 634 1955 662 et

1198 694 1412 730 expressam,
1438 694 1473 716 ac
1497 683 1536 716 de
1563 683 1661 716 verbo
1685 682 1723 715 ad
1743 682 1892 723 verbum,
1917 681 1955 714 de

1198 755 1200 781 ς
1216 737 1335 771 indulto
1353 737 1542 778 huiusmodi,
1560 747 1725 770 aceorum
1742 735 1897 780 personis,
1914 735 1957 769 lo-

1216 791 1269 831 cis,
1290 791 1452 824 ordinibus
1470 795 1499 824 et
1515 790 1697 824 nominibus
1719 789 1857 834 propriis
1873 799 1957 822 men-

1217 844 1342 884 tionem,
1360 848 1389 876 et
1405 844 1544 887 qualibet
1560 844 1619 876 alia
1636 843 1737 876 dictae
1750 843 1838 876 Sedis
1854 841 1957 875 indul-

1216 897 1321 939 gentia
1345 897 1483 939 generali
1508 897 1556 929 vel
1576 896 1716 940 speciali,
1730 897 1956 939 cuiuscumque

1217 950 1334 984 tenoris
1356 950 1474 991 existat,
1486 961 1543 994 per
1555 960 1650 994 quam
1663 950 1881 994 praesentibus
1893 960 1957 983 non

1217 1014 1410 1047 expressam,
1424 1003 1472 1036 vel
1496 1003 1633 1037 totaliter
1649 1013 1712 1037 non
1729 1003 1889 1044 insertam,
1906 1013 1958 1036 ve-

1218 1062 1299 1089 strae
1317 1055 1545 1089 iurisdictioni²
1558 1056 1725 1100 explicatio
1745 1056 1776 1089 in
1792 1056 1852 1089 hac
1869 1061 1958 1100 parte

1201 1141 1202 1145 ,
1218 1110 1318 1143 valeat
1337 1109 1576 1154 quomodolibet
1600 1109 1757 1153 impediri,
1782 1114 1812 1143 et
1828 1109 1867 1142 de
1887 1119 1958 1153 qua,

1219 1163 1369 1206 cuiusque
1393 1167 1459 1196 toto
1484 1168 1592 1196 tenore
1615 1162 1760 1196 habenda
1784 1162 1823 1196 sit
1842 1162 1959 1196 mentio

1202 1216 1373 1260 specialis.
1405 1216 1443 1248 Et
1472 1215 1602 1259 insuper
1625 1215 1792 1257 volumus,
1821 1221 1851 1249 et
1878 1213 1961 1249 dicta

1219 1270 1405 1302 auctoritate
1429 1269 1638 1312 decernimus,
1663 1268 1748 1313 quod
1767 1269 1898 1313 quilibet
1913 1279 1962 1302 ve-

1220 1327 1318 1357 strum
1355 1323 1506 1367 prosequi
1536 1323 1635 1356 valeat
1669 1323 1837 1356 articulum
1868 1322 1961 1356 etiam

1219 1388 1276 1421 per
1299 1377 1395 1409 alium
1421 1377 1621 1418 inchoatum,
1642 1377 1784 1420 quamvis
1805 1376 1889 1410 idem
1913 1377 1961 1410 in-

1220 1431 1337 1463 choans
1354 1430 1440 1463 nullo
1457 1429 1552 1464 fuerit
1568 1429 1792 1474 impedimento
1809 1429 1962 1463 canonico

1204 1484 1430 1528 praepeditus,
1451 1483 1598 1528 quodque
1622 1493 1639 1516 a
1664 1483 1735 1516 data
1748 1484 1962 1527 praesentium

1221 1539 1260 1571 sit
1284 1538 1371 1571 vobis
1388 1542 1416 1571 ct
1429 1538 1597 1581 unicuique
1614 1542 1753 1571 vestrum
1770 1538 1802 1570 in
1814 1537 1964 1582 praemis-

1221 1593 1263 1624 sis
1287 1591 1443 1633 omnibus,
1468 1591 1586 1635 coeptis
1603 1596 1633 1624 et
1648 1601 1711 1624 non
1728 1591 1858 1635 coeptis,
1875 1601 1964 1635 prae-

1222 1644 1360 1677 sentibus
1378 1650 1408 1677 ct
1424 1645 1546 1685 suturis,
1572 1649 1757 1688 perpetuata
1780 1649 1917 1688 potestas
1934 1650 1965 1678 et

1222 1698 1396 1732 iurisdictio
1420 1699 1580 1738 attributa,
1603 1703 1637 1730 ut
1663 1708 1700 1731 eo
1725 1698 1844 1741 vigore,
1864 1700 1964 1742 eaque

1222 1752 1370 1784 firmitate
1395 1751 1522 1795 possitis
1546 1751 1579 1784 in
1602 1751 1784 1795 praemissis
1808 1752 1964 1793 omnibus,

1224 1811 1252 1838 et
1277 1805 1396 1848 coeptis
1414 1809 1443 1837 et
1463 1815 1527 1837 non
1551 1804 1682 1848 coeptis,
1699 1804 1917 1848 praesentibus
1934 1809 1965 1837 et

1224 1858 1347 1898 futuris,
1365 1863 1394 1891 et
1414 1869 1472 1902 pro
1495 1857 1666 1902 praedictis
1682 1857 1867 1901 procedere,
1887 1868 1923 1892 ac
1939 1858 1965 1891 si

1224 1912 1383 1956 praedicta
1408 1912 1514 1944 omnia
1538 1917 1568 1945 et
1592 1911 1715 1955 singula
1739 1912 1833 1945 etiam
1858 1923 1965 1946 coram

1225 1965 1314 1999 vobis
1339 1970 1449 2009 coepta
1472 1965 1598 2007 suerint,
1623 1969 1654 1998 et
1673 1965 1847 1999 iurisdictio
1864 1970 1967 1999 vestra

1225 2024 1255 2051 et
1270 2019 1495 2062 cuiuscumque
1512 2023 1650 2051 vestrum
1668 2018 1700 2051 in
1714 2018 1883 2063 praedictis
1898 2029 1966 2052 om-

1225 2072 1316 2104 nibus
1340 2077 1370 2104 et
1396 2071 1528 2114 singulis
1552 2082 1608 2115 per
1633 2071 1812 2104 citationem
1829 2072 1877 2104 vel
1902 2082 1968 2105 mo-

1226 2126 1300 2159 dum
1326 2126 1421 2159 alium
1447 2130 1631 2170 perpetuata
1650 2125 1790 2168 legitime
1807 2125 1967 2166 extitisset,

1208 2207 1210 2222 2
1226 2180 1448 2213 constitutione
1466 2180 1628 2224 praedicta
1651 2189 1746 2223 super
1766 2184 1967 2213 conservato-

1227 2235 1316 2268 ribus
1334 2240 1363 2268 et
1380 2236 1440 2268 alia
1459 2236 1599 2279 qualibet
1622 2236 1654 2268 in
1678 2236 1872 2269 contrarium
1885 2235 1968 2269 edita

1226 2299 1289 2322 non
1306 2289 1463 2322 obstante:
1485 2289 1602 2322 eisdem
1619 2288 1837 2333 praesentibus
1854 2299 1968 2333 perpe—

1227 2343 1288 2376 tuis
1312 2343 1426 2375 suturis
1450 2342 1648 2386 temporibus
1672 2342 1841 2375 duraturis.

1271 2397 1382 2429 Datum
1407 2397 1535 2438 Romae,
1559 2396 1644 2441 apud
1672 2397 1700 2429 S.
1726 2397 1854 2430 Mariam
1879 2396 1970 2431 Maio-

1228 2460 1305 2491 rem,
1324 2448 1380 2483 sub
1403 2450 1518 2483 annulo
1542 2450 1728 2493 Piscatoris‚
1749 2450 1799 2484 die
1819 2460 1877 2484 vm
1903 2450 1969 2483 iulii

1228 2514 1382 2545 mncxxvt,
1406 2504 1606 2548 pontificatus
1630 2504 1729 2538 nostri
1755 2514 1897 2538 annom.

1263 2557 1321 2585 Dat.
1343 2557 1386 2584 die
1405 2557 1421 2584 8
1441 2556 1496 2584 iulii
1515 2557 1593 2592 1626,
1609 2557 1705 2593 pontis.
1723 2563 1794 2586 anno
1810 2564 1848 2585 111.

1264 2631 1275 2656 1
1295 2630 1444 2665 Perperam
1459 2628 1524 2656 edit.
1539 2628 1620 2656 Main.
1637 2628 1703 2665 legit
1717 2629 1847 2657 executio
1862 2629 1898 2664 (R.
1910 2627 1955 2664 τ.).

1263 2676 1280 2702 2
1296 2675 1385 2703 I'otius
1400 2675 1458 2711 lege
1471 2675 1684 2704 iurisdictionis
1699 2677 1738 2710 (R.
1755 2675 1805 2710 τ.).

1961 261 2011 289 An.
2032 261 2061 289 C.
2080 259 2148 289 ¹626
