2269 3235
117 243 170 270 An.
186 242 214 270 C.
239 242 304 270 162⁴

157 783 296 809 Trnsnmptis·

113 816 152 836 que
160 810 221 831 tidem
230 812 294 831 addit.

158 2216 238 2237 Causae
259 2216 287 2236 sa-

104 2243 172 2263 ciendi
188 2243 288 2264 mandati.

924 242 1064 266 URBANUS
1089 242 1145 266 vm
1169 243 1217 266 PP.

314 289 508 334 apostolicis,
534 289 564 322 in
589 290 782 323 contrarium
806 290 1052 334 praemissorum

314 343 553 388 quomodolibet
586 344 763 384 concessis,
795 342 989 376 confirmatis
1024 347 1053 374 et

313 396 475 430 innovatis.
497 397 614 436 Quibus
639 397 783 430 omnibus
799 401 829 429 ct
846 395 987 437 singulis,
1005 406 1054 429 eo-

312 460 382 483 rum
415 451 557 484 omnium
588 440 713 484 teno'res
744 449 961 494 praesentibus
993 460 1052 492 pro

311 503 401 547 plene
426 509 456 537 et
480 504 670 538 sufficienter
694 503 850 548 expressis
875 508 906 535 et
929 502 966 535 ad
987 513 1053 535 ver-

311 556 387 590 bum
412 558 536 591 insertis
559 558 730 597 habentes,
755 557 815 589 illis
838 556 915 589 alias
939 556 971 588 in
995 567 1052 589 suo

312 610 427 644 robore
455 610 689 655 permansuris,
714 610 773 643 hac
798 610 863 642 vice
891 609 1049 642 dumtaxat

312 664 489 707 specialiter
513 669 543 697 et
566 674 712 708 expresse
736 663 944 706 derogamuS,
970 668 1052 696 cete-

312 716 418 760 risque
442 717 609 750 contrariis
633 717 892 761 quibuscumque.

356 770 370 814 §
394 770 424 803 8.
449 771 600 804 Volumus
624 776 739 811 autem,
757 775 786 803 et
806 770 977 814 apostolica
1001 779 1052 802 au-

311 824 453 858 ctoritate
488 824 710 865 decernimus,
747 824 831 867 quod
867 823 1050 856 earumdem

310 877 523 921 praesentium
555 877 779 921 transumptis,
801 887 896 909 manu
920 876 1051 909 alicuius

309 930 423 963 notarii
447 930 566 974 publici
598 930 783 974 subscriptis
814 935 844 963 et
874 930 977 973 sigillo
1001 929 1052 961 ali-

310 984 398 1017 cuius
422 994 575 1028 personae
600 984 631 1016 in
656 984 808 1027 dignitate
840 983 1051 1016 ecclesiastica

310 1038 496 1071 constitutae
520 1037 665 1078 munitis,
687 1037 795 1070 cadem
820 1047 950 1080 prorsus
974 1036 1051 1069 sides

309 1090 515 1132 adhibeatur,
540 1100 620 1134 quae
643 1090 862 1134 praesentibus
886 1089 1051 1122 adhibere-

310 1150 370 1184 tur,
396 1145 421 1177 si
444 1145 546 1178 forent
570 1144 724 1178 exhibitae
748 1144 796 1176 vel
821 1147 972 1176 ostensae.

353 1197 465 1230 Datum
478 1198 605 1237 Romae,
618 1196 700 1240 apud
718 1196 746 1229 S.
764 1196 902 1236 Petrum,
920 1196 978 1228 sub
996 1205 1051 1227 an-

308 1250 382 1283 nulo
403 1250 581 1290 Piscatoris,
601 1250 651 1282 die
675 1259 718 1282 xv
742 1249 874 1281 ianuarii
897 1258 1049 1287 asnexxw,

308 1294 507 1346 pontificatus
531 1302 630 1336 nostri
654 1312 736 1335 anno
762 1312 780 1334 1.

343 1365 401 1393 Dat.
419 1366 463 1393 die
478 1366 512 1394 15
527 1365 642 1393 ianuarii
658 1366 736 1399 1624,
753 1365 848 1401 pontis.
866 1373 910 1392 an.
926 1372 946 1391 1.

626 1499 726 1533 XXIV.

306 1570 501 1605 Mandatum
526 1570 646 1604 nuncio
669 1569 843 1614 apostolico
867 1568 956 1612 apud
975 1567 1050 1601 Hel-

349 1625 448 1658 vectos
465 1624 502 1657 cle
522 1623 738 1667 compellendo
759 1622 985 1655 ecclesiasticos
1005 1621 1049 1654 ad

350 1679 587 1712 observantiam
606 1676 853 1712 Constitutionis
866 1675 970 1709 Pauli
986 1676 1049 1709 Ρα-

346 1743 409 1776 pae
432 1732 485 1772 II,
512 1742 596 1776 quae
622 1732 739 1774 incipit
770 1730 984 1770 Ambitiosae,
1010 1729 1048 1762 de

349 1786 438 1820 bonis
463 1785 671 1819 ecclesiarum
690 1794 756 1817 non
776 1783 963 1816 alienandis
982 1783 1047 1815 sive

351 1839 526 1872 locandis&

304 1909 473 1937 Venerabili
496 1908 583 1936 fratri
610 1908 776 1936 Alexandro
801 1907 939 1941 episcopo
965 1906 1045 1934 Cam-

339 1953 478 1987 paniensi
497 1957 600 1981 nostro
621 1953 752 1981 ‹at-sedis
765 1952 952 1986 Apostolicae
969 1951 1045 1985 apud

339 1998 491 2025 Helvetios
505 1999 612 2025 nuntio

509 2048 644 2075 Urbanus
665 2048 743 2081 Papa
762 2048 837 2075 VIII.

521 2096 703 2124 Venerabilis
716 2097 823 2131 frater,

340 2142 470 2169 salutem
491 2144 521 2169 et
542 2142 737 2175 apostolicam
756 2141 1007 2169 benedictionem.

347 2212 392 2244 Ad
416 2222 508 2245 aures
531 2217 655 2246 nostras
674 2222 737 2246 non
754 2212 820 2245 sine
840 2212 928 2256 gravi
948 2212 1042 2245 animi

302 2266 402 2298 nostri
426 2266 570 2299 molestia
597 2266 760 2310 pervenit,
785 2266 869 2310 quod
900 2266 1042 2299 nonnulli

303 2318 408 2351 forsan
431 2319 571 2363 episcopi
593 2324 623 2352 et
643 2319 846 2353 ecclesiarum
871 2320 1042 2363 praesules,

301 2372 366 2405 sive
390 2373 531 2415 praelati,
554 2383 612 2406 nec
636 2383 699 2406 non
723 2384 877 2417 personae
902 2373 1043 2406 ecclesia-

301 2425 406 2465 sticae,
424 2435 497 2458 suae
515 2425 622 2459 salutis
639 2426 853 2467 immemores,
868 2426 949 2460 intra
964 2426 1042 2459 fines

301 2482 372 2510 tuae
395 2477 561 2520 legationis
586 2478 763 2521 existentes,
788 2490 917 2512 suarum
942 2480 1042 2512 eccle—

300 2532 419 2565 siarum
437 2537 467 2564 et
483 2531 617 2565 aliorum
636 2542 692 2576 per
710 2543 763 2566 eos
774 2533 975 2567 obtentorum
992 2533 1043 2566 be-

301 2585 486 2619 neficiorum
507 2585 788 2620 ecclesiasticorum
808 2587 907 2630 bona,
925 2587 1042 2631 absque

338 2649 349 2675 1
372 2647 410 2674 Ex
430 2647 538 2683 Regest.
559 2648 586 2675 in
606 2647 708 2676 secret.
730 2648 807 2676 Brev.

1736 235 1791 267 101

1086 291 1149 322 ulla
1175 290 1262 323 Sedis
1288 290 1484 333 Apostolicae
1514 291 1639 323 licentia
1670 291 1825 331 alienant„

1086 343 1296 386 oppignerant
1325 348 1355 376 et
1383 344 1582 384 distrahunt,
1608 355 1660 376 seu
1689 345 1764 377 alias
1789 345 1826 377 de

1087 395 1145 428 illis
1167 402 1275 429 contra
1300 397 1432 429 sormam
1460 402 1489 429 ct
1514 402 1655 431 tenorem
1681 398 1827 430 constitu-

1086 448 1177 481 tionis
1202 449 1299 481 felicis
1324 450 1552 483 recordationis
1578 451 1662 483 Pauli
1682 450 1783 494 l‘apac
1802 452 1824 483 ll

1085 501 1336 545 praedecessoris
1367 503 1487 543 nostri,
1512 515 1592 547 quac
1617 504 1724 547 incipit
1752 505 1827 538 Am-

1087 554 1247 596 bitiosae¹,
1275 555 1453 598 disponunt,
1479 557 1509 588 in
1534 558 1705 590 maximum
1732 559 1827 590 ecclc·

1085 608 1202 641 siarum
1228 613 1258 641 et
1282 608 1508 641 beneficiorum
1532 611 1710 643 huiusmodi
1735 611 1826 645 dctri-

1085 666 1235 701 mentum,
1249 661 1487 705 evidentemquc
1504 663 1678 695 animarum
1697 675 1823 697 suarum

1084 714 1303 758 perditionem.

1129 769 1143 811 g
1167 768 1196 801 Q.
1216 768 1318 807 Quare
1338 779 1405 809 nos,
1423 779 1480 812 pro
1498 771 1534 801 ca
1551 780 1643 813 quam
1661 771 1824 805 animabus

1084 875 1308 915 sollieitudine,
1333 876 1533 919 praemissis,
1558 882 1709 920 quantum
1735 877 1825 911 nobis

1085 939 1121 961 ex
1146 929 1208 962 alto
1233 929 1424 969 conceditur,
1449 929 1576 963 obviare
1601 931 1749 971 volentes,
1769 932 1825 963 sra-

1085 982 1220 1016 ternitati
1238 987 1310 1015 tuae
1327 993 1384 1026 per
1400 988 1581 1026 praesentes
1599 984 1825 1018 committimus

1084 1040 1114 1068 et
1139 1036 1344 1077 mandamus,
1369 1041 1402 1069 ut.
1426 1037 1680 1070 constitutionem
1706 1039 1825 1081 praedi-

1084 1094 1165 1121 ctam
1183 1090 1214 1122 in
1230 1089 1308 1122 locis
1324 1094 1394 1122 tuae
1413 1090 1577 1133 legationis
1596 1091 1650 1123 tibi
1671 1091 1825 1124 benevisis

1083 1142 1236 1185 publiceS,
1251 1148 1280 1175 et.
1293 1143 1459 1186 publicari,
1474 1153 1606 1187 eamque
1620 1145 1659 1176 ab
1676 1145 1824 1177 omnibus

1084 1201 1113 1227 et
1138 1195 1278 1238 singulis,
1303 1196 1340 1228 ad
1365 1207 1444 1239 quos
1469 1201 1585 1240 spectat
1610 1203 1639 1230 ct
1663 1209 1721 1241 pro
1747 1205 1823 1231 tcm-

1083 1258 1160 1291 pore
1185 1249 1423 1291 quomodolibet
1447 1250 1614 1293 spectabit,
1641 1251 1824 1283 inviolabili-

1085 1306 1130 1333 ter
1154 1301 1314 1334 observari
1340 1303 1442 1335 facias.

1127 1356 1141 1397 ξ
1166 1354 1195 1387 3.
1221 1356 1472 1389 Contradictores
1492 1358 1648 1400 quoslibet
1673 1364 1702 1391 et
1727 1359 1823 1392 rebel·
1861 1373 1915 1393 rm„

1466 1421 1614 1444 censuras
1646 1417 1675 1444 et
1706 1423 1823 1455 poenas
1838 1408 1870 1446 aii:
1881 1402 1928 1446 ‘aL-'³'
1938 1407 1976 1421 ‘'⁷¹''
1990 1408 1992 1420 '

1083 1409 1126 1441 les
1158 1419 1214 1451 per
1246 1410 1436 1449 sententias,

1082 1462 1317 1502 ecclesiasticas,
1339 1463 1459 1506 aliaque
1480 1470 1656 1507 opportuna
1681 1465 1757 1498 iuris
1777 1477 1822 1498 re-

1083 1515 1201 1556 media,
1227 1516 1434 1558 appellatione
1469 1518 1663 1560 postposita,
1696 1530 1822 1563 compe—

1082 1568 1215 1607 scendo,
1240 1569 1383 1601 invocato
1408 1570 1500 1601 etiam
1525 1571 1562 1602 ad
1588 1571 1667 1612 boc,
1694 1573 1717 1604 si
1743 1583 1822 1616 opus

1081 1622 1192 1662 suerit,
1218 1622 1332 1654 auxilio
1357 1623 1479 1655 bracliii
1505 1624 1663 1657 secularis.

1126 1676 1140 1719 ἓ
1164 1675 1194 1707 4.
1216 1675 1381 1708 Praeterea
1405 1676 1471 1717 tibi,
1488 1682 1521 1709 ut
1545 1678 1719 1722 episcopos,
1736 1689 1822 1722 prae-

1080 1730 1160 1761 latos
1175 1734 1206 1762 et
1221 1729 1297 1762 alias
1311 1740 1460 1773 personas
1475 1731 1701 1765 ecclesiasticas
1718 1733 1823 1766 huius-

1081 1781 1182 1823 modi,
1207 1793 1287 1826 quae
1312 1783 1515 1815 eeclesiarum
1541 1789 1570 1817 et
1595 1784 1821 1819 beneficiorum

1081 1846 1211 1869 suorum
1235 1836 1318 1869 bona
1346 1837 1566 1879 alienaverint,
1592 1839 1821 1882 oppignorave—

1080 1888 1152 1928 rint,
1177 1888 1386 1931 distraxerint,
1403 1890 1467 1922 sive
1484 1891 1559 1923 alifis
1576 1892 1614 1924 de
1635 1893 1695 1925 illis
1712 1899 1820 1926 contra

1079 1941 1194 1974 dictam
1230 1943 1483 1976 constitutionem
1519 1944 1751 1988 disposuerint,
1788 1953 1821 1979 ut

1079 1997 1265 2039 praefertur,
1282 1996 1307 2028 si
1324 1996 1379 2030 abs
1396 2000 1424 2030 te
1442 1997 1562 2029 veniam
1588 1999 1749 2031 humiliter
1770 2011 1819 2043 pe-

1079 2049 1195 2090 tierint,
1210 2054 1239 2083 et
1254 2050 1334 2083 facta
1351 2051 1439 2094 prius
1456 2052 1640 2084 eorumdem
1661 2053 1816 2086 bonorum

1079 2104 1165 2136 totali
1188 2105 1438 2148 recuperatione,
1455 2116 1510 2137 seu
1535 2106 1609 2138 alias
1634 2107 1774 2140 ecclesiis
1789 2113 1819 2139 et

1078 2156 1237 2190 beneficiis
1261 2157 1336 2200 ipsis
1361 2158 1500 2201 plenarie
1525 2164 1554 2191 et
1578 2160 1706 2193 omnino
1739 2161 1819 2193 reim

1077 2210 1216 2253 teg-ratis,
1242 2221 1259 2242 a
1283 2211 1443 2254 quibusvis
1469 2213 1819 2254 excommunicationis,

1077 2265 1290 2308 suspensionis
1315 2271 1342 2297 et
1368 2265 1543 2308 interdicti,
1569 2268 1700 2311 aliisque
1724 2269 1821 2301 eccle-

1077 2318 1208 2351 siasticis
1239 2319 1596 2359 sententiis,-censuris
1628 2325 1657 2354 et
1687 2322 1818 2365 poenis,

1077 2373 1169 2405 etiam
1195 2373 1226 2405 in
1250 2373 1332 2406 dicta
1357 2374 1579 2408 constitutione
1601 2377 1820 2418 contentiaet

1077 2427 1152 2459 alias
1177 2432 1286 2460 contra
1307 2428 1421 2460 similia
1446 2434 1661 2472 perpetrantes
1682 2431 1819 2473 promul-

1076 2481 1165 2523 gatis,
1181 2481 1372 2524 poenitentia
1390 2482 1516 2514 salutari
1535 2487 1564 2514 ct
1584 2483 1652 2515 aliis
1672 2483 1818 2517 iniunctis

1076 2534 1286 2576 iniungendis,
1299 2535 1483 2567 anctoritate
1503 2538 1631 2568 nosti-aa
1647 2540 1677 2569 et
1694 2536 1817 2570 bsolvas

1077 2588 1212 2621 totaliter
1235 2587 1359 2620 liberes.

1113 2652 1122 2677 1
1143 2650 1188 2678 Est
1203 2651 1229 2678 in
1246 2655 1309 2679 tom.
1325 2658 1351 2687 v,
1368 2660 1428 2688 pag.
1446 2652 1496 2680 194
1512 2654 1548 2689 (a.
1565 2654 1612 2687 r.).

1845 245 1892 271 Αη.
1910 244 1937 271 (ἶ.
1959 245 2024 272 16ῗ4

1869 788 1986 807 xta-vinium
1998 789 2022 807 ·l==

1084 822 1175 855 nobis
1192 833 1229 855 ex
1245 823 1307 855 alto
1331 822 1458 855 creditis
1483 828 1627 856 tenemur
1643 824 1824 868 impendere
1840 822 1881 839 ‘³¹¹¹'
1930 822 1951 834 ¹¹¹

1837 1721 1867 1738 tes
1878 1720 2007 1740 absolvendi.
