2269 3235
205 272 253 298 Λη.
270 271 298 297 r..
321 270 388 297 1624
437 260 501 293 02:30

232 333 270 352 Yet
295 337 389 352 comum-

204 359 305 380 nitatibus

204 391 270 406 causa
309 386 388 405 tantum
404 370 462 403 bus
487 376 516 403 Ol

204 417 293 432 Ollk'l'OSss
303 417 388 431 concuri-

246 2089 327 2114 Excipit
369 2094 389 2109 e·

205 2118 255 2137 tiam
272 2116 389 2136 immunita-

206 2146 237 2163 tes
246 2142 389 2163 cardinalibus

206 2171 295 2195 aliisque
314 2169 389 2189 Roma-

313 2196 389 2217 Curiae

206 2222 314 2248 praelatis.

449 320 463 361 ᾗ
485 318 531 351 tt).
550 317 585 349 Et
604 317 732 359 insuper
748 325 764 346 ει
779 313 1030 346 revocationibus
1047 312 1145 345 omni-

540 369 671 411 singulis
695 366 884 411 supradictis
909 366 1093 409 excipimus,
1116 371 1146 398 ct

404 428 548 467 exceptas
566 433 632 455 esse
653 422 797 454 volumus
816 425 846 453 et
862 419 1070 461 declaramus,
1088 419 1147 451 im-

404 477 588 515 munitates,
614 474 843 517 exemptiones,
869 472 1145 513 confirmationes,

403 529 608 569 extensiones,
626 527 876 572 prorogationcs,
894 527 1067 567 facultates,
1084 526 1146 570 pri-

404 583 526 625 vilegia,
544 582 766 615 concessiones
790 586 820 614 et
843 580 1057 621 alienationes,
1077 579 1146 623 qui-

402 635 509 669 busvis
533 634 820 675 communitatibus,
841 632 1097 667 universitatibus
1117 637 1146 665 et

402 689 471 722 aliis
491 689 744 733 quibuscumque
770 687 856 729 data,
882 687 961 720 saeta
985 692 1016 720 et
1043 696 1147 730 respe-

403 743 482 777 ctive
508 753 656 776 concessa
674 742 705 775 in
722 742 785 774 vim
806 745 987 774 contractus
1001 750 1038 773 ex
1052 740 1146 773 causa

403 808 475 830 vere
499 798 643 836 onerossn
669 796 813 829 videlicet
837 805 996 838 congruae
1021 799 1052 827 et
1077 793 1147 827 ess'c-

402 850 513 884 ctualis
526 860 670 883 camerae
683 849 885 893 apostolicae,
906 848 955 881 vel
973 847 1050 891 ipsis
1064 857 1146 880 com-

402 903 606 936 munitatibus
631 901 788 946 legitime¹
806 902 905 934 sactae
940 900 1145 944 pecuniarum

402 956 579 997 solutionis,
604 956 651 988 vel
673 965 709 988 cx
735 954 803 987 aliis
821 953 923 986 causis
940 952 1146 986 rationalibus

401 1020 459 1053 per
482 1020 539 1042 nos
563 1007 790 1052 cognoscendis
815 1012 846 1039 ct
869 1005 1093 1050 approbandis,
1117 1009 1146 1038 et

401 1063 495 1095 etiam
527 1061 741 1095 declarandis:
777 1071 854 1104 quas
891 1069 1000 1092 causas
1036 1068 1145 1091 omnes

401 1126 560 1157 onerosas,
585 1115 711 1148 nonnisi
734 1113 907 1157 legitimas,
933 1123 969 1146 ac
992 1111 1094 1145 licitas
1116 1116 1146 1144 et

401 1170 557 1210 honestas,
582 1175 673 1213 prout
691 1169 728 1201 de
747 1169 824 1209 iure,
849 1167 1029 1211 approbare
1047 1167 1146 1199 inten-

402 1224 527 1257 dimus:
553 1229 583 1256 et
607 1227 775 1267 propterea
800 1222 852 1254 illa
877 1221 1054 1254 obtinentes
1079 1219 1145 1264 qui-

401 1288 535 1321 cumque
559 1277 591 1309 in
615 1276 725 1309 eadem
751 1278 886 1315 camera,
911 1274 1006 1307 citato
1030 1273 1144 1306 dilecto

400 1331 466 1364 filio
487 1330 584 1375 ipsius
597 1340 740 1364 camerae
759 1327 976 1362 commissario
993 1327 1142 1371 generali,

401 1385 469 1418 illas
493 1384 666 1424 verificare,
685 1383 715 1416 in
733 1384 863 1427 ipsaque
887 1382 1014 1416 camera
1031 1380 1145 1414 exami-

401 1439 469 1471 nari
493 1444 523 1471 et
546 1437 667 1471 admitti
693 1438 794 1470 facere
820 1441 983 1469 teneantur
1007 1434 1143 1478 (etiamsi

401 1493 530 1536 gratiae,
554 1492 787 1531 concessioneS,
812 1489 986 1534 privilegia,
1010 1489 1142 1530 litterae,

400 1546 624 1586 instrumenta,
653 1550 820 1588 ceteraque
847 1542 1006 1588 praedicta
1022 1541 1043 1583 Ξ,
1068 1542 1144 1574 alias

401 1600 434 1633 in
457 1600 568 1633 eadem
593 1600 719 1632 camera
743 1597 888 1638 admissa,
906 1602 935 1630 et
952 1597 983 1629 in
1000 1599 1046 1636 ea,
1064 1595 1143 1628 suis-

402 1664 463 1697 que
486 1652 576 1685 libris
600 1652 716 1685 fuerint
732 1657 762 1684 et
779 1651 840 1683 sint
863 1650 1054 1693 registrata),
1072 1659 1145 1692 qua-

404 1712 493 1739 tenus
516 1705 641 1739 tamen³
656 1715 767 1738 causae
792 1714 942 1738 onerosae
967 1703 1144 1746 praedictae

402 1771 461 1804 pro
486 1770 560 1793 vere
584 1759 727 1792 onerosis
752 1764 782 1791 et
805 1757 964 1800 legitimis,
982 1762 1016 1789 ut
1040 1766 1144 1799 supra,

403 1813 479 1846 alias
503 1813 535 1845 in
559 1813 668 1846 eadem
693 1813 817 1844 camera
841 1810 1019 1843 veritieatae
1036 1820 1073 1842 ac
1096 1819 1147 1852 ap-

403 1866 553 1910 probatae
577 1870 607 1898 et
632 1865 785 1898 iudicatae
808 1874 871 1898 non
896 1864 967 1904 sint,
985 1873 1046 1906 quo
1072 1873 1146 1895 casu

404 1920 442 1953 ad
466 1919 688 1953 indicationem
721 1922 839 1953 tantum
854 1945 861 1959 ,
892 1927 954 1950 non
978 1922 1083 1950 autem
1109 1916 1146 1949 ad

403 1974 496 2007 aliam
509 1973 756 2007 verificationem
770 1972 898 2006 eosdem
916 1971 1093 2004 obtinentes
1107 1974 1147 2004 te-

403 2026 472 2059 neri
497 2026 654 2066 volumus,

449 2080 463 2123 g
487 2078 538 2112 ⁶20.
564 2078 745 2123 Excipimus
769 2078 862 2111 etiam
887 2076 1100 2110 immunitates
1110 2071 1147 2108 ‘et

404 2132 620 2177 exemptiones
653 2132 753 2165 dictae
784 2132 812 2165 S.
846 2131 880 2164 R.
916 2131 949 2164 E.
985 2129 1148 2163 cardinali-

404 2186 481 2227 bus,
512 2185 633 2219 1‘atione
663 2185 823 2228 dignitatis
854 2183 1083 2224 cardinalatus,
1117 2187 1147 2215 et

405 2240 623 2280 cameralibus,
648 2239 701 2283 qui
727 2239 757 2271 in
782 2238 893 2271 eadem
910 2238 1036 2271 camera
1060 2236 1147 2270 sede-

404 2299 478 2326 runt
503 2298 532 2326 et
556 2292 674 2333 sedent,
698 2292 827 2325 concedi
853 2291 968 2334 solitas,
994 2301 1029 2323 ac
1053 2290 1147 2323 etiam

405 2348 629 2392 exemptiones,
647 2346 762 2390 quibus
779 2346 817 2378 ad
834 2345 1001 2389 praesens⁴
1017 2344 1147 2389 praelati

405 2407 435 2434 et
460 2402 607 2435 officiales
631 2401 790 2434 Romanae
815 2400 936 2441 Curiae,
961 2410 996 2433 ac
1015 2398 1146 2443 praelati

444 2501 452 2525 1
472 2499 544 2526 Edit.
559 2498 638 2526 Main.
656 2498 720 2534 legit
739 2498 886 2533 leqitimae
900 2500 937 2530 (Β,
953 2498 1000 2530 Τ.).

441 2545 458 2569 *2
474 2543 593 2572 Erronee
609 2544 672 2571 edit.
689 2544 768 2570 ltlain.
787 2543 850 2579 legit
866 2543 1033 2578 praedictas
1048 2542 1086 2578 (a.
1098 2541 1146 2575 ⁷12).

441 2588 458 2616 3
473 2589 518 2616 Sic
531 2589 645 2624 legimus
661 2598 692 2615 ex
707 2589 772 2616 edit.
789 2588 907 2616 Cherub.
932 2588 1024 2619 Rom.;
1047 2594 1147 2622 perpe-

407 2640 465 2660 ram
480 2632 544 2660 edit.
561 2633 643 2660 Main.
661 2632 725 2668 legit
739 2635 797 2661 tam
812 2640 862 2668 pro
878 2635 975 2660 tamen
990 2631 1029 2666 (R.
1044 2631 1092 2665 T.).

444 2679 459 2705 4
475 2677 565 2705 Subde
580 2678 718 2712 gyauclent,
735 2678 774 2703 vel
791 2677 877 2705 simile
891 2679 929 2712 (a.
947 2677 994 2711 T.).

983 263 1164 288 nnLLAmUM
1184 262 1338 287 ROMANUM

1933 259 1982 286 An.
1998 258 2026 287 C.
2049 258 2117 286 ¹62⁴

1177 310 1351 350 domestici,
1365 307 1550 342 cubicularii
1564 308 1676 341 secreti
1697 312 1727 341 et
1743 308 1915 349 secretarii,

1178 375 1214 398 ae
1238 364 1287 397 alii
1313 363 1482 396 finuiliares
1506 367 1534 395 et
1560 361 1700 395 continui
1720 372 1916 395 commensa-

1179 418 1223 451 les
1246 418 1355 458 nostri,
1372 422 1402 450 ct
1421 426 1638 450 successorum
1663 419 1845 448 nostrorum
1861 415 1919 449 Ro-

1179 481 1345 504 manorum
1370 470 1556 503 Pontificum
1581 469 1611 501 in
1636 468 1741 501 rotulo
1760 467 1919 511 descripti,

1224 525 1239 568 g
1255 524 1306 557 Ε21.
1325 524 1452 557 Necnon
1470 523 1630 556 facultates
1647 520 1780 555 testandi
1800 520 1838 553 de
1850 520 1920 564 qui-

1179 577 1286 611 busvis
1310 577 1421 618 bonis,
1447 577 1540 609 ctiam
1565 575 1755 618 ubicumque
1780 573 1868 614 sitis,
1892 578 1922 607 et

1181 631 1212 664 in
1236 631 1297 664 illis
1321 631 1366 664 eis
1389 630 1428 663 ab
1452 630 1598 663 intestato
1615 627 1814 669 succedendi,
1831 626 1923 660 dictis

1180 684 1410 726 cardinalibus,
1434 694 1470 717 ac
1494 683 1611 717 nostris
1644 687 1674 716 et
1708 681 1923 715 Romanorum

1181 738 1367 772 Pontificum
1386 737 1667 782 praedecessorum
1682 740 1865 769 nostrorum
1882 734 1925 767 fa-

1181 791 1355 825 miliaribus
1386 796 1416 825 et
1451 791 1607 825 continuis
1638 788 1923 829 commensalibus,

1180 845 1303 878 etiamsi
1320 845 1365 877 illi
1382 844 1550 878 familiares
1570 843 1774 889 postmodum
1792 853 1859 876 esse
1874 842 1924 875 de-

1180 898 1289 931 sierint
1306 898 1353 930 vel
1367 898 1519 939 desinant,
1531 903 1561 931 et
1570 897 1638 931 aliis
1653 896 1816 941 quibusvis
1829 895 1923 930 etiam
1968 903 1971 905 ’

1180 951 1318 994 gratuito
1351 951 1589 995 quomodolibet
1618 956 1683 984 tam
1714 961 1771 995 per
1796 949 1923 984 eosdem

1180 1004 1451 1048 praedecessores,
1468 1014 1563 1049 quam
1582 1004 1675 1037 etiam
1698 1014 1756 1048 per
1779 1013 1836 1037 nos
1853 1013 1924 1037 con-

1180 1069 1294 1100 cessas,
1320 1064 1350 1091 ct
1373 1058 1448 1091 alias
1473 1057 1504 1090 in
1528 1057 1674 1090 omnibus
1691 1061 1721 1089 et
1739 1067 1796 1100 per
1817 1056 1923 1089 onmia

1180 1112 1263 1145 iuxta
1288 1112 1471 1146 earumdem
1488 1111 1670 1144 facultatum
1688 1116 1719 1143 et
1745 1110 1924 1143 litterarum

1179 1165 1314 1210 desuper
1327 1165 1544 1210 expeditarum
1566 1165 1700 1198 sormam
1718 1174 1753 1197 ac
1771 1168 1923 1203 tenorem,

1179 1230 1272 1262 quem
1298 1230 1356 1263 pro
1381 1218 1531 1252 latissime
1557 1228 1706 1262 expresso
1735 1216 1845 1250 haberi
1869 1227 1924 1250 vo-

1178 1272 1293 1314 lumus,

1223 1326 1299 1370 ξ22.
1325 1327 1452 1360 Necnon
1468 1324 1692 1369 exemptiones,
1710 1323 1923 1357 immunitates

1178 1383 1207 1412 et
1231 1379 1396 1423 privilegia
1420 1388 1649 1423 quaecumque,
1667 1377 1782 1421 quibus
1798 1377 1923 1418 fratres,

1177 1437 1306 1476 nepotes
1322 1439 1351 1465 ct
1363 1431 1588 1475 consanguinei
1605 1431 1716 1472 nostri,
1734 1435 1764 1464 et
1776 1441 1834 1474 pro
1849 1436 1924 1463 tem-

1176 1496 1255 1529 pore
1279 1486 1439 1519 existentis
1457 1485 1589 1519 Romani
1604 1484 1763 1519 Pontificis
1780 1484 1924 1531 viventis,

1177 1539 1332 1580 fruuntur,
1357 1540 1520 1583 potiuntur
1545 1544 1576 1571 ct
1600 1538 1746 1581 gaudent,

1222 1592 1301 1636 §2:3.
1320 1594 1363 1625 Ac
1379 1592 1507 1625 demum
1523 1591 1592 1624 illas
1608 1591 1648 1624 ob
1665 1601 1834 1624 numerum
1851 1589 1926 1623 duo-

1178 1646 1280 1679 decim
1305 1646 1445 1679 filiorum
1470 1655 1646 1685 concessas,
1666 1654 1743 1688 quas
1763 1648 1867 1676 tamen
1885 1642 1924 1675 ad

1178 1699 1331 1732 terminos
1352 1698 1492 1731 eiusdem
1517 1698 1563 1731 Pii
1587 1698 1690 1741 Papae
1707 1695 1773 1737 ΙΨ,
1799 1700 1828 1730 et
1852 1696 1925 1728 alia-

1179 1763 1249 1785 rum
1274 1752 1520 1796 apostolicarum
1546 1750 1804 1784 constitutionum
1830 1759 1925 1793 super

1180 1806 1329 1839 similium
1347 1806 1584 1849 exemptionum
1602 1803 1813 1837 declaratione
1831 1803 1939 1836 edita-i

1180 1872 1262 1902 rum,
1288 1866 1316 1893 et
1342 1860 1380 1893 ad
1408 1860 1477 1893 illas
1500 1864 1620 1892 tantum
1646 1864 1676 1891 et
1700 1869 1758 1902 pro
1783 1859 1925 1901 tempore

1180 1920 1210 1947 et
1222 1913 1398 1959 personis2,
1415 1924 1450 1946 ac
1467 1923 1504 1947 eo
1522 1913 1616 1946 modo
1633 1918 1664 1946 et
1683 1912 1795 1953 forma,
1810 1911 1925 1955 quibus

1180 1969 1217 2001 de
1235 1968 1303 2001 iure
1321 1968 1481 2001 communi
1498 1967 1575 2000 ἰΙΙίε3
1592 1969 1783 2010 competunt,
1798 1975 1833 1998 ac
1850 1965 1926 1997 alias

1180 2022 1264 2055 iuxta
1288 2022 1386 2066 ipsius
1417 2021 1496 2054 iuris
1521 2019 1697 2054 communis
1725 2024 1755 2052 et
1786 2017 1926 2062 supradi,

1181 2081 1303 2109 etarum
1329 2080 1359 2108 et
1383 2075 1516 2108 aliarum
1544 2073 1790 2118 apostolicarum
1814 2071 1926 2106 consti-

1180 2129 1338 2162 tutionum
1355 2128 1593 2172 dispositionem
1611 2126 1801 2165 reducimus,
1823 2135 1925 2168 neque

1181 2183 1292 2223 aliter,
1317 2193 1410 2226 quam
1435 2187 1470 2214 ut
1494 2181 1694 2225 praefertur,
1720 2178 1780 2211 illis
1805 2178 1868 2211 sive
1894 2178 1925 2210 in

1180 2237 1327 2281 petitorio
1352 2236 1417 2269 sive
1434 2236 1465 2268 in
1478 2234 1674 2279 possessorio
1692 2232 1860 2276 suffragari
1876 2242 1926 2265 vo-

1180 2291 1283 2323 lumus
1308 2295 1338 2323 et
1361 2288 1570 2322 decernimus.

1225 2344 1240 2387 ξ
1263 2343 1315 2376 2-4.
1340 2343 1471 2376 Nostrae
1495 2347 1598 2374 autem
1631 2340 1744 2373 mentis
1775 2338 1870 2373 fuisse
1895 2344 1925 2372 et

1181 2407 1249 2430 esse
1273 2396 1479 2437 declaramus,
1498 2395 1626 2437 regulae
1648 2393 1853 2427 cancellariae
1878 2403 1925 2425 su-

1180 2461 1236 2494 per
1250 2449 1450 2483 revocatione
1466 2448 1660 2482 indultorum
1675 2445 1923 2491 superviventiae.

1997 531 2120 554 Facultates

1936 559 2040 583 testandi,

1974 1328 2123 1359 Exemptiones

1947 1361 2110 1382 consanguineis

1939 1382 2074 1407 Pontificum

1966 1595 1998 1616 Ob
2016 1601 2123 1616 numerum

1939 1622 2052 1643 duodecim
2071 1622 2124 1642 fitio-

1939 1655 1984 1669 rum
2006 1651 2054 1673 etc.¹
2075 1653 2124 1669 con·

1939 1681 2023 1700 cessas;

1981 2343 2004 2364 Et
2032 2343 2124 2369 regulam

1940 2371 2081 2391 cancellariae
2092 2376 2125 2390 sn·

1939 2403 1976 2423 per
1992 2397 2078 2417 indultis
2090 2402 2125 2417 su·

1939 2424 2094 2450 porviventtae.

1216 2541 1229 2567 1
1247 2540 1333 2571 Quam
1348 2538 1435 2566 habes
1450 2538 1477 2565 in
1493 2542 1557 2565 tom.
1575 2545 1623 2570 vu,
1640 2545 1702 2574 pag.
1718 2536 1771 2563 24⁸2
1785 2540 1823 2569 (a.
1839 2536 1886 2570 τ.).

1216 2585 1233 2612 2
1247 2584 1348 2612 Forsan
1368 2583 1514 2619 legendum
1537 2586 1563 2611 et
1587 2583 1625 2609 ad
1649 2583 1715 2610 illas
1739 2584 1852 2609 tantum
1868 2588 1923 2615 pro

1181 2632 1309 2664 tempore
1320 2636 1460 2664 personas
1474 2632 1511 2661 (n.
1528 2628 1576 2662 T.).

1218 2674 1233 2702 3
1246 2675 1375 2710 Legerem
1390 2673 1458 2700 illae
1475 2673 1511 2709 (a.
1528 2672 1577 2707 in).
