2269 3235
242 272 330 298 Ans..
355 271 422 297 1023

266 1395 360 1416 lniuncto
376 1399 424 1414 nne-

242 1427 264 1441 re
276 1420 368 1445 erigendi
382 1421 425 1440 col-

243 1450 317 1473 legium
332 1453 370 1473 pro
385 1447 425 1468 Ca—

243 1475 313 1496 labris,

280 1924 363 1950 anque*
379 1924 426 1944 sub-

245 1951 361 1975 §tentandm

274 2190 391 2209 tlon-tituto
403 2191 428 2210 ant

248 2216 287 2235 hoc
311 2222 429 2237 necessarie

247 2248 310 2262 censu
320 2250 323 2263 :

301 2655 366 2678 Quom
380 2654 431 2675 alie·

249 2681 294 2701 nari
309 2680 426 2706 prohibuit.

468 262 510 293 54

439 318 585 351 humanis
609 328 705 361 agens
724 317 853 350 loannes
871 316 1023 349 Pizzullus
1047 316 1176 360 presby-

438 377 486 404 ter
522 382 558 405 ex
595 370 711 415 oppido
751 369 991 413 Bisagnanensis
1023 368 1176 402 dioecesis

437 424 599 466 oriundus,
614 424 713 456 almae
727 422 818 455 Urbis
836 423 937 456 incola
954 427 983 455 et
1001 422 1087 463 civis,
1100 422 1175 455 dum

439 477 524 518 vixit,
538 477 675 517 effectus,
693 476 800 509 volens
824 475 863 508 de
887 475 978 509 bonis
1002 475 1062 508 sibi
1079 485 1096 508 a
1113 475 1176 508 Dco

438 530 559 562 collatis
576 529 637 562 vita
658 528 759 562 adhuc
779 528 837 561 sibi
862 529 975 562 comite
1000 528 1051 572 pie
1075 528 1178 572 dispo—

438 593 528 625 nere,
554 588 806 626 perpetuumque
835 593 909 615 suae
934 593 1010 626 erga
1034 588 1175 615 sanctum

439 636 639 669 Franciscum
666 636 703 669 dc
729 636 822 669 Paula
843 636 1108 680 singularissimae
1124 636 1177 668 de-

438 689 571 723 votionis
596 689 825 724 monimentum
849 690 1040 734 relinquere,
1064 689 1096 722 in
1120 700 1177 723 suo

438 743 549 777 ultimo
566 743 650 787 quod
668 743 817 784 condidit,
834 748 864 776 ct
883 743 941 776 sub
961 743 1051 776 cuius
1073 742 1178 786 dispo-

438 797 550 831 sitione
566 797 700 831 decessit
719 797 758 830 ab
775 797 931 838 humanis,
949 801 1132 831 testamento
1146 797 1176 829 in

439 851 585 884 omnibus
609 856 639 883 et
662 850 794 893 singulis
818 851 908 883 bonis
925 850 988 883 suis
1008 850 1177 883 mobilibus

439 910 469 937 et
486 904 703 938 immobilibus
728 914 764 937 ac
783 903 1027 943 semoventibus,
1043 903 1176 943 iuribus,

438 957 624 998 actionibus,
647 957 784 999 creditis,
808 957 939 999 aliisque
966 956 1173 999 quibuscum-

439 1020 509 1054 que,
525 1009 741 1053 praesentibus
757 1013 787 1041 et
810 1009 934 1049 suturis,
952 1019 988 1041 ac
1007 1008 1178 1052 quomodo-

438 1063 513 1096 libet
533 1062 719 1106 nuncupatis
734 1067 764 1095 et
777 1061 974 1106 qualificatis,
987 1061 1177 1105 ubicumque

438 1116 651 1158 existentibus,
680 1120 710 1148 et
742 1115 773 1148 in
800 1115 1053 1159 quibuscumque
1082 1115 1177 1148 rebus

439 1169 691 1210 consistentibus,
711 1169 863 1202 haeredes
887 1180 961 1202 suos
985 1169 1177 1202 universales

438 1223 568 1256 dilectos
591 1222 673 1256 filios
701 1223 813 1255 fratres
841 1222 954 1255 domus
976 1222 1130 1265 regularis
1147 1222 1176 1255 S.

439 1276 580 1309 Andreae
604 1275 642 1309 de
667 1275 782 1309 Frattis
806 1280 1003 1320 nuncupatae
1024 1275 1063 1309 de
1083 1275 1177 1316 Urbe,

439 1328 578 1362 eiusdem
602 1328 726 1362 Ordinis

485 1383 500 1425 ἓ
523 1382 552 1415 9..
579 1382 635 1425 [Ea
659 1387 763 1415 tamen
786 1381 857 1425 lege
881 1386 911 1416 et
935 1381 1124 1422 conditione,
1144 1386 1179 1414 ut

440 1435 478 1468 ad
488 1435 653 1468 minimum
665 1446 788 1468 summa
797 1446 850 1468 sex
865 1435 998 1468 millium
1015 1439 1177 1468 scutorum

441 1492 583 1523 monetae
607 1489 638 1521 in
655 1489 846 1533 emptionem
867 1488 1030 1522 cuiusdam
1047 1488 1108 1529 siti,
1124 1499 1179 1521 seu

439 1542 536 1583 fundi,
556 1546 609 1576 aut
632 1542 752 1586 praedii
777 1543 808 1575 in
829 1542 911 1575 Urbe
936 1542 1098 1586 praedicta
1121 1553 1180 1586 per

440 1606 493 1629 eos
509 1596 753 1639 impenderetur,
774 1596 969 1640 ecclesiaque
996 1596 1027 1628 in
1045 1596 1099 1629 illo
1125 1607 1179 1629 seu

440 1648 504 1690 illa,
529 1648 586 1681 sub
611 1648 808 1682 invocatione
832 1649 930 1682 sancti
960 1649 1118 1682 Francisci
1141 1649 1179 1682 de

441 1702 545 1743 Paula,
568 1704 631 1735 una
655 1713 727 1736 cum
752 1703 890 1747 hospitio
910 1714 965 1736 seu
982 1703 1115 1746 collegio
1136 1703 1180 1746 (in

441 1767 504 1800 quo
528 1756 642 1788 fratres
660 1755 733 1789 dicti
751 1755 876 1789 Ordinis
895 1756 1031 1789 nationis
1056 1757 1182 1790 Citerio-

442 1809 485 1842 ris
507 1809 669 1842 Calabriae
695 1809 871 1842 studiorum
903 1810 1004 1852 gratia
1028 1810 1126 1853 recipi
1152 1816 1181 1843 et

442 1862 563 1895 admitti
587 1868 724 1906 possent,

487 1917 502 1960 g
525 1916 555 1949 3.
581 1918 623 1950 Ac
646 1917 791 1950 omnibus
817 1917 854 1950 ad
883 1918 998 1951 victum
1016 1922 1045 1952 et
1069 1919 1183 1952 studio-

445 1981 514 2002 rum
539 1981 669 2003 suorum
694 1971 971 2015 prosequutionem
998 1972 1182 2005 necessariis

444 2027 473 2057 ct
488 2024 676 2067 opportunis
693 2034 728 2056 ex
746 2024 877 2068 reliquis
893 2024 994 2058 dictae
1011 2025 1183 2058 haeredita-

445 2076 483 2108 tis
498 2076 589 2109 bonis
613 2081 643 2109 et
667 2077 865 2109 facultatibus
888 2078 1053 2111 commode
1071 2078 1182 2111 instrui

445 2129 607 2172 deberent)
634 2135 833 2163 extrueretur
857 2136 886 2163 et
909 2131 1139 2171 aedificaretur,

489 2184 504 2226 g
527 2183 556 2215 4.
575 2184 701 2216 Necnon
718 2184 894 2227 proprietas
911 2185 1113 2218 haereditatis
1130 2186 1184 2218 hu-

446 2236 581 2269 iusmodi
606 2236 637 2269 in
661 2247 810 2270 censuum
835 2248 1023 2279 annuorum,
1049 2244 1102 2271 aut
1126 2239 1183 2272 bo-

445 2300 557 2323 norum
583 2289 742 2323 stabilium
768 2296 908 2323 tutorum
932 2295 962 2325 et
986 2302 1183 2332 securorum,

446 2344 510 2376 sive
541 2343 635 2376 etiam
661 2344 803 2377 locorum
828 2344 983 2377 montium
1006 2354 1069 2377 nou
1093 2355 1182 2377 vaca-

447 2397 553 2428 iulium
578 2397 782 2441 emptionem,
811 2397 848 2430 ad
875 2397 1061 2431 electionem
1085 2398 1183 2442 patris

446 2450 600 2488 generalis
624 2461 682 2493 pro
699 2455 841 2494 tempore
859 2450 1018 2484 existentis
1035 2451 1108 2484 dicti
1127 2451 1183 2485 Or-

446 2503 536 2543 dinis,
556 2509 613 2536 aut
636 2504 702 2536 eius
727 2504 852 2545 vicarii,
877 2508 907 2538 et
930 2514 1002 2537 cum
1030 2515 1183 2539 consensu

1013 267 1191 293 numanum
1215 267 1369 292 Romnum

1963 267 2053 292 airu.
2080 266 2151 293 1623

1208 315 1311 359 aliqua
1336 315 1492 348 bonorum
1509 314 1553 347 sic
1570 317 1750 357 emptorum
1768 314 1949 347 huiusmodi

1209 368 1240 401 in
1265 373 1329 402 toto
1354 368 1401 401 vel
1427 367 1457 400 in
1483 372 1571 411 parte
1596 366 1797 408 alienatione,
1821 377 1949 401 conscr-

1210 426 1347 464 varctur,

1253 476 1268 519 ἓ
1289 476 1317 508 6.
1343 475 1386 509 Ex
1404 475 1620 519 fructibusque
1637 473 1751 507 exinde
1766 474 1951 518 provenien·
1991 485 2017 506 ει
2034 490 2059 515 91
2079 486 2149 506 smnu-

1210 528 1293 561 tibus
1318 533 1363 562 tot
1388 529 1500 562 fratres
1525 528 1686 561 studentes
1710 526 1836 561 Ordinis
1859 536 1950 570 prae·
1965 512 2150 568 ξ’ὲῖῗιιῖἱῗζὸιῖιὴτῗξῖ

1210 582 1294 623 dicti,
1311 582 1364 626 qui
1386 582 1555 626 praecipue
1571 591 1679 614 sacrae
1697 579 1874 623 theologiae
1891 584 1952 612 stu·
1966 566 2150 612 215512l322⁰¹⁰‘l?2².

1210 636 1262 669 dio
1287 636 1470 669 incumbere
1494 635 1660 676 deberent,
1685 634 1770 667 iuxta
1794 633 1951 666 fructuum
1967 617 2151 674 Effant‘tffi‘ss'ssussflff

1210 693 1240 723 ct
1264 689 1443 722 reddituum
1460 688 1641 721 huiusmodi
1659 687 1863 732 quantitatem
1883 696 1953 729 pro·
1967 673 2054 692 mmm
2071 671 2142 691 '‘nm‘'

1211 742 1463 786 portionabiliter
1475 742 1635 775 alerentur
1659 747 1689 775 et
1713 746 1952 774 manuteneren-

1213 801 1274 836 tur,
1292 801 1321 828 ct
1338 795 1396 829 sub
1409 795 1478 828 aliis
1495 795 1589 828 certis
1608 794 1842 828 conditionibus
1861 792 1954 826 licitis

1211 854 1241 882 et
1264 849 1414 890 honestis,
1429 849 1561 882 vinculis
1585 854 1616 882 et
1635 848 1785 882 oneribus
1813 852 1888 880 tunc
1905 856 1955 880 ex-

1211 904 1341 947 pressis]
1363 903 1564 943 instituisset;

1256 957 1271 999 ᾗ
1296 955 1325 989 7.
1350 958 1393 989 Ac
1418 956 1531 989 deinde
1556 957 1663 990 volens
1684 957 1749 1001 ipse
1769 961 1908 997 testator,
1925 960 1955 989 et
1985 965 2043 1003 *ipse
2065 967 2153 997 tesiam

1211 1009 1285 1041 dum
1309 1009 1412 1042 adhuc
1432 1009 1494 1041 vita
1518 1009 1686 1050 frueretur,
1710 1020 1770 1053 pro
1793 1008 1901 1042 tutiori
1925 1014 1956 1042 et
1971 997 2042 1039 32¹8,ss
2055 995 2154 1049 εῗῗειεῗῖἶ

1211 1061 1339 1096 certiori
1363 1061 1517 1106 propositi
1541 1061 1589 1095 sui
1613 1062 1797 1095 huiusmodi
1821 1061 1957 1106 comple-
1970 1044 2154 1117 {fdgi‘ssmmffi'ciiss

1212 1120 1328 1157 mento,
1346 1125 1474 1148 manum
1495 1115 1583 1159 operi
1608 1125 1666 1159 per
1690 1125 1723 1148 se
1748 1115 1853 1159 ipsum
1871 1113 1956 1147 adhi-
1971 1098 2154 1154 νῗέἑὶῖἶῗππᾶἓῖ

1211 1169 1298 1210 bere,
1308 1168 1466 1213 quoddam
1480 1168 1629 1212 palatium
1643 1169 1761 1202 Romae
1775 1168 1806 1201 in
1816 1167 1955 1211 Regione
1971 1153 2035 1171 ''m'‘

1212 1223 1364 1256 Montium
1397 1229 1427 1256 et
1457 1223 1562 1267 platea
1593 1223 1622 1256 S.
1649 1223 1731 1256 Petri
1763 1222 1803 1255 ad
1827 1222 1956 1255 Vincula

1213 1276 1325 1317 situm,
1357 1286 1415 1320 per
1440 1276 1545 1320 ipsum
1569 1286 1587 1309 a
1617 1276 1732 1309 dilecto
1762 1275 1828 1310 filio
1858 1275 1956 1309 nobili

1212 1330 1280 1364 viro
1300 1330 1415 1364 Ioanne
1439 1330 1569 1373 Giorgio
1593 1329 1761 1364 Caesarine
1791 1329 1871 1363 duce
1895 1340 1957 1362 em-

1212 1389 1300 1428 ptum
1315 1411 1322 1425 ,
1346 1385 1409 1417 una
1433 1394 1505 1417 cum
1536 1383 1771 1425 mansionibus,
1796 1394 1832 1417 ac
1864 1383 1956 1417 etiam

1213 1437 1428 1481 spheristerio,
1446 1448 1501 1471 seu
1517 1437 1592 1471 ludo
1609 1437 1702 1482 pilae,
1723 1437 1855 1482 aliisque
1876 1442 1957 1470 stan-

1213 1491 1264 1524 tiis
1288 1491 1518 1535 posterioribus
1550 1491 1651 1524 eidem
1680 1491 1796 1535 palatio
1820 1490 1954 1535 propin-

1213 1544 1293 1588 quis,
1317 1554 1441 1578 necnon
1465 1555 1538 1577 cum
1562 1544 1732 1585 viridariis,
1756 1543 1909 1577 membris
1927 1546 1958 1576 et

1214 1597 1412 1642 pertinentiis
1439 1598 1523 1631 illius
1547 1598 1703 1631 universis
1728 1597 1882 1642 (exceptis
1906 1603 1954 1630 ta-

1215 1661 1287 1684 men
1312 1651 1450 1695 quodam
1466 1661 1564 1695 parvo
1583 1651 1733 1684 viridario
1750 1651 1810 1684 sito
1826 1651 1858 1684 in
1874 1651 1958 1684 calce

1218 1704 1334 1738 montis
1358 1704 1499 1737 eiusdem
1530 1704 1560 1738 S.
1586 1704 1669 1737 Petri
1693 1704 1731 1736 ad
1756 1704 1904 1745 Vincula,
1928 1709 1955 1737 et

1215 1758 1360 1791 casaleno
1385 1757 1535 1800 contiguo
1551 1757 1589 1790 ad
1605 1768 1699 1791 usum
1716 1768 1883 1801 caprarum
1901 1757 1958 1791 ho-

1215 1812 1265 1845 die
1289 1811 1455 1852 destinato,
1473 1811 1659 1855 duabusque
1675 1811 1744 1844 aliis
1761 1811 1882 1845 stantiis
1899 1816 1959 1844 ter-

1216 1865 1320 1899 raneis
1344 1865 1438 1898 etiam
1464 1865 1631 1908 contiguis,
1649 1876 1720 1898 cum
1741 1865 1872 1898 stabulis
1896 1865 1960 1898 exi-

1216 1919 1370 1953 stentibus
1399 1919 1430 1951 in
1461 1918 1511 1953 via
1545 1919 1574 1952 S.
1601 1919 1820 1959 Pantaleonis,
1845 1919 1959 1952 dilecto

1216 1973 1310 2006 etiam
1334 1973 1400 2006 filio
1424 1974 1592 2007 Laurentio
1611 1973 1823 2006 Bonincontro
1842 1984 1900 2017 per
1917 1973 1961 2017 ip-

1217 2038 1286 2059 sum
1318 2032 1500 2060 testatorem
1534 2026 1784 2060 irrevocabiliter
1812 2027 1959 2069 donatis),

1217 2079 1301 2113 dicto
1325 2079 1444 2121 Ordini,
1471 2085 1502 2113 et
1525 2091 1584 2123 pro
1608 2090 1646 2113 eo
1672 2080 1780 2113 Ioanni
1805 2079 1959 2123 Baptistae

1218 2140 1245 2167 ct
1271 2135 1439 2168 Francisco
1459 2134 1610 2167 fratribus
1626 2133 1776 2177 professis
1792 2133 1959 2177 praedictis

1217 2187 1255 2219 ad
1280 2187 1427 2222 effectum
1453 2187 1528 2220 inibi
1554 2187 1718 2220 ecclesiam
1740 2192 1770 2220 et
1789 2187 1958 2230 collegium

1218 2240 1398 2274 huiusmodi
1424 2241 1563 2274 construi
1586 2240 1736 2282 faciendi,
1761 2251 1871 2274 amore
1895 2240 1959 2280 Dei,

1217 2298 1247 2326 ct
1272 2293 1312 2326 ob
1338 2294 1530 2337 singularem
1555 2305 1644 2327 suam
1669 2305 1745 2337 erga
1769 2294 1870 2338 ipsum
1893 2304 1962 2326 san-

1218 2353 1302 2380 ctum
1330 2349 1531 2382 Franciscum
1556 2349 1594 2382 de
1617 2349 1721 2389 Paula,
1743 2349 1890 2392 illiusque
1907 2348 1960 2382 Or-

1217 2400 1322 2433 dinem
1347 2401 1543 2445 praedictum
1568 2402 1799 2436 observantiam
1817 2408 1847 2435 et
1871 2402 1961 2435 devo-

1218 2454 1345 2495 tionem,
1366 2466 1401 2488 ac
1418 2467 1477 2500 pro
1493 2456 1672 2500 praedictae
1693 2466 1767 2490 suae
1793 2455 1960 2490 voluntatis

1217 2508 1427 2551 exequutione
1452 2509 1700 2543 irrevocabiliter
1717 2515 1747 2543 et
1775 2510 1857 2543 inter
1875 2509 1960 2542 vivos

447 2567 575 2590 suorum
601 2563 830 2601 exequutorum
855 2559 1183 2602 testamentariorum,
1217 2565 1373 2605 perpetuo
1397 2561 1543 2597 donasset
1552 2574 1559 2603 ;

447 2610 557 2643 saltem
571 2610 699 2644 maioris
712 2612 809 2655 partis
822 2612 959 2653 illorum,
974 2612 1184 2654 investiretur,

1263 2614 1277 2657 g
1302 2614 1330 2646 8.
1355 2615 1432 2648 Cum
1457 2626 1553 2649 onere
1578 2623 1607 2650 et
1631 2622 1722 2661 pacto
1747 2616 1827 2650 inter
1846 2621 1949 2649 cetera

1952 2643 1960 2657 5
1996 2639 2046 2660 Cum
2058 2645 2128 2665 onero,
2137 2643 2160 2661 ut

491 2663 505 2706 ξ
530 2663 558 2696 5.
584 2664 618 2696 Et
645 2665 688 2697 sic
714 2664 856 2697 investita
880 2671 1048 2707 perpetuo,
1067 2664 1186 2709 absque
1219 2667 1302 2710 quod
1328 2667 1445 2702 dictum
1471 2669 1622 2712 palatium
1651 2671 1745 2704 etiam
1775 2671 1844 2713 ipso
1868 2670 1962 2703 dona-
1975 2666 2063 2688 ΜΘΝ*
2086 2668 2158 2688 ‘²³⁰⁰‘
