2269 3235
923 257 1017 282 INDEX
1044 255 1174 281 nunnica
1182 256 1244 281 nUM

405 311 630 356 propagandae
656 311 687 345 in
713 320 750 345 eo
774 310 940 355 religionis
953 310 1058 345 callio-

405 365 494 407 lieae,
510 365 583 398 166.

317 417 435 452 LXVII.
452 418 652 452 Confirmatio
670 417 908 461 privilegiorum
924 417 1059 459 Congre-

404 473 540 515 gationis
566 472 690 505 loannis
716 471 773 504 Dei
799 470 857 504 sub
883 469 992 513 regula
1028 471 1057 502 S.

405 524 583 568 Augustini,
598 528 628 558 ct
651 525 895 557 communicatio
916 522 1055 556 indulto-

403 588 473 611 rum
508 577 683 612 Ordinibus
719 576 967 611 Mendieantium
983 603 990 617 ,
1029 579 1060 609 et

407 633 595 675 praesertim
608 631 853 673 Congregalioni
863 629 1057 663 Clericorum

404 687 600 729 regularium
630 684 875 717 Ministrantium
903 684 1057 723 infirmis,

408 748 583 782 eorumque
607 737 685 771 locis
711 740 742 770 et
767 737 910 780 personis
930 745 1060 769 eonces-

406 802 512 825 sorum
539 794 569 825 et
593 790 886 831 concedendorum,
913 790 987 823 168.

318 845 449 878 LXVIII.
476 845 675 887 Prorogatie,
701 854 758 877 seu
784 853 865 877 nova
896 844 1059 876 concessio

407 897 521 932 indulti
542 899 619 931 iuris
634 898 819 931 nominandi
836 896 875 931 ad
893 894 1061 930 eanonica-

406 956 455 987 tus
481 956 512 986 et
536 951 736 995 praebendas
761 953 971 985 ecclesiarum
1000 951 1059 985 Co-

404 1005 597 1039 loniensium
608 1007 722 1039 rectori
741 1006 958 1039 universitatis
971 1003 1061 1038 Colo-

409 1060 539 1100 niensis,
551 1058 685 1092 adiectis
710 1062 814 1092 tamen
837 1057 997 1091 nonnullis
1014 1057 1060 1089 le-

302 1150 307 1153 <
403 1111 499 1155 gibus
518 1120 576 1154 per
601 1112 778 1144 nominatos
792 1110 970 1151 servandiS‚
987 1110 1060 1143 171.

317 1163 421 1198 LXIX.
454 1164 656 1197 Confirmatio
680 1163 922 1208 privilegiorum
947 1163 1061 1197 Ordini

402 1217 535 1250 fratrum
559 1216 761 1250 Mluimorum
781 1217 812 1249 S.
834 1216 995 1249 Francisci
1021 1215 1060 1249 de

405 1270 502 1303 Paula
525 1279 760 1311 concessorum,
777 1270 850 1303 177.

322 1320 414 1356 LXX.
429 1323 528 1357 Lucas
544 1324 701 1357 Antonius
717 1322 806 1356 Virili
827 1323 1062 1356 commissarius

408 1376 601 1420 apostolicus
639 1376 830 1419 deputatur,
870 1379 902 1409 ut
938 1376 1064 1409 intersit

407 1431 485 1463 actis
510 1439 527 1463 a
551 1429 720 1463 Francisco
746 1429 843 1463 Maria
874 1429 913 1462 de
937 1429 1062 1463 Rovere

407 1483 518 1517 Urbini
532 1483 612 1517 duce
629 1483 784 1516 faciendis
799 1483 976 1528 litterisque
990 1484 1065 1516 5011-

408 1536 521 1570 bendis
546 1536 585 1570 ab
610 1538 693 1580 ipso,
720 1536 759 1570 ad
784 1536 944 1571 fidelitatis
973 1537 1063 1570 iura-

407 1593 550 1624 mentum
565 1589 604 1623 ab
621 1592 741 1623 arcium
758 1592 806 1623 sui
823 1590 954 1623 domimi
972 1600 1063 1634 prae-

407 1644 498 1677 fectis
512 1647 544 1677 et
560 1642 829 1686 gubernatoribus
847 1644 988 1677 locorum
1000 1644 1061 1678 Ro-

406 1706 500 1730 mano
517 1697 661 1730 Pontifici
687 1700 717 1731 et
741 1697 940 1730 reverendae
958 1706 1063 1730 came-

407 1759 462 1783 rae
479 1749 670 1794 apostolicae
695 1750 923 1794 praestandum
943 1759 1059 1784 neees-

408 1805 509 1845 sarus,
535 1803 609 1836 179.

321 1856 425 1890 LXXI.
436 1856 586 1901 Sequitur
602 1856 734 1891 facultas
748 1857 868 1891 eisdem
882 1857 1063 1901 apostolicis

409 1911 635 1944 commissariis
649 1911 826 1955 reeipiendi
843 1911 1002 1945 fidelitatis
1016 1914 1062 1945 iu-

411 1968 589 1998 ramentum
602 1974 618 1999 a
636 1965 913 2008 gubernatoribus,
928 1965 1061 2010 aliisque

409 2018 598 2052 officialibus
613 2019 717 2053 Status
728 2019 975 2063 111-1110150001αο
987 2020 1062 2053 Sedi

406 2072 610 2116 Apostolieae
636 2073 877 2116 praestandum,
900 2074 973 2107 179.

319 2126 436 2159 LXXII.
450 2126 605 2160 Devoluto
623 2127 662 2160 ad
677 2136 837 2161 cameram
855 2127 1061 2171 apostolicam

408 2178 521 2213 Urbini
544 2179 669 2223 ducatu,
707 2180 876 2214 mandatur
902 2181 1061 2214 nonnullis

410 2233 576 2278 delegatis,
602 2238 714 2268 curent
735 2245 788 2269 eos
813 2237 843 2268 10
871 2235 1017 2269 fortalitia
1033 2239 1063 2269 et

408 2295 497 2320 arces
523 2287 667 2321 eiusdem
693 2288 827 2322 ducatus
852 2288 989 2330 admitti,
1008 2290 1061 2333 qui

409 2339 448 2373 ab
473 2340 667 2374 haeredibus
692 2341 835 2375 defuncti
860 2342 951 2375 ducis
971 2342 1062 2375 Fran-

409 2394 485 2427 cisei
502 2394 618 2428 Mariae
643 2395 683 2428 (10
704 2395 829 2429 1101010
854 2396 893 2428 ad
918 2397 1062 2429 inventa-

409 2448 491 2481 rium
527 2450 771 2491 tormentorum,
797 2458 978 2491 armorum,
1004 2459 1058 2482 ce-

410 2504 613 2545 terarumque
631 2512 738 2536 rerum
756 2502 989 2537 confictendum
1007 2503 1062 2536 de-

410 2554 631 2598 signabuntur,
657 2557 731 2590 181.

321 2608 409 2642 Idem
424 2610 666 2653 sequentianno
677 2612 842 2653 negocium
861 2613 1063 2645 commissum

410 2661 527 2706 legitur
561 2667 730 2698 exarcatus
763 2664 935 2700 Ravennae
971 2674 1063 2709 prae-

1745 247 1809 282 717

1199 309 1281 351 sidi,
1307 313 1338 344 et
1364 311 1547 354 provinciae
1563 308 1723 343 Marchiae
1742 309 1856 351 guber-

1201 364 1312 404 natori,
1338 363 1437 397 altero
1455 364 1584 408 quidem
1601 363 1693 396 Brevi
1712 363 1856 396 eiusdem

1199 417 1349 460 exempli.
1364 418 1454 450 cuius
1471 426 1624 450 summam
1641 415 1856 450 tantummodo

1200 470 1403 503 referendum
1431 480 1501 503 esse
1522 471 1717 511 censuimus,
1738 470 1810 502 182.

1112 522 1249 556 LXXIII.
1267 523 1476 557 Confirmatur
1496 524 1658 557 decretum
1681 525 1765 567 regis
1783 523 1856 556 His-

1202 578 1367 620 paniarum
1382 579 1466 611 circa
1480 578 1606 610 modum
1619 576 1801 622 inquirendi
1816 576 1855 609 de

1201 628 1365 663 nobilitate
1383 634 1414 663 et
1433 632 1571 674 puritate
1589 632 1766 673 sanguinis,
1782 629 1855 662 182.

1114 680 1241 715 LXXIV.
1268 682 1436 716 Revocalis
1457 683 1545 717 Pauli
1559 683 1580 716 V
1597 683 1721 724 litteris,
1738 682 1855 727 quibus

1200 737 1381 779 provincias
1410 736 1449 768 (10
1487 736 1637 778 Peraiba,
1664 737 1854 778 itamaraca,

1200 788 1391 832 Riogrande‚
1411 793 1441 822 et
1466 789 1647 823 lilaranham
1670 791 1855 833 provinciae

1201 842 1241 875 de
1267 841 1488 876 Pernambueo
1523 844 1688 883 univerat,
1722 844 1855 877 eaedem

1201 897 1383 940 provinciae
1398 895 1552 929 ecelesiae
1569 896 1598 928 S.
1616 895 1786 930 Salvatoris
1804 906 1855 930 re-

1201 951 1383 991 stituuntur,
1400 949 1472 983 183.

1113 999 1227 1033 LXXV.
1253 1000 1416 1043 Impositio
1448 1000 1593 1034 decimae
1618 1011 1674 1044 pro
1704 1002 1856 1044 episeopo

1201 1053 1381 1097 Eystetensi
1399 1056 1430 1087 in
1448 1053 1511 1087 tota
1530 1055 1599 1088 eius
1617 1055 1769 1097 dioecesi,
1782 1055 1855 1088 185.

1112 1107 1245 1141 LXXVI.
1260 1106 1458 1149 Translatum
1475 1107 1681 1151 generalibus
1698 1117 1856 1142 armorum

1202 1161 1365 1194 Ferrariae
1379 1162 1428 1194 ius
1441 1171 1537 1204 super
1546 1160 1655 1195 militia
1666 1162 1855 1196 Bononiensi

1202 1214 1306 1258 legato
1330 1214 1522 1248 Bononiensi
1543 1216 1705 1257 asseritur,
1725 1216 1798 1249 189.

1114 1267 1264 1301 LXXVII.
1275 1267 1464 1311 Declaratio,
1476 1268 1560 1313 quod
1574 1268 1772 1312 indulgentia
1787 1269 1857 1302 Por-

1204 1322 1363 1355 tiunculae
1389 1322 1447 1355 1100
1471 1331 1554 1355 anno
1587 1326 1696 1356 sancto
1724 1332 1786 1356 non
1811 1332 1858 1356 re-

1204 1379 1344 1418 vocatur,
1362 1376 1434 1409 189.

1115 1429 1278 1463 LXXVIII.
1303 1429 1348 1463 Ne
1363 1430 1476 1464 fratres
1493 1431 1653 1464 reformati
1666 1430 1857 1465 Discalceati

1202 1483 1426 1517 Sanctissimae
1440 1484 1601 1518 Trinitatis
1618 1484 1857 1528 Redemptionis

1202 1539 1396 1581 captivorum
1421 1537 1594 1582 Hispaniae
1620 1542 1689 1582 post
1709 1540 1857 1572 emissam

1203 1591 1442 1634 professionem,
1468 1591 1526 1625 sub
1551 1594 1664 1636 quevis
1680 1596 1857 1636 praetextu,

1202 1648 1365 1679 transeant
1385 1645 1423 1678 ad
1446 1645 1524 1679 alios
1550 1656 1768 1690 quoscumque
1797 1645 1857 1682 Or-

1203 1695 1302 1738 dines,
1323 1698 1419 1730 etiam
1445 1697 1574 1731 fratrum
1600 1698 1801 1732 Minimorum
1826 1698 1855 1732 S.

1202 1748 1362 1783 Francisci
1388 1750 1427 1783 de
1454 1751 1708 1795 Paula,excepte
1726 1751 1859 1786 Carthu-

1202 1805 1363 1838 siauorum
1389 1804 1520 1847 Ordine,
1540 1806 1613 1839 190.

1114 1857 1241 1890 LXXIX.
1256 1858 1398 1892 Facultas
1409 1858 1511 1892 Lucae
1527 1859 1663 1893 Antonio
1673 1859 1763 1893 Virili
1779 1870 1858 1894 eom*

1202 1913 1347 1946 missario
1373 1913 1543 1956 apostolico
1568 1915 1599 1946 in
1628 1913 1776 1947 dominiis
1805 1914 1859 1948 du-

1202 1967 1248 1998 cis
1273 1965 1384 1999 Urbini
1409 1966 1540 2000 creandi
1566 1968 1713 2009 notarios,
1729 1967 1803 2001 191.

1114 2011 1230 2053 LXXX.
1255 2019 1450 2053 Beatiticatie
1476 2019 1668 2053 venerabilis
1690 2020 1780 2054 Servi
1797 2019 1856 2053 Dei

1201 2072 1307 2106 Iacchi
1333 2073 1372 2106 de
1396 2073 1544 2115 Marchia,
1570 2074 1701 2108 Ordinis
1726 2074 1858 2108 fratrum

1201 2126 1356 2160 Minorum
1383 2129 1483 2160 sancti
1505 2127 1664 2161 Francisei
1683 2128 1722 2161 (10
1740 2127 1857 2163 Obser-

1203 2182 1318 2221 vantia,
1345 2180 1406 2214 una
1432 2191 1504 2214 cum
1530 2184 1735 2215 concessione
1767 2182 1853 2215 cele-

1202 2233 1315 2268 brandi
1341 2234 1379 2267 de
1398 2245 1434 2267 eo
1450 2237 1577 2269 missam
1599 2239 1629 2268 et
1649 2236 1790 2268 officium
1816 2235 1856 2269 de

1202 2289 1360 2320 communi
1386 2287 1608 2322 Confessorum
1646 2299 1706 2321 non
1734 2289 1857 2322 Pontifi-

1202 2351 1273 2374 cum
1299 2343 1329 2374 in
1355 2340 1489 2375 ecelesia
1515 2342 1590 2375 dieti
1618 2341 1769 2383 Ordinis,
1802 2342 1855 2376 ubi

1201 2404 1315 2438 corpus
1341 2396 1408 2428 eius
1433 2397 1613 2442 requiescit,
1631 2396 1700 2429 192.

1113 2449 1245 2483 LXXXI.
1282 2449 1441 2483 Indultum
1475 2450 1630 2484 recitandi
1663 2451 1801 2484 osticium
1826 2455 1857 2486 et

1201 2503 1385 2537 celebrandi
1423 2505 1551 2537 missam
1578 2504 1617 2537 de
1642 2503 1735 2539 beata
1766 2504 1857 2539 Clara

1202 2557 1241 2591 de
1266 2558 1369 2592 Monte
1395 2558 1521 2592 Falellio
1547 2558 1678 2594 Ordinis
1703 2559 1855 2593 Eremita-

1202 2622 1271 2645 rum
1303 2614 1402 2645 saneti
1437 2612 1617 2656 Augustini,
1644 2623 1700 2657 pro
1725 2612 1855 2648 Ordinis

1201 2665 1356 2709 praedicti
1367 2665 1515 2701 fratribus
1528 2670 1558 2701 et
1571 2667 1771 2709 monialibus,
1783 2667 1855 2701 192.
