2269 3235
121 216 170 243 An.
187 213 215 242 C.
238 212 305 241 1626

173 2151 297 2171 Huiusmodi

116 2177 202 2197 decreta
224 2177 298 2198 contir-

115 2206 158 2224 mat.
173 2203 276 2225 Urbanus.

932 213 1072 237 URRANUS
1098 214 1153 237 VIII
1178 214 1224 237 I‘I'.

316 260 475 301 nasterio,
502 265 623 294 tenente
656 261 791 305 capitulo
823 262 983 305 generali,
1008 262 1056 294 die

319 324 351 348 iv
377 313 453 354 iulii,
471 324 552 348 anno
576 315 699 348 Domini
725 326 864 349 nnnxxv.

360 367 533 411 Signatum,
548 370 717 403 Romanus
732 369 786 402 I‘P.
801 367 1056 411 archiepiscopus

317 422 517 455 Bituricensis
531 434 538 462 3

361 476 492 509 ANDREA
518 486 559 509 nu
584 476 667 515 VAL3

360 530 514 563 CLAunius
535 529 694 562 GUtLLMN.

361 585 400 618 Et
421 585 529 627 infra:
548 583 591 616 De
605 581 750 614 mandato
768 581 897 625 praefati
916 581 1057 613 illustris-

318 638 389 671 simi
425 643 455 671 et
489 635 741 670 reverendissimi
778 634 901 668 Domini
936 634 968 666 D.
995 634 1055 667 mei

318 692 467 732 BOISSEU,
484 695 514 723 et
530 689 701 732 sigillatum
725 687 757 720 in
781 689 853 721 cera
879 687 988 720 rubra.

361 771 442 804 Loco
466 772 489 810 †
514 768 618 811 sigilli.

358 852 451 885 Item.
469 850 532 883 Nos
548 849 718 890 Rotandus,
736 849 790 882 Dei
816 854 846 882 ct
866 854 990 882 sanctae
1008 849 1057 882 Se-

314 904 361 937 dis
384 904 583 948 Apostolicae
608 903 708 946 gratia
732 903 988 947 archiepiscopus
1014 903 1057 935 Βί-

315 957 490 1000 turicensis,
504 957 683 1001 patriarcha
693 962 722 989 et
734 956 852 1000 primas
864 956 1055 1000 Aquitaniae,

316 1011 550 1045 commissarius
564 1010 770 1054 etdeputatus
791 1010 829 1042 ab
844 1010 1056 1043 illustrissimo

315 1070 345 1098 et
373 1064 636 1098 reverendissimo
668 1064 801 1097 Domino
833 1064 866 1096 D.
899 1064 1056 1096 cardinale

316 1119 487 1152 Barberino
512 1123 702 1162 nuncupato,
718 1118 749 1150 in
770 1117 901 1151 Galliam
919 1128 936 1150 a
960 1118 1055 1151 latere

316 1175 429 1216 legato,
447 1172 485 1205 ad
505 1171 747 1216 praesidendum
762 1171 898 1215 capitulo
916 1172 1054 1214 generali

316 1226 570 1269 congregationis
594 1225 821 1258 Tertiariorum
854 1236 924 1258 cum
950 1226 1051 1268 magi-

315 1286 380 1315 stro
400 1280 524 1313 Andrea
541 1280 583 1313 du
600 1280 663 1321 Vat²
682 1279 810 1312 doctore
836 1280 1008 1313 Sorbonico
1027 1285 1056 1313 ct

314 1334 403 1378 regio
422 1333 598 1376 theologiae
616 1334 806 1377 prostssore,
822 1339 850 1366 ct
864 1339 953 1377 patre
970 1334 1056 1367 Clau-

314 1388 365 1422 dio
378 1387 521 1428 Guiltain,
536 1387 719 1431 presbytero
733 1387 895 1420 Societatis
912 1388 991 1427 lesu,
1009 1398 1056 1419 su-

313 1453 369 1486 pcr
393 1442 575 1486 quaestione
599 1452 617 1473 a
640 1441 797 1474 nonnullis
815 1442 910 1483 mota,
928 1452 966 1473 an
986 1452 1056 1484 pro-

312 1495 462 1528 fessiones
479 1494 663 1528 monialium
688 1495 785 1538 ipsius
801 1495 1055 1537 congregationis

312 1549 539 1582 Tertiarioruni
565 1548 684 1581 validae
708 1553 810 1581 essent
827 1554 855 1581 et
874 1555 969 1589 ratae,
986 1559 1056 1581 cen-

313 1603 433 1635 suimus
457 1607 487 1636 et
511 1602 718 1635 iudicavimus
748 1612 799 1634 eas
823 1602 940 1634 validas
965 1613 1032 1635 esse
1047 1629 1054 1642 ,

311 1667 369 1690 nec
389 1656 421 1689 in
438 1655 569 1689 dubium
594 1656 658 1688 ullo
680 1656 774 1688 modo
792 1666 885 1700 posse
902 1657 1053 1689 revocari.

311 1710 423 1742 Datum
444 1709 475 1741 in
498 1709 660 1753 praedicto
681 1708 817 1752 capitulo
838 1709 988 1752 generali,
1005 1709 1054 1742 die

314 1773 344 1796 1v
370 1763 438 1796 iulii
463 1773 544 1796 anno
569 1762 693 1796 Domini
718 1772 858 1796 Mncxxv.

358 1816 539 1860 Signatum,
564 1817 734 1850 RoLANnus
760 1816 814 1849 ΡΙ).
841 1816 1054 1861 archiepisco-

314 1881 375 1915 pus
399 1870 619 1911 Bituricensis3

357 1924 391 1957 A.
417 1923 459 1956 du
482 1924 546 1964 val,
570 1924 724 1957 Cmumus
745 1923 905 1958 GL'ILLAIN.

356 1977 398 2011 Ει
418 1978 527 2021 infra:
544 1978 586 2010 De
604 1977 750 2011 mandato
763 1978 894 2022 praefati
912 1978 1056 2012 illustris-

312 2031 383 2064 simi
400 2041 435 2064 ac
452 2031 669 2064 revendissimi
686 2032 809 2065 Domini
837 2033 869 2065 D.
888 2033 951 2065 mei
968 2033 1054 2066 Bois-

313 2096 378 2127 seu,
400 2091 429 2119 et
454 2086 624 2129 sigillatum
650 2086 681 2119 in
706 2088 779 2119 cera
804 2087 908 2120 rubra.

357 2140 372 2184 §j
396 2139 426 2172 4.
451 2140 525 2181 Nos,
539 2139 696 2173 dictorum
711 2139 910 2174 decretorum
929 2141 1054 2175 iuviola-

312 2193 370 2226 bili
383 2193 525 2226 firmitati
540 2198 690 2237 quantum
709 2205 780 2227 cum
793 2194 925 2228 Domino
944 2206 1054 2239 possu-

314 2257 384 2280 mus
412 2248 594 2289 consulere,
626 2254 655 2281 et
680 2248 803 2282 Ordinis
831 2254 861 2282 et
883 2260 1054 2293 congrega·

316 2300 410 2334 tionis
446 2302 680 2346 praedictorum
716 2303 828 2337 fratres
864 2304 1052 2348 specialibus

312 2354 470 2389 favoribus
500 2361 530 2389 et
554 2357 662 2400 gratiis
686 2358 835 2402 prosequi
856 2359 1005 2402 volentes,
1023 2364 1052 2391 et

313 2419 423 2443 eorum
437 2409 610 2453 singulares
628 2422 779 2455 personas
793 2423 810 2444 a
824 2412 985 2456 quibusvis
999 2423 1050 2446 ex-

314 2463 615 2505 communicationis,
640 2466 854 2510 suspensionis
875 2471 905 2498 et
920 2466 1050 2499 interdi-

312 2517 362 2560 cti,
378 2517 509 2561 aliisque
526 2518 742 2554 ecclesiasticis
760 2521 930 2562 sententiis,
944 2531 1051 2554 censu-

275 2597 278 2601 .
310 2571 355 2604 ris
372 2576 402 2604 et
417 2571 535 2615 poeniS,
549 2582 567 2605 a
580 2572 648 2606 iure
667 2574 715 2606 vel
731 2574 769 2606 ab
786 2575 923 2617 homine,
942 2575 1049 2618 quavis

311 2625 475 2660 occasione
496 2626 544 2659 vel
568 2629 661 2660 causa
685 2628 766 2669 latis,
794 2629 819 2662 si
840 2629 954 2673 quibus
974 2640 1049 2673 quo-

399 2688 477 2717 Bull.
497 2688 580 2717 Rom.
596 2704 631 2708 —
648 2689 803 2725 Vol2XIIl.
967 2691 1001 2719 65

1092 262 1262 295 modetibet
1282 262 1446 295 innodatae
1468 261 1610 303 existunt,
1629 262 1664 292 :ut
1685 263 1829 295 etit-vtum

1090 315 1300 357 praesentiunt
1319 316 1479 349 dumtaxat
1495 315 1762 358 consequendum,
1782 316 1832 347 ha-

1302 368 1497 401 ahsotrentes
1529 373 1559 400 ot,
1583 368 1739 401 absolutas
1765 370 1830 400 t'ore

1090 426 1262 461 censentes,
1279 421 1562 464 supplicationibus
1580 421 1652 455 dieti
1674 421 1829 454 Ambrosii

1091 379 1159 399 rum
1185 368 1266 400 rerie

1090 473 1180 505 nobis
1205 485 1300 516 super
1325 475 1384 505 hoe
1411 475 1571 507 humiliter
1605 475 1758 519 porrectis
1784 475 1830 507 in-

1090 527 1205 567 clinati,
1223 527 1348 559 decreta
1374 528 1576 571 praeinserti‘i,
1594 529 1763 572 apostoliea
1782 540 1831 561 au-

1090 580 1256 621 ctoritate,
1287 586 1393 613 tenore
1419 582 1648 624 praesentium,
1676 588 1830 626 perpetuo

1090 634 1303 677 approbamus
1328 638 1357 667 et
1381 635 1622 674 contii·111amus;
1645 636 1766 678 illisque
1790 636 1831 668 in-

1091 687 1244 720 violabilis
1264 688 1452 731 apostolicae
1470 687 1625 721 tirmitatis
1644 689 1742 721 robur
1759 689 1832 721 adii-

1091 740 1211 780 cimus,
1237 752 1272 774 ac
1297 752 1406 774 omnes
1432 746 1461 773 et
1485 741 1625 783 singulos
1657 747 1718 773 tam
1755 743 1831 775 iuris

1091 804 1184 837 quam
1198 794 1269 827 sacti
1284 795 1375 827 etiam
1400 795 1617 827 substantiales
1634 796 1831 838 quantumvis

1091 848 1240 889 defectus,
1266 849 1290 881 si
1317 849 1370 892 qui
1396 849 1505 882 inillis
1530 850 1635 882 forsan
1660 849 1831 882 intervene-

1090 902 1162 943 rint,
1188 903 1379 947 supliulemus.

1135 957 1149 1000 ξ
1175 957 1202 989 5.
1229 958 1458 999 Dee-eruentes,
1485 962 1665 1001 praesentes
1690 957 1830 998 litteras,

1089 1021 1146 1044 nee
1163 1021 1226 1044 non
1243 1011 1368 1044 decreta
1396 1012 1555 1055 praedicta
1572 1023 1696 1055 semper
1713 1017 1741 1044 et
1762 1023 1831 1055 per-

1090 1069 1184 1108 petuo
1200 1065 1310 1105 valida,
1328 1066 1420 1098 tirma
1438 1070 1467 1097 ct
1483 1066 1619 1099 efficacia
1645 1066 1777 1098 existere
1803 1069 1832 1099 et

1090 1118 1166 1158 sore,
1193 1129 1328 1161 suosque
1355 1119 1514 1162 plenarios
1539 1124 1568 1151 et
1593 1119 1733 1162 integros
1757 1119 1831 1152 effe-

1090 1176 1158 1204 ctus
1184 1172 1289 1204 sortiri
1314 1177 1343 1205 et
1368 1173 1531 1213 obtinere,
1560 1184 1595 1205 ac
1620 1174 1658 1205 ab
1684 1173 1830 1206 omnibus

1090 1229 1119 1257 et
1143 1225 1274 1268 singulis
1308 1226 1464 1259 dictorum
1495 1227 1619 1260 Ordinis
1645 1232 1672 1259 et
1699 1238 1831 1270 congre-

1089 1279 1223 1321 gationis
1243 1279 1401 1320 fratribus,
1420 1280 1551 1324 aliisque
1569 1281 1830 1325 quibuscuinque,

1090 1333 1127 1365 ad
1151 1344 1230 1376 quos
1254 1344 1337 1366 nunc
1362 1339 1479 1377 spectat
1499 1339 1529 1366 ct>
1550 1335 1579 1367 in
1605 1337 1745 1367 t'uturum
1767 1346 1831 1379 spc-

1090 1387 1195 1426 ctabit,
1210 1387 1432 1420 inviolabiliter
1449 1388 1628 1428 observari,
1647 1389 1753 1432 sicque
1774 1400 1830 1432 per

1089 1452 1305 1484 quoscumque
1330 1441 1448 1473 iudices
1469 1441 1645 1475 ordinarios
1662 1448 1692 1474 et
1709 1443 1832 1485 delega-

1091 1500 1147 1535 tos,
1166 1495 1258 1527 etiam
1284 1506 1449 1527 causarum
1470 1495 1575 1539 palatii
1601 1496 1763 1539 apostotici
1780 1507 1831 1529 au-

1089 1548 1227 1589 ditores,
1253 1548 1384 1581 iudicari
1414 1555 1444 1581 et
1474 1549 1598 1582 deliniri
1628 1550 1763 1590 debere,
1796 1562 1832 1583 ac

1090 1601 1215 1634 irritum
1240 1607 1268 1634 ct
1306 1601 1396 1635 inane
1426 1603 1578 1646 quidquid
1612 1614 1700 1636 secus
1736 1614 1831 1647 super

1089 1655 1137 1687 his
1155 1666 1172 1687 a
1192 1666 1362 1699 quoquam,
1384 1656 1493 1700 quavis
1519 1657 1715 1697 auctoritate,
1733 1658 1831 1690 scien-

1089 1715 1137 1742 ter
1161 1710 1210 1743 vel
1236 1710 1429 1752 ignoranter,
1447 1710 1615 1753 contigerit
1640 1712 1794 1744 attentari.

1133 1764 1147 1807 ἓ
1172 1763 1200 1797 G.
1227 1759 1380 1802 Quocirca
1416 1764 1647 1797 vencrabililms
1681 1766 1831 1799 fratribus

1089 1817 1336 1862 archiepiscopis
1354 1822 1383 1851 et
1403 1819 1560 1863 episcopis
1578 1819 1608 1852 in
1622 1830 1720 1863 regno
1738 1821 1832 1853 Fran-

1089 1873 1155 1904 ciae
1180 1872 1382 1906 existentibus
1405 1883 1462 1916 per
1486 1879 1666 1917 praesentes
1691 1874 1832 1907 commit-

1089 1926 1184 1958 timus
1209 1931 1239 1959 ct
1263 1926 1465 1968 mandamus,
1491 1932 1644 1971 quatenus
1670 1928 1749 1971 ipsi,
1784 1928 1830 1961 vel

1089 1980 1161 2021 duo,
1180 1984 1233 2013 aut
1249 1991 1330 2013 unus
1348 1991 1469 2022 corum,
1494 1992 1552 2025 per
1576 1993 1627 2023 sc,
1652 1982 1698 2014 vet
1724 1982 1830 2025 alimn,

1089 2045 1143 2067 seu
1168 2035 1254 2075 altos,
1282 2040 1463 2079 praesentes
1490 2035 1630 2076 litteras,
1656 2040 1683 2069 ct
1709 2036 1830 2079 quoties

1088 2099 1145 2132 pro
1166 2094 1256 2132 parte
1273 2088 1407 2121 fratrum
1426 2088 1550 2122 Ordinis
1569 2094 1598 2121 et
1616 2090 1831 2132 congregatio-

1087 2143 1135 2175 nis
1159 2143 1396 2186 praedictorum
1421 2143 1537 2176 suerint
1563 2143 1726 2186 requisiti,
1753 2144 1831 2177 solc-

1088 2197 1201 2230 n‘initer
1225 2196 1453 2240 pubblicantcs,
1472 2197 1579 2240 eisque
1598 2197 1628 2229 in
1648 2197 1830 2240 praemissis

1088 2251 1222 2284 efficacis
1247 2250 1435 2284 defensionis
1459 2250 1615 2294 praesidio
1640 2251 1830 2293 assistentes,

1088 2304 1200 2337 saciant
1224 2305 1409 2337 auctoritate
1430 2306 1538 2338 nostra
1561 2304 1687 2337 decreta
1708 2305 1831 2348 praedi-

1087 2364 1136 2391 cta
1161 2358 1198 2391 ab
1225 2358 1389 2401 omnibus,
1411 2358 1448 2391 ad
1476 2368 1554 2402 quos
1580 2363 1715 2401 spectat,
1736 2357 1832 2391 invio-

1087 2412 1223 2445 labiliter
1252 2412 1431 2453 observari,
1462 2412 1709 2446 contradictores
1735 2423 1830 2456 quos-

1087 2467 1161 2500 libet
1186 2471 1215 2499 et
1239 2467 1373 2500 rebelles
1398 2477 1455 2510 per
1480 2466 1659 2507 sententias,
1681 2477 1829 2499 censuras

1086 2526 1115 2554 et
1128 2531 1246 2565 poenas
1263 2521 1499 2561 ecclesiasticas,
1514 2521 1635 2564 aliaque
1650 2525 1830 2565 opportuna

1084 2574 1161 2607 iuris
1186 2578 1214 2608 et
1238 2574 1309 2607 facti
1335 2574 1482 2617 remedia,
1501 2574 1711 2618 appellatione
1736 2579 1827 2618 post-

1080 2627 1195 2672 posita,
1221 2628 1467 2672 compescendo,
1493 2628 1636 2662 invocato
1662 2628 1757 2662 etiam
1787 2628 1826 2661 ad

1734 203 1797 237 513
1844 214 1894 241 An.
1909 214 1937 241 c.
1959 214 2027 242 1626

1874 973 1982 993 stamma:
1992 977 2029 995 pro

1855 1004 1987 1020 uomentium·
1998 998 2029 1017 tit·-

1846 1031 1917 1048 iuitatc
1936 1026 2028 1052 apponit.

1886 1778 2032 1804 Exequutoros

1847 1805 1942 1831 deputat.
