2269 3235
234 268 284 293 A-n.
301 268 329 293 (Σ.
353 266 420 293 1625

272 859 415 887 aperiendos-

230 893 271 914 que
305 887 414 908 Ecclesiae

229 915 348 936 thesauros.

236 1249 253 1279 ιιι
266 1250 330 1280 Duum
347 1248 413 1285 pravi-

339 1292 356 1307 w
375 1294 413 1306 ..‚-..
429 1274 527 1306 Patris
545 1278 574 1307 et
591 1274 659 1306 Filii
678 1279 707 1309 et
727 1275 860 1319 Spiritus
881 1276 990 1317 saneti,
1008 1286 1118 1308 omnes
1138 1282 1168 1308 et

229 1266 255 1335 ἵζ’

274 2048 351 2073 Bisque
381 2047 414 2067 liic

230 2077 361 2100 pracsrrwla
392 2080 413 2093 a·

231 2101 334 2126 gentihus,
348 2100 413 2120 indul-

231 2130 321 2152 gentiam
344 2128 413 2152 plena-

231 2154 282 2174 riam
297 2154 404 2179 elargitur.

466 257 530 290 316

432 315 555 347 Patrem
570 313 869 355 misericordiarum,
883 323 975 356 quem
991 313 1168 356 iniquitates

431 373 556 402 nostrae
581 368 611 400 in
636 368 715 400 iram
746 367 1001 407 concitaverunt,
1027 366 1169 399 contritis

432 427 461 454 ct
487 422 656 455 humiliatis
688 421 837 454 cordibus
871 421 1015 453 ducimus
1046 420 1165 453 adeun-

431 475 515 517 dum,
535 481 567 508 ut
591 476 622 507 in
647 480 764 518 gentes,
787 485 866 518 quae
895 485 966 507 eum
991 485 1053 508 non
1079 484 1170 508 nove-

431 534 513 568 runt,
530 539 592 561 non
610 529 641 561 in
661 528 742 561 lilios
763 528 842 561 iram
860 539 947 561 suam
966 528 1115 569 effundat,
1135 533 1169 561 ut

430 581 633 624 recordetur,
659 582 733 625 quia
762 592 836 615 caro
861 587 953 623 sunt,
979 592 1036 615 nec
1060 587 1169 615 eontra

430 634 548 675 folium,
569 635 653 678 quod
681 640 772 668 vento
798 636 929 679 rapitur,
951 635 1094 669 ostendat
1117 645 1170 678 po-

431 687 557 720 tentiam
583 698 686 730 suam,
718 692 752 722 ut
777 694 916 721 exortam
943 688 1029 722 sedet
1053 693 1170 732 tempe-

429 744 551 782 statem,
569 744 682 774 statuat
701 742 872 785 procellam
904 742 970 775 eius
994 742 1025 775 in
1049 752 1167 784 auram,

429 798 459 826 et
482 793 591 828 sileant
615 794 728 827 fluctus
752 795 829 828 eius.

474 847 489 891 ξ
506 846 535 879 4.
554 848 620 881 Hoc
636 853 738 881 autem
756 853 789 881 ut
806 848 994 882 fructuosius
1012 853 1041 881 et
1057 848 1168 882 maiori

430 911 501 934 cum
533 901 659 944 spiritus
689 901 802 934 ardore
827 906 1013 944 peragatur,
1045 912 1082 933 ex
1111 912 1165 934 ve-

430 954 488 987 teri
503 954 660 987 Ecclesiae
681 955 839 987 Romanae
856 955 997 987 omnium
1015 954 1123 986 matris
1140 957 1170 988 et

429 1008 597 1050 magistrae
622 1018 711 1041 more
724 1035 731 1048 ,
750 1008 781 1039 in
801 1008 1021 1051 praesentibus
1037 1008 1170 1041 necessi-

428 1061 544 1094 tatibus
558 1061 595 1093 ad
615 1061 755 1094 eiusdem
776 1061 929 1094 Ecclesiae
954 1062 1092 1095 thesauri
1112 1062 1169 1094 lar-

428 1124 499 1157 gam
520 1114 783 1158 dispensationem
808 1126 866 1158 pro
890 1119 998 1148 nostro
1017 1115 1169 1159 pastorali

428 1178 558 1201 munere
574 1168 819 1211 confugiendum
841 1168 997 1201 duximus.

472 1222 487 1265 g
512 1221 540 1253 5.
567 1221 685 1265 Itaque,
702 1233 739 1255 ex
758 1226 845 1265 parte
871 1213 1095 1265 omnipotentis
1114 1222 1167 1255 Dei

428 1327 568 1369 singulos
593 1328 758 1372 utriusque
783 1339 875 1361 sexus
896 1328 1115 1361 christifideles
1137 1329 1167 1361 in

428 1381 510 1413 alma
534 1381 619 1414 Urbe
636 1384 744 1415 nostra
765 1382 961 1423 constitutos,
983 1382 1167 1416 auctoritate

426 1435 608 1478 apostoliea,
633 1440 772 1479 paterne,
798 1435 951 1479 enixeque
976 1436 1167 1480 requirimus

427 1493 456 1520 et
481 1498 646 1521 monemus
670 1499 705 1521 ac
730 1489 761 1521 in
785 1489 918 1522 Domino
943 1489 1109 1522 hortamur
1130 1488 1167 1521 ad

428 1541 625 1585 infrascripta
649 1542 761 1576 devote
785 1542 1001 1586 peragendum
1022 1548 1053 1575 et
1068 1542 1168 1575 adim-

427 1595 586 1638 plendum,
612 1606 734 1629 necnon
759 1596 796 1628 ad
821 1597 887 1639 pias
913 1607 948 1629 ac
972 1597 1108 1630 fervidas
1130 1597 1168 1630 ad

428 1650 620 1682 Altissimum
645 1660 756 1693 preces
788 1650 1030 1691 effundendum,
1055 1657 1089 1684 ut
1112 1661 1169 1695 per

428 1702 546 1735 viscera
561 1703 795 1736 misericordiae
809 1714 882 1736 suae
900 1704 1071 1737 Ecclesiam
1090 1705 1169 1737 exal-

428 1759 503 1796 tare,
521 1767 652 1799 eamque
673 1757 710 1789 ab
732 1757 869 1791 hostium
895 1758 1060 1791 conatibus
1077 1762 1107 1792 et
1126 1758 1169 1791 in-

428 1808 514 1841 sidiis
530 1809 707 1850 defendere,
721 1811 876 1843 haeresim
895 1811 1065 1855 extirpare,
1085 1812 1169 1855 prin-

428 1863 549 1906 cipibus
574 1863 752 1896 christianis
776 1875 886 1907 pacem
912 1870 941 1897 et
967 1876 1073 1897 veram
1098 1876 1170 1898 con-

428 1915 567 1949 cordiam
592 1916 720 1956 donare,
738 1927 773 1949 ac
797 1917 828 1949 in
853 1918 1092 1951 necessitatibus
1116 1918 1169 1951 hu-

429 1969 564 2002 iusmodi
588 1969 755 2002 subvenire
779 1970 935 2012 dignetur.

473 2024 488 2066 §
512 2023 541 2055 6.
566 2024 628 2057 Nos
648 2023 733 2056 enim
754 2024 977 2067 omnipotentis
1002 2024 1056 2056 Dei
1078 2025 1170 2057 mise-

429 2076 566 2110 ricordia
590 2087 625 2109 ac
650 2077 816 2110 beatorum
844 2077 923 2111 Petri
943 2083 972 2110 et
991 2077 1078 2110 Pauli
1099 2089 1169 2122 apo-

430 2130 584 2162 stolorum
609 2129 674 2162 eius
699 2130 885 2163 auctoritate
909 2130 1029 2171 contisi,
1055 2141 1091 2163 ex
1116 2131 1168 2164 illa

430 2184 546 2227 ligandi
560 2190 652 2228 atque
670 2186 810 2218 solvendi
827 2189 989 2229 potestate,
1007 2196 1101 2229 quam
1116 2196 1169 2219 no-

430 2239 477 2271 bis
501 2238 662 2279 Dominus,
680 2239 800 2272 meritis
818 2239 889 2272 licet
906 2238 1035 2271 minime
1056 2238 1168 2271 suffra—

428 2292 594 2333 gantibus,
627 2292 774 2333 contulit,
804 2292 958 2325 universis
983 2297 1012 2325 et
1037 2291 1168 2335 singulis

429 2345 685 2379 christifidelibus
716 2346 747 2377 in
778 2346 861 2378 alma
896 2346 978 2379 Urbe
1006 2345 1168 2389 praedicta

428 2398 624 2442 degentibus,
638 2399 691 2443 qui
708 2399 840 2432 solemni
854 2399 1060 2443 processioni,
1074 2409 1167 2443 quam

428 2464 443 2484 a
461 2452 590 2486 basilica
608 2453 762 2496 Principis
782 2453 1000 2497 apostolorum
1017 2452 1054 2485 ad
1073 2453 1169 2486 ecclc-

429 2505 503 2538 siam
523 2506 550 2538 Ξ,
569 2506 682 2539 Mariae
700 2506 933 2550 Transtyberim
959 2506 1036 2539 feria
1057 2507 1168 2549 quarta

429 2560 585 2601 sequentis
609 2560 837 2599 hebdomadae,
855 2562 916 2592 una
942 2570 1012 2592 cum
1038 2569 1167 2592 venera-

429 2612 543 2644 bilibus
568 2613 715 2645 fratribus
740 2613 855 2645 nostris
873 2614 900 2645 S.
920 2614 954 2645 R.
974 2613 1005 2645 E.
1030 2612 1168 2645 cardina-

429 2666 525 2708 libus,
553 2666 860 2710 christianorumque
894 2678 1004 2710 regum
1032 2671 1060 2700 ct
1086 2667 1167 2711 prin-

1008 265 1185 289 RULLARIUM
1210 265 1364 289 ROMANUM

1954 264 2005 293 An.
2025 265 2055 293 C.
2073 265 2140 294 1625

1203 313 1309 356 cipum
1339 312 1421 357 apud
1454 322 1510 346 nos
1534 318 1564 345 et
1587 312 1698 346 Sedem
1731 312 1941 357 Apostolicam

1203 365 1392 406 oratoribus,
1418 365 1564 399 omnibus
1589 365 1736 409 praelatis
1756 371 1786 399 et
1805 366 1942 410 proceri-

1202 419 1270 461 bus,
1284 419 1495 462 univcrsoque
1512 418 1596 452 clero
1613 424 1643 452 et
1658 419 1784 463 populo,
1802 429 1941 462 agemuS,

1203 467 1422 515 interfuerint,
1448 473 1495 506 vel
1520 473 1573 517 qui
1601 472 1712 506 eadem
1744 472 1941 506 hebdomada

1202 526 1363 560 basilicam
1389 532 1419 559 ct
1443 526 1607 560 ecclesiam
1632 525 1811 559 huiusmodi
1833 526 1941 559 saltem

1204 581 1298 613 semel
1312 580 1515 621 visitaverint,
1530 580 1635 624 ibique
1651 579 1771 621 devote,
1788 583 1822 614 ut
1837 590 1941 624 supra,

1202 633 1301 666 Deum
1326 633 1500 676 oraverint,
1526 643 1648 667 necnon
1676 633 1753 667 feria
1777 636 1889 677 quarta
1913 638 1943 666 et

1204 687 1291 718 sexta
1323 696 1358 719 ac
1389 686 1518 720 sabbato
1553 687 1693 720 eiusdem
1727 685 1943 719 hebdomadae

1204 738 1426 782 ieiunaverint,
1450 745 1641 784 peccataque
1665 749 1720 773 sua
1744 739 1886 780 confessi,
1912 739 1942 771 in

1204 792 1342 835 qualibet
1373 804 1410 826 ex
1445 793 1535 827 dictis
1569 793 1679 827 diebus
1710 794 1758 827 vel
1786 792 1943 827 dominica

1204 845 1383 878 immediate
1407 846 1608 890 subsequenti
1632 847 1864 880 sanctissimum
1881 846 1943 879 Eu-

1204 898 1369 932 charistiae
1394 905 1626 933 sacramentum
1644 905 1827 934 reverenter
1843 910 1943 934 susce-

1204 951 1318 994 perint,
1335 951 1419 994 quod
1443 962 1553 985 omnes
1571 958 1600 985 et
1619 964 1834 997 quascumque
1857 963 1943 997 prae-

1204 1004 1299 1037 sentis
1323 1004 1395 1037 anni
1426 1005 1553 1038 iubilaei
1585 1006 1794 1049 indulgentias
1818 1011 1848 1039 et
1870 1017 1944 1050 pec-

1204 1062 1344 1091 catorum
1369 1058 1589 1100 remissiones,
1614 1059 1943 1103 poenitentiarumque

1203 1111 1412 1145 relaxationes
1429 1117 1672 1156 consequantur,
1687 1123 1764 1156 quas
1776 1123 1944 1157 conseque-

1204 1171 1323 1206 rentur,
1342 1166 1367 1199 si
1385 1176 1494 1200 omnes
1512 1167 1661 1200 ecclesias
1677 1167 1716 1200 ad
1733 1167 1765 1200 id
1781 1167 1943 1212 deputatas

1203 1220 1411 1262 personaliter
1435 1221 1613 1262 visitarent,
1639 1226 1669 1254 et
1693 1221 1753 1254 alia
1777 1221 1808 1254 in
1832 1221 1944 1254 litteris

1204 1273 1382 1308 indictionis
1414 1275 1554 1308 eiusdem
1587 1276 1712 1308 iubilaei
1750 1276 1943 1319 praescripta

1203 1327 1430 1372 adimplerent,
1458 1334 1566 1362 tenore
1590 1330 1804 1373 praesentium
1837 1339 1945 1363 conce-

1203 1380 1307 1414 dimus
1332 1387 1362 1414 et
1386 1382 1596 1425 indulgemus.

1247 1436 1261 1478 ἓ
1288 1435 1315 1468 7.
1331 1436 1539 1478 Regularibus
1552 1442 1656 1469 autem
1670 1437 1815 1480 personis
1831 1437 1944 1470 utrius-

1204 1499 1264 1532 que
1293 1499 1387 1522 sexus
1404 1489 1434 1521 in
1456 1490 1601 1523 claustris
1627 1494 1783 1534 perpetuo
1807 1489 1944 1533 degenti—

1203 1542 1272 1582 bus,
1285 1552 1407 1576 necnon
1424 1543 1492 1576 aliis
1510 1543 1760 1587 quibuscumque
1777 1548 1840 1577 tam
1856 1544 1943 1577 laicis

1203 1606 1296 1639 quam
1314 1596 1471 1639 religiosis
1484 1597 1684 1640 regularibus
1698 1597 1728 1629 in
1742 1607 1869 1630 carcere
1883 1597 1944 1630 exi-

1203 1649 1366 1690 stentibus,
1391 1649 1438 1682 vel
1463 1650 1568 1694 aliqua
1593 1650 1736 1694 corporis
1761 1650 1942 1684 infirmitate

1203 1714 1257 1736 seu
1268 1704 1329 1737 alio
1343 1715 1543 1749 quocumque
1558 1705 1699 1748 legitimo
1716 1705 1942 1749 impedimento

1203 1757 1357 1798 detentis,
1383 1758 1436 1801 qui
1468 1768 1564 1801 supra
1589 1768 1737 1801 expressa
1760 1759 1808 1791 vel
1833 1768 1943 1792 eorum

1203 1810 1308 1854 aliqua
1326 1815 1487 1854 praestare
1512 1810 1720 1854 nequiverint,
1738 1814 1771 1845 ut
1790 1811 1944 1844 confessa-

1204 1864 1285 1904 rius,
1310 1874 1404 1907 quem
1428 1869 1463 1897 ut
1488 1864 1567 1897 infra
1592 1865 1760 1907 elegerint,
1785 1864 1945 1908 praedicta

1204 1916 1309 1950 omnia
1327 1922 1357 1950 et
1372 1917 1505 1960 singula,
1522 1917 1570 1950 vel
1587 1927 1698 1950 eorum
1715 1917 1818 1961 aliqua
1836 1917 1869 1950 in
1885 1917 1946 1950 alia

1203 1970 1326 2013 pietatis
1339 1981 1434 2014 opera
1448 1975 1654 2012 commutare,
1666 1975 1757 2015 atque
1769 1970 1944 2014 iniungere,

1203 2035 1281 2067 quae
1306 2024 1365 2067 ipsi
1393 2024 1589 2068 poenitentes
1621 2024 1745 2057 efficere
1777 2029 1943 2068 poterunt,

1204 2077 1406 2111 concedimus
1431 2078 1550 2122 pariter
1574 2083 1603 2111 et
1627 2078 1836 2121 indulgemus.

1248 2132 1262 2174 g
1287 2131 1315 2164 8.
1341 2131 1507 2174 Cupientes
1531 2136 1647 2172 autem,
1665 2141 1774 2165 omnes
1799 2130 1944 2164 christifi-

1935 2184 1941 2189 ,
1958 2164 2079 2185 facultatem
2092 2170 2143 2184 cou-

1203 2184 1288 2216 deles
1312 2185 1481 2229 participes
1511 2185 1580 2218 fieri
1605 2185 1698 2218 huius
1722 2184 1943 2228 pretiosissimi
1958 2191 2143 2238 fiffffigi’ssssssvssg'j

1204 2238 1360 2279 thesauri,
1385 2238 1539 2271 universis
1564 2243 1594 2271 et
1618 2238 1749 2281 singulis
1777 2238 1943 2282 utriusque
1958 2244 2142 2291 {ffiffiaffiota

1204 2301 1295 2324 sexus
1327 2297 1389 2324 tam
1420 2292 1507 2324 laicis
1532 2302 1626 2335 quam
1651 2292 1869 2325 ecclesiasticis
1894 2303 1942 2325 se-

1203 2344 1362 2377 cularibus
1378 2349 1409 2377 ct
1433 2345 1631 2387 regularibus
1656 2346 1792 2379 cuiusvis
1812 2345 1941 2386 ordinis,

1203 2398 1458 2441 congregationis
1483 2403 1513 2431 et
1533 2398 1664 2432 instituti
1690 2399 1846 2431 licentiam
1872 2409 1943 2432 con-

1203 2452 1341 2484 cedimus
1366 2456 1395 2486 et
1420 2452 1596 2485 facultatem
1622 2452 1743 2491 damus,
1768 2457 1799 2485 ut
1823 2452 1880 2485 sibi
1903 2452 1941 2485 ad

1202 2505 1285 2538 hune
1305 2505 1450 2538 effectum
1474 2505 1591 2548 eligere
1616 2506 1745 2549 possint,
1762 2516 1942 2550 quemcum-

1202 2569 1262 2602 que
1280 2559 1498 2603 presbyterum
1524 2559 1759 2600 confessarium,
1775 2564 1837 2592 tam
1858 2569 1942 2592 secu-

1203 2612 1299 2645 larem
1323 2622 1417 2655 quani
1443 2612 1578 2645 cuiusvis
1603 2613 1722 2645 ordinis
1746 2613 1940 2655 regularem,

1202 2676 1235 2699 ex
1255 2666 1434 2710 approbatis
1450 2677 1466 2698 a
1480 2666 1593 2699 dilecto
1608 2666 1672 2699 filio
1689 2671 1796 2700 nostro
1811 2666 1841 2698 in
1858 2667 1939 2698 alma

1985 1446 2087 1471 Legitima
2105 1446 2143 1465 im-

1959 1473 2037 1498 peditis
2046 1473 2143 1492 consulu.

2003 2137 2142 2158 Conscssariis
